3992 6204
193 274 344 336 1033

1146 276 1234 332 us
1273 272 1560 331 annuus
1600 266 2073 329 PROFANARUM
2117 234 2563 327 ltELlGlONUlli.

3368 271 3510 331 1054

189 404 422 447 reserva
450 387 755 454 morituris,
788 396 813 424 τι
844 396 901 444 ιιι
921 403 1057 459 quos
1086 388 1293 460 laqueis
1317 389 1424 445 tuis
1445 386 1680 458 ceperis,
1709 400 1805 443 eos
1833 395 1876 453 Α
1911 386 1956 442 is
1979 384 2121 442 idem
2166 384 2331 441 David
2364 402 2378 439 :
2417 384 2486 441 Ut
2533 382 2660 457 quid
2686 388 3003 455 fremuerunt
3032 397 3228 459 gentes,
3260 398 3308 444 et
3336 393 3517 464 populi

186 490 470 539 venenato
504 491 781 554 unguento
819 481 1017 539 oblitos
1056 484 1269 555 lugubri
1305 498 1370 539 ac
1410 482 1624 539 funesto
1654 496 1800 539 sem-

188 591 301 646 per
329 590 547 647 mergas
576 574 766 631 exitio.

771 666 998 725 CAPUT
1037 667 1229 725 XXIV.

186 762 276 819 De
295 771 555 836 unguento
576 763 803 834 loquitur
821 763 960 835 quod
982 761 1142 819 Pater
1167 761 1218 818 F
1219 764 1313 819 ilio
1342 762 1583 831 tradidit,
1605 761 1805 818 Filius-

629 873 730 927 que
768 857 1093 913 credentibus
1131 859 1374 931 largitur.

266 948 432 1005 Aliud
460 957 544 1004 est
575 956 933 1019 unguentum,
960 949 1105 1022 quod
1134 951 1279 1007 Deus
1309 950 1473 1006 Pater
1500 950 1663 1007 unico
1691 957 1802 1005 tra-

183 1040 336 1096 didit
362 1040 530 1108 Filio,
571 1040 717 1112 quod
751 1041 919 1098 Filius
949 1042 1305 1099 credentibus
1336 1042 1516 1100 divina
1566 1042 1803 1100 nominis

185 1135 278 1190 sui
315 1135 597 1205 majestate
625 1135 876 1207 largitur.
905 1134 1109 1193 Christi
1141 1146 1478 1209 unguentum
1507 1136 1803 1192 immortali

192 1227 605 1299 compositione
648 1229 975 1297 coniicitur,
1007 1241 1060 1286 et
1090 1231 1463 1301 spiritualibus
1500 1216 1805 1302 pigmento-

182 1337 317 1377 rum
346 1322 608 1378 odoribus
639 1330 996 1394 temperatur.
1030 1325 1145 1381 Hoc
1183 1314 1516 1396 unguentum
1546 1340 1577 1381 a
1598 1334 1803 1381 morta-

183 1415 339 1471 libus
363 1414 569 1487 laqueis
590 1426 777 1486 putres
799 1417 1080 1473 hominum
1108 1428 1259 1474 artus
1288 1419 1459 1485 exuit,
1485 1426 1564 1484 ut,
1588 1418 1803 1489 sepulto

183 1508 376 1580 primo
405 1508 648 1575 homine,
677 1524 748 1564 ex
778 1501 971 1566 eodem
1003 1509 1187 1566 statim
1214 1510 1439 1567 homine
1466 1509 1632 1566 homo
1660 1510 1803 1567 alius

185 1604 417 1661 felicius
442 1612 718 1661 nascatur.
753 1604 824 1660 Et
853 1612 911 1660 ut
940 1604 1046 1662 hoc
1089 1604 1429 1662 manifestius
1458 1605 1762 1677 explicetur
1782 1645 1798 1672 ,

187 1714 476 1756 sacrarum
495 1698 788 1755 lectionum
813 1712 1011 1754 arcana
1042 1698 1329 1769 pandenda
1357 1705 1503 1755 sunt.
1538 1697 1629 1752 Ait
1653 1696 1799 1753 enim

1908 479 2140 535 meditati
2171 488 2291 535 sunt
2319 480 2520 534 inania.
2550 478 2831 533 Astiterunt
2860 494 3004 551 reges
3033 488 3204 549 teme,
3236 491 3283 537 et
3312 485 3513 554 princi-

1905 592 1995 647 pes
2022 585 2364 631 convenerunt
2387 576 2441 629 in
2468 589 2632 629 unum
2663 572 2909 629 adversus
2943 572 3221 629 Dominum
3251 587 3300 632 et
3329 579 3513 635 adver-

1904 685 1993 725 sus
2027 668 2292 726 Christum
2319 670 2433 741 ejus
2462 680 2484 708 ο
2519 668 2707 743 (Psal.
2742 685 2803 738 ιι,
2836 669 2886 736 1,
2912 669 2948 723 2
2972 667 3012 741 ).
3046 669 3189 738 Quid
3223 680 3275 728 te
3316 675 3395 732 sic
3420 691 3517 733 ex-

1906 760 2054 816 tollis
2101 760 2371 832 sacrilega
2417 761 2749 831 persuasio?
2808 760 2941 832 quid
2987 762 3219 819 miseros
3265 765 3515 826 homines

1906 852 2168 910 ell‘renata
2195 853 2503 910 temeritate
2522 853 2929 910 circumvenis?
2954 863 3288 926 unguentum
3311 856 3516 917 Christi

1906 946 2033 1003 caeli
2062 946 2232 1002 donat
2255 944 2571 1017 imperium,
2605 956 2940 1019 unguentum
2969 955 3216 1005 vestrum
3247 949 3516 1022 gehennae

1907 1040 2137 1096 suscitat
2164 1038 2435 1096 ﬂammas.

2497 1128 2726 1188 CAPUT
2766 1131 2936 1189 XXV.

1912 1224 2146 1282 Excursu
2190 1230 2329 1297 [acto
2387 1225 2453 1281 de
2505 1226 2696 1280 misero
2741 1225 2900 1282 hocce
2950 1231 3292 1301 profanorum
3347 1236 3516 1291 homi-

1979 1335 2103 1374 num
2158 1336 2330 1375 errore
2372 1319 2596 1391 graviter
2651 1328 2847 1387 monet,
2902 1331 2949 1376 et
3012 1338 3228 1396 regnum
3306 1325 3515 1384 Christo

1977 1415 2156 1469 datum
2185 1414 2283 1468 hac
2310 1414 2553 1468 unctione
2581 1413 2807 1468 indicari
2834 1415 3020 1483 docet,
3040 1419 3216 1474 multis
3266 1421 3512 1493 Scriptu-

1975 1528 2150 1567 rarum
2170 1561 2173 1563 .
2196 1511 2369 1566 allatis
2398 1510 2525 1565 locis
2553 1524 2573 1573 ;
2601 1510 2761 1565 simul
2812 1511 3112 1569 descensum
3157 1514 3417 1573 Christum
3446 1520 3515 1573 ad

1978 1610 2176 1681 inferos
2218 1609 2403 1681 tangit.

1977 1701 2083 1759 Sed
2107 1701 2252 1774 quod
2278 1702 2492 1773 impuro
2520 1717 2617 1759 ore
2642 1700 2905 1759 sacerdos
2932 1702 3038 1760 iste
3068 1712 3126 1761 et
3158 1707 3366 1776 polluta
3386 1724 3516 1766 ver-

190 1792 392 1861 David,
424 1801 481 1849 ut
510 1792 673 1864 hujus
699 1793 957 1864 unguenti
999 1794 1231 1865 gratiam
1265 1793 1504 1850 traderet
1532 1810 1545 1848 :
1581 1792 1801 1863 Specio-
1834 1801 1882 1862 B
1909 1795 2101 1852 borum
2131 1796 2593 1852 contaminatione
2629 1796 2934 1867 componit,
2970 1796 3104 1854 libet
3134 1798 3378 1870 diligenti
3434 1803 3518 1857 in-

187 1904 287 1942 sus
318 1890 487 1958 forma
508 1903 614 1957 prie
641 1886 769 1956 ﬁliis
801 1886 1090 1953 hominum,
1120 1883 1317 1952 di/fusd
1345 1894 1418 1940 est
1449 1886 1618 1958 gratia
1645 1885 1699 1939 in
1725 1884 1805 1939 la-

190 1980 297 2035 biis
339 1980 475 2035 tuis:
511 1989 785 2052 propterea
812 1977 1070 2033 benedixit
1099 1976 1190 2032 tibi
1218 1978 1273 2032 in
1313 1986 1586 2033 aeternum.
1619 1975 1803 2030 Accin-

190 2090 320 2145 gere
344 2072 577 2148 gladium
590 2081 737 2127 tuum
756 2072 896 2126 circa
921 2075 1091 2143 femur
1109 2081 1275 2136 tuum,
1302 2071 1671 2144 potentissime,
1688 2085 1807 2139 spe-

190 2168 277 2224 cie
307 2177 355 2223 et
384 2166 772 2238 pulchritudine
803 2175 894 2221 tua
920 2165 1157 2234 intende,
1200 2181 1443 2238 prospere
1475 2165 1727 2238 procede,
1755 2175 1807 2221 et

194 2275 383 2331 regna.
407 2257 627 2331 PrOpter
640 2261 902 2313 veritatem
923 2268 969 2313 et
990 2255 1442 2313 mansuetudinem
1460 2266 1507 2313 et
1512 2257 1772 2331 justitiam
1786 2273 1806 2313 :

192 2361 249 2407 et
279 2350 496 2405 deducet
541 2360 587 2406 te
619 2350 923 2405 mirabiliter
960 2349 1172 2405 dextera
1220 2358 1329 2403 tua.
1378 2348 1602 2421 Sagittto
1641 2360 1808 2405 acuta:

197 2443 593 2513 potentissimae,
627 2444 809 2514 populi
838 2442 979 2511 infra
1011 2452 1060 2496 te
1087 2439 1321 2495 decidant
1348 2440 1402 2494 in
1441 2442 1594 2496 corde
1628 2441 1809 2496 inimi-

196 2554 385 2592 corum
405 2537 557 2609 regis.
594 2535 758 2593 Sedes
786 2545 875 2591 tua
903 2534 1047 2589 Deus
1076 2535 1130 2589 in
1158 2535 1404 2590 steculum
1428 2536 1601 2591 saeculi
1617 2551 1636 2590 :
1666 2536 1811 2607 uirga

197 2642 345 2689 recta
374 2641 447 2687 est
472 2632 615 2704 virga
645 2631 791 2703 regni
818 2630 917 2686 tui.
942 2627 1181 2684 Dilexisti
1198 2629 1484 2702 justitiam,
1517 2629 1677 2684 odisti
1706 2631 1810 2685 ini-

196 2728 477 2802 quitatem,
518 2735 793 2796 propterea
832 2724 981 2778 unxit
1022 2732 1073 2778 te
1114 2720 1256 2777 Deus
1299 2731 1417 2778 tuus
1453 2722 1567 2778 oleo
1618 2722 1811 2780 lwtitia:

199 2835 317 2893 prie
344 2816 666 2873 consortibus
692 2816 813 2871 tuis.
858 2814 1078 2887 Myrrha
1105 2822 1153 2869 et
1180 2822 1327 2888 gutta
1355 2823 1400 2868 et
1428 2817 1568 2869 casia
1594 2831 1627 2869 a
1661 2816 1813 2870 vesti-

200 2911 396 2968 mentis
426 2912 527 2965 tuis
554 2912 616 2966 de
641 2909 878 2980 wdiﬁciis
903 2908 1163 2977 eburneis,
1194 2924 1259 2965 ea:
1283 2907 1466 2979 quibus
1495 2917 1543 2963 te
1557 2909 1812 2982 jucundi-

203 3017 315 3063 tate
355 3004 639 3072 aﬂ'ecerunt
678 3003 707 3042 δ
746 3001 939 3077 (Psal.
968 3044 983 3071 ,
1032 3017 1177 3069 xuv,
1227 2997 1434 3072 5-10).
1486 3000 1813 3057 Immortalis

200 3097 473 3169 unguenti
504 3102 715 3151 secreta
746 3092 1105 3164 pervidimus,
1137 3101 1193 3148 et
1217 3092 1413 3147 divinae
1439 3091 1597 3147 nobis
1627 3091 1813 3163 dispo-

1906 1888 2201 1960 quisitione
2227 1888 2525 1944 discutere.
2551 1887 2809 1944 Liberato
2838 1887 2949 1944 Deo
2987 1905 3111 1957 suo,
3141 1891 3344 1948 bonum
3398 1897 3517 1949 ani-

1905 1998 2053 2037 mum
2119 1997 2312 2052 gerere
2379 1982 2578 2048 socios,
2640 1980 2892 2036 ﬁduciam
2938 1981 3096 2037 boum
3149 1985 3268 2054 spei
3314 1985 3518 2044 habere

1907 2074 2223 2145 persuadet.
2262 2074 2306 2129 0
2340 2087 2499 2150 quam
2550 2072 2790 2140 miseris,
2846 2088 3007 2144 quam
3052 2075 3316 2131 luctuosis
3344 2093 3404 2133 se
3433 2079 3518 2134 la-

1908 2166 2064 2239 queis
2110 2165 2342 2223 involuit
2387 2165 2592 2222 caduca
2632 2165 2926 2221 calliditas!
2972 2167 3103 2233 Quis
3155 2168 3321 2223 Deum
3366 2179 3517 2227 tuum

1907 2259 2126 2316 liberat?
2149 2260 2236 2315 cui
2266 2258 2371 2314 hoc
2398 2256 2671 2329 praestitit,
2704 2257 2847 2328 quod
2878 2255 3115 2312 laborat?
3155 2258 3333 2324 Disce,
3368 2261 3518 2318 disce

1908 2351 2053 2423 quod
2088 2351 2285 2417 nescis,
2328 2350 2481 2406 disce
2521 2348 2664 2419 quod
2698 2362 2803 2403 non
2851 2348 3029 2403 vides.
3076 2346 3331 2407 Christus
3379 2352 3521 2408 lilius

1911 2447 2029 2515 Dei,
2062 2455 2119 2502 ut
2169 2448 2460 2502 humanum
2487 2459 2658 2515 genus
2690 2460 2721 2497 a
2751 2443 2942 2498 mortis
2975 2443 3185 2515 laqueis
3232 2446 3515 2516 liberaret,

1910 2539 2094 2596 omnia
2123 2540 2224 2593 ista
2255 2538 2541 2604 sustinuit,
2584 2536 2993 2606 utcaptivitatis
3019 2537 3171 2593 dura:
3197 2538 3386 2609 jugum
3415 2540 3521 2596 tol-

1913 2633 2073 2702 leret,
2102 2640 2162 2686 ut
2188 2630 2464 2686 hominem
2489 2629 2631 2701 patri
2656 2628 2933 2692 redderet,
2963 2638 3021 2683 ut
3042 2631 3286 2700 mitigata
3315 2632 3524 2689 oll‘ensa

1912 2725 2192 2782 hominem
2232 2739 2356 2780 cum
2397 2724 2511 2779 Deo
2558 2738 2820 2794 prospera
2855 2722 3237 2779 conciliatione
3296 2740 3521 2797 compo-

1913 2826 2090 2882 neret,
2116 2826 2175 2871 ut
2220 2815 2503 2885 promissae
2550 2813 2967 2868 resurrectionis
3019 2813 3250 2868 fructum
3297 2817 3519 2885 proprio

1913 2918 2243 2966 monstraret
2273 2907 2551 2977 exemplo,
2585 2905 2713 2960 fecit
2741 2904 2913 2960 Filius
2942 2905 3037 2960 Dei
3065 2906 3208 2976 quod
3232 2917 3359 2964 ante
3391 2925 3520 2979 pro-

1914 3003 2160 3066 miserat,
2215 3000 2410 3055 clausit
2436 3000 2633 3067 januas
2660 2996 2805 3053 sedis
2836 2996 3091 3064 infernae,
3123 3009 3177 3054 et
3207 2999 3358 3055 dum:
3382 3003 3516 3074 legis

1915 3096 2302 3152 necessitatem
2331 3093 2540 3149 calcata
2568 3099 2744 3145 morte
2774 3106 2848 3161 prv
2877 3093 3089 3146 stravit.
3131 3092 3235 3147 Per
3280 3097 3519 3154 triduum

202 3191 430 3247 sitionis
456 3188 590 3244 ordo
620 3196 951 3244 monstratus
977 3195 1083 3244 est.
1112 3185 1358 3258 Regnum
1387 3194 1728 3257 perpetuum,
1756 3195 1810 3243 et
1836 3221 1881 3284 ο
1915 3205 2106 3247 recens
2139 3190 2211 3242 ita
2250 3187 2319 3242 ab
2367 3200 2432 3241 eo
2468 3184 2739 3254 justorum
2788 3184 2951 3238 turba
2990 3184 3219 3239 collecta
3258 3178 3359 3242 est
3398 3185 3424 3225 ἀ
3449 3205 3521 3255 ne

204 3282 338 3340 caeli
356 3282 605 3339 diadema
629 3280 853 3337 domino
875 3289 1062 3336 nostro
1090 3294 1212 3334 cum
1241 3281 1497 3351 unguenti
1524 3280 1809 3350 majestate

204 3374 472 3430 collatum
511 3383 615 3429 est.
662 3371 795 3441 Quis
823 3381 1000 3428 autem
1038 3371 1126 3427 hic
1154 3371 1226 3427 sit
1261 3371 1351 3443 qui
1391 3371 1617 3443 regendi
1658 3373 1809 3428 orbis

203 3467 425 3537 accepit
439 3472 787 3536 potestatem,
817 3464 910 3535 qui
942 3463 1235 3519 venerandi
1260 3463 1498 3519 nominis
1522 3463 1808 3535 majestate

203 3560 526 3623 decoratur,
560 3557 707 3614 aliud
737 3558 894 3614 nobis
919 3564 1188 3613 monstrat
1211 3559 1521 3625 oraculum;
1555 3558 1632 3613 ait
1659 3560 1804 3614 enim

284 3687 311 3714 α
354 3676 511 3732 Hom.
565 3673 720 3730 Iliad.
752 3674 796 3730 ll
834 3673 982 3730 680:
1025 3672 1215 3743 Apollo
1261 3674 1451 3727 mortui
1492 3673 1817 3743 Sarpedonis

284 3692 311 3714 ⁸³
354 3692 511 3732 ιιοῐῐι.
566 3692 720 3730 1112οο
752 3692 796 3730 ιι
834 3692 982 3730 υδυέ
1025 3692 1215 3743 Λροιιο
1261 3692 1449 3727 mortua
1492 3692 1597 3729 oar
1635 3692 1817 3730 eaonts

204 3766 400 3819 corpus
439 3744 694 3801 ambrosia
722 3748 891 3819 unxit.
925 3745 1065 3800 Plin.
1110 3744 1176 3797 ll.
1209 3743 1275 3819 Ν.
1313 3760 1430 3810 xm,
1454 3745 1532 3819 1;
1568 3692 1818 3819 (fagum-

204 3816 385 3877 torum
414 3819 573 3873 honos
608 3828 654 3873 et
690 3818 759 3871 ad
799 3819 1066 3887 defunctos
1100 3816 1357 3886 pertinere
1400 3816 1570 3885 coepit.
1612 3816 1811 3874 Minue.

207 3893 390 3949 Felix.
424 3907 473 3947 c.
510 3888 598 3945 12.
632 3886 924 3962 Reservatis
953 3895 1214 3962 unguenta
1245 3886 1533 3962 funeribus.

282 3964 312 4002 δ
358 3963 414 4018 In
450 3962 533 4017 his
569 3960 709 4017 sacri
747 3968 953 4033 textus;
982 3959 1168 4033 verbis
1209 3974 1238 4013 a
1286 3959 1815 4033 Cyprianoaliisque

206 4035 365 4092 varie
408 4033 701 4102 discrepat.
746 4029 886 4088 Vide
924 4030 1289 4094 Sabaterium,
1321 4029 1574 4102 quodrad
1613 4029 1813 4102 veteris

205 4104 465 4164 ecclesiae
490 4100 789 4159 sententias
817 4102 1030 4157 attinet.
1063 4101 1137 4155 De
1171 4111 1397 4156 externa
1435 4100 1656 4169 Christi,
1686 4102 1815 4159 dum

209 4180 301 4234 his
336 4178 389 4232 in
422 4177 582 4232 terris
612 4173 935 4230 versabatur
958 4173 1127 4228 adisis
1152 4174 1348 4238 forma,
1373 4187 1496 4243 quae
1519 4189 1692 4243 nuper
1714 4174 1818 4230 hac

206 4250 281 4305 de
312 4263 373 4304 re
392 4245 663 4317 disputavi
688 4243 938 4317 in_libro:
964 4242 1267 4317 Sinnbilder
1295 4242 1401 4298 und
1431 4242 1819 4301 Kunstvorstel-

208 4315 528 4391 lungenrd‘er
553 4316 695 4391 allen
719 4315 978 4391 Christen,
1002 4331 1067 4391 ιι,
1098 4330 1154 4384 p.
1186 4315 1210 4369 1
1243 4328 1361 4391 seq.

289 4385 331 4432 ὅ
352 4389 507 4445 Initio
534 4385 716 4460 (ἥσει-ι
743 4402 773 4442 a
824 4386 1070 4457 reliquis,
1103 4401 1228 4441 cum
1259 4385 1564 4457 Augustino
1596 4389 1648 4443 in
1692 4402 1773 4460 ps.
1801 4405 1819 4444 ι

211 4464 426 4519 habens
457 4470 512 4514 ut
554 4459 699 4528 quid.

284 4503 528 4589 5313a";
555 4503 808 4585 i'ecensita
838 4546 851 4582 :
882 4529 1099 4592 melius.
1130 4530 1177 4586 si
1205 4531 1286 4587 sic
1331 4529 1668 4595 distinxeris,
1700 4546 1817 4585 om-
1843 4503 1897 4564 D

212 4606 304 4662 nia
334 4603 716 4659 cohmrebunt.
750 4601 875 4672 Agit
921 4601 1175 4672 nimirum
1220 4601 1290 4657 de
1316 4602 1586 4659 descensu
1614 4600 1819 4658 Christi

210 4678 281 4733 ad
310 4675 514 4731 inferos
538 4673 558 4729 Ι
581 4674 726 4729 Petri
750 4671 832 4736 tu,
860 4672 946 4740 19,
970 4671 1241 4728 Justorum
1264 4675 1436 4729 turba.
1454 4675 1495 4729 Τ
1499 4674 1820 4730 ertullianus

211 4749 286 4805 de
313 4750 512 4805 Anima
539 4760 591 4800 c.
626 4746 657 4799 7
688 4761 702 4817 ς
735 4742 873 4817 Quid
901 4752 975 4799 est
996 4755 1169 4817 autem
1188 4746 1345 4815 illud,
1370 4744 1507 4816 quod
1528 4745 1596 4798 ad
1617 4746 1822 4817 inferna

212 4822 532 4888 transfertur
574 4815 828 4888 (anima)
859 4825 971 4888 post
1034 4816 1317 4870 divortium
1372 4815 1821 4888 corporisf'quod

210 4886 508 4948 detinetur?
552 4886 691 4958 quod
736 4886 971 4941 in'dient
1005 4888 1198 4958 judicii
1245 4886 1559 4944 reservatur?
1587 4887 1657 4942 ad
1683 4886 1821 4958 quod

211 4975 262 5022 et
287 4964 527 5020 Christus
558 4959 780 5014 moriens
805 4958 1098 5014 descendit?
1125 4968 1249 5030 puto
1274 4959 1343 5013 ad
1361 4961 1823 5030 animasipatriar-

212 5036 459 5100 charum,
488 5032 531 5087 si
554 5030 685 5085 nihil
715 5030 891 5085 anima
911 5031 1005 5085 sub
1029 5031 1208 5085 terris?
1235 5030 1303 5087 Et
1328 5045 1378 5086 c.
1402 5030 1473 5086 55
1505 5048 1519 5085 :
1561 5029 1675 5085 Nec
1704 5040 1822 5087 ante

212 5105 454 5163 ascendit
480 5104 534 5158 in
564 5101 869 5158 sublimiora
896 5101 1158 5169 caelorum,
1196 5118 1350 5172 quant
1377 5101 1635 5157 descendit
1661 5102 1715 5157 in
1741 5104 1823 5158 in-

217 5181 422 5252 feriora
468 5183 758 5252 terrarum,
813 5183 869 5228 ut
888 5173 1022 5252 _illic
1072 5173 1394 5252 patriarchas
1438 5182 1494 5252 ξε
1534 5174 1822 5252 proph_etas

215 5242 481 5320 compotes
521 5246 844 5320 suijaceret.
881 5242 1137 5320 Justinus
1163 5244 1416 5320 Μεινιιικἲ
1436 5242 1571 5299 Dial.
1606 5242 1656 5320 c.
1686 5244 1823 5317 Try-

216 5314 491 5394 phone,p.
520 5316 693 5394 Δ22οη
717 5315 879 5394 Jebb.
925 5316 1057 5394 citat
1091 5316 1363 5394 _Jeremiac
1402 5314 1580 5394 locum
1625 5314 1823 5394 deper-

217 5385 395 5449 ilitum
440 5385 733 5463 tipvriaen
761 5387 815 5443 δὲ
873 5385 1052 5460 κύριος
1082 5388 1109 5443 ὀ
1147 5390 1272 5463 Θεὸς
1325 5388 1427 5463 ἀπὸ
1480 5387 1692 5463 Ισραηλ,
1721 5395 1822 5463 τῶν

218 5462 595 5536 κεκοιμημένωις
619 5461 705 5515 ἐπὶ
730 5467 826 5536 γῆς
848 5459 1115 5536 χώρτατος,
1138 5462 1223 5515 καὶ
1250 5459 1438 5536 κατέβη
1479 5459 1607 5536 apt};
1637 5460 1825 5536 αὐτοὺς

221 5530 659 5611 ξῦᾳθῄεᾈίσασθαε
708 5530 879 5611 animi;
927 5532 985 5585 τὸ
1036 5536 1291 5611 σοιξῄρρῃ
1340 5530 1822 5611 αὖτοῦὲξυῐηάεῃι

221 5599 388 5663 habet
415 5604 557 5659 lren.
594 5599 721 5656 adv.
748 5599 957 5657 limes.
984 5616 1076 5669 ιιι,
1106 5599 1201 5668 20',
1223 5602 1328 5669 εἰς
1348 5616 1421 5669 ιν,
1441 5616 1492 5658 c.
1522 5603 1615 5658 35.
1654 5617 1708 5668 v,
1730 5601 1820 5658 51.

220 5678 485 5735 Massuct.
517 5671 695 5743 Clem.
724 5670 882 5729 Alex.
927 5672 1133 5728 Strom.
1187 5688 1261 5743 vi,
1289 5671 1346 5739 6,
1379 5690 1431 5743 p.
1473 5672 1599 5729 762.
1647 5673 1826 5729 Evan-

219 5750 425 5823 gelium
457 5742 740 5823 Nicodemi
769 5743 1101 5823 c._:2i._seq_.
1147 5741 1408 5823 Multique
1434 5744 1525 5823 alii
1570 5758 1709 5823 quos
1739 5759 1825 5823 re-

220 5812 474 5881 censitos
496 5812 745 5872 invenies
769 5829 799 5870 a
820 5812 1199 5874 Dittelmaiero
1220 5816 1276 5877 in
1295 5812 1532 5879 Historia
1554 5812 1826 5888 dogmatis

510 5908 792 5974 ΡΑτιιοι..
825 5906 975 5971 ΧΠ.

1914 3282 2115 3340 diutius
2165 3287 2353 3337 contra
2382 3291 2478 3332 eos
2526 3277 2719 3331 mlll'tiS
2763 3274 3139 3329 dominaretur
3168 3276 3512 3350 improbitas,

1918 3392 1983 3432 ne
2008 3376 2275 3446 justorum
2310 3370 2563 3425 meritum
2592 3384 2656 3423 ex
2701 3369 2860 3436 longa
2908 3366 3291 3437 desperatione
3327 3379 3350 3406 θ
3386 3386 3504 3427 con.

1914 3469 2144 3535 cideret,
2196 3465 2363 3536 fregit
2410 3462 2642 3517 claustra
2694 3468 2973 3529 perpetua,
3021 3471 3073 3515 et
3127 3462 3318 3516 ferrea:
3345 3463 3514 3535 fores,

1909 3563 2129 3621 Christo
2149 3558 2397 3630 jubcnte,
2427 3554 2686 3624 collapsa:
2711 3561 2839 3608 sunt
2869 3550 2887 3590 ί
2920 3570 2933 3606 :
2966 3567 3093 3609 ecce
3128 3565 3270 3610 terra
3299 3567 3518 3616 contre-

1923 3677 1991 3732 de
2024 3676 2293 3731 descensu
2333 3670 2535 3725 Christi
2565 3667 2631 3722 ad
2665 3667 2891 3733 inferos,
2934 3678 2988 3723 et
3039 3668 3177 3723 Potii
3213 3670 3457 3729 Excursu
3485 3677 3519 3730 5

1922 3749 1990 3803 ad
2022 3748 2041 3803 l
2068 3746 2214 3803 Petri
2244 3760 2323 3806 tu,
2359 3741 2447 3807 19,
2471 3741 2539 3797 de
2565 3742 2712 3795 dese.
2739 3738 2789 3794 J.
2823 3740 2885 3791 (Σ.
2918 3740 2984 3793 ad
3020 3740 3223 3797 inferos
3274 3742 3346 3798 lis
3388 3762 3521 3801 vero

1923 3835 1983 3875 se
2008 3818 2257 3889 adjnngit
2283 3814 2577 3889 lj‘irmicus,
2602 3812 2708 3889 qui
2721 3810 2993 3889 negabant
3024 3812 3297 3889 Christum
3327 3832 3518 3874 omnes

1921 3906 1987 3946 ex
2014 3881 2224 3945 inferno
2245 3886 2500 3943 eduxisse
2527 3881 2835 3939 incredulos
2865 3881 2931 3936 ad
2962 3884 3244 3938 meliorem
3280 3899 3518 3944 mentem

1922 3970 2206 4031 revocatos
2240 3954 2513 4031 (Aug._de
2553 3953 2753 4009 haeres.
2798 3968 2848 4008 e.
2874 3953 2973 4031 7_9_;
3009 3954 3354 4031 Pliilastrius,
3403 3960 3517 4013 ha:-

1922 4048 2032 4088 res.
2069 4030 2209 4103 1°21)
2239 4024 2700 4103 statuebant‘que,
2736 4024 2955 4103 nonnisi
3000 4025 3284 4103 credentes,
3301 4031 3415 4103 qui
3445 4047 3512 4086 ex

1924 4048 2032 4088 res.
2069 4040 2209 4103 12-1)
2239 4040 2686 4148 statuebantﬂue,
2736 4040 2955 4078 nonnusn
3000 4040 3284 4093 credentes,
3316 4040 3405 4094 qui
3445 4047 3512 4086 ex

1924 4105 2027 4159 hac
2059 4103 2169 4157 vita
2214 4115 2311 4169 spe
2343 4096 2509 4153 futuri
2595 4095 2753 4169 essia:
2792 4095 3168 4169 discesserint,
3215 4112 3245 4150 a
3292 4098 3514 4156 Christo

1920 4174 2119 4230 exinde
2153 4166 2413 4227 liberatos
2441 4181 2584 4224 esse.
2611 4166 2703 4221 Sic
2733 4180 2948 4234 quoque
2976 4166 3119 4221 inter
3143 4167 3365 4225 Latinos
3393 4173 3518 4227 Cas-

1919 4245 2170 4303 siodorus
2186 4244 2242 4298 in
2260 4253 2531 4313 pssum;
2546 4237 2842 4313 Gregorius
2855 4235 2924 4313 Μ.
2941 4235 3115 4313 Epist.
3132 4238 3226 4295 lib.
3243 4255 3293 4309 v,
3315 4256 3403 4311 ep.
3427 4244 3514 4299 15.

1921 4316 2076 4387 Apud
2100 4306 2437 4387 Lacta'ntiuni
2466 4319 2524 4387 et
2548 4306 2850 4387 Arnobium
2882 4307 3043 4387 hujus
3068 4306 3515 4387 degmatis'nulla

1922 4378 1988 4444 lit-
2012 4387 2237 4444 mentio.
2292 4385 2370 4439 Ex
2402 4381 2589 4437 litibus
2638 4378 2769 4434 illud
2803 4378 3265 4449 Apollinaristicis
3303 4384 3372 4440 de
3418 4387 3518 4440 hu-

1922 4475 2080 4515 mana
2105 4459 2235 4516 Jesu
2251 4454 2452 4512 Christi
2473 4452 2653 4507 anima
2686 4453 2901 4521 insigne
2922 4452 3131 4521 accepit
3157 4468 3514 4513 momentum.

1922 4530 2008 4587 Ad
2048 4531 2134 4586 illa
2175 4535 2675 4601 quoqueutempora
2732 4521 3016 4601 referenda
3079 4524 3293 4601 videtur
3346 4529 3514 4601 altera

1925 4618 2051 4672 pars
2083 4591 2363 4669 Evangelii
2398 4591 2698 4672 Nicodemi,
2732 4591 2878 4648 hunc
2902 4592 3282 4672 JesuﬂC‘hristi
3333 4600 3399 4653 ad
3433 4602 3514 4654 in-

1922 4663 2067 4730 ieros
2097 4663 2417 4728 descensum
2450 4665 2729 4722 uberrime
2757 4678 3003 4719 narrans.
3032 4663 3259 4721 Unicum
3284 4675 3515 4734 tantum,

1923 4745 2065 4816 quod
2096 4744 2288 4807 sciam,
2318 4746 2499 4816 exstat
2527 4735 3408 4816 monumenttumnecelesiastieum
3451 4758 3519 4797 ex

1870 4846 1889 4857 -
1922 4805 2099 4872 media
2132 4805 2315 4876 aetate,
2347 4815 2401 4866 in
2434 4822 2542 4880 quo
2590 4807 2886 4880 descensus
2934 4805 3137 4880 Christi
3172 4809 3254 4880 ad
3313 4810 3521 4869 inferos

1922 4885 2253 4958 spectandus
2281 4875 2630 4958 proponitur.
2658 4878 2754 4934 Est
2778 4875 3048 4958 veroboc
3088 4877 3250 4958 Bulla
3269 4882 3519 4958 plumbea

1922 4948 2136 5032 A'lherti
2189 4948 3049 5032 patriarcha:.Hierosolymilani
3097 4948 3522 5032 [1294-1214)

1923 5032 1975 5086 in
2009 5031 2164 5101 cujus
2190 5019 2383 5101 aversa
2421 5022 2674 5101 Christus
2699 5019 2937 5101 animam
2966 5019 3162 5101 solutis
3191 5025 3420 5101 vinculis
3448 5019 3525 5083 ei

1924 5091 2116 5159 inferis
2154 5098 2392 5165 reducit,
2425 5095 2725 5152 comitante
2755 5103 2811 5149 et
2851 5091 3147 5165 plaudente
3193 5095 3362 5153 altera
3387 5115 3401 5164 ;
3426 5103 3522 5157 ad—

1923 5183 2073 5230 stant
2114 5173 2237 5229 duze
2276 5163 2465 5242 ﬁgura:
2510 5172 2827 5242 peronatus,
2855 5163 3001 5234 regis
3053 5173 3186 5234 puto
3215 5177 3271 5221 et
3322 5163 3525 5242 regina;

1925 5236 2455 5317 Hierosolymorum.
2505 5236 2823 5317 _Epigraphe
2874 5243 2960 5290 εει
3004 5250 3039 5290 u
3088 5236 3410 5296 ΑΝΑοτΑοιοῖ
3462 5244 3519 5298 In

1924 5317 2157 5373 adversa
2182 5309 2407 5381 'legitur
2437 5329 2451 5366 :
2492 5309 2533 5381 ἰ·
2581 5322 2871 5381 sussurvs
2906 5320 3383 5381 Isnosomutranvs
3431 5329 3523 5370 ΡΑ-

1927 5404 2215 5445 τιιιλιιοιιλ.
2254 5378 2412 5441 Edidi
2442 5378 2587 5438 hanc
2614 5381 2824 5436 Bullam
2857 5378 2912 5433 in
2937 5380 3302 5436 Commentat.
3350 5384 3522 5440 altera

1926 5460 1996 5516 de
2044 5461 2222 5516 numis
2271 5457 2609 5513 Francorum
2656 5452 2711 5507 in
2762 5450 3007 5515 Oriente,
3074 5449 3224 5505 Actis
3276 5451 3402 5509 Soc.
3452 5454 3519 5510 R.

1927 5531 2287 5589 Scientiarum
2313 5526 2530 5583 Danicm
2561 5526 2704 5580 Ann.
2735 5521 2872 5576 1821
2905 5521 3127 5575 inserta.

2001 5614 2025 5640 θ
2051 5602 2202 5672 Quod
2229 5600 2278 5656 J.
2309 5597 2676 5672 C.a_d_ventum
2706 5592 2900 5672 frustra
2916 5595 3339 5672 exspectassent.

2004 5673 2025 5711 ί
2059 5658 2244 5729 ὕηιίο
2313 5686 2342 5723 a
2394 5664 2671 5724 Thaddaeo
2732 5661 2951 5732 Edessa;
3027 5658 3216 5732 habita
3267 5677 3356 5732 ap.
3414 5664 3521 5723 Eu-

1928 5745 2045 5801 seh.
2076 5728 2144 5808 ii,
2177 5744 2240 5799 E.
2264 5757 2313 5816 γι..
2343 5736 2698 5816 οηίῦτηκιεαὶ
2734 5737 2849 5816 «die
2873 5728 3226 5816 (ῥ’Χριστός)
3256 5728 3527 5816 ἐᾱτᾳυρὼ-

1929 5800 2012 5887 6n,
2039 5800 2342 5885 mimae};
2369 5810 2441 5874 sic
2468 5806 2557 5865 τὸν
2582 5801 2736 5873 ἅδην,
2766 5804 2853 5859 καὶ
2888 5800 3131 5872 διέσχισε
3171 5800 3402 5881 φραγμὸν
3421 5800 3526 5872 ’τὸν

2956 5889 3034 5953 33
