3992 6204
175 222 301 291 tos?

1093 221 1182 279 DE
1221 220 1503 281 annona:
1541 215 2020 281 PROFANARUM
2060 204 2505 277 RELIGIONUM.

3314 217 3454 281 1058

162 352 303 398 curta
350 337 617 403 mandata,
657 334 1042 392 immortalium
1070 336 1449 395 mandatorum
1493 337 1741 395 ordinem
1770 344 1818 406 Α
1850 334 1929 391 Ex
1958 334 2185 405 virginis
2226 342 2388 392 terrae
2414 333 2545 388 limo
2589 330 2764 390 lactus
2791 332 2965 393 Adam
2995 336 3449 407 praevaricatione

160 437 254 488 ista
283 432 399 502 lege
429 429 692 487 conclusit
724 445 738 483 :
771 428 909 501 Data
960 438 1033 485 est
1080 429 1207 485 mihi
1239 433 1404 487 omnis
1435 443 1661 504 potestas
1690 433 1745 487 in

157 526 277 581 caelo
299 534 346 579 et
373 525 423 578 in
451 533 605 579 terra.
631 521 713 577 Ite
730 538 851 592 ergo
872 530 921 577 et
946 522 1123 579 docete
1151 540 1323 580 omnes
1352 536 1550 597 gentes,
1578 526 1746 597 bapti-

155 630 321 676 ωηερε
367 637 453 676 eos
500 621 556 674 in
600 620 806 674 nomine
855 617 1055 685 Patris,
1107 629 1157 674 et
1207 618 1360 689 Filii,
1413 629 1460 675 et
1510 620 1746 691 Spiritus

155 716 330 779 sancti,
353 714 588 769 docentes
612 729 698 768 eos
727 712 995 769 obseruare
1021 714 1217 776 omnia,
1244 728 1577 784 quiscumque
1608 730 1744 786 pra:—

155 808 259 879 cepi
290 805 427 861 vobis
451 803 683 877 (Matth.
707 820 898 872 xxvut,
926 806 1016 871 18,
1047 803 1177 877 l9).
1207 805 1366 874 Quod
1394 820 1576 863 autem
1601 806 1747 862 Deus

160 901 331 967 l’ater,
365 899 684 972 participem
718 914 840 955 cum
881 899 1034 970 regni
1068 899 1300 966 iaciens,
1344 899 1546 970 regalis
1594 899 1748 955 sellas

154 996 203 1053 ei
248 994 575 1051 concesserit
630 993 813 1057 sedes,
869 992 973 1048 hoc
1018 991 1247 1048 docetur
1295 994 1565 1049 oraculo:
1601 991 1751 1047 Dixit

155 1088 401 1143 Dominus
435 1086 656 1141 Domino
682 1102 815 1150 meo,
845 1085 966 1143 sede
995 1102 1025 1138 α
1051 1085 1249 1140 dextris
1295 1086 1442 1150 meis,
1475 1086 1746 1157 quoadus-

155 1200 247 1252 que
264 1197 455 1255 ponam
478 1181 714 1234 inimicos
741 1189 858 1234 tuos
882 1181 1273 1252 suppedaneum
1301 1181 1488 1251 pedum
1515 1191 1747 1235 tuorum.

163 1277 364 1349 Virgam
385 1276 589 1330 virtutis
615 1283 715 1329 tua:
739 1274 934 1330 entittet
962 1271 1216 1329 Dominus
1239 1290 1303 1328 ea:
1329 1273 1482 1340 Sion,
1512 1273 1751 1327 domina-

157 1370 281 1425 beris
301 1369 354 1422 in
381 1367 551 1422 medio
578 1367 909 1422 inimicorum
936 1374 1164 1422 tuorum.
1194 1365 1385 1421 Tecum
1432 1365 1750 1437 principium

155 1464 201 1519 in
224 1464 306 1518 die
347 1462 549 1518 virtutis
577 1473 698 1524 tum.
727 1462 780 1516 in
810 1461 1045 1516 claritate
1072 1472 1392 1527 sanctorum,
1425 1472 1471 1515 et
1500 1478 1562 1515 ex
1606 1471 1751 1516 utero

155 1566 264 1611 ante
295 1554 576 1626 luciferum
604 1554 759 1627 genui
806 1563 872 1609 te.
904 1552 1111 1608 Jurauit
1144 1552 1420 1620 Dominus,
1445 1569 1537 1608 nec
1579 1552 1747 1623 pruni-

158 1651 269 1704 tebit
313 1656 479 1703 eumlt
511 1645 709 1719 (Psal.
756 1648 935 1715 (ΜΛ,
962 1647 1056 1718 4).
1092 1645 1158 1701 lli
1206 1656 1335 1701 sunt
1367 1645 1577 1701 inimici
1632 1646 1749 1713 Dei,

1851 429 2068 500 propria
2095 427 2421 498 promissam
2445 426 2680 499 perdidit
2708 428 2897 486 vitam.
2927 430 3032 487 Per
3054 433 3318 504 virginem
3343 434 3453 491 Ma-

1849 523 1983 577 riam
2014 536 2078 578 ac
2096 521 2363 593 Spiritum
2388 532 2638 579 sanctum
2661 520 2913 580 Christus
2941 536 3125 593 natus,
3154 536 3213 583 et
3233 528 3453 587 immor-

1851 615 2113 672 talitatem
2145 615 2360 687 accepit
2386 625 2442 672 et
2471 631 2720 688 regnum.
2755 617 2936 675 Arbor
2965 618 3097 690 ligni
3134 623 3453 692 pestiferum

1850 710 2096 782 deceptis
2141 711 2404 782 pabulum
2452 712 2685 782 prtebuit
2712 722 2783 767 8:
2825 714 3028 786 lignum
3072 718 3255 774 crucis
3282 719 3451 776 vitam

1853 803 2147 860 immortali
2206 819 2470 876 compage
2518 805 2783 861 restituit.
2845 807 3189 877 Contempsit
3240 808 3454 880 Adam,

1851 897 2094 954 obedivit
2126 898 2237 954 Deo
2265 898 2539 954 Christus.
2586 898 2680 957 Sic
2708 900 2887 955 divina
2915 901 3275 973 dispositione
3298 904 3458 976 quid-

1851 990 1981 1062 quid
2004 990 2177 1047 Adam
2197 990 2430 1062 perdidit
2455 991 2705 1049 Christus
2723 993 2952 1050 invenit.
2971 994 3104 1050 Nam
3136 1006 3260 1067 post
3286 997 3458 1053 multa

1855 1092 2101 1154 tempora
2132 1083 2446 1140 novissimis
2471 1092 2777 1156 temporum
2806 1086 3002 1158 spatiis
3030 1086 3111 1157 (id
3137 1096 3244 1156 est,
3276 1089 3463 1147 novis-

1853 1176 1989 1231 sima
2018 1192 2156 1246 pone
2187 1177 2513 1233 sa'culorum
2549 1178 2925 1252 hebdomade)
2958 1180 3196 1237 Verbum
3224 1183 3318 1239 Dei
3354 1182 3454 1239 hu-

1855 1283 2016 1325 mano
2051 1283 2113 1325 se
2152 1269 2373 1326 miscuit
2401 1272 2617 1341 corpori
2648 1270 2696 1339 ιι,
2746 1282 2804 1327 ιιι
2852 1272 3129 1330 hominem
3176 1274 3457 1341 liberaret,

1856 1371 1913 1417 ut
1941 1373 2171 1420 mortem
2200 1363 2468 1431 vinceret,
2500 1375 2558 1421 ut
2584 1364 2934 1437 fragilitatem
2961 1367 3180 1424 humani
3210 1371 3459 1440 corporis

1854 1470 1977 1513 cum
2027 1455 2215 1513 divina
2258 1455 2675 1515 immortalitate
2704 1460 3083 1533 conjungeret.
3125 1461 3264 1531 Quid
3311 1463 3459 1519 enim

1854 1547 2059 1606 faceret
2082 1558 2229 1606 tanta
2258 1549 2416 1607 turba
2441 1553 2796 1608 sanctorum?
2819 1569 2940 1624 quae
2963 1554 3071 1610 illis
3096 1569 3225 1626 spes
3244 1555 3465 1612 salutis?

1856 1641 2001 1714 quod
2051 1643 2374 1699 meritorum
2415 1642 2731 1714 praemium,
2777 1645 2824 1701 si
2864 1645 2968 1702 sub
3011 1663 3117 1702 una
3159 1647 3463 1720 eademque

158 1741 501 1799 sacratissimi
534 1740 923 1812 imperatores,
951 1741 1044 1811 qui
1069 1740 1317 1798 veritatis
1336 1740 1586 1796 ordinem
1612 1754 1747 1795 con-
1782 1748 1830 1809 ιι
1855 1738 2171 1794 conditione
2196 1738 2367 1793 sortis
2395 1737 2840 1795 ineluctabilihus
2876 1741 3224 1796 mortalitatis
3251 1741 3462 1813 laqueis

162 1835 315 1890 traria
348 1834 464 1906 lege
492 1832 853 1900 conturbant,
889 1833 981 1904 qui
1013 1846 1284 1903 perversae
1309 1831 1630 1903 cupiditatis
1672 1833 1756 1887 in-

158 1930 345 1986 stinetu
372 1929 641 2000 sacrilega
675 1938 800 1984 vota
833 1928 1174 1998 concipiunt,
1208 1929 1298 1999 qui
1334 1927 1578 1998 profanae
1601 1942 1754 1983 men-

161 2024 221 2079 tis
242 2023 418 2079 iurore
437 2030 534 2078 aut
557 2022 760 2093 lignum
783 2036 1000 2093 semper
1021 2029 1356 2077 venerantur
1379 2029 1471 2076 aut
1496 2021 1751 2091 lapidem.

165 2116 213 2171 lu
241 2118 341 2172 isto
369 2116 493 2171 loco
527 2114 690 2185 positi
737 2114 985 2171 ordinem
1029 2112 1295 2170 debemus
1322 2124 1531 2169 sanctae
1570 2112 1759 2185 dispo-

170 2209 372 2265 sitionis
400 2209 622 2279 aperire
652 2225 667 2262 :
702 2218 757 2263 ut
785 2207 1052 2279 quidquid
1097 2206 1256 2263 nobis
1297 2207 1759 2278 investigantibus

163 2311 394 2357 sanctum
443 2300 541 2357 Dei
575 2300 800 2357 verbum
835 2299 1154 2371 prophetica
1187 2298 1411 2355 tradidit
1441 2299 1755 2370 disciplina,

164 2394 222 2449 ad
270 2392 583 2450 rcl‘utaudas
625 2392 838 2465 profani
884 2393 1092 2449 erroris
1139 2393 1388 2451 maculas
1451 2392 1764 2464 specialiter

164 2486 467 2557 explicetur,
522 2502 686 2540 ne...
724 2483 753 2524 ιι
803 2485 945 2540 sicut
1001 2499 1103 2540 nos
1149 2484 1414 2552 diximus,
1465 2486 1760 2542 commenti

167 2588 282 2634 sunt
312 2591 358 2646 ο,
389 2579 481 2649 qui
515 2577 802 2648 sacrilegia
836 2577 1154 2633 errantibus
1201 2577 1563 2633 tradiderunt.
1608 2577 1702 2635 Sic
1731 2594 1764 2634 a

166 2670 311 2728 nobis
335 2670 471 2727 ordo
500 2670 749 2725 veritatis
785 2670 1056 2726 curiosius
1086 2670 1416 2740 requiratur.
1462 2672 1763 2743 Suspensis

169 2764 337 2837 itaque
361 2764 647 2835 paululum
676 2764 915 2830 caeteris,
943 2762 1011 2818 ad
1045 2762 1161 2819 haec
1185 2759 1213 2800 (ι
1244 2763 1588 2833 explicanda,
1635 2780 1757 2836 qua:

172 2872 289 2915 vera
317 2867 460 2925 sunt,
488 2856 858 2914 transferatur
886 2857 1089 2913 oratio.

741 2949 972 3008 CAPUT
998 2950 1193 3007 XXVI.

173 3042 388 3101 Breviter
416 3044 675 3102 Ecclesiae
720 3045 785 3100 de
811 3042 1019 3099 Christo
1067 3061 1183 3099 cum
1227 3045 1429 3102 Artamo
1470 3054 1770 3118 contparato

1857 1831 2020 1886 etiam
2076 1830 2194 1902 ipsa
2251 1830 2491 1903 obligata
2539 1833 2857 1888 teneretur?
2905 1831 3051 1888 Nihil
3104 1832 3275 1902 Abel,
3326 1833 3463 1890 nihil

1859 1924 2046 1980 Enoclt
2071 1967 2086 1991 ,
2131 1923 2271 1978 nihil
2298 1923 2438 1993 Noe,
2469 1923 2604 1980 nihil
2627 1924 2787 1991 Sem,
2825 1925 2962 1980 nihil
2990 1926 3300 1993 Abraham,
3329 1926 3465 1982 nihil

1857 2016 2031 2083 lsaac,
2065 2016 2200 2071 nihil
2226 2015 2398 2073 Jacob
2429 2016 2497 2073 de
2518 2017 2612 2073 Dei
2636 2016 2742 2074 sibi
2772 2018 3149 2075 misericordia
3172 2033 3239 2076 ac
3265 2019 3468 2090 majes-

1861 2119 1971 2167 tate
1997 2110 2384 2182 promitterent
2411 2128 2425 2166 :
2454 2110 2601 2167 irent
2625 2112 2787 2169 etiam
2816 2112 2917 2183 ipsi
2946 2124 3071 2185 post
3102 2122 3314 2169 tantum
3338 2113 3467 2171 ﬁdei

1861 2206 2115 2261 meritum
2157 2220 2279 2259 cum
2327 2205 2544 2261 caeteris
2575 2204 2829 2261 omnibus
2859 2205 3062 2277 pariter
3107 2205 3377 2274 addictis,
3412 2217 3468 2264 et

1860 2313 2052 2353 omnes
2078 2298 2168 2353 Dei
2200 2306 2422 2354 sanctos
2448 2313 2614 2354 unum
2664 2300 2857 2355 mortis
2878 2298 3106 2355 exitium
3146 2300 3468 2372 exciperet,

1863 2405 1962 2447 nec
2011 2389 2239 2446 haberet
2291 2390 2433 2461 apud
2478 2391 2648 2447 Deum
2681 2393 2965 2462 praemium
3006 2392 3212 2463 pictas,
3272 2394 3318 2448 si
3366 2408 3472 2449 una

1863 2485 2161 2556 eademque
2185 2500 2378 2541 omnes
2400 2485 2643 2541 conditio
2671 2488 2865 2542 mortis
2894 2484 3158 2543 hauriret.
3189 2486 3298 2545 Sed
3327 2489 3472 2545 Deus

1865 2579 2098 2637 Abrahae
2122 2580 2327 2637 clarius
2356 2596 2388 2635 a
2409 2581 2534 2638 caeli
2559 2581 2832 2637 sideribus
2862 2583 3190 2652 promiserat
3217 2598 3468 2655 regnum:

1867 2672 1988 2728 ideo
2012 2688 2077 2728 ex
2100 2687 2303 2744 genere
2318 2671 2554 2729 Abrahae
2574 2673 2913 2731 descendens
2935 2673 3097 2730 Maria
3124 2674 3274 2746 virgo
3296 2675 3471 2731 Deum

1866 2765 2135 2835 concipit,
2195 2775 2254 2820 ut
2283 2764 2724 2837 supradictorum
2770 2766 3054 2822 hominum
3100 2767 3322 2823 soboles
3368 2767 3475 2824 im-

1866 2859 2114 2914 mortalis
2145 2859 2424 2914 societatis
2450 2858 2670 2914 vinculo
2696 2859 3039 2931 iungeretur,
3086 2869 3141 2916 et
3169 2861 3249 2917 sic
3274 2861 3473 2917 huma-

1869 2966 1996 3006 num
2024 2967 2199 3022 genus
2250 2966 2348 3023 per
2380 2951 2654 3007 hominem
2685 2953 2888 3023 pariter
2933 2960 2992 3008 et
3038 2952 3212 3008 Deum
3256 2962 3472 3026 aequata

1869 3043 2144 3100 societatis
2162 3044 2574 3115 comparatione
2599 3046 2974 3117 conjunetum,
3001 3045 3067 3100 ad
3091 3045 3478 3103 immortalita-

243 3138 426 3210 dogma
450 3138 689 3209 exponit;
719 3137 971 3207 quidquid
1001 3137 1236 3193 Adamus
1263 3139 1593 3212 perdidisset,
1626 3155 1764 3207 eum,
1794 3147 1838 3210 ρ
1874 3138 1943 3194 tis
1994 3139 2285 3210 imperium
2332 3137 2661 3194 obedientite
2704 3139 2906 3194 merito
2953 3139 3285 3210 perveniret.
3334 3141 3474 3210 Quia

237 3247 264 3285 e
289 3229 460 3286 Maria
500 3230 716 3301 Virgine
742 3239 944 3299 natum,
970 3232 1241 3287 inuenisse.
1280 3233 1432 3289 Redit
1457 3234 1510 3288 in
1539 3234 1691 3287 viam.

237 3323 363 3390 Vos,
410 3324 622 3381 domini
651 3324 1033 3395 imperatores,
1063 3335 1375 3382 sanctarum
1402 3328 1613 3383 aurium
1646 3342 1769 3385 ves-

178 3425 366 3472 trarum
391 3416 527 3473 mihi
555 3415 899 3474 commodate
924 3418 1241 3487 patientiam
1274 3430 1319 3488 ι’,
1367 3428 1427 3476 ut
1457 3428 1627 3476 totum
1661 3422 1774 3477 cle-

176 3510 383 3566 mentiae
417 3521 641 3576 vestrae,
675 3508 822 3581 quod
855 3511 1246 3581 promittimus,
1283 3511 1639 3583 explicemus.
1664 3514 1774 3570 Cur

175 3598 330 3667 Deus,
354 3600 406 3655 id
429 3611 539 3665 est,
575 3598 743 3655 Filius
766 3601 858 3655 Dei
884 3640 898 3665 ,
927 3599 1091 3656 homo
1122 3616 1312 3672 passus
1334 3611 1420 3659 est
1451 3603 1591 3672 fieri,
1622 3605 1771 3661 brevi

177 3709 236 3750 ae
272 3710 397 3751 vera
446 3693 638 3766 pietati
682 3702 879 3749 vestra:
928 3696 1142 3751 ratione
1172 3696 1587 3753 monstrabitur.
1638 3697 1772 3754 Cum

179 3785 442 3845 hominem
470 3788 734 3859 primum,
761 3785 813 3842 id
840 3797 943 3856 est,
976 3787 1171 3853 Adam,
1203 3789 1271 3844 ad
1300 3789 1589 3861 imaginem
1618 3805 1771 3847 suam

181 3879 317 3936 lleus
347 3879 554 3935 faceret
579 3876 746 3952 (Gen.
778 3893 849 3947 ιι,
879 3879 996 3949 27),
1055 3890 1260 3936 certam
1287 3881 1366 3937 illi
1395 3882 1771 3938 mandatorum

181 3972 321 4028 dedit
345 3973 543 4044 legem.
569 3970 620 4028 ls
636 3986 735 4043 per
754 3970 1039 4039 feminam,
1073 3972 1126 4029 id
1158 3982 1265 4041 est,
1292 3972 1771 4063 Evam_deceptus,

180 4069 373 4126 diaboli
396 4069 872 4141 persuasionibus,
900 4070 1182 4141 promissm
1205 4072 1307 4128 sibi
1329 4072 1518 4144 gloriae
1541 4074 1779 4145 perdidit

183 4160 516 4236 dignitatem.
536 4163 771 4237 Lignum
799 4174 917 4222 erat
947 4165 1000 4220 in
1033 4165 1290 4236 paradiso
1326 4164 1371 4233 ί,
1411 4182 1519 4237 quo
1547 4168 1777 4239 promis-

184 4272 357 4315 sorum
396 4278 426 4313 a
458 4258 573 4315 Deo
624 4259 972 4329 praemiorum
1002 4260 1242 4330 perdidit
1278 4260 1536 4332 gratiam.
1568 4263 1646 4320 De
1669 4265 1778 4320 vir-

184 4351 314 4419 ginis
358 4359 518 4408 terrae
546 4351 678 4408 limo
701 4352 866 4409 homo
883 4352 1058 4410 factus
1081 4362 1205 4410 est:
1239 4356 1478 4412 nondum
1511 4358 1655 4413 enim
1680 4401 1694 4426 ,
1719 4368 1778 4416 ut

186 4444 253 4499 ait
275 4444 591 4517 Scriptura,
634 4460 797 4519 supra
833 4459 1030 4505 terram
1061 4448 1291 4519 pluerat.
1324 4450 1424 4509 ilic
1446 4454 1777 4525 contemptis

189 4537 445 4595 mandatis
481 4539 611 4607 Dei,
645 4539 943 4597 humanum
988 4556 1159 4613 genus
1190 4544 1535 4601 mortalitatis
1568 4546 1776 4618 laqueis

189 4627 387 4687 afﬂixit.
420 4630 721 4703 Oportebat
744 4632 849 4690 hoc
880 4642 1052 4691 totum
1080 4643 1135 4692 et
1157 4636 1450 4696 reformari
1474 4648 1529 4696 et
1551 4640 1773 4715 corrigi,

190 4730 240 4777 et
266 4722 575 4783 reformatio
616 4724 842 4797 originis
882 4725 1072 4785 debuit
1116 4727 1418 4787 reformare
1458 4732 1776 4803 primordia.

258 4857 285 4889 "
311 4860 894 4939 Plerumquefoncinit
906 4879 1029 4939 cum
1051 4862 1325 4939 Cypriane
1348 4867 1571 4924 Testim.
1594 4869 1688 4927 lib.
1711 4886 1774 4939 ιι,
1803 4875 1855 4938 D

192 4944 416 5004 excepto
444 4931 599 4989 Vera.
630 4933 685 4996 5,
745 4935 833 4991 ubi
882 4934 971 4991 hic
1000 4931 1163 4993 habet
1206 4940 1497 4995 lectionem
1546 4931 1774 5001 Sabate-l

193 5002 393 5057 riauam
421 5020 440 5059 :
462 5004 515 5057 in
543 5004 902 5072 splendoribus
929 5017 1242 5064 sanctorum.

260 5072 285 5114 δ
326 5075 588 5131 Excidere
618 5078 865 5145 paucula.

264 5156 289 5186 ο
331 5147 475 5225 Lege
502 5149 817 5225 commentiri
840 5158 983 5225 sunt.
1015 5150 1392 5210 Conrmentior
1418 5171 1517 5225 pro
1545 5159 1778 5214 mentior

196 5220 594 5298 occurrit_a_pttd
626 5218 915 5298 Apuleium
943 5223 1102 5298 Apol.
1132 5241 1185 5295 p.
1221 5226 1345 5282 514.
1380 5218 1605 5298 Lignum
1635 5244 1665 5283 a
1693 5245 1778 5286 tne

200 5295 305 5363 toto
324 5292 523 5363 oppido
544 5292 830 5363 quies-itum
855 5309 960 5347 non
994 5292 1162 5363 piguit
1190 5312 1284 5354 vos
1303 5292 1665 5355 commentiri.

261 5358 291 5399 ά
326 5358 385 5436 ιιι
403 5358 733 5419 editionibus
752 5362 951 5436 legitur
969 5358 1168 5421 a'dlitec.

267 5444 290 5469 ε
329 5434 668 5511 Lact-autat.
703 5437 728 5489 1
757 5477 770 5500 ,
803 5434 1049 5511 audiendi
1090 5439 1389 5510 patientiam
1420 5442 1782 5511 commodare;

199 5506 411 5585 etaqu
442 5506 740 5585 Arnobium
766 5548 781 5574 ,
812 5506 1135 5564 commodare
1174 5529 1437 5585 aurestt,
1483 5514 1515 5570 6
1540 5555 1556 5580 .
1589 5530 1662 5579 ιν,
1687 5506 1786 5585 53,

200 5589 300 5652 illi,
343 5577 447 5642 3‘5,
482 5579 808 5652 commodare
858 5595 1158 5652 assensum,
1214 5599 1268 5650 ι,
1312 5577 1551 5652 54ίνιιζ
1601 5577 1692 5643 25.
1720 5577 1792 5630 -ἓ

206 5647 530 5724 Sanctarum.
597 5649 961 5724 Sacratlssimi
1023 5647 1350 5724 quoque'ab
1398 5647 1551 5713 illius
1618 5661 1793 5719 artatis

208 5720 560 5792 scriptoribus
585 5728 846 5792 vocantur
860 5720 1250 5792 imperatores.

285 5787 303 5829 ί
341 5791 521 5849 Arbor
549 5789 814 5848 scientia.
843 5787 1041 5852 Cenes.
1070 5808 1162 5867 tu,
1193 5795 1245 5851 ὅ.

1869 3232 2072 3302 itaque,
2127 3230 2480 3287 sacratissimi
2535 3231 2928 3302 imperatores,
2971 3233 3208 3289 curiosis
3251 3233 3475 3292 auribus

1871 3324 2491 3396 satisfecimus,reliqua
2518 3338 2938 3396 prosequamur,
2974 3335 3032 3382 ut
3061 3326 3146 3381 vel
3178 3327 3259 3385 sic
3299 3328 3475 3399 pollu-

1872 3425 2050 3473 tarum
2067 3417 2274 3473 aurium
2299 3414 2489 3472 sordes
2506 3414 2803 3486 puriﬁcans
2819 3416 2993 3486 possit
3011 3431 3196 3475 sermo
3218 3433 3471 3491 purgare.

2426 3506 2658 3564 CAPUT
2705 3506 2917 3564 XXVII.

1878 3604 2128 3662 Ultimum
2162 3603 2561 3660 Mithriacorum
2587 3603 2855 3659 initiorum
2902 3603 3238 3677 symbolum,
3270 3612 3477 3687 Ταῦρος

1944 3698 2241 3776 δράκοντος,
2258 3699 2344 3755 καὶ
2359 3694 2561 3775 Sporum
2578 3697 2769 3775 ταῦρον
2785 3700 2982 3773 πατὴρ,
3003 3696 3478 3769 exponit.Serpen-

1948 3793 2013 3846 tis
2040 3792 2304 3855 meminit,
2340 3788 2794 3862 Protoplastorum
2832 3789 3157 3859 seductoris,
3186 3792 3481 3861 funestique

1946 3886 2057 3957 ejus
2086 3885 2274 3952 cultus,
2306 3882 2687 3956 draconemque
2714 3899 2773 3937 eo
2792 3883 2875 3937 die
2889 3898 3194 3955 percussum
3213 3900 3343 3953 esse,
3372 3901 3477 3958 quo

1946 3975 2184 4033 Christus
2211 3975 2540 4049 apparuerit.

1948 4066 2202 4139 Sequitur
2233 4065 2413 4120 adhuc
2439 4062 2586 4119 aliud
2612 4062 2920 4135 symbolum
2967 4062 3012 4133 ί,
3041 4063 3186 4135 quod
3231 4081 3330 4137 pro
3361 4082 3478 4124 ma.

1873 4176 1983 4235 gno
2013 4159 2340 4217 miserorum
2368 4157 2653 4215 hominum
2677 4154 2923 4213 credulis
2952 4156 3181 4213 auribus
3226 4160 3477 4219 traditur:

1876 4265 2075 4335 Ταῦρος
2099 4255 2406 4334 δράκοντος,
2453 4256 2538 4309 καὶ
2562 4250 2769 4329 δράκων
2808 4252 3009 4330 ταύρου
3055 4258 3229 4333 πατήρ
3267 4254 3314 4311 i.
3363 4258 3480 4314 Ali-

1876 4350 2092 4426 quando
2123 4349 2277 4407 nobis
2306 4347 2481 4420 signa,
2513 4345 2753 4412 diabole,
2783 4346 3041 4402 maculati
3090 4349 3326 4407 nominis
3352 4367 3483 4423 pro-

1875 4446 2059 4504 didisti
2079 4488 2094 4516 ,
2122 4442 2411 4516 aliquando
2452 4440 2655 4498 infame
2680 4455 2879 4497 nomen
2909 4443 3131 4513 prapria
3180 4459 3318 4504 voce
3345 4463 3480 4506 con-

1884 4543 2059 4599 lessus
2090 4557 2168 4597 es.
2203 4538 2331 4597 Scio
2358 4535 2454 4609 qui
2480 4534 2671 4604 fueris,
2696 4535 2828 4607 quid
2871 4550 3038 4594 ausus
3082 4538 3178 4605 sis,
3212 4540 3327 4597 scio
3349 4543 3483 4615 quid

1882 4636 2075 4693 iecerit
2122 4633 2392 4691 scelerum
2439 4640 2656 4687 tuorum
2706 4629 2980 4686 malitiosa
3020 4633 3328 4701 persuasio.
3370 4637 3487 4695 lloc

1882 4741 2033 4800 erat,
2093 4727 2236 4802 quod
2296 4726 2455 4793 Erae,
2490 4739 2615 4783 cum
2657 4738 2778 4781 eam
2825 4723 3107 4795 perderes,
3152 4742 3483 4803 magn0pero

1954 4878 1979 4917 ιι
2021 4868 2269 4923 Mortem.

1953 4937 1981 4978 ιι
2022 4938 2272 5015 ᾼτηοὺηι
2290 4976 2304 4999 ,
2346 4933 2455 5015 60)
2485 4932 2770 5015 ᾼιεᾳῃιρεξρ
2797 4932 2955 5005 igitur
2981 4934 3203 5015 hominis
3232 4944 3479 5015 fortnam,

1882 5024 1931 5070 et
1961 5011 2055 5068 sub
2083 5010 2242 5065 nostri
2264 5007 2464 5081 generis
2488 5004 2829 5081 similitudine
2850 5007 3129 5081 potentiam
3159 5004 3304 5067 suam
3332 5004 3482 5073 claui

1885 5086 1971 5149 sit,
1997 5093 2052 5138 ut
2076 5081 2236 5136 videri
2263 5076 2433 5152 posset
2448 5086 2500 5132 et
2520 5076 2769 5147 conspici.
2792 5076 2943 5132 verba
2969 5088 3169 5159 taceret
3182 5094 3232 5139 et
3256 5088 3481 5159 doceret,

1886 5167 2035 5225 atque
2054 5170 2227 5209 omnes
2256 5161 2982 5225 ea;sequeretur_res,qprcpter
3007 5168 3136 5225 quas
3157 5158 3209 5210 in
3233 5158 3485 5216 mundum

1887 5219 2091 5283 venerat
2118 5219 2402 5301 faciendas,
2447 5219 2795 5301 summiregis
2838 5221 3059 5301 imperio
3077 5234 3123 5279 et
3148 5229 3484 5301 dispositione

1887 5291 2128 5356 servatis:
2174 5298 2420 5352 Lactant.
2481 5308 2571 5360 tv,
2628 5291 2729 5367 ιρς
2749 5300 2806 5347 et
2861 5291 2977 5367 li;
3031 5291 3364 5367 Augustinus
3414 5306 3485 5360 de

1884 5372 1952 5427 C.
1988 5370 2047 5425 ι).
2080 5386 2113 5426 x
2135 5411 2151 5437 ,
2178 5367 2280 5435 29;
2321 5367 2523 5437 aliique
2551 5379 2639 5437 ap.
2666 5363 3037 5421 Elmenhorst.
3101 5363 3378 5429 observat.
3426 5376 3480 5431 In

1889 5435 2187 5499 Arnobiuin
2220 5458 2275 5510 p.
2308 5438 2399 5510 56.
2424 5435 2889 5510 Confer._quoque
2917 5450 2967 5492 c.
2999 5438 3093 5493 25.

1971 5513 1987 5552 ί
2033 5512 2110 5585 Ex
2136 5505 2414 5585 mysteriis
2449 5505 2716 5585 Sgbaziis.

1972 5588 1986 5636 l
2034 5577 2211 5642 Clem:
2270 5583 2425 5636 Alex.
2477 5577 2788 5646 Proptrept.
2847 5577 3002 5649 ea.
3039 5580 3487 5649 ρ.15;ῡησίτις

1897 5653 2415 5737 medidiem?"
2463 5645 2875 5737 τειθροσοῑταῖὴρ
2896 5645 3177 5737 ,δράκοντρε
3210 5645 3487 5737 trireme

1899 5713 2325 5801 iéspsi'spexss.
2343 5713 2547 5801 Arnob.
2567 5713 2634 5801 ’γρ
2780 5713 3052 5801 Aumctdrent
3073 5724 3260 5793 aliquis
3281 5713 3489 5786 dum;

1900 5783 2034 5856 iisti
2079 5783 2183 5863 rei,
2243 5805 2344 5847 tum
2372 5789 2519 5844 illum
2545 5783 2814 5842 citabimus
2846 5783 3177 5848 Tarentinum
3225 5783 3494 5872 notumque
