3992 6204
219 319 360 377 1011

1158 325 1250 382 DE
1288 325 1571 387 ERRORE
1611 327 2087 392 PROFANARUM
2126 335 2573 396 RELIGIONUM.

3373 350 3514 406 1042

213 433 289 536 de
310 435 678 536 -segminihus
709 448 731 475 ι·
779 437 979 536 factum
1015 440 1215 495 idolum
1265 441 1498 499 Osiridis
1528 445 1812 515 sepelitur.
1842 449 1899 510 Α
1924 450 2156 507 Abrahae
2184 453 2535 510 immulaturo
2566 454 2732 511 filium
2761 459 2915 528 jussu
2962 459 3058 516 Dei
3085 462 3229 518 aries
3260 465 3525 536 supponi-

212 527 276 584 ln
310 530 653 602 Proserpinae
696 534 870 590 sacris
910 550 1047 589 caesa
1078 536 1240 591 arbor
1292 537 1343 592 in
1386 537 1620 609 efﬁgiem
1659 540 1822 612 virgi-

210 623 307 678 nis
329 622 671 695 formamque
697 629 1042 696 componitur
1070 627 1124 694 ι),
1154 639 1207 684 et
1235 644 1357 684 cum
1381 630 1521 685 intra
1541 631 1819 687 civitatem

210 713 383 770 fuerit
415 716 595 783 illata,
630 717 985 790 quadraginta
1044 720 1295 775 noctibus
1329 721 1603 792 plangitur
1625 764 1637 787 ,
1686 738 1821 794 qua-

209 805 520 879 dragesima
575 824 708 866 vero
733 821 894 866 nocte
940 812 1300 868 comburitur.
1352 812 1460 869 Sed
1509 823 1564 870 et
1595 815 1682 870 illa
1714 815 1817 870 alia

206 906 383 978 ligna,
441 924 560 979 quae
607 908 753 975 dixi,
809 910 1005 966 similis
1069 911 1282 967 flamina
1338 913 1642 979 consumit;
1694 929 1817 968 nam

205 1000 379 1056 etiam
412 1009 532 1066 post
559 1016 760 1055 annum
785 1003 1024 1072 ipsorum
1055 1003 1324 1074 lignorum
1356 1019 1546 1075 rogum
1598 1004 1814 1060 flamma

203 1093 521 1163 depascitur
552 1104 596 1147 ο.
633 1093 838 1149 Errasti
861 1094 1028 1150 miser
1049 1137 1062 1160 ,
1110 1106 1162 1150 et
1193 1096 1542 1151 vehementer
1596 1098 1814 1163 errasti,

204 1184 352 1239 nihil
402 1184 501 1240 tibi
553 1186 756 1255 poterit
785 1186 921 1256 ignis
979 1187 1079 1242 iste
1127 1187 1402 1255 prode-sc,
1470 1187 1668 1241 frustra
1722 1188 1815 1243 tibi

205 1294 274 1335 es
331 1279 434 1334 ista
482 1279 694 1334 flamma
756 1279 1053 1343 blandiris.
1109 1280 1253 1335 hunc
1304 1280 1480 1351 ignem
1537 1295 1816 1336 commen-

205 1371 276 1425 tis
320 1370 426 1425 tuis
478 1386 698 1441 semper
744 1386 1040 1428 renovatis.
1118 1373 1297 1442 Ignis,
1348 1372 1438 1443 qui
1489 1372 1559 1428 de
1619 1371 1817 1426 facino-

202 1463 361 1519 ribus
432 1464 539 1519 tuis
615 1463 789 1535 exigit
870 1479 1101 1535 ptenas,
1185 1476 1440 1535 perpetua
1513 1473 1816 1519 tormento-

200 1571 326 1611 rum
365 1556 776 1612 continuatione
806 1566 1105 1627 grassatur.
1173 1556 1352 1612 Divini
1422 1572 1485 1612 ac
1535 1557 1814 1613 liberantis

195 1648 337 1720 ligni
365 1649 611 1705 ordinem
641 1649 825 1716 disce,
859 1660 913 1704 ut
938 1649 1082 1705 scias
1107 1650 1252 1705 nulla
1284 1649 1379 1705 tibi
1410 1664 1572 1721 posse
1596 1648 1810 1706 ratione

196 1743 473 1797 succurri.
506 1742 583 1798 De
605 1743 938 1814 cataclysmo
966 1742 1261 1797 humanum
1285 1757 1457 1815 genus
1482 1758 1607 1798 arca
1634 1743 1809 1812 lignea

1926 552 2034 611 tur,
2083 554 2136 600 et
2176 546 2230 601 in
2282 548 2479 603 vicinae
2508 548 2720 605 arboris
2771 551 3045 608 radicibus
3089 554 3340 626 alligatur
3366 556 3522 629 (Gen.

1924 650 2087 704 χχιιι,
2121 638 2231 709 15).
2264 637 2618 696 Liberatnrus
2652 642 2794 699 Deus
2833 659 3077 699 summus
3124 660 3191 701 ex
3233 646 3523 721 [Egyptia-

1925 745 2043 784 rum
2089 731 2372 803 tyrannide
2406 733 2615 803 plebem
2669 749 2845 802 suam,
2897 736 3125 792 arietem
3174 741 3526 810 noctejussit

1922 822 2134 892 occidi,
2166 831 2221 879 et
2246 828 2509 896 sanguine
2534 826 2654 896 ejus
2679 838 2864 897 pOSles
2895 828 3039 884 liniri
3069 832 3349 902 praecepit.
3384 843 3409 880 ε
3439 833 3527 904 lp-

1922 928 2041 971 sum
2069 931 2099 970 a
2126 927 2283 973 certo
2321 934 2554 974 numero
2580 919 2859 977 hominum
2893 938 2987 992 per
3010 934 3305 979 nocturnas
3334 925 3525 996 epulas

1922 1010 2116 1064 confici
2141 1010 2327 1079 jubet,
2361 1020 2416 1067 et
2437 1013 2705 1069 sacrificio
2735 1016 2835 1085 ipsi
2868 1015 3091 1071 Paschre
3120 1033 3317 1074 nomen
3350 1019 3525 1091 impo-

1922 1101 2022 1155 nit.
2073 1100 2179 1156 Sed
2237 1103 2340 1157 hoc
2398 1103 2464 1157 ad
2504 1103 2797 1173 imaginem
2830 1105 3134 1162 futurorum
3179 1108 3517 1178 providentia

1920 1193 2122 1249 divinte
2176 1195 2480 1266 majestatis
2521 1198 2761 1262 invenit,
2816 1210 2876 1255 ut
2924 1216 3024 1273 per
3072 1203 3281 1273 signum
3328 1221 3514 1261 verum

1922 1286 2125 1341 Pascha
2164 1289 2318 1344 nobis
2341 1289 2677 1346 ostenderet.
2714 1291 2840 1348 Ideo
2866 1307 2988 1348 cum
3031 1295 3099 1350 de
3132 1295 3381 1364 passione
3411 1298 3516 1352 Do-

1920 1379 2053 1432 mini
2081 1380 2249 1435 nostri
2288 1380 2471 1437 divino
2503 1382 2709 1452 Spiritu
2744 1384 2972 1453 jubeute
3010 1386 3278 1457 Propheta
3311 1405 3517 1460 prteca-

1920 1479 2108 1540 neret,
2144 1473 2222 1527 ait
2252 1491 2266 1528 :
2295 1474 2443 1535 Sicut
2472 1476 2581 1530 ovis
2625 1476 2695 1529 ad
2735 1478 2990 1532 victimam
3017 1479 3202 1534 ductus
3223 1491 3333 1545 est,
3383 1484 3515 1536 sicut

1917 1580 2082 1635 agnus
2111 1582 2287 1620 coram
2310 1567 2553 1622 tondente
2577 1586 2654 1634 se,
2683 1570 2760 1624 sic
2788 1587 2887 1624 non
2917 1573 3119 1640 aperuit
3152 1590 3208 1627 os
3236 1590 3410 1628 suum.
3446 1573 3515 1629 In

1918 1659 2209 1713 humilitate
2229 1661 2487 1729 judicium
2530 1662 2577 1716 ei
2604 1662 2860 1717 sublatum
2906 1674 2998 1718 est.
3030 1662 3368 1721 Nativitatem
3403 1668 3516 1735 eius

1917 1752 2031 1818 quis
2060 1753 2358 1807 enarravit?
2378 1754 2624 1822 quoniam
2664 1756 2931 1824 auferetur
2959 1773 2991 1809 a
3018 1764 3153 1810 terra
3182 1757 3286 1810 vita
3316 1762 3428 1830 ejus
3462 1757 3509 1812 ίι.

196 1837 458 1894 liberavit
512 1837 667 1905 (Gen.
728 1854 825 1901 vn,
876 1838 1015 1910 VIII).
1075 1838 1280 1893 Deinde
1334 1837 1608 1894 Abraham
1666 1838 1807 1908 ligna
1841 1847 1887 1906 Β
1921 1841 2243 1915 (Esai.t.m,
2285 1845 2336 1911 7,
2373 1844 2452 1917 8).
2481 1846 2638 1902 Alius
2668 1850 2832 1903 etiam
2879 1849 3142 1919 propheta
3176 1850 3291 1906 hare
3317 1851 3509 1907 eadem

194 1932 350 1987 unici
385 1932 474 1986 lilii
510 1931 753 1987 humeris
784 1931 1014 2001 imponit
1037 1930 1193 2000 (Gen.
1226 1948 1343 1986 xm
1367 1931 1443 2003 b‘).
1478 1932 1555 1986 De
1576 1930 1809 2003 {Egypto

191 2026 550 2081 recedentem
586 2025 844 2096 populum
880 2026 973 2081 Dci
1019 2026 1232 2095 plebem
1265 2026 1441 2096 lignea
1488 2025 1639 2095 virga
1680 2041 1805 2095 pro-

194 2122 339 2176 texit
366 2119 567 2191 (Exod,
598 2136 711 2186 x1v,
761 2119 856 2184 21,
885 2118 1001 2191 26).
1035 2120 1262 2188 Lignum
1295 2119 1508 2189 dulcem
1554 2134 1807 2189 saporem

194 2229 407 2269 amarae
452 2214 690 2286 myrrha:
726 2212 970 2269 fontibus
1020 2213 1255 2269 reddidit
1294 2211 1493 2285 (Exod.
1547 2229 1636 2281 xv,
1688 2211 1806 2285 25).

192 2304 407 2377 Lignea
438 2304 588 2375 virga
618 2321 683 2360 ex
731 2303 998 2374 Spirituali
1029 2313 1180 2375 petra
1210 2303 1470 2359 salutaris
1498 2302 1643 2359 unda
1677 2319 1806 2375 pro-

192 2400 373 2454 fertur
405 2397 606 2470 (Exod.
642 2414 778 2465 xvu,
809 2397 919 2464 6;I
958 2397 1079 2453 Cor.
1105 2414 1160 2465 x,
1191 2396 1270 2470 4).
1305 2398 1409 2465 Et,
1445 2406 1501 2453 ut
1546 2398 1805 2454 Amalech

191 2493 538 2559 vinceretur,
572 2491 716 2546 circa
745 2491 950 2562 virgam
997 2490 1208 2563 Moyses
1249 2490 1503 2560 expansis
1552 2490 1807 2546 manibus

193 2584 520 2640 extenditur
575 2580 601 2620 ἀ
639 2582 839 2651 (Exod.
887 2599 1036 2650 xvn,
1090 2584 1179 2649 Il,
1216 2582 1329 2655 12).
1382 2583 1559 2640 Scalae
1611 2585 1805 2656 lignea:

196 2677 515 2748 patriarcha
565 2677 970 2734 incumbentem
999 2676 1251 2748 angelum
1305 2677 1579 2742 somniat,
1625 2686 1679 2732 et
1711 2693 1806 2746 per

192 2774 449 2832 eamdem
483 2775 623 2830 alios
670 2774 1002 2841 ascendere,
1033 2773 1173 2828 alios
1203 2773 1379 2828 cernit
1407 2772 1744 2828 descendere
1778 2782 1802 2810 θ

195 2869 331 2925 Gen.
360 2882 567 2934 xxvtn,
601 2866 710 2939 12).
753 2867 814 2922 Et
846 2868 930 2921 lex
982 2865 1076 2921 Dei
1119 2880 1261 2920 arcze
1310 2864 1505 2935 ligneae
1561 2865 1804 2921 creditur

193 2962 402 3041 (Exod.
436 2978 524 3028 XL,
554 2960 672 3030 20).
706 2969 763 3016 ιιι
806 2959 889 3016 his
919 2960 1192 3023 omnibus,
1245 2959 1401 3030 quasi
1459 2974 1554 3028 per
1605 2960 1802 3031 gradus

194 3055 492 3126 quosdam,
521 3053 587 3109 ad
609 3053 811 3124 lignum
842 3052 1019 3108 crucis
1050 3051 1199 3106 salus
1239 3051 1519 3107 hominum
1553 3053 1802 3124 perveni—

197 3158 307 3203 ret.
339 3146 684 3219 Quapropter
708 3146 913 3219 lignum
937 3145 1118 3201 crucis
1162 3144 1287 3202 caali
1312 3147 1547 3201 sustinet
1594 3127 1799 3202 machi-

1912 1935 2077 1990 simili
2104 1936 2388 2007 respondit
2417 1938 2638 1993 oraculo
2670 1956 2682 1992 :
2733 1936 2978 2003 Domine,
3002 1940 3241 2013 signiﬁca
3266 1942 3396 1996 mihi
3419 1983 3435 2009 ,
3465 1953 3515 1997 et

1911 2042 2256 2100 cognoscam;
2285 2039 2406 2083 tunc
2450 2031 2555 2084 vidi
2598 2030 2952 2086 meditationes
2996 2049 3193 2089 eorum.
3244 2033 3355 2106 Ego
3380 2034 3513 2088 sicut

1908 2137 2072 2190 agnus
2098 2121 2210 2175 sine
2237 2123 2440 2176 malitia
2470 2124 2747 2192 perductus
2773 2140 2886 2177 sum
2918 2125 2986 2178 ad
3012 2126 3288 2180 victimam.
3319 2124 3387 2179 In
3429 2142 3510 2180 me

1909 2213 2260 2285 cogitaverunt
2299 2217 2579 2285 cogitatum
2624 2216 2846 2269 dicentes
2903 2232 2915 2269 :
2987 2214 3165 2270 Venite
3199 2233 3217 2270 :
3248 2218 3511 2272 mittamus

1908 2304 2102 2377 lignum
2121 2305 2172 2359 in
2202 2322 2389 2375 panem
2412 2311 2543 2377 ejus,
2568 2318 2616 2362 et
2644 2308 2919 2363 eradamus
2948 2327 2980 2363 ιι
3001 2318 3139 2363 terra
3164 2309 3322 2364 vitam
3352 2309 3501 2381 ejusi

1911 2397 2153 2470 (Jerem.
2209 2415 2377 2465 xvnt,
2431 2402 2537 2469 i8,
2588 2401 2711 2475 I9).
2764 2403 2974 2473 Agnum
3012 2412 3191 2458 autem
3243 2404 3507 2473 appellari

1909 2492 2198 2547 Dominum
2227 2502 2509 2560 nostrum,
2539 2505 2725 2551 sancta
2778 2495 2937 2551 nobis
2965 2496 3298 2551 revelatione
3328 2511 3510 2551 mons-

1910 2594 2102 2640 tratur.
2141 2584 2196 2640 lu
2228 2586 2555 2658 Apocalypsi
2597 2587 2743 2643 enim
2772 2587 2845 2642 ita
2877 2586 3190 2644 invenimus
3224 2603 3346 2644 esse
3382 2602 3509 2659 per-

1907 2677 2169 2747 scriptum
2191 2694 2206 2732 :
2228 2676 2297 2731 Et
2317 2680 2423 2732 vidi
2442 2679 2494 2732 in
2511 2680 2681 2733 medio
2708 2678 2877 2733 throni
2891 2688 2938 2734 et
2957 2688 3180 2750 quatuor
3201 2681 3505 2735 animalium

1905 2778 1953 2823 et
1982 2770 2036 2823 in
2067 2770 2234 2824 medio
2285 2772 2547 2825 seniorum
2573 2789 2764 2843 agnum
2789 2782 3029 2839 stantem,
3075 2774 3225 2844 quasi
3255 2775 3502 2840 occisum,

1906 2863 2172 2918 habentem
2213 2880 2409 2917 cornua
2440 2874 2656 2933 septem,
2688 2874 2736 2918 et
2780 2865 2961 2919 oculos
2986 2875 3179 2937 septem
3200 2906 3215 2932 ,
3265 2869 3354 2937 qui
3382 2878 3503 2921 sunt

1904 2969 2096 3030 septem
2115 2959 2332 3028 spiritus
2358 2959 2456 3013 Dei
2501 2959 2647 3012 missi
2687 2974 2778 3029 per
2802 2958 2971 3012 orbem
3004 2969 3176 3013 terrte.
3205 2958 3271 3013 Et
3297 2959 3431 3015 venit
3458 2970 3506 3014 et

1907 3053 2099 3121 accepit
2130 3051 2323 3106 librum
2361 3052 2425 3106 de
2456 3052 2642 3105 dextra
2688 3051 2913 3105 sedentis
2942 3051 2994 3105 in
3035 3052 3242 3106 throno.
3289 3051 3358 3105 Et
3387 3067 3503 3105 cum

1903 3146 2187 3213 accepisset
2225 3144 2437 3209 librum,
2464 3153 2693 3212 quatuor
2718 3143 2969 3197 animalia
2993 3152 3042 3199 et
3072 3144 3253 3214 viginti
3282 3152 3504 3213 quatuor

197 3257 350 3308 nam,
377 3251 538 3297 terrae
576 3239 926 3296 fundamenta
958 3237 1313 3303 corroborat,
1342 3235 1538 3291 aflixos
1572 3236 1675 3292 sibi
1704 3236 1799 3291 hos
1828 3227 1870 3289 C
1905 3238 2131 3292 seniores
2159 3246 2548 3306 prostraverunt
2585 3253 2641 3291 se
2663 3246 2783 3291 ante
2805 3252 3016 3306 agnum,
3042 3235 3282 3292 habentes
3310 3236 3506 3307 singuli

198 3337 381 3392 mines
417 3335 570 3391 ducit
596 3334 664 3390 ad
692 3336 876 3390 vitam.
912 3332 1141 3403 Liguum
1172 3331 1371 3385 diaboli
1401 3331 1558 3387 ardet
1581 3346 1801 3401 semper

198 3439 257 3486 et
295 3428 548 3495 moritur,
573 3435 627 3483 ct
650 3426 717 3482 ad
748 3427 854 3481 ima
883 3423 1067 3480 tartari
1095 3422 1379 3478 credentes
1408 3424 1655 3480 homines
1676 3439 1796 3479 cum

200 3520 399 3576 favillis
423 3520 537 3575 suis
563 3518 730 3575 ducit.
764 3518 901 3573 Illud
929 3517 1092 3572 etiam
1117 3515 1277 3585 quale
1306 3516 1375 3570 sit
1401 3516 1613 3573 ratione
1660 3527 1801 3574 trac-

200 3622 368 3669 tetur.
416 3612 683 3668 Arborem
715 3626 868 3667 suam
919 3609 1170 3664 diabolus
1211 3622 1565 3673 consecrans,
1601 3609 1799 3665 intem-

203 3716 355 3779 pesta
405 3714 562 3762 nocte
589 3704 817 3760 arietem
850 3704 901 3758 in
933 3716 1090 3757 cu‘sm
1121 3701 1339 3755 arboris
1369 3699 1500 3755 facit
1526 3699 1801 3758 radicibus

200 3799 476 3856 immolari
512 3797 555 3852 ί.
586 3798 718 3867 Quis
749 3796 845 3852 tibi
874 3795 978 3850 hoc
1010 3794 1277 3849 scelerate
1321 3793 1626 3862 persuasit?
1659 3795 1801 3853 unde

200 3892 309 3949 hoc
332 3892 585 3964 pestifera
609 3889 909 3961 cupiditate
942 3887 1182 3943 didicisti
1205 3887 1228 3940 ?
1258 3887 1563 3957 Semperne
1590 3896 1640 3942 te
1667 3902 1800 3942 con-

202 3998 284 4043 tra
317 3986 603 4042 Dominum
636 3999 907 4041 summum
937 3982 1138 4037 nefaria
1160 3980 1457 4050 cupiditate
1479 3981 1804 4050 componis?

203 4079 328 4135 ideo
363 4088 415 4133 te
439 4077 508 4134 de
534 4079 675 4133 ctelo
696 4091 946 4132 severum
973 4072 1273 4128 divinitatis
1297 4071 1566 4140 judicium
1599 4075 1801 4128 caduca

204 4171 510 4226 humilitate
542 4170 876 4240 praecipitat,
902 4167 1027 4221 ideo
1059 4166 1151 4219 tibi
1188 4165 1278 4219 Dei
1306 4165 1574 4218 sententia
1610 4180 1803 4234 perpe-

204 4274 295 4320 tua
328 4279 485 4332 pinna
508 4262 844 4329 decernitur,
877 4258 1021 4331 quod
1052 4255 1382 4311 facinoribus
1414 4255 1520 4309 tuis
1561 4271 1657 4325 per
1687 4256 1803 4312 dies

202 4356 451 4427 singulos
492 4371 688 4410 novum
736 4368 951 4422 semper
983 4349 1202 4406 additur
1253 4347 1463 4404 facinus
1485 4390 1499 4413 ,
1532 4349 1673 4417 quod
1706 4348 1805 4404 bo-

206 4450 411 4504 mincm
446 4447 541 4503 Dei
572 4446 916 4501 fraudulenta
946 4442 1164 4499 conaris
1207 4440 1562 4512 persuasione
1586 4439 1804 4512 decipe—

205 4558 283 4617 re.
348 4541 482 4597 Vide
536 4540 662 4612 quid
722 4540 824 4595 sibi
872 4539 1202 4594 ludibriosos
1270 4535 1443 4591 hostis
1512 4535 1803 4594 invenerit.

203 4659 402 4714 Nescio
446 4673 513 4711 an
565 4658 703 4712 alius
759 4655 993 4722 scriptor
1059 4653 1219 4723 hujus
1266 4654 1408 4723 ritus
1464 4650 1799 4723 mentionem
1830 4659 1878 4719 Ι)

204 4730 387 4786 faciat.
444 4729 575 4786 Vide
619 4738 797 4783 tamen
851 4725 1128 4781 Plutarch.
1179 4724 1247 4779 de
1288 4722 1432 4779 Iside
1478 4730 1534 4777 et
1579 4722 1801 4780 Osiride

202 4820 251 4858 e.
308 4800 403 4855 42.

276 4883 301 4910 τι
359 4872 528 4928 Recte
596 4869 906 4927 emendavit
971 4867 1260 4922 Wowerus
1317 4866 1605 4922 lectionem
1666 4865 1800 4921 edit.

204 4944 467 5017 principis
498 4943 603 4998 illis
632 4943 696 5017 de
720 4942 1016 4997 seminibus.
1066 4937 1197 4994 Vide
1247 4937 1522 4994 Plutarch.
1563 4936 1631 4992 de
1662 4935 1802 4994 Iside

202 5014 260 5073 ct
285 5015 501 5072 Osiride
525 5029 575 5069 c.
624 5014 715 5068 21.

276 5087 305 5125 ι)
356 5087 551 5142 Nescio
579 5101 644 5141 an
678 5086 818 5140 alius
868 5093 1056 5137 auctor
1095 5081 1252 5149 hujus
1292 5083 1428 5135 ritus
1468 5081 1798 5135 mentionem

205 5159 392 5214 faciat.
454 5157 623 5213 Video
676 5156 894 5224 quidem
947 5150 1392 5224 Santa-Crucium
1423 5166 1522 5224 ,ιη
1564 5165 1617 5220 p.
1676 5152 1803 5217 157,

203 5230 494 5287 Tatianum
522 5244 573 5284 c.
631 5221 706 5283 16‘
745 5227 999 5295 allegare,
1042 5225 1130 5293 qui
1165 5237 1295 5295 vero
1342 5223 1408 5295 de
1460 5221 1609 5295 Rhea
1660 5224 1819 5295 agit°r

206 5312 373 5371 atque
410 5300 634 5355 Aruobii
671 5293 967 5371 lucosr—nox
998 5296 1191 5371 citatos
1240 5294 1308 5349 de
1338 5294 1508 5371 Matre
1537 5293 1696 5347 deum
1731 5294 1809 5347 lo-

205 5366 460 5445 quentes.
493 5371 607 5445 Qua
638 5371 704 5445 de
732 5385 787 5423 re
815 5370 1078 5445 Silvester
1106 5366 1313 5445 Sacyps
1338 5366 1570 5445 lectores
1597 5379 1810 5445 quoque

207 5434 798 5500 admonetﬁ'Laudare
848 5453 980 5494 sane
1038 5434 1464 5495 SantaLCrucius
1528 5434 1806 5491 debuisset

207 5515 546 5579 Firmicum,
600 5513 855 5577 unicum,
905 5519 962 5563 ut
1001 5510 1244 5575 videtur,
1274 5507 1434 5577 hujus
1474 5505 1810 5579 narrationis

209 5590 444 5641 fontem.
487 5578 723 5640 Paucula
745 5582 899 5638 affert
919 5579 1245 5637 Creuzerus.
1276 5594 1349 5641 tv,
1377 5578 1502 5633 453.

286 5669 310 5697 ο
362 5655 550 5726 Itaque
593 5655 845 5710 absoluto
871 5666 1043 5716 anno,
1067 5666 1195 5726 cum
1228 5650 1347 5705 festi
1400 5647 1518 5726 dies
1542 5647 1811 5715 redirent,

215 5731 315 5786 tria
362 5720 483 5784 haec
514 5726 804 5782 simulacra
830 5739 862 5779 a
892 5723 1264 5778 sacerdotibus
1299 5720 1701 5775 cremabantur.

214 5852 223 5865 ,
284 5797 311 5837 ἀ
347 5801 423 5856 De
453 5799 605 5867 virga
638 5797 712 5849 nil
742 5795 903 5849 habet
932 5808 1089 5847 sacer
1115 5803 1296 5847 textus
1318 5832 1331 5858 ,
1367 5805 1543 5860 neque
1573 5791 1810 5859 interpp.

210 5870 411 5928 Latini.

1904 3348 2089 3387 aureas
2134 3333 2366 3387 citharas
2414 3333 2595 3403 plenas
2624 3331 2977 3386 odoramentis
3025 3332 3503 3404 supplicationum,

1904 3441 2017 3495 qua:
2046 3435 2194 3480 erant
2223 3426 2486 3480 orationes
2529 3434 2848 3489 sanctorum,
2879 3433 2926 3478 et
2952 3434 3286 3480 cantaverunt
3312 3442 3503 3481 novum

1904 3518 2166 3572 canticum
2193 3517 2418 3571 dicentes
2447 3532 2466 3571 :
2498 3515 2701 3588 Dignus
2723 3532 2774 3571 es
2804 3517 3038 3588 accipere
3066 3516 3278 3585 librum,
3307 3528 3354 3572 et
3379 3534 3503 3591 ape-

1904 3611 2008 3664 rire
2047 3611 2199 3683 signa
2242 3613 2376 3684 ejus,
2405 3609 2649 3681 quoniam
2678 3608 2876 3664 occisus
2918 3625 3003 3675 es,
3034 3619 3082 3664 et
3104 3609 3367 3664 redemisti
3410 3627 3505 3665 nos

1905 3699 2018 3756 Deo
2048 3701 2306 3772 sanguine
2340 3711 2427 3756 tuo
2459 3718 2523 3768 em
2550 3701 2691 3755 omni
2718 3700 2855 3754 tribu
2884 3711 2932 3755 et
2959 3700 3138 3773 lingua
3159 3710 3205 3756 et
3235 3702 3428 3773 populo
3457 3711 3506 3757 et

1906 3797 2113 3851 natione
2133 3838 2147 3862 ,
2172 3807 2218 3850 et
2244 3813 2338 3850 nos
2359 3812 2571 3869 regnum
2603 3795 2712 3851 Deo
2742 3804 2917 3849 nostro
2944 3796 3333 3866 sacerdotesque
3353 3796 3509 3867 fecis-

1905 3889 1978 3954 ti,
2032 3898 2080 3942 et
2131 3888 2460 3961 regnabimus
2507 3903 2662 3959 super
2703 3895 2893 3941 terram
2923 3886 2969 3941 i.
3017 3886 3260 3942 Joannes
3289 3900 3504 3955 quoque

1906 3982 2098 4038 Filium
2127 3983 2222 4038 Dei
2255 3984 2378 4052 agni
2402 3983 2622 4037 nomine
2652 3981 2917 4051 appellat,
2951 3988 3008 4034 ut
3035 3990 3090 4036 et
3121 3981 3237 4049 ipse
3264 3978 3502 4049 prophe-

1908 4074 2028 4130 tiete
2064 4074 2445 4144 pollicitationi
2476 4073 2849 4142 respondeat;
2877 4073 2955 4127 ait
2980 4074 3125 4127 enim
3171 4071 3225 4126 in
3252 4071 3504 4143 Evange-

1909 4169 1982 4224 lio
2007 4187 2022 4223 :
2048 4169 2225 4224 Altero
2255 4169 2340 4223 die
2378 4166 2519 4222 videt
2549 4164 2781 4220 Joannes
2825 4163 3010 4220 Iesum
3046 4165 3326 4219 venientem
3354 4166 3422 4219 ad
3450 4181 3503 4220 se

1907 4273 1954 4318 et
1973 4264 2048 4318 ait
2074 4279 2094 4318 :
2122 4261 2258 4317 Ecce
2277 4278 2441 4332 agnus
2468 4260 2596 4325 Dei,
2630 4274 2744 4313 ecce
2762 4261 2851 4331 qui
2878 4260 3050 4328 aufert
3069 4267 3280 4330 peccata
3301 4258 3502 4311 mundi.

1908 4356 2092 4427 (1,55,
2121 4354 2261 4425 36)“
2291 4354 2396 4409 Pro
2422 4354 2596 4407 salute
2647 4350 2927 4406 hominum
2978 4353 3100 4420 agni
3145 4349 3301 4405 istius
3341 4364 3507 4404 vene-

1909 4452 2112 4506 randus
2133 4451 2353 4520 sanguis
2371 4446 2686 4513 etfunditnr,
2709 4457 2760 4500 nt
2788 4453 3009 4500 sanctos
3043 4458 3172 4499 suos
3202 4442 3374 4499 Filius
3409 4443 3509 4499 Dei

1914 4545 2230 4615 profusione
2260 4541 2482 4614 pretiosi
2508 4538 2789 4610 sanguinis
2818 4537 3086 4593 redimat:
3108 4537 3275 4608 utqui
3304 4535 3509 4593 Christi

1982 4672 2005 4696 υ
2041 4659 2115 4715 De
2135 4660 2306 4731 lignea
2329 4656 2472 4712 scala
2505 4657 2565 4731 in_
2588 4654 2914 4731 somnoyisa
2946 4668 3016 4731 ne
3036 4653 3266 4709 verbum
3287 4653 3506 4724 quidem

1914 4730 2076 4786 habet
2108 4724 2309 4796 MJses,
2344 4742 2521 4797 neque
2544 4726 2750 4797 interp.
2784 4724 2984 4779 Latini.

1990 4800 2006 4839 τ
2048 4803 2126 4857 De
2159 4793 2302 4871 pino’
2340 4793 2481 4854 haud
2523 4793 3011 4871 dubie—loquitur;
3042 4794 3095 4848 in
3125 4793 3325 4871 quibus
3373 4809 3508 4871 vero

1913 4865 2211 4944 mysteriis,
2265 4874 2478 4939 reticet.
2530 4867 2640 4925 Nec
2688 4866 2907 4921 aliunde
2958 4873 3117 4920 notus
3148 4865 3363 4920 videtur
3422 4865 3509 4923 hic

1910 4946 2066 5000 ritus.

1982 5026 2007 5063 ις
2040 5020 2251 5086 Agnum
2297 5011 2833 5084 paschalem(E:codi
2862 5024 2967 5091 xu,
3002 5010 3035 5064 4
3064 5007 3219 5135 seq.)

1987 5084 2014 5122 h
2038 5086 2234 5135 Parum
2259 5083 2443 5135 differt
2473 5099 2504 5135 a
2534 5093 2682 5135 textu
2712 5083 3089 5135 Sabatertano.
3168 5096 3219 5135 et

1987 5084 2014 5122 ιι
2038 5080 2234 5141 Parum
2259 5080 2443 5141 differt
2473 5099 2504 5139 a
2534 5080 2682 5139 textu
2712 5082 3089 5139 Sabateriano.
3122 5080 3278 5135 Vers.
3313 5080 3347 5136 8
3373 5095 3512 5135 con-

1918 5159 2065 5214 venit
2096 5157 2210 5213 fere
2239 5172 2361 5211 cum
2392 5153 2556 5226 Cypr.
2604 5155 2753 5211 Test.
2787 5152 2884 5209 lib.
2921 5167 2977 5218 tt,
3022 5166 3194 5222 usque
3238 5150 3307 5206 ad
3344 5153 3513 5208 verba

1913 5245 2033 5300 qua:
2058 5229 2111 5283 in
2144 5227 2840 5300 Cypriano_desideran_tur.

1993 5300 2008 5337 ί
2045 5293 2519 5368 ΡΙδηιὲὀοιιερίηι
2546 5313 2669 5353 eum
2699 5296 2956 5369 Cypriani
2979 5294 3216 5369 Testim;
3248 5293 3386 5369 libro
3416 5309 3471 5347 II.

1992 5373 2005 5421 l
2052 5372 2253 5427 Eadem
2301 5363 2543 5440 pauculis
2571 5363 2816 5438 excepii's
2842 5366 3007 5440 habet
3029 5382 3149 5436 quae
3176 5363 3511 5440 Cyprianus:

1914 5442 1969 5515 in
2017 5458 2083 5498 eo
2132 5433 2348 5514 quoque
2397 5455 2518 5515 cum
2571 5456 2637 5495 eo
2681 5433 3057 5515 conspirans,
3093 5433 3433 5515 quodlvers.
3479 5433 3515 5489 8

1921 5514 2120 5581 habet,
2151 5507 2367 5569 'aureas
2423 5512 2663 5568 citharas
2701 5507 2904 5582 (plenas
2953 5507 3322 5582 odorarnentis
3350 5573 3363 5582 _
3384 5515 3516 5582 sup—

1924 5573 2275 5656 plicationum
2296 5626 2310 5649 ,
2342 5582 2563 5639 omissis
2596 5573 2779 5635 verbis
2830 5575 3201 5637 intermediis,
3234 5582 3279 5626 et
3307 5573 3512 5643 phialas

1920 5673 2121 5711 aureas.

1996 5727 2019 5765 ἰ
2052 5726 2367 5781 Memoritcr
2396 5722 2645 5775 citatum.
