3992 6204
174 287 316 345 ιθη

1125 285 1211 341 DE
1253 282 1534 343 BRRORE
1578 284 2055 348 PROFANARUM
2095 286 2542 350 RELlGlONUM.

3363 297 3504 361 i048

166 422 270 474 que
303 420 411 459 non
449 405 770 470 discernent,
803 419 964 472 neque
1005 405 1268 476 regionem
1297 404 1587 460 liberabant
1613 407 1677 460 ab
1706 409 1788 460 iit-
1815 413 1868 473 Α
1894 407 1985 462 tibi
2030 408 2105 463 dii
2124 410 2217 463 alii
2262 411 2450 480 absque
2495 426 2576 466 me
2619 412 2794 484 (Deut.
2823 431 2874 479 γ,
2907 415 2982 485 7).
3020 417 3184 472 Addit
3215 417 3411 486 etiam,
3443 427 3501 475 ut

159 499 318 572 juria
344 539 360 564 ,
391 501 528 569 quia
568 499 698 552 nihil
719 509 954 570 possunt.
991 497 1056 552 Et
1106 513 1223 551 cum
1254 498 1494 552 inciderit
1542 499 1594 552 in
1642 499 1794 553 donto

171 593 397 646 deorum
417 594 718 664 ligneorum
775 600 819 646 et
854 595 1216 647 inauratarum
1263 603 1309 646 et
1359 595 1797 666 imu'gentatorunt

170 685 333 753 ignis,
364 685 670 739 sacerdotes
693 686 901 738 illorum
919 685 1268 738 liberabuntur
1295 701 1311 738 :
1342 685 1440 755 ipsi
1466 695 1638 740 autem
1665 689 1796 741 sicut

174 782 350 836 trabes
381 783 436 835 in
464 782 633 836 medio
657 782 1034 837 comburentur.
1089 783 1218 855 Regi
1246 792 1483 837 autemet
1523 783 1656 838 bello
1694 799 1796 837 non

173 878 463 943 resistent;
494 877 748 947 quomodo
788 879 1188 931 existimandum
1213 885 1286 932 est
1320 878 1395 931 vel
1420 877 1794 948 recipiendum,

173 971 300 1039 quia
322 981 448 1025 sunt
479 971 602 1025 dii?
628 969 804 1038 Neque
843 988 872 1023 α
904 972 1106 1042 furibus
1146 988 1307 1042 neque
1347 988 1379 1025 a
1419 972 1701 1026 latronibus
1746 987 1798 1027 se

175 1063 478 1118 liberabant
504 1064 579 1116 dii
602 1065 757 1133 lignei
787 1074 832 1117 et
858 1066 1028 1118 aurati
1074 1074 1119 1118 et
1151 1066 1483 1136 inargentati,
1511 1066 1696 1133 quibus
1719 1066 1793 1130 lii,-

172 1157 264 1228 qui
287 1157 454 1226 fortes
483 1167 624 1222 sunt,
660 1167 844 1210 aurum
874 1168 917 1210 et
945 1167 1216 1227 argentum
1250 1199 1263 1221 ,
1298 1173 1398 1226 quo
1439 1160 1603 1228 operti
1628 1169 1744 1211 sunt
1779 1199 1793 1224 ,

177 1248 424 1318 auferent
452 1247 606 1302 illisel
646 1247 810 1319 (Ibid.
833 1249 1044 1320 50-57).
1067 1247 1299 1312 Tollite,
1336 1248 1508 1303 tollite
1540 1249 1717 1303 securi
1747 1248 1796 1316 ι),

178 1341 553 1396 sacratissimi
620 1343 1012 1410 imperatores,
1075 1352 1393 1398 ornamenta
1445 1342 1794 1412 templorum.

179 1434 488 1490 Deosistos
521 1446 613 1489 aut
643 1443 876 1490 moneta:
902 1436 1061 1506 ignis,
1095 1447 1185 1491 aut
1225 1437 1568 1492 metallorum
1602 1447 1799 1507 coquat

178 1527 423 1582 llamnta.
487 1528 720 1583 Doaaria
781 1529 1034 1583 universa
1096 1527 1161 1583 ad
1213 1529 1502 1584 utilitatem
1561 1537 1795 1584 vestram

179 1621 512 1690 Dominique
546 1621 858 1677 transl‘crte.
911 1623 1038 1678 Post
1071 1623 1279 1679 excidia
1323 1625 1649 1694 templorum
1689 1637 1709 1664 ε
1742 1626 1795 1682 in

178 1716 352 1785 majus
389 1715 488 1769 Dei
527 1716 660 1771 estis
715 1717 916 1772 virtute
961 1719 1238 1787 proveCIi;
1291 1719 1496 1775 vicistis
1557 1718 1741 1776 hostes
1778 1763 1792 1788 ,

1899 501 2095 557 animis
2125 515 2313 558 eorum
2339 505 2640 575 maiestatis
2668 521 2780 564 sum
2833 509 3047 578 pondus
3095 512 3366 569 insinuet!
3411 513 3502 569 γὶέ

1901 595 2011 650 dele
2037 637 2052 662 ,
2084 597 2249 651 uidete
2267 598 2390 668 quia
2420 615 2512 672 ego
2539 611 2674 667 sum,
2705 610 2747 654 et
2775 613 2878 655 non
2917 610 2992 657 est
3020 603 3160 659 Deus
3179 615 3366 677 praeter
3395 615 3498 662 met

1900 693 2013 764 Ego
2035 695 2325 748 interimam
2353 706 2401 750 et
2427 696 2596 751 uiuere
2617 699 2806 764 faciam
2842 740 2855 763 ,
2904 700 3185 767 percutiam
3213 710 3263 756 et
3293 711 3384 772 ego
3419 715 3504 757 sa-

1899 787 2054 852 nabe,
2083 801 2130 842 et
2155 804 2258 842 non
2276 799 2370 856 est,
2404 789 2492 860 qui
2521 791 2707 858 eripiat
2730 791 2796 844 tle”
2832 792 3067 846 manibus
3092 793 3220 846 meis
3252 793 3268 829 ί
3310 791 3500 866 (Apoc.

1901 895 2016 948 va,
2048 881 2101 945 6,
2136 881 2213 952 7).
2247 882 2300 936 1η
2333 883 2658 954 Apocalypsi
2689 885 2852 938 etiam
2885 884 2987 939 hoc
3017 885 3156 940 idem
3187 893 3376 941 sancta
3415 897 3503 944 res

1900 975 2168 1030 velatione
2192 983 2556 1052 monstratur;
2589 975 2664 1030 ita
2691 977 2834 1030 enint
2858 977 3121 1046 scriptum
3156 985 3267 1032 est:
3303 978 3372 1032 Et
3397 979 3501 1033 vidi

1898 1068 2061 1122 alium
2113 1069 2354 1139 angelum
2385 1070 2640 1123 volantem
2669 1069 2840 1124 medio
2863 1071 3009 1136 caelo,
3035 1069 3303 1126 habentem
3330 1072 3503 1128 Evan-

1898 1163 2088 1232 gelium
2109 1173 2376 1228 ceternum,
2409 1170 2466 1216 ut
2489 1163 2822 1218 annuntiaret
2852 1175 3008 1232 super
3039 1173 3228 1219 terram
3265 1175 3355 1235 per
3390 1175 3503 1220 om-

1899 1271 1986 1310 nes
2009 1258 2238 1310 nationes
2261 1264 2308 1309 et
2335 1255 2497 1309 tribus
2534 1265 2582 1308 et
2611 1254 2816 1325 linguas
2855 1265 2905 1308 et
2935 1257 3156 1324 populos
3186 1295 3201 1323 ,
3245 1257 3499 1312 dicentem

1898 1365 2015 1403 voce
2048 1363 2270 1416 magna:
2325 1347 2539 1401 Metuite
2589 1348 2762 1418 potius
2809 1347 3132 1414 Dominum;
3179 1359 3223 1402 et
3255 1350 3374 1404 date
3421 1350 3501 1405 illi

1899 1441 2222 1504 claritatem;
2250 1439 2495 1509 quoniam
2525 1438 2660 1492 venit
2708 1439 2836 1492 liora
2855 1438 3050 1509 judicii
3096 1442 3247 1513 ejus;
3277 1450 3325 1494 et
3372 1441 3504 1495 adoo

1897 1539 2007 1586 rate
2034 1547 2154 1585 eum
2199 1531 2286 1596 qui
2316 1530 2436 1601 fecit
2467 1529 2650 1584 coelum
2684 1539 2732 1584 et
2787 1541 2977 1584 terram
3005 1571 3018 1596 ,
3064 1547 3207 1585 mare
3244 1540 3292 1585 et
3324 1533 3501 1585 omnia

1897 1642 2011 1696 qua:
2034 1626 2088 1681 in
2117 1627 2190 1680 eis
2217 1633 2355 1680 sunt.
2387 1623 2652 1679 Dominus
2693 1639 2910 1694 quoque
2937 1633 3124 1679 noster
3149 1624 3310 1680 Jews
3335 1621 3496 1680 Chri-a

1898 1731 2054 1787 stus,
2090 1727 2317 1790 paterna
2359 1718 2493 1788 legis
2540 1718 2788 1772 instituta
2837 1719 3178 1783 custodiens,
3209 1719 3312 1773 hoc
3355 1719 3500 1774 idem

180 1812 534 1883 prepagastis
566 1810 852 1879 imperium
876 1807 901 1846 ἀ
929 1828 942 1865 :
970 1821 1024 1866 et
1051 1821 1108 1866 ut
1146 1812 1434 1868 virtutibus
1459 1813 1657 1868 vestris
1674 1815 1787 1883 glo-
1824 1813 1870 1880 Β
1899 1813 2206 1870 veneranda
2233 1812 2622 1868 constitutione
2650 1811 2989 1882 promulgat;
3023 1811 3098 1867 ait
3125 1813 3305 1867 enim:
3339 1812 3502 1878 Audi,

179 1907 258 1961 ria
284 1905 467 1975 major
503 1905 818 1972 accederet,
855 1914 1060 1960 mutato
1108 1921 1170 1960 ac
1209 1915 1526 1977 contempto
1584 1917 1794 1975 tempo-

181 2014 296 2054 rum
319 1999 550 2064 ordine,
581 1999 776 2068 hyeme
801 2008 823 2035 θ
847 2000 1011 2071 (quod
1035 2015 1136 2055 nec
1153 1999 1354 2055 factum
1378 2001 1789 2072 estaliquando',

181 2111 278 2148 nec
334 2093 450 2162 ﬂet)
504 2102 782 2148 tumentes
838 2109 901 2148 ac
960 2094 1251 2150 saevientes
1299 2096 1470 2150 undas
1539 2095 1793 2152 calcastis

181 2187 376 2241 Oeoani
411 2187 518 2239 sub
568 2188 733 2242 remis
766 2187 984 2242 vestris.
1015 2188 1279 2259 incogniti
1308 2189 1418 2257 jam
1461 2189 1624 2244 nobis
1651 2197 1792 2259 pene

184 2279 346 2334 maris
379 2279 529 2333 unda
575 2280 937 2343 contremuit,
971 2289 1026 2334 et
1055 2280 1386 2350 insperatam
1441 2281 1792 2350 imperatoris

184 2372 370 2427 faciem
411 2371 710 2427 Britannus
765 2370 1053 2442 expavit'.
1101 2372 1237 2440 Quid
1293 2374 1525 2443 amplius
1589 2374 1794 2430 vultis?

187 2465 487 2520 Virtutibus
514 2465 714 2520 vestris
739 2481 756 2515 κ
774 2465 877 2519 icta
901 2465 1170 2520 elementa
1193 2475 1497 2521 cesserunt.
1523 2466 1674 2533 Quod
1698 2481 1793 2522 au-

187 2567 290 2613 tem
332 2559 476 2615 Deus
503 2558 695 2628 jubeat
744 2557 884 2612 idola
934 2573 1039 2611 non
1074 2558 1189 2612 iieri
1222 2601 1234 2623 ,
1264 2569 1625 2614 sacrosancta:
1658 2559 1792 2630 legis

189 2652 384 2721 scripta
417 2651 726 2707 declarant.
757 2650 811 2706 in
841 2651 1029 2706 Exodo
1051 2652 1194 2707 enim
1227 2653 1307 2707 sic
1333 2651 1641 2708 invenimus
1670 2669 1792 2712 esse

193 2745 562 2815 perscriptum
587 2761 599 2798 :
634 2743 755 2798 Non
776 2745 978 2815 facietis
1000 2744 1139 2798 vobis
1164 2745 1287 2798 deos
1313 2754 1602 2816 argenteos,
1634 2761 1793 2817 neque

193 2837 307 2892 deos
337 2853 528 2893 aureos
560 2837 760 2910 (Exod.
793 2854 888 2904 xx,
912 2838 1027 2908 2'5).
1051 2839 1116 2893 Et
1145 2849 1333 2894 rorsus
1355 2839 1409 2894 in
1439 2839 1632 2894 eodem
1653 2839 1792 2894 libro

195 2949 374 2990 vocem
406 2936 502 2990 Dei
545 2933 1067 3003 jubentisinvenio:
1120 2933 1241 2988 Non
1271 2935 1432 3003 facies
1452 2935 1544 2987 tibi
1566 2934 1790 2999 idolum,

197 3045 280 3082 nec
318 3032 632 3102 cujusquam
661 3027 1054 3082 similitudinem
1082 3037 1105 3075 ες
1137 3028 1229 3100 (ib.
1261 3027 1355 3097 tv).
1392 3029 1660 3084 Pudurem
1697 3029 1793 3083 ml-

200 3122 329 3175 scris
374 3121 572 3177 indicit
605 3121 842 3191 Spiritus
898 3131 1138 3189 sanctus,
1171 3123 1295 3192 quia
1351 3124 1498 3192 cupit
1542 3132 1793 3178 errantes

1898 1908 2068 1964 Israel
2089 1949 2103 1972 ,
2133 1906 2392 1962 Dominus
2421 1903 2565 1962 Deus
2591 1916 2712 1961 tuas
2747 1915 2862 1974 est,
2896 1916 2944 1961 et
2988 1905 3173 1978 diliges
3219 1906 3502 1962 Dominum

1899 1999 2064 2056 Deum
2096 2008 2241 2054 tuum
2282 2000 2348 2054 de
2375 2008 2480 2054 toto
2511 1998 2666 2055 corde
2693 2009 2818 2064 tuo;
2841 2008 2891 2052 et
2923 1999 2988 2054 de
3031 2007 3137 2053 tota
3163 2001 3337 2054 anima
3369 1998 3500 2068 tua,

1897 2106 1945 2151 et
1977 2098 2037 2150 de
2067 2106 2176 2150 tota
2221 2098 2406 2149 virtute
2433 2104 2522 2148 tua
2549 2135 2564 2160 ,
2605 2093 2703 2149 liae
2730 2095 2956 2165 primum
2986 2103 3059 2149 est
3083 2110 3104 2161 ;
3133 2104 3180 2149 et
3217 2095 3502 2150 secundum

1897 2191 2066 2244 simile
2107 2189 2483 2259 Ituic:diliges
2527 2189 2824 2256 proximum
2873 2187 2963 2241 tibi
3006 2198 3267 2257 tamquam
3312 2196 3378 2242 te.
3435 2179 3501 2241 In

1897 2284 1978 2336 Itis
2019 2281 2221 2337 duobus
2274 2282 2545 2354 prtt't‘eptis
2591 2289 2699 2336 tota
2734 2280 2847 2336 Les-
2895 2280 3078 2351 pendet
3123 2290 3173 2336 ετ
3221 2279 3502 2352 PrOpltette

1907 2373 1918 2426 i
1947 2371 2127 2448 (Deut.
2156 2391 2207 2428 rt
2225 2420 2238 2443 ,
2266 2373 2541 2441 5;Matttt.
2567 2389 2706 2444 χιιι.
2740 2373 2916 2430 57.ιῦ
2939 2391 2953 2441 ;
2979 2373 3151 2430 Marc.
3175 2389 3253 2430 xu
3275 2373 3501 2443 ,29-31:

1898 2466 2028 2521 Luc.
2058 2481 2091 2521 κ
2112 2508 2128 2532 ,
2159 2468 2272 2537 27).
2306 2467 2568 2538 Sequitur
2595 2479 2778 2524 autem
2827 2471 2930 2524 hoc
2959 2469 3203 2524 divinum
3235 2477 3503 2524 veneram

1895 2560 2135 2631 dumque
2184 2571 2514 2632 praeceptum
2563 2562 2888 2618 immortalis
2938 2561 3156 2618 Domini
3201 2575 3265 2618 ac
3314 2570 3502 2616 sancta

1895 2654 2214 2719 conclusio;
2245 2654 2394 2710 addit
2433 2656 2578 2710 enim
2603 2696 2618 2722 ,
2655 2661 2712 2710 ut
2743 2655 3087 2711 manifestius
3117 2653 3260 2710 viam
3305 2656 3500 2711 salutis

1897 2747 2179 2813 ostendat,
2206 2753 2263 2803 ct
2289 2751 2360 2803 ita
2391 2747 2629 2817 loquitur
2653 2765 2664 2802 :
2699 2746 2829 2802 Haec
2851 2756 2926 2802 est
2955 2756 3127 2802 autem
3149 2749 3255 2802 vita
3276 2755 3501 2814 aeterna,

1897 2850 1953 2894 ut
2001 2851 2284 2914 agnoscant
2319 2849 2366 2896 te
2395 2842 2563 2896 solum
2594 2857 2766 2896 verum
2807 2841 2973 2896 Dentri
2999 2881 3013 2907 ,
3043 2849 3090 2895 et
3128 2851 3278 2911 quem
3307 2842 3494 2896 misisti

1896 2932 2072 2987 Iesum
2099 2931 2359 2988 Christum
2392 2931 2573 3005 (Joan.
2603 2941 2711 2987 xvu
2733 2974 2748 3000 ,
2780 2931 2858 3004 5).
2887 2931 3182 2988 Sacrorum
3211 2931 3502 2987 mandate-

1897 3047 2014 3086 rum
2045 3029 2295 3086 ordinem
2328 3028 2510 3095 scitis;
2541 3029 2668 3101 quid
2697 3029 2851 3100 sequi
2874 3069 2889 3096 ,
2922 3027 3052 3099 quid
3083 3027 3268 3100 lugere
3293 3027 3501 3084 debea~

1900 3124 1997 3192 tis,
2032 3124 2336 3180 veneranda
2368 3133 2530 3193 atque
2564 3121 2858 3178 immortali
2886 3137 3021 3178 voce
3066 3121 3354 3178 didicistis.
3390 3118 3500 3176 Ati-

199 3228 467 3280 revocare,
503 3230 612 3268 non
652 3216 902 3284 perdere.
923 3214 988 3268 Et
1009 3216 1084 3268 ait
1109 3230 1202 3282 per
1225 3212 1440 3268 Esaiam
1471 3213 1795 3286 :Goufunde-
1821 3225 1865 3288 ρ
1900 3217 2011 3274 dite
2050 3229 2237 3273 rursus
2259 3258 2273 3282 ,
2305 3217 2448 3288 quod
2495 3227 2708 3271 maneat
2756 3224 3170 3271 contemnentes
3215 3209 3446 3270 exitium
3477 3255 3491 3280 ,

200 3307 318 3360 mini
347 3308 669 3376 confusione,
693 3308 777 3376 qui
807 3307 966 3376 ﬁditis
989 3321 1148 3376 super
1187 3307 1452 3377 sculptilia
1475 3350 1488 3374 ,
1521 3309 1607 3378 qui
1630 3309 1800 3362 dicitis

203 3399 466 3467 fusilibus:
497 3417 589 3455 vos
631 3403 750 3455 estis
797 3402 869 3454 dii
909 3403 1072 3455 nostri
1103 3399 1129 3438 ¹³
1162 3401 1333 3473 (Esai.
1381 3417 1487 3457 XLII
1515 3445 1528 3470 ,
1562 3403 1669 3474 17).
1701 3403 1801 3459 Dat

203 3493 354 3546 etiam
393 3494 568 3564 legem
601 3536 615 3560 ,
681 3508 839 3562 qumn
895 3502 1245 3549 consecratus
1310 3495 1545 3566 populus
1600 3497 1794 3552 derota

205 3589 558 3654 perpetuitate
603 3588 920 3652 custodiat,
983 3596 1037 3640 et
1090 3588 1160 3641 ita
1218 3587 1466 3643 mandat:
1513 3587 1792 3644 Dominum

208 3678 361 3733 Deum
391 3690 535 3735 tuum
586 3681 828 3735 adorabis
859 3723 874 3746 ,
905 3691 950 3734 et
981 3682 1076 3752 ipsi
1123 3682 1219 3735 soli
1259 3683 1448 3736 servies
1487 3682 1663 3752 (Dent.
1700 3700 1748 3737 rt
1775 3725 1789 3749 ,

209 3771 305 3836 i3;
333 3770 523 3828 Matth.
559 3789 632 3840 tv,
667 3775 772 3838 it);
817 3772 944 3827 Luc.
980 3788 1054 3840 tv,
1087 3773 1166 3845 8).
1196 3775 1260 3828 Et
1293 3775 1342 3827 ltt
1368 3773 1792 3831 Deuteronomio

207 3863 391 3919 similia
421 3866 514 3920 Dei
544 3863 794 3920 mandata
819 3874 1147 3931 noscuntur;
1182 3866 1255 3920 ait
1282 3867 1425 3920 enim
1450 3884 1460 3919 :
1493 3864 1611 3921 Non
1640 3878 1789 3922 erunt

278 4105 300 4132 "
333 4096 477 4153 Haud
505 4106 713 4153 exstant
754 4097 868 4151 hcce
894 4097 943 4150 itt
966 4094 1256 4165 Cypriano.
1283 4094 1564 4148 Variantes
1600 4094 1790 4150 lectio-

213 4167 291 4238 nis
320 4170 455 4225 haud
490 4173 564 4226 ita
594 4181 791 4238 paucas
822 4166 1024 4222 notavit.
1057 4167 1388 4223 Sabaterius.

274 4237 299 4274 ι·
332 4242 456 4296 Siue
489 4237 636 4296 metu
663 4241 1065 4295 th'aculorum
1098 4240 1182 4291 vel
1218 4238 1595 4292 rebellionttnt.

283 4322 302 4348 ε
335 4311 528 4384 Legem
579 4313 881 4384 Constantii
924 4320 976 4364 rt
1026 4311 1341 4384 Constantis
1388 4308 1607 4384 exhibet
1655 4308 1786 4364 Cod.

215 4379 476 4440 Ther-do's.
510 4386 602 4440 lib.
638 4400 745 4445 xvr,
785 4383 863 4436 tit.
902 4384 964 4437 lii
989 4424 1004 4448 ,
1043 4383 1144 4446 leg.
1176 4380 1226 4434 lt.
1267 4381 1453 4434 Liban.
1497 4381 1647 4433 Orat.
1696 4393 1792 4449 pro

1904 3311 2098 3382 quibus
2125 3310 2246 3366 illos
2275 3309 2675 3365 calamitatibus
2719 3307 3019 3363 necessitas
3056 3307 3386 3363 veneranda:
3422 3305 3502 3361 le-

1902 3405 1985 3474 gis
2030 3404 2385 3458 astrinxerit:
2417 3401 2656 3457 clausula
2690 3404 2834 3456 enim
2868 3399 3305 3455 venerandorum
3351 3409 3503 3454 matt-

1905 3495 2150 3551 datorum
2193 3495 2248 3550 in
2282 3495 2396 3550 lucc
2425 3494 2588 3550 verba
2617 3493 2861 3564 colligit:
2899 3491 3218 3562 Sacriﬁcans
3260 3491 3361 3546 diis
3388 3502 3505 3546 era-

1904 3588 2158 3642 dicabitur
2182 3632 2195 3654 ,
2237 3598 2422 3658 praeter
2451 3586 2674 3640 Doniino
2699 3585 2798 3641 soli
2825 3583 2853 3621 ι
2886 3583 3089 3658 (Exod.
3115 3593 3226 3640 χχιι
3250 3625 3265 3652 ,
3295 3583 3412 3656 20).
3444 3581 3502 3640 Si

1903 3678 2076 3735 solum
2109 3681 2429 3750 sacrilegum
2464 3678 2738 3734 hominem
2779 3677 3065 3734 metuenda
3099 3689 3258 3748 poena
3308 3683 3504 3747 petelio-

1901 3779 2042 3828 teret
2081 3790 2092 3824 :
2135 3773 2178 3828 si
2227 3771 2476 3842 peccanti
2516 3771 2620 3828 soli
2676 3771 2976 3828 minaretur
3028 3772 3292 3826 severitas
3331 3768 3502 3839 legis,

1900 3866 2039 3922 bene
2073 3882 2133 3922 se
2177 3865 2242 3920 ad
2274 3865 2622 3936 sacrilegium
2669 3863 2928 3921 obstinati
2962 3863 3165 3920 luroris
3197 3863 3507 3920 temeritate

1900 4095 2055 4148 castis
2081 4092 2294 4147 Oceani.
2310 4091 2600 4147 Nummum
2618 4089 2738 4148 vide
2758 4089 2824 4159 ad
2840 4099 3017 4145 calum
3038 4089 3200 4159 hujus
3224 4089 3507 4148 editionis.

1976 4164 1993 4202 ί
2027 4165 2178 4221 Haud
2209 4164 2426 4234 quidem
2457 4157 3032 4234 provittciteARomana:
3060 4157 3261 4234 dudum
3293 4167 3502 4230 pacata:

1903 4236 2102 4303 incola,
2135 4231 2606 4297 sed—Caledonius,
2647 4234 2700 4286 in
2740 4231 2980 4303 Scotiam
3014 4233 3370 4301 irruptionem
3402 4236 3502 4288 mi-

1901 4302 2100 4362 nitans.
2135 4305 2269 4361 Belli
2299 4306 2477 4361 exitus
2506 4305 2818 4374 ignoratur;
2851 4302 2949 4357 sed
2977 4304 3183 4357 nummi
3217 4306 3500 4361 victoriam

1903 4380 2220 4450 prmdieant,
2249 4378 2348 4432 etsi
2365 4391 2593 4450 quoque
2621 4375 2674 4429 in
2704 4375 3020 4450 Ille‘mOI'iam
3044 4374 3170 4430 belli
3191 4392 3312 4431 cum
3332 4375 3506 4433 Fran-

219 4457 421 4530 t_etnpli._s
449 4476 501 4530 p.
524 4456 632 4530 25,
680 4441 746 4509 de
775 4441 1002 4530 t_t-_o_tpl_i_s'
1026 4441 1273 4530 palatinis
1311 4453 1615 4530 hominibus
1649 4441 1793 4530 dono
1821 4469 1878 4530 D
1903 4441 1980 4505 cis
2007 4451 2143 4530 gesti
2178 4441 2407 4530 p’rocudi'
2428 4441 2753 4530 poiuerlu'nt:
2785 4444 3052 4530 incertum
3086 4455 3287 4530 tamen,
3315 4457 3503 4530 utrum

218 4521 363 4595 datis.
389 4521 575 4584 Reisig.
607 4544 664 4586 tt.
697 4543 746 4595 p.
781 4521 903 4580 183:
938 4525 1014 4578 De
1047 4525 1304 4579 reditibus
1335 4524 1655 4595 templorum
1687 4522 1797 4576 dis-

219 4594 393 4660 sipatis
442 4602 581 4654 idem
631 4592 782 4653 Orat.
827 4601 877 4651 in
917 4612 1103 4650 necem
1149 4595 1369 4649 Juliani.
1425 4592 1577 4648 Haud
1617 4607 1794 4647 tamen

221 4672 382 4723 omnia
416 4673 606 4734 temtda
646 4670 918 4724 destructa
951 4668 1152 4728 fuisse,
1187 4666 1548 4736 pomeriorum
1593 4676 1800 4732 tempo-

224 4751 329 4812 rum
363 4758 526 4812 usque
565 4742 630 4796 ad
662 4741 1026 4796 Theodosium
1076 4738 1323 4812 ﬁliosque
1357 4737 1580 4812 historia
1614 4739 1794 4789 dot-ct.

224 4806 492 4882 Ipsumque
515 4815 889 4868 Constantium
920 4812 1110 4882 limine
1136 4806 1411 4882 tttodt'ratc
1440 4810 1638 4882 egisse,
1667 4817 1802 4882 tetu-

226 4880 301 4944 l’la
327 4876 590 4951 visitaSse,
621 4886 892 4953 virginum
935 4881 1228 4935 Vestalium
1273 4876 1551 4953 privilegia
1586 4876 1800 4953 conﬁr-

227 4965 408 5026 Ittasse,
441 4965 668 5011 testatur
695 4951 1051 5026 Symmachus
1085 4951 1313 5026 l'insth.
1355 4954 1441 5026 107,
1477 4969 1531 5026 tt.
1563 4952 1652 5026 5i.

291 5019 313 5057 ί¹
341 5025 496 5081 Plena
529 5036 656 5083 sunt.
685 5019 1055 5080 adulationum
1089 5019 1221 5076 hare.
1255 5023 1384 5076 Nam
1417 5025 1470 5077 in
1501 5023 1642 5076 bello
1673 5023 1803 5076 Per-

229 5089 331 5145 sieo
363 5113 445 5152 res
471 5095 726 5154 Romanis
757 5114 939 5165 parum
971 5097 1200 5150 feliciter
1230 5101 1532 5148 cesserunt.

296 5173 316 5200 ε
342 5166 533 5224 Versus
567 5173 725 5224 linem
761 5169 1004 5224 Januarii
1026 5168 1130 5222 5i'5
1152 5185 1163 5219 :
1187 5165 1440 5222 Constans
1469 5177 1649 5230 pacata
1675 5164 1803 5220 Gal-

232 5234 312 5304 (ίαν
342 5255 452 5293 cum
477 5243 636 5296 classe
665 5241 897 5294 Bononia
927 5241 1079 5292 solvit
1098 5279 1112 5304 ,
1151 5236 1480 5290 Britanniam
1506 5239 1802 5302 invasurus;

234 5302 421 5376 Libanii
464 5312 608 5368 Orat.
654 5313 714 5376 ὃς
767 5302 1105 5367 Ammianus
1139 5308 1379 5362 Marcell.
1431 5307 1549 5363 Lib.
1585 5324 1673 5372 xx,
1732 5309 1800 5362 i:

236 5373 385 5452 llujus
410 5373 760 5452 expeditionis
781 5387 959 5437 exstat
989 5382 1169 5445 testis,
1203 5391 1455 5433 nummus
1486 5391 1662 5433 aereus
1691 5392 1806 5434 ma-

1901 4517 2066 4576 armis
2090 4522 2266 4591 pomis
2290 4533 2355 4573 an
2375 4517 2598 4590 argento
2618 4518 2668 4591 hi
2690 4519 2742 4591 in
2762 4518 3124 4591 obedientiam
3139 4517 3351 4574 reducti
3370 4517 3502 4573 sint.

1901 4593 1971 4648 At
2003 4589 2253 4646 Itlllitlnllts‘
2284 4589 2504 4646 maximi
2532 4589 2759 4657 moduli,
2790 4592 2842 4643 in
2870 4604 2977 4659 quo
3008 4590 3312 4658 imperator
3335 4601 3504 4655 eques

1905 4665 2116 4720 hosmm
2160 4666 2419 4716 inermem
2476 4669 2638 4732 atque
2679 4662 2929 4731 ingenua
2962 4660 3290 4732 prolapsum
3344 4660 3504 4716 hasts

1904 4736 2035 4804 petit
2066 4733 2139 4806 (v.
2171 4732 2502 4806 Battdttt‘ium
2528 4729 2563 4806 l7:
2597 4732 2674 4804 c.)
2701 4729 2783 4806 cui
2808 4729 3129 4806 inscriptum
3154 4745 3502 4806 υειξειιλςζριι

1903 4799 2098 4862 cauri.
2150 4817 2426 4868 causam,
2460 4799 2664 4874 aliique
2717 4801 2999 4874 Victoriam
3035 4802 3252 4872 Augusti
3283 4813 3338 4857 et
3378 4799 3505 4856 Glo-

1904 4881 2035 4931 riatu
2066 4876 2419 4931 Rontanorum
2447 4873 2827 4944 prmdicantes,
2858 4873 3047 4928 eadem
3079 4874 3369 4944 occasione
3393 4886 3500 4938 quo

1906 4952 2111 5019 primus
2151 4965 2273 5005 cum
2302 4943 2562 5004 Bononia:
2592 4945 2809 5019 nomine
2831 4946 2968 5010 t-usi,
3000 4954 3053 4998 et
3091 4943 3159 5019 ad
3192 4943 3502 5019 expeditio-

1907 5016 2026 5076 nem
2059 5019 2439 5076 Caletlouicam
2469 5017 2734 5074 referendi
2766 5019 3017 5070 videntur
3033 5032 3055 5084 ;,
3073 5016 3141 5071 de
3172 5017 3365 5084 quibus
3396 5031 3504 5072 ca:-

1909 5105 2080 5149 ternm
2141 5093 2283 5146 coni.
2350 5090 2423 5144 Le
2465 5091 2606 5145 Beati
2654 5087 2881 5142 Histoire
2917 5088 3004 5158 dii
3036 5083 3405 5158 Bas-Empire,
3440 5095 3501 5153 tt,

1906 5181 1958 5236 p.
1996 5164 2086 5228 62,
2129 5175 2182 5217 et
2226 5163 2542 5236 Tihetnont,
2579 5161 2811 5215 Histoire
2839 5161 2928 5236 des
2959 5155 3295 5236 Etnpcreurs',
3339 5169 3410 5236 tv,
3445 5167 3500 5228 ρ.

1905 5232 2029 5292 356.
2063 5236 2166 5291 Alii
2191 5235 2256 5288 ad
2289 5233 2610 5290 Francicam
2658 5247 2874 5304 quoque
2903 5232 3101 5286 beltutu
3126 5233 3498 5304 pertinebunt.

1909 5307 2134 5364 Eckhel.
2167 5307 2348 5361 Doctr.
2383 5301 2957 5361 Nummum—Veterum
2991 5319 3105 5366 vm,
3127 5301 3188 5370 'p.
3221 5302 3272 5356 5.
3306 5301 3427 5356 112.

1983 5389 2005 5450 ξς
2039 5377 2189 5434 Facit
2212 5395 2334 5433 cum
2359 5373 2654 5450 Cypriano,
2689 5376 2900 5450 earltort.
2928 5373 2993 5450 ad
3029 5371 3249 5443 Martyr.

1980 5449 2005 5484 ἰ
2039 5451 2231 5505 Parum
2262 5447 2460 5504 dili'ert.
2494 5466 2521 5501 a
2553 5459 2698 5504 textu
2725 5447 3098 5504 Sabateriano.

237 5448 348 5521 simi
394 5448 629 5517 moduli,
687 5458 738 5509 in
785 5457 941 5521 cujus
987 5452 1214 5505 adversa
1256 5466 1482 5505 BONONIA
1533 5464 1800 5505 causam.

238 5515 563 5581 Mulierstans
596 5515 648 5580 in
689 5515 919 5580 triremi.
968 5539 1013 5577 s.
1059 5523 1330 5593 clypeum.
1385 5523 1438 5576 d.
1473 5521 1683 5575 hastam
1731 5523 1804 5576 in-

241 5595 434 5669 [orqttct
484 5596 534 5650 io
585 5597 808 5665 ﬁgurant
857 5604 1163 5669 natantem;
1212 5593 1805 5669 ad_proram_t.riremis

247 5657 481 5738 Vit'ioria,
519 5669 583 5721 ad
619 5657 834 5738 puppim
878 5668 983 5722 duo
1012 5667 1159 5738 signa
1210 5657 1485 5738 militaria.
1515 5663 1805 5738 Nummum

245 5734 445 5804 eithihct.
467 5734 766 5793 Bandurius
787 5737 1045 5792 Numism.
1067 5734 1239 5804 'impp.
1258 5735 1485 5790 Roman.
1517 5751 1577 5800 lt,
1603 5753 1652 5802 ρ.
1675 5735 1802 5790 548.

251 5799 457 5875 Egregie
483 5810 714 5881 explicat
743 5809 907 5868 verba
932 5809 1012 5864 Fit
1029 5799 1204 5863 micis
1224 5808 1484 5861 swvicntes
1506 5799 1671 5860 undas
1699 5805 1806 5859 cal-

1992 5522 2002 5557 ί
2043 5521 2176 5576 Fere
2206 5531 2262 5574 ut
2291 5519 2456 5593 Cypr.
2489 5517 2600 5593 l._l.

1988 5598 1998 5642 i
2043 5575 2273 5647 Marcum
2321 5575 2588 5660 iitipritttis
2620 5601 2731 5659 prie
2780 5586 2955 5642 oculis
3002 5583 3261 5640 habuiSse
3294 5575 3506 5636 videtur

1911 5663 2330 5735 cutnitlypriano
2507 5729 2551 5735 Δ-
2715 5727 2748 5735 __
2817 5731 2820 5734 ι
2862 5727 2874 5735 _
2927 5732 2934 5735 _
3035 5719 3108 5735 Α,
3182 5722 3224 5735 ,ξ
3273 5721 3285 5732 ο

1985 5733 2005 5770 ¹ί
2044 5719 2124 5789 υἱ
2143 5719 2328 5787 auctor
2356 5733 2370 5784 I
2397 5731 2463 5785 de
2493 5727 2834 5784 Alealoribu's
2862 5727 3004 5780 inter
3033 5719 3408 5796 Cyprianicos.
