3992 6204
502 241 639 296 1047

1012 235 1183 293 JULII
1226 230 1479 291 FIRMICI
1519 228 1830 286 MATERNI
1873 229 1961 284 DE
2003 228 2282 284 EBRDRE
2322 224 2799 283 PROFANARUM
2834 223 3289 283 RELIGIONUM.

3670 222 3824 280 iOiS

494 357 779 411 firmaret:
825 369 967 409 nunc
996 354 1162 409 etiam
1214 351 1373 421 stirpi
1414 350 1651 404 minatur
1689 356 1739 402 et
1789 346 2002 412 soboli,
2044 357 2099 400 et
2127 364 2179 424 Α
2204 345 2270 401 ad
2319 344 2449 399 illud
2478 360 2676 415 anceps
2704 386 2719 408 ,
2758 344 2845 399 ubi
2899 360 3025 414 spes
3055 386 3069 409 ,
3102 344 3192 397 ubi
3234 354 3363 397 vota
3410 341 3705 398 deﬁciunt.
3754 341 3825 396 Et

498 451 607 505 hoc
635 449 778 520 agit,
811 464 880 504 ne
929 462 1032 519 qua
1064 460 1190 517 pars
1217 444 1533 515 nequissimi
1564 443 1787 497 seminis
1828 443 2102 513 relinqua-

496 555 625 612 tur,
674 560 744 599 ne
794 543 942 615 quod
995 540 1204 611 profani
1260 540 1477 610 generis
1519 538 1807 607 vestigium
1864 545 2100 591 maneat.

499 640 817 708 Sacriﬁcans
841 680 857 705 ,
914 636 1123 706 inquit,
1170 635 1270 688 diis
1303 633 1651 687 eradicabitur
1694 630 1877 705 (Deut.
1912 646 2058 685 xxxu
2087 672 2101 695 ,

500 734 616 803 17).
648 730 948 786 Considera
979 728 1110 799 quid
1148 742 1278 798 agas
1305 769 1319 791 ,
1352 728 1549 781 misera
1593 740 1657 779 ac
1694 724 1937 779 luctuosa
1977 738 2101 792 per.

500 828 704 877 suasio.
732 821 964 875 Facinus
986 829 1136 874 tuum
1166 818 1428 889 plurimos
1456 816 1663 887 perdit,
1688 825 1743 871 et
1770 831 1866 885 per
1886 828 2101 869 omnem

498 917 859 972 substantiam
887 916 1105 986 generis
1139 914 1216 968 tui
1246 912 1471 968 fecunda
1501 926 1659 982 [)(Blla
1688 909 1968 965 dividitur.
1995 908 2105 963 Cur

499 1020 681 1064 autem
714 1019 904 1061 contra
937 1006 1314 1061 sacrificantes
1345 1006 1423 1059 sic
1454 1006 1640 1057 saeviat
1667 1045 1681 1067 ,
1717 1001 1983 1057 ordinaue
2032 1002 2107 1055 le-

495 1102 579 1173 gis
618 1101 957 1157 auctoritatis
988 1101 1039 1154 in
1066 1098 1495 1153 Deuteronomio
1524 1096 1808 1151 manifesta
1838 1094 2107 1164 significa-

496 1198 645 1250 tione
673 1204 1013 1250 monstratur
1038 1212 1049 1246 :
1087 1195 1157 1248 ita
1183 1192 1329 1249 enim
1358 1192 1665 1247 invenimus
1686 1204 1807 1244 esse
1838 1188 2106 1259 perscrip-

501 1299 617 1343 tum
646 1306 659 1342 :
696 1288 1139 1355 Sacriﬁcaverunt
1184 1285 1453 1340 diemoniis
1478 1328 1491 1349 ,
1526 1293 1573 1337 et
1614 1299 1714 1336 non
1748 1280 1855 1335 Deo
1886 1278 1939 1349 (1
1948 1279 2102 1347 bid.).

498 1383 580 1437 Ad
612 1383 1015 1437 contaminatos
1045 1395 1108 1435 ac
1152 1379 1385 1451 pollutos
1415 1387 1469 1432 te
1507 1376 1730 1447 spiritus
1758 1391 1824 1429 ne
1872 1372 2104 1428 transfe—

502 1490 632 1541 ras,
675 1475 743 1529 ab
782 1474 1140 1529 interioribus
1180 1489 1247 1527 ne
1294 1488 1483 1542 speres
1536 1470 1798 1525 auxilium
1845 1489 1856 1521 :
1906 1483 1973 1524 ne
2024 1467 2107 1521 his

500 1569 781 1640 supplices
806 1612 820 1634 ,
856 1570 1051 1638 quibus
1086 1568 1178 1621 Dei
1224 1569 1396 1637 gratia
1422 1608 1435 1630 ,
1464 1567 1574 1636 jam
1608 1567 1877 1634 imperare
1916 1562 2101 1617 debes.

506 1666 650 1721 Ecce
696 1665 908 1719 daemon
961 1674 1044 1718 est
1089 1679 1248 1733 quem
1290 1662 1467 1725 colis;
1511 1676 1632 1714 cum
1670 1660 1759 1714 Dei
1811 1667 1865 1713 et
1901 1656 2106 1712 Christi

499 1760 620 1827 ejus
652 1774 849 1814 nomen
868 1756 1105 1811 audierit
1124 1798 1137 1821 ,
1158 1754 1537 1810 contremiscit
1556 1796 1571 1819 ,
1590 1762 1644 1808 ct
1673 1764 1733 1805 ut
1763 1751 2106 1821 interrogan-
2138 1757 2185 1815 Β

501 1851 647 1906 tibus
700 1850 857 1905 nobis
908 1848 1241 1920 respondeat
1290 1845 1616 1916 trepidantia
1661 1844 1866 1909 verba,
1918 1843 2005 1897 vix
2050 1857 2109 1897 se

504 1943 715 2013 colligit
742 1952 767 1978 ιι
801 1961 812 1994 ;
844 1941 1134 1996 adhzerens
1182 1939 1383 1993 homini
1418 1938 1722 2001 laceratur,
1774 1936 1981 1999 uritur,
2012 1950 2109 1987 va-

503 2035 653 2105 pulat
679 2076 691 2096 ,
724 2044 777 2089 et
804 2035 985 2088 statim
1020 2034 1087 2088 de
1118 2033 1423 2087 commissis
1466 2031 1763 2085 sceleribus
1801 2029 2107 2083 confitetur.

506 2126 587 2182 Ne
632 2127 773 2180 hunc
814 2128 997 2193 colas,
1045 2141 1112 2181 ne
1162 2124 1287 2181 huic
1334 2125 1646 2195 supplices,
1695 2140 1761 2177 ue
1808 2132 2113 2193 prostratus

511 2220 635 2274 huic
677 2218 867 2274 ﬂectas
908 2235 1115 2289 genua,
1151 2218 1443 2274 interdicto
1480 2215 1803 2271 veneranda:
1852 2215 1988 2285 legis
2028 2216 2116 2284 ju-

509 2312 677 2367 beris.
721 2312 857 2365 llinc
888 2312 1197 2366 severitatis
1240 2326 1395 2380 prena
1418 2352 1433 2375 ,
1466 2309 1592 2363 hinc
1623 2307 2115 2362 animadversionis

505 2414 657 2459 metu
701 2402 989 2457 metuenda
1054 2404 1346 2457 sententia.
1400 2402 1578 2469 Quid,
1634 2400 1726 2454 Dei
1782 2400 2113 2470 indulgentia

508 2495 760 2551 libertate
790 2509 1050 2549 concessa
1072 2538 1084 2559 ,
1113 2495 1300 2565 jugum
1340 2495 1521 2563 potius
1553 2494 1710 2565 eligis
1741 2493 2020 2547 servitutis
2047 2490 2116 2545 b?

834 2586 950 2641 Non
980 2588 1182 2641 desinit
1212 2586 1357 2641 Deus
1386 2600 1629 2640 summus
1656 2585 1862 2639 crimen
1899 2584 2001 2638 hoc
2030 2598 2117 2637 sa-

510 2680 675 2735 lutari
709 2694 845 2735 voce
880 2681 1126 2749 pulsare,
1157 2678 1251 2733 sed
1302 2679 1671 2733 misericdrdia
1706 2678 1821 2747 ejus
1868 2684 2117 2731 errantes

514 2776 768 2831 homines
798 2776 1076 2845 corrigere
1118 2772 1387 2844 frequenti
1416 2773 1840 2828 comminatione
1875 2772 2112 2827 festinat.

513 2868 653 2923 Audi
688 2882 783 2939 per
815 2867 1031 2922 Esaiam
1066 2868 1380 2937 pr0plietam
1415 2882 1514 2921 vox
1553 2867 1735 2921 divina
1768 2864 1896 2934 quid
1928 2865 2071 2919 dicat
2100 2881 2113 2917 :

512 2960 871 3014 Adoraverunt
909 2960 1065 3023 deos,
1096 2976 1224 3029 quos
1252 2958 1479 3028 fecerunt
1510 2959 1657 3029 digiti
1682 2974 1857 3011 eorum
1883 2998 1898 3023 ,
1930 2968 1976 3011 et
2004 2972 2120 3009 cur-

511 3067 659 3107 vatus
701 3065 771 3107 est
815 3055 1000 3119 homo,
1032 3064 1078 3105 et
1112 3052 1420 3105 humiliatus
1448 3061 1525 3105 est
1556 3051 1662 3115 vir,
1695 3063 1740 3104 et
1787 3067 1887 3103 non
1934 3049 2119 3103 laxabo

2207 450 2263 494 ιιι
2291 438 2632 494 manifestius
2672 438 2962 492 instruaris
2987 476 3003 502 ,
3045 434 3535 491 animadversionis
3581 434 3825 490 exitium

2206 531 2375 586 disce.
2427 529 2604 600 Super
2635 528 2736 583 hac
2780 543 2840 584 re
2883 530 2934 581 in
2980 528 3305 599 Apocalypsi
3350 536 3499 583 totus
3530 527 3669 581 ordo
3706 542 3826 581 tes-

2207 624 2363 695 ponsi
2404 629 2523 687 est;
2561 623 2631 675 ita
2666 621 2811 676 enim
2860 620 3122 691 scriptum
3172 629 3304 675 est:
3349 620 3410 673 Si
3458 621 3578 687 quis
3626 619 3825 672 adorat

2208 718 2414 772 bestiam
2440 726 2489 771 et
2516 717 2792 788 imaginem
2820 716 2962 785 ejus,
2997 726 3041 769 et
3068 715 3255 785 accipit
3284 726 3399 769 vota
3428 716 3479 767 in
3512 719 3688 784 fronte
3725 732 3825 767 sua

2208 822 2253 865 et
2290 813 2339 864 in
2385 828 2540 865 manu
2564 855 2577 877 ,
2613 811 2746 864 bibet
2788 820 2833 864 et
2880 811 2990 878 ipse
3020 811 3084 863 de
3123 811 3241 863 vino
3269 811 3360 863 ira:
3391 808 3486 861 Dei
3508 851 3522 871 ,
3554 811 3724 862 mixto
3773 810 3825 860 in

2209 907 2392 977 poculo
2422 906 2511 959 ira:
2550 909 2683 977 ejus.
2718 904 2786 959 Et
2819 905 2997 974 puniet
3026 906 3144 975 igne
3172 914 3218 957 et
3245 904 3496 971 sulphure
3524 903 3621 955 sub
3652 904 3825 956 oculis

2206 1002 2367 1072 agni,
2401 1010 2448 1053 et
2480 1003 2652 1069 fumus
2682 999 2744 1052 de
2782 1000 3048 1052 tormentis
3081 1014 3255 1052 eorum
3288 998 3341 1050 in
3370 997 3565 1051 swcula
3597 997 3827 1051 serenio-

2208 1109 2321 1145 rum
2359 1091 2622 1145 ascendet.
2659 1089 2770 1145 Nec
2820 1089 3075 1143 habebunt
3130 1089 3354 1159 requiem
3395 1090 3478 1142 die
3522 1104 3583 1141 ac
3628 1099 3785 1140 nocte
3810 1130 3823 1152 ,

2208 1187 2514 1254 quicumque
2539 1184 2756 1239 adorant
2786 1184 3002 1239 bestiam
3032 1194 3081 1238 et
3120 1184 3399 1253 imaginem
3426 1186 3540 1254 ejus
3571 1180 3588 1218 ί
3625 1181 3821 1253 (Apoc.

2211 1294 2336 1343 Μ’
2370 1278 2437 1345 9’
2472 1279 2585 1347 Μ’
2780 1350 3010 1406 CAPUT
3050 1349 3221 1404 xxx.

2212 1442 2444 1513 Denique
2463 1443 2698 1496 divinum
2726 1443 2790 1497 de
2816 1443 3109 1497 idololatris
3137 1443 3485 1514 exstirpandis
3514 1440 3822 1494 mandatum

2272 1536 2451 1606 (Deut.
2485 1536 2601 1607 χιιι)
2640 1536 3036 1607 imperatoribus
3108 1536 3376 1606 inculpat,
3405 1536 3487 1588 cui
3545 1536 3591 1586 si
3628 1550 3823 1587 morem

2280 1639 2496 1700 gerant,
2531 1639 2577 1684 et
2616 1646 2919 1699 prosperum
2977 1629 3041 1681 iis
3080 1637 3309 1681 eventum
3337 1638 3383 1681 et
3435 1628 3568 1697 felix
3606 1625 3825 1696 posthac

2281 1722 2572 1791 imperium.

2286 1838 2392 1893 Sed
2442 1849 2497 1893 et
2526 1838 2677 1893 vobis
2701 1880 2714 1904 ,
2743 1838 3099 1894 sacratissimi
3132 1838 3521 1909 imperatores,
3553 1835 3622 1890 ad
3651 1834 3826 1890 vindi-

2214 1931 2444 1985 candum
2493 1942 2546 1985 et
2589 1930 2919 2000 puniendum
2950 1930 3054 1986 hoc
3083 1931 3282 1984 malum
3319 1929 3625 1985 necessitas
3656 1927 3823 1996 impe-

2216 2032 2402 2089 ratur,
2445 2034 2499 2078 et
2541 2023 2644 2079 hoc
2686 2024 2838 2078 vobis
2874 2024 2965 2079 Dei
3008 2025 3206 2079 summi
3247 2024 3364 2093 lege
3394 2022 3737 2093 przecipitur,
3771 2029 3825 2073 ut

2216 2117 2478 2171 severitas
2507 2127 2687 2173 vestra
2720 2116 3041 2172 idololatriae
3080 2117 3289 2171 facinus
3317 2115 3666 2171 omnifariam
3709 2128 3827 2184 per-

2218 2218 2497 2279 sequatur.
2551 2210 2748 2265 Audite
2793 2221 2848 2265 et
2890 2209 3270 2265 commendata
3316 2210 3526 2263 sanetis
3574 2206 3826 2261 sensibus

2219 2303 2420 2356 vestris
2456 2301 2586 2372 quid
2616 2301 2682 2357 de
2709 2303 2813 2358 isto
2848 2302 3090 2358 facinore
3121 2304 3261 2357 Deus
3295 2301 3503 2371 jubeat.
3538 2300 3595 2354 In
3630 2300 3827 2354 Dente-

2218 2397 2469 2453 ronomio
2506 2398 2594 2452 lex
2629 2397 2731 2451 ista
2767 2398 3081 2467 przeseripta
3129 2407 3246 2451 est:
3291 2397 3366 2449 ait
3393 2395 3541 2449 enim
3575 2413 3587 2447 :
3616 2393 3762 2465 quod
3788 2395 3827 2447 si

2218 2491 2473 2562 rogaverit
2516 2499 2563 2543 te
2603 2492 2765 2560 frater
2787 2500 2928 2558 tuus,
2970 2501 3058 2543 aut
3100 2491 3240 2552 [ilius
3263 2501 3403 2552 tuus,
3433 2498 3524 2542 aut
3554 2496 3821 2545 uxortun.

2219 2602 2336 2657 qua:
2370 2594 2442 2639 est
2476 2585 2529 2637 in
2570 2585 2687 2637 sinu
2721 2596 2832 2650 tuo,
2864 2594 2953 2638 aut
2989 2585 3185 2639 amicus
3222 2595 3362 2647 tuus,
3388 2584 3478 2653 qui
3509 2592 3583 2635 est
3610 2582 3828 2651 (aqualis

2219 2679 2406 2732 anima:
2436 2686 2557 2742 tute,
2588 2678 2805 2731 latenter
2828 2678 3003 2731 dicens
3034 2693 3052 2731 :
3083 2675 3279 2731 Eamus
3319 2686 3363 2729 et
3395 2675 3683 2728 serviamus
3714 2674 3827 2726 aliis

2220 2772 2322 2826 diis
2350 2773 2599 2845 gentiunt,
2643 2790 2745 2827 non
2779 2773 3067 2827 consenties
3097 2773 3165 2838 ei,
3196 2781 3243 2825 et
3273 2787 3375 2824 non
3406 2769 3653 2824 exaudies
3690 2785 3826 2833 eum,

2220 2876 2267 2919 et
2313 2882 2416 2918 non
2453 2874 2633 2930 parcat
2672 2864 2852 2918 oculus
2900 2875 3018 2919 tuus
3049 2881 3204 2933 super
3230 2880 3369 2928 eum,
3399 2871 3446 2917 et
3485 2878 3589 2915 non
3609 2860 3824 2925 celabis,

2220 2961 2534 3015 annuntians
2579 2961 2913 3016 annuntiabis
2954 2961 3017 3015 de
3058 2961 3171 3015 illo.
3209 2960 3401 3013 Manus
3430 2967 3520 3011 tua
3549 2957 3643 3011 erit
3674 2973 3829 3027 super

2220 3070 2333 3107 eum
2382 3056 2635 3125 imprimis
2668 3055 2958 3123 interﬁcere
2986 3071 3121 3121 eum,
3156 3064 3205 3108 et
3242 3070 3427 3107 manus
3456 3052 3625 3105 omnis
3646 3052 3828 3121 pepuli

515 3146 623 3200 illis
657 3153 679 3179 ε
712 3145 897 3217 (Esai.
930 3162 999 3211 tt,
1035 3145 1067 3200 8
1090 3187 1105 3213 ,
1141 3144 1229 3216 9).
1267 3150 1331 3199 Et
1374 3147 1484 3215 jam
1534 3159 1715 3207 vos,o
1750 3142 1959 3213 profani
2009 3141 2108 3195 hO-
2139 3139 2183 3202 C
2218 3145 2479 3218 deinceps.
2525 3146 2858 3218 Lapidabunt
2882 3165 2997 3201 eum
3039 3158 3085 3203 et
3114 3147 3380 3211 morietur,
3414 3147 3662 3217 quoniam
3688 3160 3825 3215 quir-

512 3238 689 3292 mines
719 3280 731 3301 ,
784 3239 979 3291 iratum
1019 3252 1217 3291 numen
1251 3237 1573 3307 alloquitur,
1605 3246 1657 3291 et
1680 3235 1859 3290 adhuc
1898 3250 2117 3290 errores

510 3342 723 3385 vestros
754 3346 907 3385 sacra
937 3332 1199 3385 convenit
1242 3346 1410 3396 voce;
1444 3332 1519 3385 ait
1564 3331 1705 3385 enim
1746 3331 1797 3384 in
1840 3330 2117 3399 sequenti-

513 3424 613 3477 bus
652 3438 747 3491 per
775 3423 1024 3478 eumdem
1056 3423 1377 3493 prophetam
1405 3441 1417 3476 :
1450 3422 1569 3477 Illis
1601 3423 1810 3493 fudistis
1839 3423 2117 3485 libamina,

513 3526 561 3570 et
587 3517 697 3570 illis
742 3519 1065 3589 imposuistis
1094 3520 1376 3588 sacriﬁcia.
1410 3518 1584 3587 Super
1612 3518 1719 3570 hazc
1749 3533 1851 3570 non
1877 3516 2121 3587 indigna-

514 3611 639 3675 bor,
673 3610 796 3663 dicit
844 3612 1097 3665 Dominus
1127 3611 1153 3647 ⁴¹
1183 3612 1201 3683 (
1226 3612 1369 3666 Esai.
1407 3627 1545 3679 Lvu,
1580 3611 1685 3683 6)?
1715 3611 1901 3665 Adhuc
1948 3610 2121 3680 indig—

516 3703 798 3759 nationem
840 3719 991 3757 snam
1024 3704 1279 3759 salutaris
1311 3705 1456 3759 Deus
1495 3704 1723 3770 dilatat,
1772 3704 2117 3758 severitatem

514 3794 837 3866 suspendit,
871 3797 917 3850 si
952 3812 1047 3850 vos
1077 3795 1300 3850 forsitan
1335 3810 1565 3866 peccare
1597 3796 1851 3866 poeniteat
1875 3838 1890 3862 ,
1926 3806 1983 3851 ut
2035 3813 2122 3851 sa.-

514 3890 732 3961 crilcgze
764 3890 1063 3945 voluntatis
1084 3889 1309 3945 exitium
1352 3890 1538 3959 aliquo
1554 3906 1754 3959 genere
1778 3890 2118 3961 relinquatis.

520 3982 664 4039 Ecce
695 3984 747 4039 in
781 3984 900 4054 ipso
932 3983 1319 4052 indignationis
1366 3984 1566 4053 impetu
1616 3982 1890 4037 moderata
1935 3999 2122 4038 rursus

518 4091 649 4131 voce
682 4077 965 4145 persuadet
996 4118 1009 4141 ,
1050 4085 1104 4132 et
1144 4076 1346 4130 irarum
1396 4091 1617 4131 suarum
1669 4076 1982 4146 comprimit
2026 4077 2121 4130 sti-

512 4170 721 4235 mulos;
762 4170 837 4224 ait
864 4171 1008 4225 enim
1038 4185 1138 4241 per
1168 4169 1496 4225 Hieremiam
1546 4169 1866 4240 prophetam
1898 4187 1910 4222 ε
1946 4168 2122 4224 Nolite

513 4260 780 4314 ambulare
830 4270 945 4330 post
990 4261 1112 4315 deos
1141 4263 1349 4331 _alienos
1376 4304 1388 4327 ,
1424 4272 1479 4315 ut
1524 4262 1763 4316 servietis
1810 4263 1920 4327 eis,
1970 4272 2016 4317 et
2061 4278 2124 4315 ne

512 4354 854 4407 adoraveritis
882 4396 896 4419 ,
941 4371 1003 4406 ne
1049 4355 1277 4407 iucitetis
1327 4371 1406 4407 me
1453 4355 1695 4426 aper-ibus
1736 4371 1979 4409 nmnuum
2011 4370 2121 4408 ves-

512 4456 711 4500 trarum
741 4447 810 4499 ad
850 4447 1220 4516 disperdendos
1253 4465 1337 4502 vos
1364 4460 1385 4483 ι·
1420 4447 1645 4520 (Jerem.
1690 4466 1834 4515 xxv,
1864 4449 1941 4518 6).
1975 4448 2115 4515 Quid

2220 3241 2337 3295 sivit
2374 3250 2596 3296 avertere
2629 3251 2677 3296 te
2719 3260 2750 3295 a
2800 3241 3019 3297 Domino
3050 3252 3139 3297 tuo
3176 3253 3199 3289 ε
3258 3239 3438 3311 (Deut.
3483 3255 3607 3306 xm,
3647 3237 3820 3303 6-10).

2222 3332 2331 3388 Nec
2363 3333 2472 3388 filio
2503 3334 2655 3404 jubet
2678 3336 2848 3404 parci,
2876 3351 2975 3389 nec
3003 3335 3178 3401 fratri,
3212 3344 3267 3390 et
3296 3349 3395 3405 per
3423 3342 3663 3386 amatam
3697 3346 3820 3385 eon-

2217 3426 2400 3495 jugem
2436 3427 2673 3496 gladium
2700 3427 2969 3482 vindicem
3009 3428 3176 3483 ducit.
3212 3428 3463 3482 Amicum
3492 3441 3715 3495 quoque
3741 3439 3819 3478 su-

2222 3519 2375 3573 blimi
2422 3522 2720 3575 severitate
2753 3522 3095 3591 persequitur
3118 3564 3132 3587 ,
3178 3530 3234 3575 et
3263 3521 3329 3575 ad
3361 3520 3727 3590 discerpenda
3744 3534 3817 3573 sa-

2223 3610 2547 3681 crilegorum
2572 3626 2799 3682 corpora
2826 3614 3007 3667 omnis
3037 3612 3269 3683 populus
3298 3622 3566 3665 armatur.
3603 3610 3817 3681 Integris

2223 3704 2383 3758 etiam
2416 3705 2746 3770 civitatibus,
2780 3706 2823 3760 si
2869 3707 2921 3761 in
2970 3707 3075 3760 isto
3102 3705 3305 3761 fuerint
3350 3704 3605 3760 facinore
3636 3704 3815 3771 depre-

2225 3795 2428 3864 hensa},
2475 3798 2839 3853 decernuntur
2873 3798 3083 3853 excidia
3116 3816 3129 3852 :
3156 3808 3230 3865 et,
3259 3807 3317 3852 ut
3348 3798 3452 3852 hoc
3480 3795 3810 3866 providentia

2222 3900 2404 3943 chIra
2456 3890 2798 3946 manifestius
2846 3892 3044 3959 discat,
3086 3891 3395 3945 οοιιειὶιιιιω
3441 3890 3577 3960 legis
3608 3898 3811 3944 senten-

2223 3984 2351 4037 tiam
2380 3985 2670 4052 proferam.
2705 3984 2763 4038 In
2798 3984 2989 4040 eodem
3016 3985 3152 4039 libro
3184 3985 3235 4038 in
3269 3983 3495 4054 integris
3518 3980 3813 4037 civitatibus

2222 4092 2437 4147 pinnam
2467 4077 2732 4132 Dominus
2777 4080 2875 4133 hac
2907 4094 3038 4134 voce
3062 4076 3374 4141 constituit;
3407 4076 3482 4130 ait
3511 4076 3653 4129 enim
3682 4091 3695 4126 :
3720 4074 3812 4125 Ant

2221 4170 2266 4223 si
2314 4170 2541 4222 audieris
2585 4170 2635 4222 in
2667 4187 2781 4225 una
2806 4186 2869 4223 ea:
2908 4170 3224 4233 civitatibus,
3253 4184 3383 4237 quas
3411 4166 3664 4220 Dominus
3686 4164 3812 4215 Deus

2222 4272 2339 4315 tuus
2388 4264 2477 4317 dat
2505 4263 2617 4329 tibi,
2654 4264 2942 4317 inhabitare
2968 4264 3095 4329 illic,
3128 4264 3355 4316 dicentes
3375 4278 3394 4315 :
3420 4260 3621 4315 Eamus
3647 4272 3691 4314 et
3711 4275 3806 4310 ser-

2222 4356 2417 4410 viamus
2442 4356 2542 4409 diis
2568 4356 2708 4423 aliis,
2750 4374 2879 4427 quos
2910 4373 3012 4410 non
3036 4356 3197 4410 nostis
3228 4371 3247 4409 :
3279 4355 3597 4424 interﬁciens
3624 4352 3808 4406 necabis

2222 4466 2415 4517 omnes,
2444 4450 2530 4519 qui
2558 4461 2677 4503 sunt
2706 4451 2758 4503 in
2794 4451 2998 4503 civitate
3025 4451 3162 4504 aede
3191 4449 3380 4520 gladii,
3404 4458 3453 4502 et
3481 4448 3717 4502 incendes
3740 4446 3803 4498 ci-

514 4536 603 4589 hic
630 4534 696 4589 ad
738 4536 1081 4606 sacrilegium
1117 4553 1320 4606 pronus
1350 4554 1507 4594 aures
1537 4550 1655 4594 tuas
1686 4539 1961 4593 obstruis?
1987 4540 2112 4610 quid
2142 4533 2197 4592 Β
2221 4542 2427 4594 vitatem
2458 4542 2595 4611 igni,
2625 4550 2675 4595 et
2705 4541 2800 4594 erit
2837 4543 2947 4595 sine
2972 4542 3281 4595 habitatore.
3314 4539 3435 4594 Non
3478 4538 3807 4608 mdiﬁcabitur

514 4627 604 4682 hic
635 4627 893 4683 obstinati
943 4629 1141 4683 furoris
1177 4630 1373 4685 ardore
1417 4630 1468 4685 in
1510 4632 1734 4686 exitium
1776 4641 2111 4702 mortemque.

513 4720 782 4777 festinas?
820 4722 1074 4777 Liberum
1119 4733 1170 4778 te
1202 4723 1343 4778 Deus
1371 4723 1499 4779 fecit
1522 4766 1537 4790 ,
1568 4725 1619 4779 in
1669 4735 1757 4779 tua
1793 4741 1952 4779 manu
1985 4737 2107 4792 est,

514 4825 574 4869 ut
605 4827 694 4871 aut
728 4818 873 4872 vivas
902 4826 998 4871 aut
1034 4834 1241 4887 pereas.
1273 4818 1412 4887 Quid
1459 4829 1507 4874 le
1537 4836 1632 4888 per
1667 4820 1891 4890 abrupta
1925 4822 2112 4890 ιιι-θερί-

513 4906 690 4975 pilas?
718 4910 768 4963 in
798 4910 1005 4963 lubrico
1034 4910 1229 4966 itinere
1256 4913 1620 4979 constitutus,
1652 4920 1707 4967 et
1731 4913 1782 4966 in
1812 4914 1928 4983 ipso
1958 4915 2107 4983 lapsu

513 5000 762 5067 positus,
822 5001 1106 5057 titubantia
1164 5004 1452 5072 aliquando
1506 5005 1781 5074 suSpeude
1836 5007 2109 5077 vestigia?

514 5092 657 5147 Ecce
698 5094 968 5148 sententia
999 5094 1368 5165 depromitur,
1396 5112 1526 5152 ecce
1571 5114 1725 5167 pmna
1759 5098 2107 5156 decernitur:

508 5187 602 5243 diu
631 5187 953 5244 criminibus
982 5191 1085 5243 tuis
1133 5191 1376 5260 pepercit
1415 5190 1598 5247 divina
1645 5192 1984 5248 moderatio:
2019 5195 2109 5249 ditt

508 5280 721 5336 facinus
753 5291 902 5337 tuum
931 5298 1054 5339 cum
1083 5284 1515 5340 dissimulatione
1548 5287 1823 5356 respexit:
1860 5289 2111 5356 pervenis

581 5444 605 5507 ξ·
638 5432 719 5507 gr.
748 5449 910 5505 supra
931 5435 997 5490 ad
1020 5451 1069 5491 c.
1104 5437 1199 5501 14,
1229 5452 1351 5507 pag.
1379 5438 1444 5491 57
1464 5480 1479 5503 ,
1506 5449 1621 5494 ιιοι.
1654 5458 1703 5493 (ι.

575 5504 602 5543 ιι
634 5504 784 5576 Hanc
813 5504 997 5561 vocem
1030 5504 1462 5576 excipit'laeuna.

576 5575 878 5651 c__Fll‘llliCO
926 5575 1252 5651 suffragatur
1288 5578 1593 5651 Cyprianus
1625 5596 1712 5651 ep.
1751 5582 1839 5636 64.
1874 5584 2089 5638 exhort.

500 5645 823 5718 adﬂartyr.
857 5658 909 5701 et
933 5648 999 5701 de
1028 5645 1216 5718 lapsis.

565 5712 589 5748 δ
618 5714 682 5767 Ut
706 5712 869 5784 C'ypr.
894 5712 1108 5773 exhort‘.
1143 5721 1207 5774 ad
1242 5720 1461 5787 Μαι-ψ’.

2220 4634 2273 4687 in
2299 4644 2539 4689 internum
2568 4633 2592 4669 ¹¹
2627 4632 2821 4704 (Ibid.,
2850 4634 2936 4697 12,
2978 4635 3067 4699 15,
3100 4633 3213 4705 15).
3248 4633 3313 4687 Et
3350 4643 3609 4688 avertatur
3641 4629 3808 4684 Domi-

2220 4744 2316 4782 nus
2363 4729 2426 4781 ab
2474 4728 2826 4800 indignatione
2862 4730 2955 4783 ira:
2997 4743 3130 4791 suat,
3157 4738 3202 4779 et
3244 4728 3384 4780 dabit
3409 4727 3501 4779 tibi
3527 4725 3805 4778 misericor-

2222 4825 2381 4888 diam,
2401 4832 2449 4875 et
2479 4823 2796 4876 miserebitur
2822 4823 2918 4887 tui,
2949 4831 2995 4875 et
3020 4819 3379 4891 multiplicabit
3409 4829 3478 4880 te,
3508 4821 3553 4872 si
3579 4817 3805 4871 exaudie-

2219 4916 2290 4969 ris
2313 4931 2484 4969 vocem
2512 4912 2722 4968 Domini
2744 4912 2841 4967 Dei
2868 4917 2962 4980 tui,
2980 4924 3023 4966 et
3054 4912 3401 4968 observaveris
3428 4919 3682 4981 pra'cepta
3706 4912 3809 4979 ejus

2221 5009 2409 5084 (lbid.,
2446 5010 2533 5074 l7,
2563 5008 2671 5079 18).
2700 5007 3088 5062 Misericordia:
3117 5021 3227 5059 suze
3252 5006 3429 5070 vobis,
3454 4998 3801 5059 sacratissimi
3828 4996 3829 4999 “

2220 5105 2613 5173 imperatores,
2667 5102 2812 5157 Deus
2857 5116 3099 5156 summus
3148 5102 3369 5171 praemia
3402 5098 3723 5169 pollicetur,
3755 5106 3801 5148 et

2220 5196 2659 5269 amplificationis
2700 5197 2951 5251 maximae
2994 5205 3280 5267 augmenta
3311 5194 3586 5249 decernit.
3633 5189 3800 5245 Facite

2217 5295 2397 5365 itaque
2432 5293 2575 5363 quod
2609 5293 2784 5362 jubet,
2827 5294 3101 5361 complete
3142 5291 3283 5360 quod
3316 5289 3584 5360 priecipit.
3620 5283 3799 5353 Auspi-

2282 5457 2304 5483 θ
2340 5445 2411 5501 Ut
2437 5446 2602 5500 idem.

2282 5516 2300 5553 τ
2336 5517 2592 5589 Concinit
2635 5518 2959 5588 plerumque
2984 5533 3106 5573 cum
3137 5519 3296 5589 (Zypr.
3322 5516 3549 5571 Tcstim.
3580 5516 3614 5569 Ι.
3641 5530 3717 5577 ιιι,
3745 5523 3793 5567 et

2200 5587 2513 5660 exhort.ad
2546 5587 2763 5660 Martyr.

2272 5668 2295 5733 ξε
2391 5658 2703 5733 plerumque
2726 5658 3053 5733 suffragatur
3069 5660 3469 5733 Cypr.,exhort.
3489 5659 3551 5714 ad
3579 5658 3782 5725 Martyr.

2268 5726 2292 5763 "
2323 5726 2569 5784 Concinit
2607 5726 2922 5801 pleramque
2948 5726 3197 5803 cyprfi.
3234 5732 3282 5785 l.
