3992 6204
96 281 276 338 1049

783 276 1099 337 SANCTUS
1137 275 1613 337 PlllLASTRlUS.
1656 277 1994 337 EPISTOLA
2038 279 2504 338 DEDICATORIA
2546 280 2781 339 PRIMA.

3291 287 3315 340 1
3329 285 3436 343 050

129 397 196 453 ia
247 405 442 454 vestra
488 395 784 468 majoribus
831 396 1104 453 cumulata
1150 404 1279 451 sunt
1323 395 1523 463 donis,
1578 394 1733 451 initio
1761 409 1812 471 Α
1839 398 1990 454 vobis
2026 398 2169 455 Deus
2213 412 2492 466 summus,
2520 400 2875 457 sacratissimi
2926 402 3307 474 imperatores,
3338 418 3436 474 pro

96 490 246 549 ﬁdei
280 493 484 565 positae
509 492 679 548 divini
700 490 902 547 favoris
921 491 1255 547 incrementa
1278 489 1730 547 sensistis.Nnm-

91 599 287 657 quam
327 599 430 640 vos
455 599 650 640 manus
679 584 771 641 Dei
803 583 1109 641 veneranda
1140 583 1403 650 deseruit,
1435 599 1731 657 numquam

93 678 280 736 vobis
320 679 704 735 laborantibus
746 678 1037 749 denegavit
1085 679 1369 734 auxilium.
1412 678 1577 735 Strati
1606 690 1735 736 sunt

89 771 537 829 adversantium
562 773 743 840 cunei,
777 783 833 828 et
862 773 1185 830 rebellantia
1214 783 1343 830 ante
1374 785 1728 843 conspectum

90 876 370 924 vestrum
402 881 621 938 semper
648 882 798 923 arma
822 867 1160 923 ceciderunt.
1188 867 1336 923 Missi
1361 875 1488 923 sunt
1510 868 1731 936 superbi

93 962 216 1017 sub
241 961 441 1033 iugum
472 960 656 1033 populi
682 1002 698 1028 ,
742 972 798 1019 et
825 961 1043 1018 Persica
1076 970 1208 1018 vota
1243 962 1481 1034 collapsa
1528 973 1655 1019 sunt
1676 972 1728 1017 ο.

91 1054 228 1113 Nec
285 1064 438 1112 stare
480 1056 572 1112 diu
614 1067 803 1112 contra
843 1072 941 1113 vos
981 1057 1184 1128 poterit
1209 1057 1367 1112 malis
1388 1057 1499 1112 suis
1524 1065 1730 1112 armata

93 1147 444 1205 crudelitas.
502 1149 596 1205 Dei
640 1150 895 1206 virtutem
951 1150 1169 1220 utrique
1207 1148 1428 1205 diverso
1482 1150 1732 1206 sensistis

94 1249 349 1296 eventu.
402 1240 572 1298 Vobis
607 1242 846 1298 caelestis
888 1241 1129 1299 victoria:
1172 1255 1378 1297 corona
1428 1242 1647 1305 collata,
1677 1249 1734 1298 et

95 1332 389 1392 felicitate
430 1345 610 1393 vestra
651 1345 835 1393 nostra
866 1336 1178 1392 relevantur
1207 1334 1573 1393 incommoda.
1607 1335 1730 1391 Haec

184 1504 214 1533 ³
242 1497 411 1553 Anno
450 1496 581 1565 544,
610 1497 961 1554 Constantius
992 1514 1081 1554 res
1107 1514 1232 1553 cum
1267 1497 1447 1553 Persis
1476 1496 1617 1552 hautl
1646 1498 1728 1551 in-

97 1566 356 1624 feliciter
378 1569 586 1635 gessise
612 1570 846 1628 videtur.
871 1569 1014 1625 unde
1050 1569 1270 1633 factum,
1304 1576 1363 1623 ut
1392 1568 1727 1637 'l‘thphane

97 1647 260 1695 teste
310 1639 647 1712 {phronogn
706 1659 759 1710 p.
813 1643 902 1698 50.
957 1640 1135 1711 Scrip.
1186 1640 1389 1695 Rerum
1438 1639 1724 1712 Byzantio.

102 1721 255 1783 tom.
307 1710 403 1783 Χ),
452 1710 788 1782 triumphum
819 1712 888 1768 de
927 1712 1108 1767 Persis
1137 1711 1340 1783 egerit;
1384 1711 1722 1783 quiquidem

98 1780 369 1837 Firmico‘
398 1780 741 1839 occasionem
783 1783 1027 1852 praebere
1066 1782 1240 1852 potuit
1292 1782 1360 1852 de
1400 1780 1533 1835 cotis
1596 1781 1724 1835 Pcr-

102 1869 300 1907 sarum
350 1855 598 1925 collapsis
626 1850 924 1925 scrihettdi.
960 1850 1231 1925 Caeterum
1277 1850 1627 1925 constantius
1670 1854 1721 1908 in

100 1934 351 1980 cruento
384 1923 497 1980 hoc
526 1925 672 1981 bello
698 1940 728 1979 a
758 1924 967 1995 Sapore
994 1925 1185 1981 novies
1211 1924 1311 1979 fuit
1334 1923 1515 1980 fusus.
1538 1924 1724 1994 impri-

103 1996 222 2050 mis
265 1995 335 2051 ad
377 1997 658 2066 Singaram
689 2012 835 2051 anno
868 1995 1003 2062 548;
1034 2012 1135 2052 nec
1169 1996 1272 2051 nisi
1302 1995 1718 2064 Massagetarum

100 2065 332 2121 invasio
353 2065 614 2123 victorem
642 2068 710 2123 ab
736 2067 1019 2124 obsidione
1059 2067 1263 2124 Nisibis
1306 2066 1573 2121 avocavit.
1621 2066 1723 2119 Zo-

104 2152 316 2202 naras,
342 2138 437 2192 lib.
481 2154 579 2194 xm
618 2154 668 2195 c.
703 2138 775 2194 5:
818 2141 1061 2200 Βασιλεὺς
1109 2141 1491 2201 Κωνστάντιος,
1533 2138 1721 2193 πολλά-

101 2230 191 2271 κις
211 2201 326 2272 rei;
349 2211 569 2288 Πέρσαις
600 2211 904 2283 συμβαλὼν,
928 2217 1020 2271 τήν
1040 2213 1231 2270 ἥττονα
1258 2218 1440 2287 μοῖραν
1464 2205 1584 2280 ,εἶχε
1603 2252 1616 2274 ,
1640 2211 1723 2264 καὶ
1753 2201 1801 2260 Β

508 2363 823 2372 ...α--..ο

1840 488 1947 547 ﬁde
1994 500 2172 547 vestra
2214 490 2242 529 ι)
2275 492 2511 548 reddidit
2551 492 2793 563 priemia.
2829 493 2924 549 llis
2964 509 3061 551 vos
3090 496 3307 552 interim
3351 512 3438 552 ree

1840 593 2154 641 muneratos
2183 585 2487 657 insignibus
2510 585 2576 642 ad
2591 601 2792 643 arcana
2807 588 3130 644 venerandae
3149 590 3285 661 legis
3300 590 3438 647 invi—

1841 687 1934 733 tat.
1954 677 2090 733 Pura
2116 687 2319 747 mente,
2340 677 2533 735 devota
2550 678 2902 749 conscientia,
2920 680 3237 752 incorrupto
3254 682 3437 737 animo

1838 770 2125 827 clementia
2155 782 2335 827 vestra
2367 774 2563 829 ccelum
2588 789 2803 845 semper
2829 774 3123 845 aSpiciat,a
3156 774 3269 830 Deo
3295 790 3438 832 sem-

1839 879 1935 934 per
1955 874 2235 935 exspectet
2274 866 2535 921 auxilium
2559 908 2573 931 ,
2607 865 2809 924 Christi
2835 867 3203 923 venerandum
3236 883 3435 923 numen

1836 959 2106 1029 imploret,
2138 967 2191 1014 et
2221 974 2316 1029 pro
2346 959 2523 1016 salute
2550 961 2698 1016 orbis
2732 969 2997 1016 terrarum
3036 974 3099 1014 ac
3141 970 3321 1015 vestra
3352 976 3435 1014 sa-

1834 1052 1995 1108 lutari
2020 1052 2131 1107 Deo
2157 1052 2470 1123 spirituales
2497 1053 2694 1109 olfcrat
2720 1053 2995 1109 victimas.
3020 1053 3112 1109 Sic
3134 1052 3286 1108 vobis
3314 1052 3435 1109 feli-

1833 1148 1969 1203 citer
2014 1158 2207 1203 cuneta
2250 1148 2608 1217 provenient,
2653 1148 2916 1213 victoria),
2971 1148 3269 1218 opulentia,
3312 1161 3434 1217 pax,

1832 1240 2021 1312 copia,
2047 1241 2253 1297 sanitas
2287 1251 2339 1297 et
2364 1241 2619 1312 triumphi
2643 1284 2658 1309 ,
2690 1251 2747 1295 ut
2775 1241 2956 1297 divina
2995 1243 3276 1311 majestate
3306 1258 3434 1313 pro—

1834 1336 1986 1401 tccti,
2019 1335 2205 1391 orbem
2237 1343 2393 1390 terra:
2424 1335 2563 1391 felici
2588 1335 2904 1407 gubernetis
2932 1336 3180 1406 imperio.

1831 1498 2051 1571 ⁴πολλοὺς
2067 1505 2173 1571 τῶνν
2193 1497 2388 1555 οἱκεῑων
2408 1500 2655 1571 ἀπέβαλε.
2685 1497 3069 1566 Eutropius,x,
3097 1496 3149 1552 6.
3172 1495 3436 1571 Constan—

1833 1568 1939 1624 tius
1971 1584 1999 1641 a
2031 1570 2211 1641 Persis
2241 1571 2404 1624 multa
2437 1580 2492 1624 et
2513 1568 2717 1641 gravia
2748 1584 3063 1641 perpessus,
3090 1583 3233 1637 saepe
3260 1568 3434 1641 captis

1831 1640 2064 1709 Oppidis,
2090 1639 2332 1696 obsessis
2354 1639 2601 1707 urbibus,
2631 1639 2789 1697 czesis
2810 1640 3174 1705 exercitibus;
3195 1639 3431 1694 nullum-

1829 1727 1935 1780 que
1962 1712 2010 1767 ei
2040 1722 2229 1766 contra
2257 1714 2517 1780 Saporem
2552 1728 2872 1781 pro~pcrtnn
2900 1710 3149 1782 prrelinm
3180 1710 3302 1774 luit,
3328 1711 3431 1782 nisi

1829 1783 1972 1853 quod
2003 1783 2144 1852 apud
2180 1783 2462 1853 Singaram
2492 1782 2631 1839 haud
2659 1784 2879 1839 dubiam
2902 1781 3198 1838 Victoriam
3231 1781 3430 1836 ferocia

1828 1854 2060 1909 militum
2098 1855 2300 1919 amisit,
2328 1855 2418 1923 qui
2455 1870 2685 1925 pugnam
2715 1854 2978 1910 seditiose
3007 1864 3059 1909 et
3083 1853 3277 1907 stolide
3302 1867 3434 1907 con-

1829 1936 1911 1997 tra
1937 1926 2199 1997 rationem
2233 1925 2361 1981 belli
2391 1926 2602 1996 diejam
2638 1926 2918 1996 prmcipite
2943 1932 3323 1997 poposcerunt.

1901 1996 1928 2035 ι)
1981 1998 2054 2051 De
2098 1996 2395 2052 Constante
2447 1993 2818 2052 tantummodo
2863 1993 3046 2052 dicere
3096 1997 3274 2067 potuit
3316 1993 3433 2049 Fir-

1829 2067 2024 2136 micus,
2058 2069 2443 2141 quiNicmnam
2468 2068 2628 2124 ﬁdem
2651 2069 2961 2141 amplexus,
2981 2084 3099 2123 eam
3131 2069 3183 2121 in
3211 2066 3433 2141 Oriente

1832 2139 2493 2214 protexitQj;Constantius
2549 2150 2737 2196 contra
2786 2139 3005 2195 Arianis
3042 2146 3230 2209 at-ertc
3278 2139 3427 2192 lavit.

112 2362 741 2413 ἐκ--
756 2363 1461 2372 ~~—————-————~
1502 2358 2578 2371 *μα-ψ’-
2592 2350 3423 2399 ΜΞ

936 2392 3278 2413 “MM-—

310 2540 1386 2710 SANCTUS
1519 2528 3232 2729 PHILASTRIUS,

1166 2829 1611 2913 BRIXI/E
1666 2828 2339 2914 EPISCOPUS.

773 3026 1317 3101 EPISTOLA
1393 3026 2167 3101 DEDICATORIA
2240 3028 2613 3101 PRIMA
2651 3011 2768 3102 (τι).

1478 3177 1986 3209 ὢ

108 3336 453 3393 Sanctissimo
520 3338 731 3393 domino
805 3348 978 3393 nostra
1041 3337 1289 3393 Clementi
1356 3354 1508 3409 papa:
1560 3336 1657 3392 XII
1698 3379 1712 3403 ,
1744 3345 1788 3408 C
1820 3340 2007 3409 priscis
2038 3339 2389 3395 Ecclesiarum
2416 3339 2763 3394 monumentis
2787 3338 2877 3393 tua:
2904 3341 3075 3412 major
3102 3337 3332 3403 accedat,
3364 3354 3425 3391 ac

186 3434 437 3486 Armatus
478 3430 655 3487 Mum
693 3433 829 3486 tituli
862 3434 1029 3487 sancti
1058 3432 1227 3487 Marci
1256 3433 1519 3505 presbyter
1546 3433 1722 3487 cardi-

188 3523 324 3576 nalis
344 3521 612 3591 QUIBINUS
652 3518 964 3593 Apostolica!
1008 3523 1159 3581 Sedis
1193 3524 1638 3592 bibliothecarius,
1675 3536 1721 3579 et

188 3616 461 3688 episcopus
484 3614 788 3673 Brixiensis.
1366 3625 1371 3631 '

191 3796 323 3863 Qutc
362 3811 441 3850 me
490 3796 699 3868 impulit
754 3814 944 3863 causa,
998 3799 1302 3855 Beatissime
1350 3801 1531 3867 Pater,
1585 3813 1642 3856 ut
1691 3819 1724 3857 a

124 3885 409 3941 Sanctitate
445 3886 630 3942 Vestra
678 3888 944 3944 Vaticana:
993 3890 1315 3947 bibliotheca!
1371 3895 1719 3966 praepositus,

120 3981 191 4035 ad
218 3981 584 4052 proferendam
613 3998 676 4037 ea:
725 3982 981 4039 litterario
1024 3985 1114 4039 illo
1145 3986 1554 4052 locupletissimo
1586 4004 1724 4059 penu

120 4089 305 4128 novam
333 4072 394 4127 S.
428 4072 672 4146 Ephrem
703 4075 826 4148 Syri
846 4077 1122 4132 editionem
1146 4082 1377 4134 animum
1404 4082 1720 4151 appulerim,

122 4166 240 4235 ipsa
266 4166 417 4219 modo
443 4166 615 4236 efﬁcit,
648 4177 702 4222 ut
729 4167 798 4222 ad
825 4167 1091 4225 Brixiana:
1112 4170 1383 4236 Ecclesiw,
1419 4174 1503 4227 cui
1529 4176 1725 4243 pariter

125 4274 370 4326 prmum,
398 4269 446 4314 et
474 4276 656 4315 nomen
680 4272 728 4317 et
751 4263 906 4319 decus
931 4267 1247 4337 augendum,
1273 4278 1465 4322 veteres
1495 4279 1725 4339 quatuor

128 4349 355 4418 ejusdem
380 4352 640 4407 antistites
661 4354 818 4408 simul
847 4364 996 4426 atque
1024 4358 1302 4427 scriptores
1330 4376 1467 4413 nunc
1500 4362 1725 4430 primum

130 4443 182 4496 in
206 4459 360 4497 unum
402 4445 635 4501 volumen
667 4449 907 4502 redactos
936 4461 1320 4520 repraesentem.
1355 4451 1432 4505 Ea
1480 4455 1725 4510 nimirum

132 4545 205 4590 est
220 4553 493 4592 sacrarum
509 4539 797 4594 litterarum
815 4557 980 4600 amor.
994 4543 1084 4613 qui
1095 4561 1291 4598 summo
1309 4544 1404 4599 Dei
1418 4547 1725 4603 immortalis

132 4631 373 4701 beneﬁcio
400 4648 433 4685 a
463 4633 649 4687 teneris
703 4634 830 4688 mihi
857 4635 1055 4689 inditus
1095 4638 1248 4690 annis
1270 4678 1285 4705 ,
1316 4655 1513 4693 mecum
1546 4651 1724 4710 postea

1820 3434 2099 3489 veneratio.

1896 3525 2172 3598 Equidem,
2202 3525 2506 3583 Beatissime
2541 3527 2697 3583 Pater
2718 3569 2732 3593 ,
2761 3542 2877 3581 cum
2920 3528 3072 3596 plura
3114 3527 3427 3599 ejuscemodi

1822 3629 2151 3674 monumenta
2182 3635 2285 3674 non
2313 3619 2501 3684 desint,
2534 3620 2719 3690 quibus
2757 3618 3013 3673 Brixiana
3057 3617 3291 3673 Ecclesia
3330 3620 3429 3671 mi-

1822 3727 1938 3766 rum
1980 3712 2031 3764 in
2076 3712 2287 3766 modum
2315 3712 2606 3775 decoratur,
2640 3709 3096 3778 praeclarissimum
3143 3707 3279 3761 illud
3328 3719 3425 3771 est,

1824 3802 1962 3870 quod
2002 3803 2056 3856 in
2097 3806 2211 3876 ejus
2263 3804 2508 3859 cathedra
2561 3804 2810 3874 pratsules
2872 3812 3095 3875 quatuor
3150 3802 3421 3867 sederunt,

1825 3899 2256 3968 sanctitatemque
2282 3900 2432 3953 editis
2468 3898 2690 3969 Scriptis
2732 3898 2982 3964 illustres,
3030 3912 3252 3967 quorum
3298 3896 3426 3960 duo,

1827 3992 2012 4047 Sancti
2037 3992 2256 4058 scilicet,
2290 3991 2628 4058 Philastrius,
2655 4002 2701 4045 et
2729 3989 3069 4054 Gaudentius,
3095 3986 3200 4041 divi
3221 3988 3426 4057 Augus-

1826 4087 1923 4140 tini
1953 4084 2308 4157 Hipponensis
2363 4085 2590 4157 episcopi
2636 4094 2838 4137 (etatem
2877 4083 3182 4153 attigerunt,
3239 4079 3429 4135 Beatus

1826 4196 1943 4233 vero
1993 4178 2304 4250 Rampertus
2357 4195 2388 4230 a
2442 4177 2769 4247 nonagentis,
2803 4193 2862 4229 ac
2893 4174 3196 4229 venerabilis
3266 4173 3423 4227 Adel—

1828 4288 2047 4326 ntannus
2077 4289 2107 4325 a
2143 4271 2477 4342 septingentis
2502 4272 2704 4323 circiter
2725 4270 2875 4321 inanis
2903 4270 3219 4339 ﬂoruerunt.
3253 4265 3424 4319 Porro

1830 4362 2146 4418 Pltilastrius
2166 4379 2359 4435 suppar
2384 4362 2511 4415 adeo
2535 4363 2632 4433 fuit
2658 4361 2966 4432 Augustino,
2992 4370 3047 4412 ut
3079 4357 3163 4412 hic
3184 4375 3215 4411 a
3265 4356 3427 4424 Quot-

1828 4460 2031 4513 vnltdeo
2051 4459 2269 4511 diacono
2292 4473 2383 4527 per
2394 4456 2661 4528 epistolam
2679 4466 2894 4524 rogatus
2922 4462 3196 4507 tractatum
3212 4452 3277 4505 de
3303 4449 3427 4504 lla:-

1828 4549 2023 4603 resibus
2050 4550 2395 4615 conscribere,
2438 4547 2785 4602 Pliilastrium
2811 4546 2905 4600 sibi
2937 4556 3112 4599 notum
3143 4542 3431 4597 Mediolani

1829 4645 1971 4714 apud
2001 4642 2344 4705 Ambrosium,
2379 4643 2434 4695 id
2461 4643 2628 4711 ipsum
2652 4641 2858 4694 abunde
2882 4638 3184 4711 prtvstitisse
3215 4652 3429 4703 respon-

128 4720 366 4786 adolevit,
390 4723 614 4790 mittique
636 4740 727 4792 per
742 4740 941 4779 omnem
957 4735 1155 4781 letalem
1177 4727 1361 4798 ubique
1391 4731 1621 4785 locorum
1644 4732 1718 4786 ita
1744 4744 1794 4803 Ι)
1821 4735 1975 4788 derit.
2013 4733 2332 4788 Gaudentius
2357 4743 2526 4788 autem
2554 4752 2610 4787 eo
2632 4734 2745 4802 ipso
2773 4731 2825 4784 Μ
2831 4730 3244 4784 ediolanensium
3269 4743 3419 4780 sanc-

127 4813 264 4883 ﬁdns
290 4830 458 4870 comes
481 4816 732 4883 adiuerit,
763 4826 820 4871 ut
847 4834 949 4872 non
981 4827 1182 4874 tantum
1206 4822 1562 4893 peregrinari,
1598 4840 1719 4894 per-

130 4916 347 4961 nectare
379 4914 436 4962 et
460 4907 745 4976 rusticari,
774 4925 893 4979 qua:
932 4911 1105 4965 omnia
1143 4906 1407 4967 nobiscum
1445 4917 1612 4985 facere
1661 4933 1724 4971 ex

132 4996 373 5052 Tulliano
398 4997 538 5052 dicto
568 5000 754 5056 litterae
784 5001 1035 5068 assolent,
1065 5003 1157 5056 sed
1210 5013 1257 5057 et
1293 5021 1512 5071 mecum,
1554 5007 1599 5059 si
1651 5007 1723 5061 ita

130 5090 229 5160 {ari
253 5090 420 5156 liceat,
445 5090 729 5163 episcopari
769 5093 1139 5161 comperiatur.
1168 5094 1284 5162 Quo
1317 5108 1574 5165 postremo
1604 5115 1719 5152 mu-

130 5196 243 5235 nere
269 5179 410 5233 ltand
435 5185 663 5251 profecto
705 5183 1019 5239 laudabilius
1054 5185 1270 5259 defungi
1301 5203 1454 5257 posse
1493 5190 1714 5257 videtur,

128 5290 274 5340 quam
321 5275 366 5328 si
413 5286 627 5331 conatus
664 5278 745 5332 sui
789 5286 940 5349 atque
978 5278 1178 5335 labores
1214 5296 1274 5336 eo
1328 5282 1611 5352 colliment,
1660 5296 1715 5340 ut

197 5458 269 5532 (α)
298 5458 369 5532 In
389 5457 573 5532 ha_c_et
601 5459 852 5530 sequenti
881 5459 1111 5528 epistola
1141 5461 1299 5518 facile
1319 5463 1718 5521 animadvertat

131 5529 306 5593 lec‘tbr,
340 5530 411 5584 de
457 5529 784 5599 Philastrio,
836 5533 1084 5600 quamvis
1112 5534 1446 5601 Specialiter,
1475 5551 1583 5591 non
1638 5547 1716 5591 ta-

131 5617 245 5657 men
264 5601 421 5657 unice
443 5615 749 5657 sermonem
770 5602 979 5658 haberi.
1003 5604 1159 5671 Quod
1182 5620 1250 5660 ne
1272 5606 1499 5662 miretur
1522 5607 1712 5670 lector.

132 5675 261 5731 sciat
286 5686 513 5728 necesse
543 5683 648 5747 est.
680 5673 1059 5747 collectionem
1083 5691 1148 5747 ex
1193 5693 1296 5747 qua
1328 5677 1513 5734 Sancti
1544 5679 1713 5734 nostri

132 5760 284 5815 opera
311 5743 723 5816 excerpsimus1
766 5744 840 5799 ita
866 5746 1123 5816 componi
1166 5743 1224 5814 ut
1271 5747 1362 5802 tali
1409 5748 1568 5802 titulo
1598 5766 1714 5806 res—

132 5802 352 5888 pondeat
383 5832 397 5868 :
430 5802 669 5873 Veterum
688 5802 881 5871 lirixitc
900 5802 1292 5887 episcoporum,
1325 5817 1385 5873 S.
1438 5802 1714 5875 Pltilast—r‘ii

1829 4829 2026 4883 tissimo
2057 4827 2288 4881 Prtesule
2320 4836 2606 4900 satagente,
2658 4826 2780 4879 dum
2824 4826 2877 4878 in
2922 4822 3133 4877 Oriente
3166 4821 3234 4873 ad
3278 4835 3428 4872 sacra

1826 4918 1965 4974 Loca
2016 4921 2434 4994 peregrinaretur
2459 4963 2472 4983 ,
2532 4919 2838 4973 Brixianam
2897 4915 3182 4970 Ecclesium
3225 4914 3431 4983 ﬂorenti

1821 5010 1992 5065 adhuc
2030 5022 2203 5066 vetate
2263 5013 2362 5066 sibi
2419 5012 2648 5067 delatam
2697 5010 2912 5081 accepit.
2973 5006 3311 5076 Rampertum
3360 5007 3430 5059 ad

1821 5104 2053 5158 eamdem
2076 5105 2245 5176 sedem
2277 5107 2573 5160 subvectum
2605 5113 2652 5158 et
2680 5103 2953 5157 translatio
2976 5101 3037 5155 S.
3069 5098 3343 5153 I’ltilastrii
3372 5098 3423 5151 in

1820 5199 2070 5269 majorem
2119 5196 2426 5262 Ecclesium,
2453 5208 2499 5251 et
2527 5196 2768 5261 coenobii,
2800 5182 3204 5249 ubisanctorum
3256 5190 3426 5243 Faus-

1817 5290 1936 5354 tini,
1976 5299 2023 5344 et
2063 5287 2249 5344 levita:
2296 5306 2519 5360 corpora
2580 5289 2927 5360 requiescunt,
2986 5286 3322 5347 constructio,
3365 5299 3424 5336 ac

1819 5480 1867 5523 et
1899 5468 2178 5525 Gaudentii
2204 5488 2386 5537 opera,
2414 5488 2615 5528 necnon
2643 5470 2705 5524 Β.
2739 5469 3010 5539 Ramperti
3031 5478 3077 5521 et
3102 5465 3232 5520 Ven.
3269 5462 3422 5515 Adel-

1820 5542 1995 5616 rnanni
2026 5542 2304 5616 opuscula.
2354 5543 2463 5616 Illis
2496 5541 2991 5616 autemcpistolis,
3021 5547 3079 5616 ut
3119 5549 3241 5616 qua!
3282 5547 3418 5616 Imit-

1819 5611 1955 5667 nihil
1982 5607 2201 5669 luminis
2232 5614 2420 5685 tamin
2449 5607 2796 5685 Philastrinin
2830 5624 3015 5685 quatn_
3038 5607 3089 5659 in
3123 5607 3261 5685 ejus.
3285 5615 3417 5682 ope:

1814 5685 2251 5809 (riuntctlitionem
2285 5684 2512 5754 injiciat,
2558 5682 2817 5736 lectorem
2849 5673 3115 5731 'lraudare
3164 5673 3413 5741 religioni

1856 5768 2089 5809 nxrmus.

1856 5768 2089 5810 llemll3.
