3992 6204
50 316 241 372 1053

1289 313 1626 372 EPISTULA
1667 311 2134 370 DEDICATOBIA
2178 313 2242 369 ll.

3248 319 3257 383 Ι
3281 316 3417 372 1054

49 434 143 485 aii
169 450 276 496 ,utt
318 444 384 486 ea:
409 440 558 502 parte
603 446 694 498 pro
742 429 876 483 virili
923 431 1306 502 responderem,
1353 429 1706 486 Gaudentium
1733 434 1783 497 Α
1812 446 1910 484 non
1941 431 2128 500 exigua
2156 432 2346 485 mentio
2371 441 2464 496 est,
2498 447 2591 484 nec
2614 432 2726 486 laus
2753 433 2979 497 modica,
3006 433 3144 504 quod
3174 433 3307 487 inter
3329 450 3429 488 cm-

47 526 165 596 (θαὶ
223 526 510 595 proximus
542 522 832 577 Philostrio
851 525 1088 578 subditur
1111 567 1125 592 ,
1157 526 1324 581 denuo
1351 536 1465 596 post
1491 524 1708 580 Patavi-

54 634 208 671 mmt
242 617 530 671 editionem
574 617 700 669 anni
728 615 867 671 i720
893 616 957 671 de
997 617 1200 688 integro
1242 620 1510 685 recensui,
1558 630 1716 690 atque

52 729 199 766 cum
241 712 462 780 aptinue
513 719 650 764 nota:
697 725 794 763 ms.
839 709 1018 764 codice
1055 712 1144 782 qui
1177 713 1303 766 mihi
1341 713 1476 780 forte
1505 714 1715 784 fortuna

56 805 303 859 oblatus
329 808 524 873 fuerat,
555 802 835 874 diligenter
860 804 1090 870 contuli,
1126 805 1550 860 annotationibus
1574 805 1716 874 prio-

56 900 155 952 ris
189 896 452 951 editionis
494 895 734 966 pluribus
775 898 828 948 in
857 896 984 950 locis
1015 897 1280 968 castigatis
1313 907 1359 952 et
1389 898 1578 952 auctis.
1612 896 1714 951 De-

54 1005 234 1043 mum
299 988 666 1058 Rantpertum,
715 997 762 1042 et
813 989 1216 1057 Adelmannum,
1270 991 1357 1058 qui
1402 992 1713 1059 pra'clarum

59 1084 234 1137 hunc
252 1081 637 1135 Brixianorum
667 1081 973 1135 Antistitum
997 1085 1388 1154 quaternionem
1408 1084 1708 1153 conﬁciunt,

59 1180 289 1249 quique
333 1193 438 1231 una
465 1191 581 1230 cum
624 1173 920 1232 Gaudentio
953 1177 1226 1233 Patavinis
1249 1181 1386 1250 typis
1408 1181 1710 1251 prodierant

64 1271 281 1325 eodem
331 1285 505 1336 anno,
555 1269 796 1324 nonnihil
841 1280 1148 1326 retractatos
1205 1272 1370 1327 eident
1415 1273 1709 1329 Gaudentio

66 1363 296 1434 adjeci,
328 1371 384 1414 ut
412 1361 569 1415 simul
608 1363 813 1434 egregia
843 1361 952 1416 haec
982 1361 1234 1419 Ecclesia:
1262 1364 1530 1421 Brixiante
1555 1366 1711 1420 lumi-

70 1472 194 1521 na,
253 1470 360 1507 uno
413 1454 673 1508 volumine
717 1457 1088 1523 comprehensa
1130 1457 1183 1510 in
1221 1474 1402 1512 manus
1432 1460 1712 1530 .hominum

69 1546 355 1602 venirent.
390 1548 555 1617 Atque
586 1549 667 1601 ha:
692 1547 901 1617 quidem
929 1565 1071 1604 cura:
1101 1561 1202 1604 tua:
1245 1560 1398 1616 sunt,
1429 1552 1711 1607 cardinalis

73 1642 446 1710 amplissime.
479 1655 596 1710 qute
622 1655 947 1710 summopere
996 1642 1312 1712 Apostolica:
1342 1642 1498 1699 Sedis
1527 1643 1711 1698 biblio-

78 1737 398 1790 thecarium
423 1735 604 1789 decent
636 1750 656 1790 .'
683 1753 784 1804 quo
817 1737 870 1790 in
893 1752 1102 1792 munere
1127 1739 1254 1792 talia
1283 1754 1346 1792 ac
1385 1747 1528 1792 tanta
1557 1747 1709 1804 sunt,

1821 532 1933 577 tera
1962 523 2232 578 industria:
2256 538 2364 578 sua!
2389 532 2737 591 monumenta,
2769 523 3017 580 Ecclesia
3047 524 3272 580 domina
3296 542 3416 579 nos-

1820 625 1912 670 tra
1941 625 2136 670 sancta:
2185 615 2278 670 Dei
2309 617 2576 686 genitricis
2623 615 2833 682 Mariae,
2879 618 3029 689 cujus
3075 617 3424 686 fundamenta

1808 711 2029 780 jecerat,
2061 712 2344 782 adjuvante
2391 710 2612 765 maxime
2664 710 2901 764 tittutone
2948 709 3219 765 Danorum
3271 727 3422 784 rege,

1817 817 2072 856 summam
2103 818 2316 856 manum
2346 802 2697 874 imposuisset.
2720 791 3134 857 Convenit'idem
3160 804 3429 874 utriusque

1817 894 1996 958 templi
2027 909 2244 961 nomen,
2277 893 2509 949 convenit
2536 896 2874 967 magnitudo,
2905 911 2966 950 ac
2991 899 3238 969 majestas
3270 912 3288 950 :
3332 898 3423 952 sed

1816 989 1990 1042 nullus
2018 988 2110 1042 tibi
2142 999 2215 1044 est
2249 987 2416 1043 Cnuto
2446 991 2534 1060 qui
2565 989 2789 1060 prtebeat
2817 1006 3070 1056 manum;
3096 1007 3256 1060 quare
3307 1007 3423 1060 spes

1814 1085 2004 1148 omnis,
2049 1100 2298 1152 omneque
2335 1085 2623 1139 subsidium
2671 1085 2897 1155 positunt
2927 1094 3001 1138 est
3031 1084 3086 1138 in
3115 1083 3426 1142 liberalitate

1811 1194 1874 1231 ac
1901 1178 2258 1249 magnitudine
2285 1177 2449 1233 animi
2481 1179 2577 1234 tui.
2646 1178 2840 1232 Verum
2892 1194 2995 1233 non
3040 1189 3115 1233 est
3163 1180 3248 1233 hic
3278 1183 3423 1235 locus

1813 1269 2026 1323 laudum
2056 1282 2297 1337 tuarum;
2332 1286 2424 1326 nec
2475 1271 2613 1324 enim
2664 1269 2791 1324 mihi
2844 1271 3170 1342 propositum
3217 1281 3290 1326 est
3343 1288 3428 1327 eas

1814 1362 2069 1432 persequi,
2103 1377 2264 1433 neque
2287 1365 2331 1416 si
2355 1362 2412 1416 id
2438 1362 2647 1428 vellem,
2676 1361 2833 1433 facile
2859 1372 2992 1416 esset
3021 1361 3146 1416 mihi
3175 1363 3426 1418 orationis

1811 1454 1972 1527 hujus
2025 1456 2220 1510 exitum
2257 1456 2486 1510 invenire
2511 1473 2530 1511 .°
2556 1455 2889 1525 quamobrem
2921 1455 2989 1508 ad
3032 1465 3149 1510 vota
3179 1471 3260 1510 me
3302 1472 3426 1510 con-

1811 1559 2035 1617 vertam,
2087 1549 2352 1620 Deumque
2383 1550 2450 1604 ο.
2487 1548 2566 1603 Η.
2599 1550 2749 1603 enixe
2798 1548 3068 1619 precabor,
3126 1558 3181 1602 ut
3225 1547 3417 1602 bonum

1810 1645 1954 1699 istud
1979 1660 2079 1714 quo
2126 1646 2301 1698 divina
2327 1643 2576 1715 largitate
2605 1643 2851 1713 fruimur,
2884 1649 3116 1696 nostrum
3161 1656 3273 1694 esse
3297 1642 3419 1695 diu-

1817 1741 1916 1794 tius
1947 1740 2122 1804 sinat;
2157 1749 2302 1808 teque
2330 1738 2479 1793 nobis
2505 1738 2574 1790 ad
2599 1737 2792 1790 ntultos
2834 1750 2998 1790 annos
3027 1743 3188 1789 servet
3225 1734 3428 1788 incolu-

76 1847 214 1902 qute
237 1832 428 1885 absens
451 1832 590 1898 licet,
619 1831 796 1885 studio
839 1842 928 1886 tuo
967 1837 1201 1900 prwstas,
1245 1843 1300 1886 ut
1330 1837 1705 1905 prwteritorum
1736 1829 1780 1891 Β
1811 1849 1962 1889 mem.
1988 1832 2113 1887 Vive
2137 1833 2227 1886 diu
2250 1847 2428 1900 sospes
2459 1829 2728 1886 Brixianat
2754 1827 3028 1894 Ecclesiae,
3059 1828 3168 1881 vive
3192 1824 3419 1880 Littera-

77 1926 333 1979 rirorum
383 1925 472 1994 qui
518 1924 696 1979 eodem
725 1927 905 1996 ofﬁcio
937 1928 1104 1998 functi
1135 1938 1283 1990 sunt,
1315 1929 1600 1984 luminibus
1622 1930 1705 1983 ob-

79 2016 378 2070 struxeris.
402 2013 652 2069 Namhoc
671 2026 924 2070 testantur
951 2027 996 2071 et
1033 2016 1298 2072 Vaticanw
1329 2018 1655 2076 Bibliotheca:
1681 2038 1713 2075 a

83 2124 309 2161 summa
350 2109 596 2177 pontifice
618 2107 882 2163 Clemente
907 2109 956 2164 Χ
965 2108 1028 2163 II
1063 2110 1389 2181 ampliﬁcata
1411 2113 1617 2184 spatia,
1666 2125 1711 2168 et

89 2201 222 2254 libri
253 2202 308 2254 in
331 2201 562 2256 eamdem
587 2219 617 2254 a
647 2210 694 2255 te
718 2203 964 2270 muniﬁce
995 2204 1186 2257 collata
1210 2220 1228 2257 :
1254 2215 1308 2258 ut
1340 2205 1473 2259 nihil
1503 2207 1711 2261 omnino

93 2293 280 2347 dicant
303 2294 369 2347 de
395 2294 824 2365 splendidiss'uta
851 2295 910 2350 S.
946 2294 1228 2368 Ephraimi
1273 2297 1531 2364 editione,
1563 2315 1595 2351 a
1627 2310 1708 2368 te,

95 2389 337 2458 quamvis
386 2387 555 2441 Roma
583 2388 732 2461 longe
774 2388 956 2442 dissito
978 2431 992 2454 ,
1039 2390 1272 2446 studiose
1296 2392 1427 2447 adeo
1452 2403 1708 2460 promota,

97 2491 147 2534 et
194 2497 327 2552 pene
353 2481 420 2534 ad
443 2480 745 2535 umbilicum
777 2483 1046 2553 perducta,
1078 2493 1134 2536 ut
1157 2484 1236 2538 vel
1258 2499 1320 2539 ea:
1348 2483 1444 2539 hoc
1466 2501 1569 2540 uno
1596 2503 1712 2542 vere

100 2577 352 2650 ἑκάεργος
379 2558 692 2646 dicipossis.
724 2575 978 2630 Brixiana
997 2593 1152 2646 porro
1174 2576 1434 2645 Ecclesia,
1470 2580 1554 2634 cui
1577 2579 1707 2634 duo—

101 2669 367 2721 decimum
404 2671 524 2741 jam
553 2683 746 2722 annum
793 2685 984 2738 preces,
1018 2671 1223 2740 quantis
1251 2689 1282 2724 a
1313 2681 1360 2727 te
1383 2671 1712 2728 incrementis

101 2770 263 2814 aucta
284 2761 462 2831 fuerit,
492 2760 633 2815 haud
661 2763 816 2832 facile
842 2762 1062 2816 dixerim
1088 2777 1106 2817 :
1135 2763 1232 2816 hoc
1257 2774 1456 2818 tantttm
1496 2781 1712 2819 comme-

104 2856 347 2922 morabo,
403 2858 620 2928 majoris
646 2858 850 2930 Templi
880 2861 1067 2914 molem
1095 2862 1237 2915 curis
1262 2863 1382 2927 tuis,
1420 2878 1710 2934 magnoque

101 2961 315 3019 sumptu
338 2951 512 3004 aerarii
538 2953 634 3015 tui,
665 2968 722 3005 eo
747 2963 1035 3022 provectam
1065 2970 1195 3020 esse;
1214 2964 1266 3008 ut
1290 2956 1500 3026 quisque
1519 2967 1704 3024 speret,

101 3045 335 3110 perfecta
363 3043 560 3097 dudum
596 3045 807 3114 majori,
842 3046 1185 3116 nobiliorique
1211 3058 1380 3118 parte,
1407 3049 1710 3119 magnisque

99 3138 424 3192 ornamentis
457 3138 641 3202 ditata,
672 3139 930 3209 reliquum
956 3141 1108 3193 etiam
1141 3156 1243 3194 non
1283 3139 1439 3214 longo
1461 3145 1708 3212 temporis

97 3230 394 3296 intervallo,
431 3229 725 3286 absolutum
754 3232 841 3285 iri.
863 3232 978 3300 Qua
1009 3235 1060 3286 in
1093 3248 1146 3288 re
1167 3235 1320 3305 plane
1359 3233 1487 3288 mihi
1513 3245 1698 3306 tempe-

101 3337 224 3374 rare
256 3338 357 3375 non
402 3337 634 3390 possunt,
669 3323 796 3392 quin
827 3335 875 3377 te
901 3325 1070 3397 ipsunt
1103 3326 1366 3396 conferant
1411 3343 1596 3398 magno
1625 3329 1704 3382 illi

103 3413 155 3467 1³
160 3413 351 3468 ulberto
380 3414 683 3470 Carnotensi
705 3417 974 3488 episcopo,
1000 3419 1154 3486 cujus
1182 3419 1234 3472 in
1266 3415 1362 3471 hac
1394 3418 1705 3474 Collectioue

1815 1945 1931 1982 rum
1964 1929 2096 1983 bono
2128 1944 2145 1982 :
2179 1928 2518 1996 virtutemque
2548 1927 2700 1980 istaut
2738 1933 2880 1978 tuam
2902 1963 2916 1987 ,
2951 1923 3286 1993 religionem,
3327 1922 3423 1974 hu-

1815 2021 2138 2086 manitatem,
2173 2019 2600 2088 temperantiam,
2631 2028 2914 2087 caateraque
2935 2017 3094 2069 animi
3122 2025 3424 2070 ornamenta

1813 2113 1994 2184 quibus
2019 2112 2277 2177 abundas,
2307 2110 2547 2166 Brixiani
2568 2110 2746 2181 populi
2769 2151 2784 2178 ,
2817 2119 2871 2162 ut
2893 2107 3105 2180 quidam
3137 2123 3200 2162 ea:
3233 2107 3423 2161 nostris

1813 2207 2019 2279 egregie
2042 2205 2224 2262 cecinit
2248 2221 2266 2259 :

1906 2325 2016 2376 Seri
2041 2325 2256 2375 habeant
2278 2335 2385 2385 sua,
2408 2336 2462 2374 se
2482 2323 2672 2385 jactent
2692 2329 2744 2373 te
2769 2320 2992 2384 principe
3014 2323 3132 2369 seri.

1887 2432 2042 2500 Quod
2064 2431 2106 2488 si
2139 2437 2274 2503 forte
2301 2448 2450 2486 casus
2473 2429 2684 2500 aliquis,
2702 2438 2755 2482 ut
2776 2437 2849 2482 est
2879 2428 3223 2480 humanarum
3248 2441 3419 2479 rerum

1811 2526 2151 2592 vicissitudo;
2180 2525 2257 2580 vel
2279 2534 2434 2590 certe,
2468 2523 2603 2592 quod
2628 2538 2720 2594 ego
2749 2537 3010 2590 auguror,
3045 2535 3288 2588 suprema
3323 2517 3424 2570 Ec-

1812 2620 1981 2674 clesia:
2029 2618 2256 2689 dignitas
2311 2627 2359 2670 te
2397 2615 2544 2670 nobis
2591 2612 2878 2685 aliquando
2927 2611 3142 2682 eripiet;
3174 2627 3276 2664 non
3305 2610 3422 2664 ideo

1813 2711 2177 2780 beneﬁciorum
2230 2719 2436 2763 tuorum
2499 2706 2639 2778 apud
2695 2722 2787 2760 nos
2843 2705 3092 2759 memoria
3150 2703 3417 2769 interibit,

1812 2804 2003 2874 quippe
2039 2816 2156 2872 qua’
2185 2799 2496 2872 perennibus
2539 2798 2888 2852 monumentis
2931 2795 3128 2849 credita
3173 2805 3423 2848 teternum

1811 2897 1972 2961 vivet;
2022 2896 2178 2950 immo
2209 2905 2323 2964 post
2364 2895 2568 2965 longam
2597 2891 2750 2946 etiam
2777 2906 3033 2943 annorum
3063 2889 3269 2954 seriem,
3299 2905 3416 2943 cum

1809 2991 1975 3046 solent
2029 2993 2138 3060 fere
2179 2989 2351 3044 omnia
2398 2986 2653 3040 oblivione
2699 2983 3022 3047 occumbere,
3073 2999 3135 3034 ac
3187 2992 3419 3050 tempora

1813 3084 2128 3156 temporibus
2151 3083 2363 3146 ntutari,
2396 3080 2537 3151 apud
2582 3076 2851 3132 Brixiana:
2874 3075 3014 3130 urbis
3044 3074 3210 3142 cives,
3243 3073 3418 3128 ablata

1814 3177 2074 3232 communi
2107 3177 2203 3229 hac
2226 3175 2337 3244 lege
2354 3214 2369 3240 ,

1905 3295 2114 3356 Semper
2137 3292 2312 3352 honos,
2339 3302 2616 3353 nomenque
2645 3292 2801 3349 tuum,
2827 3284 3101 3347 laudesque
3125 3282 3412 3333 manebunt.

1883 3419 2088 3476 Dabunt
2121 3419 2316 3475 Brixiae
2341 3418 2464 3473 Kal.
2495 3415 3167 3472 decembrisuoccxxxvm.

2655 3549 2794 3563 —

1243 3667 1600 3754 PAULI
1658 3670 2268 3756 GALEARDI

893 3807 1000 3870 AD
1043 3804 1344 3872 LIBRUM
1391 3810 1452 3871 S.
1502 3807 1956 3871 PHILASTBII
2000 3809 2110 3874 DE
2147 3805 2613 3872 HtEﬁESlBUS

1440 3950 2016 4024 PR/EFATIO
2029 4008 2045 4025 .

1567 4110 1926 4128 ὥ

178 4222 226 4276 l.
269 4217 551 4275 PhilaSIrii
593 4232 792 4275 nomen
834 4220 979 4276 inter
1023 4221 1424 4277 ecclesiasticos
1467 4221 1704 4292 scripto-

108 4328 218 4379 res,
241 4311 450 4383 jamdiu
472 4311 539 4368 ab
571 4313 688 4383 ipso
711 4314 1052 4384 antiquitatis
1079 4330 1196 4370 aevo
1223 4315 1360 4370 adeo
1391 4323 1576 4369 notum
1599 4324 1703 4382 est,

109 4414 166 4459 ut
195 4420 296 4459 non
327 4404 565 4472 alicujus
587 4402 768 4460 verbis
798 4403 1056 4475 indigeat,
1085 4423 1189 4476 quo
1220 4408 1390 4477 magis
1422 4408 1703 4471 clarescat,

111 4505 204 4550 aut
231 4495 550 4550 illustretur.
581 4495 705 4551 Fuit
734 4498 882 4552 enim
914 4497 1200 4554 Gaudentii
1231 4500 1421 4555 Brixia:
1464 4499 1706 4570 episcopi

110 4590 162 4643 in
195 4587 320 4643 sede
349 4587 600 4642 Brixiana
641 4597 983 4657 antecessor,
1027 4606 1056 4645 a
1111 4607 1218 4662 quo
1262 4593 1424 4647 etiam
1457 4609 1564 4649 non
1598 4609 1705 4648 uno

112 4684 166 4737 in
201 4682 314 4738 loco
345 4683 558 4738 eximiis
610 4683 862 4740 laudibus
917 4686 1228 4742 celebratur
1259 4688 1372 4761 (a);
1399 4688 1517 4758 ejus
1571 4704 1702 4744 vero

115 4775 248 4830 liber
277 4775 338 4828 de
365 4771 657 4830 eresibus
683 4792 802 4832 cum
853 4780 1086 4850 primum
1117 4781 1371 4852 vulgatus
1402 4782 1521 4847 fuit,
1558 4791 1703 4837 tanta

118 4869 269 4924 fama:
318 4869 635 4925 celebritate
666 4871 854 4942 viguit,
911 4881 969 4927 ut
1016 4890 1124 4928 non
1157 4875 1336 4928 solum
1392 4875 1541 4945 prior
1578 4885 1706 4930 ante

113 4965 247 5019 alios
278 4964 431 5033 hujus
477 4968 783 5036 argumenti
833 4970 1130 5039 scriptores
1157 5010 1172 5034 ,
1204 4981 1367 5040 atque
1399 4971 1537 5026 adeo
1578 4982 1704 5025 ante

116 5059 287 5130 ipsum
317 5060 678 5130 Epipltanium
709 5062 777 5116 ab
803 5062 1106 5134 Augustino
1129 5074 1483 5131 mentoretur,
1513 5081 1702 5120 verum

117 5154 273 5207 etiam
302 5153 381 5208 vel
412 5169 478 5208 ex
513 5155 631 5224 ipsi)
661 5155 943 5212 Pliilastrii
971 5158 1150 5228 Opere
1170 5201 1185 5225 ,
1213 5160 1303 5228 qui
1347 5168 1498 5212 tanto
1527 5158 1708 5227 plures

115 5262 264 5320 quam
313 5245 650 5318 Epiphanius
692 5249 929 5306 haereses
959 5253 1328 5318 enumeravit,
1361 5251 1564 5306 inferat
1595 5252 1706 5307 Au-

113 5339 366 5412 gustinus,
420 5358 581 5411 quam
627 5342 852 5399 diilicile
882 5345 954 5399 sit
980 5353 1266 5400 tractatum
1293 5344 1361 5399 de
1393 5343 1701 5400 litercsihus

113 5433 466 5497 conscribere,
494 5443 658 5504 atque
706 5435 834 5492 hinc
864 5437 1284 5492 cxcasationem
1318 5435 1418 5491 sibi
1451 5444 1596 5506 petat
1636 5437 1704 5491 ab

116 5525 409 5597 bujusmodi
440 5527 616 5597 Opere
631 5529 1000 5600 suscipiendo,
1031 5533 1277 5588 scribens
1303 5532 1367 5585 ad
1397 5530 1703 5598 Quodvult-

188 5706 256 5779 (a)
296 5706 451 5782 Praei.
485 5706 899 5782 gngenivolum
925 5726 978 5782 p.
1010 5711 1151 5779 218;
1179 5713 1345 5766 s‘eim.
1366 5707 1456 5780 16,
1477 5703 1644 5780 p.354
1675 5724 1688 5773 ;

120 5796 274 5838 εει-ιιι.
303 5779 389 5849 21,
417 5794 472 5849 p.
489 5779 611 5849 ζιῖο.

187 5851 256 5926 (b)
300 5843 455 5905 Tum.
490 5843 562 5906 Vl
591 5848 729 5922 Opp.
761 5852 866 5910 col.
900 5851 954 5926 6,
987 5855 1116 5913 edit.
1146 5851 1380 5913 Froben.

1807 4221 1970 4296 deum
2001 4217 2098 4292 (b).
2126 4217 2277 4274 Licet
2298 4217 2446 4273 enim
2474 4216 2837 4288 Epiphanium
2869 4213 3168 4270 Philastrio
3200 4215 3414 4272 doctio-

1807 4330 1922 4371 rem
1952 4314 2286 4384 pronuntiet,
2318 4328 2425 4366 non
2458 4320 2635 4366 tamen
2651 4319 2939 4382 prepterea
2963 4309 3158 4364 factum
3177 4309 3414 4365 aitirmat

1809 4420 1869 4465 ut
1897 4409 1987 4464 ille
2023 4407 2331 4478 pauciores,
2368 4405 2454 4461 hic
2482 4406 2668 4476 plures
2692 4405 3012 4476 complexus
3045 4406 3113 4460 sit
3147 4405 3413 4472 haereses,

1810 4502 1955 4572 quod
1992 4502 2159 4556 multa
2187 4515 2216 4554 a
2248 4497 2538 4553 Philastrio
2583 4498 2727 4552 inter
2774 4497 3013 4552 haereses
3053 4506 3415 4553 numerentur

1810 4611 1930 4667 quae
1955 4609 2081 4648 vere
2114 4591 2352 4648 haereses
2377 4605 2480 4644 non
2510 4591 2618 4644 sint
2641 4605 2656 4654 ;
2681 4589 2747 4644 de
2777 4605 2888 4660 quo
2915 4589 3060 4644 hunc
3088 4589 3232 4643 bene
3259 4588 3410 4642 multi

1803 4686 2130 4760 jampridem
2158 4700 2279 4740 cum
2325 4683 2660 4740 Bellurmino
2688 4680 2779 4752 (c),
2819 4681 3117 4735 novissime
3148 4696 3278 4735 vero
3309 4681 3414 4735 Bo-

1807 4780 2031 4838 cltortus
2061 4778 2166 4850 (d),
2200 4787 2254 4831 et
2276 4776 2486 4831 Caveus
2510 4773 2581 4846 (ε)
2611 4783 2874 4829 accusant
2907 4791 2919 4826 :
2953 4773 3044 4827 sed
3079 4773 3218 4843 quod
3267 4773 3416 4826 aliud

1808 4876 1899 4930 tttti
1921 4889 2098 4928 eorum
2127 4872 2380 4925 videretur
2409 4885 2520 4924 esse
2536 4868 2767 4932 hwresis,
2793 4867 2940 4920 aliud
2967 4867 3136 4920 alteri.
3173 4865 3290 4921 Hoc
3314 4881 3412 4921 au-

1811 4979 1917 5026 tem
1965 4967 2187 5023 omnino
2236 4964 2496 5030 deﬁnire,
2546 4962 2770 5017 difﬁcile
2821 4978 3012 5017 revrra
3058 4977 3180 5018 esse
3229 4972 3417 5017 monet

1809 5063 1953 5120 idem
1987 5061 2350 5131 Augustinus;
2385 5066 2439 5111 et
2471 5054 2718 5124 profecto
2766 5055 3014 5123 quamvis
3046 5055 3268 5109 minime
3296 5053 3412 5108 inli-

1807 5155 1940 5210 ciari
1974 5153 2158 5217 velim,
2195 5149 2546 5205 Philastrium
2592 5149 2642 5201 in
2679 5149 2782 5202 ltoc
2808 5148 2877 5204 de
2907 5149 3219 5204 llan'esibus
3250 5149 3412 5213 libro,

1809 5250 2039 5304 fortasse
2071 5261 2176 5300 non
2208 5258 2314 5299 uno
2344 5243 2395 5298 in
2432 5245 2565 5303 loco,
2606 5242 2726 5312 plus
2749 5242 3032 5312 religioiiis
3061 5242 3202 5307 zelo,
3229 5251 3277 5296 et
3307 5240 3414 5296 Cu-

1809 5345 2021 5400 tholicae
2053 5340 2298 5396 veritatis
2339 5340 2529 5403 amori,
2562 5355 2720 5407 quam
2751 5337 2977 5408 judicio,
3008 5336 3420 5408 dligettzireque

1809 5439 2102 5504 tribuisse;
2157 5444 2345 5491 notum
2379 5443 2463 5489 cst
2508 5431 2865 5488 nihilominus
2893 5433 3141 5506 αἱρέσεως
3175 5427 3418 5496 appella-

1809 5532 2010 5586 tionem
2045 5529 2152 5585 late
2187 5537 2407 5599 patere,
2434 5535 2492 5580 et
2536 5525 2861 5595 quandoque
2893 5538 2998 5577 non
3034 5532 3138 5574 tam
3171 5531 3409 5575 errorem

1875 5706 1948 5780 (c)
1991 5709 2065 5780 De
2093 5705 2294 5780 Script.
2328 5703 2479 5780 ΕοέιΖ
2503 5713 2574 5780 _p.
2610 5697 2733 5754 155.

1871 5771 1951 5851 (tl)
1994 5771 2278 5851 Phalegfl.
2312 5791 2348 5838 ι,
2380 5789 2429 5851 t_:_.
2457 5771 2546 5851 ii.

1876 5838 1948 5924 ie)
1991 5851 2127 5907 llist.
2157 5838 2352 5916 Script.
2387 5842 2536 5900 Eccl.
2571 5857 2626 5914 p.
2662 5838 2780 5897 176.
