3992 6204
570 261 712 325 1055

1791 263 2105 322 SANC'I'US
2146 261 2619 323 PHILASTRIUS.

3761 261 3889 320 £0.56

571 384 626 440 in
660 384 811 453 Fide,
839 398 1000 455 quam
1031 383 1359 448 institutum,
1389 391 1482 438 aut
1506 391 1712 438 sectam
1738 382 1977 454 aliquam
2021 380 2169 436 desi-
2193 380 2250 441 Α
2272 395 2391 436 sum
2421 382 2490 437 de
2519 381 2891 452 Scriptoribus
2937 379 3343 437 Ecclesiasticis
3393 395 3444 435 c.
3502 381 3563 448 ‘5,
3620 378 3891 435 Joannem

573 495 780 552 gnare;
812 494 917 551 qua
968 479 1194 534 notione
1243 479 1413 533 utitur
1438 476 1774 548 Augustinus
1826 477 2056 547 loquens
2101 474 2173 530 de
2274 472 2632 529 Trithetnium
2659 490 2710 527 c.
2744 472 2836 539 84,
2870 472 3117 543 aliosque
3142 472 3483 543 complures,
3514 471 3734 543 quibus
3777 467 3889 521 Piri.

575 576 747 634 sectis
774 573 943 629 variis
991 572 1444 641 Philosophorum
1479 569 1587 642 (a);
1617 572 1784 625 immo
1814 568 2052 626 occurrit
2072 584 2175 623 δίει

581 670 702 739 pius
727 666 920 723 eodem
952 680 1118 721 sensu
1148 665 1315 720 etiam
1350 665 1402 719 in
1432 665 1582 720 Actis
1610 662 1995 733 Apostolorum
2028 676 2173 726 xxtv,

583 761 638 832 5,
667 760 1027 834 προτοῦ-τάττων
1043 767 1136 819 τῆς
1155 766 1255 815 τῶν
1279 760 1580 836 Ναζαραίων
1604 757 1874 833 «ipsanec,
1889 763 2175 818 auctorem,

581 861 631 907 et
659 851 933 921 praesidem
957 859 1109 904 sectte
1138 850 1414 921 (hatresis)
1448 848 1830 903 Nazarworum
1857 863 1871 910 ;
1898 845 2052 911 ibid.,
2088 846 2176 913 Μ,

585 947 717 1000 κατὰ
728 948 818 1003 τήν
829 941 943 999 ὁδὸν
963 946 1024 1002 ἦν
1042 944 1281 1017 λέγουσιν
1303 945 1502 1019 αἵρεσιν
1523 940 1805 996 secundum
1822 949 2011 993 sectam
2025 954 2181 1008 quam

585 1037 761 1091 dicunt
789 1037 1057 1102 haeresim;
1083 1047 1132 1091 et
1153 1051 1303 1101 xn't,
1332 1034 1387 1100 5,
1429 1033 1509 1091 ὅτι
1532 1035 1662 1090 κατὰ
1687 1055 1777 1090 την
1802 1032 2181 1109 ἀκριϐεστάτην

580 1131 779 1208 αἰρεσιν
805 1152 900 1192 της
925 1132 1182 1207 ἡμετέρας
1225 1130 1495 1201 θρησκείας
1523 1126 1685 1192 ἔζησα
1712 1133 2007 1203 φαρισαῖος,
2041 1124 2183 1196 quod

583 1223 865 1278 secundum
881 1222 1330 1291 exquisitissimam
1347 1230 1536 1275 sectam
1560 1216 1864 1289 (haeresim)
1886 1226 2078 1272 nostrte
2098 1232 2184 1270 re-

586 1316 792 1386 ligionis
808 1315 1021 1369 vixerim
1048 1312 1372 1368 Pharisazus.
1403 1312 1569 1366 Recte
1602 1309 1765 1380 igitttr
1797 1308 2059 1363 Melcltior
2083 1306 2182 1361 Ca-

586 1423 689 1464 nus
718 1408 789 1463 dc
817 1406 949 1463 locis
972 1406 1316 1477 Theologicis
1349 1406 1442 1461 lib.
1492 1404 1583 1469 l2,
1612 1418 1662 1457 c.
1695 1403 1749 1469 8,
1777 1400 2184 1467 animadvertit,

588 1515 786 1556 nomen
822 1500 1097 1555 haereseos
1123 1498 1266 1569 apud
1310 1498 1535 1554 Grmcos
1588 1503 1824 1560 veteres,
1856 1505 1912 1550 et
1964 1494 2188 1548 Latinos

587 1602 846 1649 auctores
871 1592 1132 1663 generale
1177 1606 1333 1657 esse,
1365 1602 1420 1647 et
1474 1588 1935 1660 unamquandihet
1985 1599 2188 1642 seetam

588 1687 904 1757 designare,
935 1696 995 1741 ut
1022 1686 1376 1753 Platonicam,
1434 1685 1693 1750 Stoicam,
1748 1684 2188 1753 Peripatetieam;

2277 566 2516 622 lastrium
2546 568 2726 638 potius
2763 582 2926 637 quam
2956 565 3279 620 Pltilastrttm
3310 567 3627 621 nominarc'
3669 564 3896 633 placuit.

2278 659 2558 717 Filastrius
2578 676 2818 732 quoque,
2850 662 3100 727 quamvis
3128 660 3285 715 initio
3334 659 3582 715 nominis
3604 667 3777 713 sexta
3823 656 3903 710 lit-

2283 768 2396 812 tera
2428 758 2546 811 loco
2570 780 2601 829 φ
2633 755 2898 821 adhibita,
2932 755 3168 811 occurrit
3194 756 3246 809 iu
3278 754 3482 825 duplici
3509 753 3903 822 inscriptione,

2280 865 2401 921 qua:
2426 849 2739 904 eorumdem
2770 848 3149 902 Brixianorum
3181 862 3311 901 mss.
3339 863 3446 916 cpe
3477 851 3740 907 servata,
3764 860 3798 897 a
3824 857 3909 896 ue-

2283 943 2366 999 bis
2396 942 2669 1011 profertur
2698 942 2751 996 in
2782 940 2937 995 Notis
2984 942 3050 996 ad
3079 940 3408 996 Sermonem
3440 937 3750 1006 Ramperti
3797 934 3902 1003 (ti:

2286 1034 2673 1091 ASSUMPTIO
2714 1032 3096 1089 BEATISSIMI
3136 1032 3241 1086 PP.
3287 1027 3691 1091 FILASTRH;
3727 1035 3789 1082 et
3829 1025 3906 1079 Fl-

2286 1128 2627 1187 LASTRIUS
2685 1125 3123 1182 BEATISSerE
3183 1122 3528 1180 MEMORIAE
3589 1121 3721 1177 HIC
3776 1119 3907 1175 RE-

2288 1222 2607 1291 QUlESClT
2648 1222 2713 1275 IN
2755 1221 2930 1275 PACE
2956 1238 2970 1286 ;
3000 1236 3106 1291 quo
3130 1219 3335 1289 pariter
3366 1216 3535 1272 modo
3570 1216 3792 1286 legitur
3818 1213 3907 1266 huc

2293 1334 2487 1374 nomen
2535 1318 2587 1372 in
2622 1317 2858 1386 rliytmo,
2902 1330 3000 1370 seu
3030 1313 3275 1368 carmine
3313 1310 3646 1367 acrostiebo
3678 1309 3754 1362 de
3792 1306 3911 1362 Phi-

2294 1412 2487 1467 lastrio
2517 1410 2583 1463 ad
2616 1411 2823 1465 calcem
2869 1408 3198 1463 Sermonum
3230 1404 3526 1460 Gaudentii
3556 1403 3653 1473 (Ι),
3692 1401 3784 1456 ubi
3817 1416 3910 1454 no.

2295 1520 2417 1559 men
2449 1503 2553 1557 hoc
2606 1502 2673 1556 im
2722 1499 2949 1555 ell‘ertur
2975 1517 2986 1552 :
3015 1496 3431 1554 FILASTRIUS
3472 1492 3902 1551 BRICSIENSIS

2297 1596 2416 1669 (sic)
2443 1593 2757 1658 ΜὶνΕὸωά
2792 1594 2930 1648 sicut
2955 1603 3008 1647 et
3035 1592 3089 1647 in
3120 1590 3368 1646 COd.tltS.
3396 1587 3775 1645 bibliothecae
3797 1585 3904 1641 Sai.

2298 1690 2478 1745 bantis
2505 1687 2733 1743 Veron:e
2762 1704 2818 1739 n.
2848 1684 2979 1751 9“,
3011 1685 3105 1755 qui
3136 1699 3164 1736 a
3193 1683 3350 1739 nobis
3370 1681 3642 1737 laudatur
3669 1681 3729 1735 in
3762 1679 3906 1734 Notis
3966 1678 3969 1755 ι

592 1778 721 1835 licet
745 1777 1046 1833 Christiani
1077 1777 1276 1833 deinde
1302 1778 1599 1848 scriptores
1619 1784 1898 1831 contracto
1928 1774 2190 1830 vocabulo
2218 1773 2270 1834 B
2297 1779 2363 1835 ad
2394 1778 2758 1835 Gaudentium
2786 1776 2918 1851 (m);
2955 1778 3007 1831 in
3041 1790 3107 1830 eo
3136 1775 3279 1830 enim
3333 1774 3452 1829 ltzuc
3483 1773 3771 1827 habentur
3803 1791 3817 1825 :
3850 1769 3907 1824 In

592 1870 842 1925 haeresim
877 1885 1064 1924 vocem
1117 1879 1345 1937 sectam,
1378 1878 1432 1924 et
1459 1868 1805 1932 divisionem,
1857 1882 1966 1939 qua
2010 1868 2131 1936 quis
2161 1882 2191 1921 a

592 1963 869 2018 communi
896 1976 955 2017 se
981 1962 1241 2018 Ecclesia:
1281 1961 1413 2017 Fide
1456 1961 1713 2031 seiungit.
1744 1959 1903 2029 Apud
1936 1959 2193 2029 Augusti-

594 2072 722 2113 num
751 2072 789 2111 ιι
818 2065 1008 2111 contra
1039 2054 1398 2111 Cresconium
1423 2071 1542 2125 cap.
1577 2056 1631 2120 4,
1663 2055 1873 2109 lucresis
1898 2064 1969 2107 est
1993 2052 2194 2107 diversa

591 2151 907 2221 sequentium
932 2158 1102 2215 secta;
1131 2160 1185 2206 et
1216 2150 1267 2204 in
1300 2150 1442 2205 libro
1468 2148 1538 2204 de
1563 2146 1950 2219 Singularitate
1966 2146 2194 2202 clerico—

593 2261 739 2312 rum,
789 2256 983 2301 auctor
1013 2246 1134 2315 ejus
1180 2245 1400 2316 Operis,
1432 2244 1677 2315 quisquis
1712 2241 1928 2297 tandem
1978 2240 2070 2295 ille
2098 2240 2192 2304 sit,

594 2339 851 2408 antiquus
870 2348 1038 2404 certe,
1059 2347 1113 2393 et
1130 2338 1319 2392 saltem
1335 2337 1578 2407 Origeni.
1603 2343 1698 2391 aut
1725 2336 1996 2407 Cypriane
2014 2347 2196 2407 (equa-

594 2429 685 2498 lis,
716 2431 967 2486 haeresim
994 2438 1152 2485 vocat
1171 2445 1292 2486 eam
1318 2429 1415 2501 (b),
1446 2444 1567 2500 qua:
1596 2438 1710 2483 tum
1742 2429 1978 2483 maxime
2011 2427 2196 2482 Eccle-

594 2525 691 2580 siae
720 2538 904 2579 mores
934 2524 1206 2579 invaserat
1234 2523 1600 2594 Agapetarum
1630 2521 1962 2591 corruptela.

668 2618 721 2670 ‘2.
765 2618 884 2685 Quo
915 2626 1073 2688 pacto
1105 2616 1382 2672 Pliiiastrii
1411 2630 1607 2671 nomen
1655 2615 1817 2671 scribi
1846 2657 1861 2681 ,
1917 2622 2083 2685 atque
2111 2613 2194 2669 el-

598 2709 725 2767 l'crri
758 2711 979 2777 debeat,
1006 2725 1114 2766 non
1148 2709 1282 2765 satis
1326 2719 1581 2764 constare
1622 2708 1880 2773 videtur;
1934 2706 2197 2761 Philaster

596 2806 764 2874 enim,
793 2821 855 2862 ac
890 2805 1208 2861 Philastrius
1261 2804 1571 2876 promiscue
1615 2804 1756 2873 apud
1787 2803 2039 2872 antiquos
2100 2816 2196 2855 no-

599 2914 722 2955 men
775 2898 878 2954 hoc
932 2898 1183 2970 usurpari
1210 2898 1390 2954 video.
1421 2896 1760 2969 Augustinus
1787 2896 1840 2950 in
1873 2893 2101 2963 cpistola
2129 2894 2194 2947 ad

597 2989 1074 3059 Quodvultdeum,
1130 3000 1418 3060 postquam
1473 3004 1580 3044 non
1625 2988 1796 3043 semel
1851 2986 2196 3041 Philastrium

598 3084 831 3154 dixerat,
866 3083 937 3157 (c)
972 3100 1187 3141 rursum
1222 3086 1273 3139 in
1327 3082 1585 3155 Catalogo
1638 3097 1688 3137 c.
1734 3083 1799 3137 Μ
1849 3083 1927 3137 sic
1985 3081 2193 3136 habet:

2296 1869 2479 1925 Brixia
2507 1870 2709 1924 civitate
2738 1868 2990 1937 depositio
3019 1866 3434 1932 Filastriiipsius
3459 1865 3696 1919 civitatis
3722 1864 3909 1932 episco-

2298 1966 2372 2033 pi.
2411 1965 2485 2019 De
2517 1961 2750 2017 nominis
2774 1962 2984 2032 origine
3017 1977 3122 2015 non
3154 1958 3315 2014 valde
3349 1959 3511 2013 nobis
3544 1956 3898 2013 laborandum

2298 2069 2447 2128 puto.
2476 2058 2652 2112 Pauca
2673 2056 2922 2127 quadam
2953 2055 3159 2110 notavit
3178 2054 3252 2110 cl.
3276 2054 3361 2108 vir
3388 2052 3641 2108 Joannes
3661 2051 3904 2108 Albertus

2300 2150 2663 2206 Fabriciusin
2697 2148 2850 2220 prmi.
2901 2147 3159 2203 editionis
3208 2145 3507 2217 Hamburg.
3561 2145 3701 2199 anni
3758 2144 3897 2205 l'iil,

2296 2246 2391 2301 sed
2426 2261 2487 2300 ea
2523 2244 2656 2299 tanti
2690 2258 2798 2298 non
2826 2250 2976 2307 sunt,
3010 2251 3068 2295 ut
3089 2251 3303 2303 certum
3335 2239 3465 2293 inde
3515 2238 3770 2293 nominis
3798 2235 3897 2291 Er.-

2297 2362 2390 2413 μον
2435 2350 2621 2410 petere
2665 2338 2981 2394 debeamus.
3014 2337 3155 2393 Sunt
3180 2336 3271 2406 qui
3318 2334 3512 2400 velint,
3548 2344 3613 2388 ut
3640 2334 3770 2403 ipse
3811 2334 3897 2393 ait,

2298 2429 2611 2486 Filastrium
2630 2431 2819 2486 Latine
2844 2446 2873 2485 a
2903 2430 3122 2501 ﬁliastro
3144 2429 3472 2490 derivatum,
3497 2425 3652 2498 quod
3676 2424 3898 2481 verbum

2300 2539 2398 2595 pro
2443 2526 2679 2594 privigno
2710 2523 3105 2594 posterioribus
3139 2523 3355 2578 saeculis
3400 2529 3736 2589 usurpatum
3788 2528 3898 2583 est,
3968 2496 3969 2563 ἶ

2300 2634 2465 2691 parva
2494 2619 2711 2690 quidem
2740 2618 3141 2686 immutatione,
3171 2632 3359 2673 verum
3379 2615 3639 2671 Fabricio
3674 2616 3784 2686 ipsi
3808 2615 3905 2667 ori—

2296 2728 2363 2785 go
2393 2712 2511 2769 lncc
2535 2730 2643 2768 non
2672 2716 2807 2769 satis
2856 2714 3148 2783 probatur;
3201 2711 3333 2783 quin
3386 2709 3571 2777 potius
3622 2709 3898 2764 veriorem
3968 2696 3969 2709 ¹

2298 2820 2417 2861 eam
2452 2816 2623 2876 putat,
2652 2821 2754 2876 qua
2785 2806 2975 2861 Grazce
3005 2804 3328 2861 Philastrius
3357 2812 3619 2857 amantem
3668 2803 3898 2855 siderant

2299 2908 2481 2953 Sonat.
2500 2896 2753 2953 Profecto
2784 2894 3035 2951 Filiastcr
3073 2904 3301 2951 vocatur
3342 2893 3433 2949 bie
3463 2901 3653 2948 noster
3682 2893 3851 2948 etiam
3871 2907 3896 2943 a

2300 2989 2461 3045 Petro
2507 2988 2576 3044 de
2627 2990 2914 3046 Natalibus
2970 2988 3223 3060 Equilino
3272 2988 3534 3059 episcopo
3564 2986 3607 3041 i.
3639 3003 3694 3040 vr
3731 2986 3893 3041 Calai.

2299 3083 2421 3150 85.,
2452 3098 2504 3138 e.
2530 3084 2651 3150 “5,
2676 3083 2745 3140 de
2774 3084 3019 3139 ﬁnitione
3046 3093 3226 3138 autem
3253 3081 3405 3137 vocis
3437 3080 3552 3136 lucc
3599 3079 3775 3135 habet
3804 3078 3896 3133 Pe-

605 3174 868 3233 Philaster
907 3176 1189 3232 Brixianus
1215 3179 1529 3247 episcopus;
1569 3175 1696 3231 dein
1724 3191 1776 3231 e.
1810 3176 1901 3239 45,
1933 3174 2198 3229 Philaster
2224 3157 2271 3222 C
2304 3182 2480 3231 rottus
2529 3175 2839 3248 Cornucop.
2869 3191 2923 3246 p.
2953 3191 3043 3232 eux
3078 3194 3092 3230 :
3134 3173 3373 3229 Catullus
3417 3189 3600 3227 nomen
3631 3172 3896 3243 proprium

602 3270 747 3337 ponit
772 3269 952 3324 ambos
993 3270 1087 3324 sub
1117 3272 1358 3343 singulis,
1406 3280 1453 3324 et
1483 3271 1707 3341 propriis
1734 3269 1992 3336 numeris;
2023 3283 2072 3322 c.
2106 3270 2197 3333 ὃὸ,

609 3360 871 3416 Philaster
899 3379 1015 3416 vero
1042 3372 1091 3416 et
1130 3364 1265 3417 lianc
1292 3365 1364 3417 eis
1391 3363 1570 3418 tribuit
1607 3363 1996 3427 abstinentiam;
2046 3370 2101 3417 et
2121 3362 2201 3416 sic

603 3467 823 3523 semper
851 3453 1177 3525 ubicumque
1208 3456 1259 3509 in
1288 3471 1353 3512 eo
1373 3456 1631 3526 Catalogo
1652 3455 2001 3510 Pbilastrium
2029 3454 2203 3508 nonni-

606 3552 720 3597 nat.
778 3542 1045 3598 Pbilaster
1072 3545 1203 3600 item
1237 3545 1434 3615 legitur
1462 3546 1515 3599 in
1546 3543 1699 3599 Actis
1755 3543 1974 3599 concilii
2029 3543 2200 3612 Aonio

606 3633 832 3689 leiensis
861 3634 1017 3689 initio
1048 3636 1152 3705 (ά),
1183 3636 1412 3705 ctpaulo
1438 3646 1556 3706 post
1586 3654 1598 3688 :
1625 3651 1740 3690 cum
1762 3635 2014 3706 episcOpis
2041 3634 2201 3703 Aqui-

604 3726 718 3780 leia:
747 3727 798 3780 in
824 3725 1064 3782 Ecclesia
1091 3728 1477 3783 considentibus
1508 3730 1657 3798 (post
1679 3728 1894 3784 Justum
1922 3729 2205 3785 Gallorum

608 3818 865 3890 legatum)
901 3818 1169 3874 PItilastro
1199 3823 1439 3892 episcOpo
1466 3819 1718 3875 Brixiano
1748 3821 1855 3891 (e);
1894 3821 2095 3877 deinde
2126 3825 2206 3877 in-

609 3912 687 3967 l'ra
714 3931 727 3968 :
761 3911 1027 3969 Philaster
1056 3914 1327 3987 episcopus
1353 3914 1635 3972 Brixiunus
1667 3917 1797 3972 dixit
1821 3916 2205 3990 ([).Ρ1ιὶ1αδιω·

607 4020 828 4076 quoque
848 4005 1053 4061 dicitur
1078 4005 1340 4078 Gregorio
1367 4007 1674 4078 Magnolib.
1708 4024 1780 4076 \‘l,
1812 4025 1902 4080 ep.
1941 4008 2005 4064 15
2036 4028 2048 4063 :
2076 4008 2208 4063 Plri-

609 4102 769 4155 laster
790 4101 844 4155 in
875 4100 1004 4156 libro
1035 4119 1185 4172 quem
1228 4103 1291 4157 de
1318 4101 1612 4159 lltvresibus
1641 4104 1849 4169 scripsit
1872 4121 1891 4170 ;
1914 4114 1968 4160 et
1996 4105 2205 4159 auctori

610 4190 989 4249 Prtedestinati
1033 4209 1081 4249 c.
1118 4194 1229 4251 52:
1269 4194 1531 4249 Pliilaster
1584 4194 1785 4262 scribit,
1840 4194 2209 4249 Macedoniam

612 4285 873 4356 Spiritum
928 4297 1166 4342 sanctum
1221 4289 1461 4343 deitatem
1508 4286 1705 4355 Patris,
1753 4298 1800 4342 et
1848 4286 1980 4342 Filii
2017 4287 2204 4342 dicere.

611 4378 816 4434 Contra
838 4394 969 4434 vero
996 4379 1313 4435 Pliilustrius
1340 4390 1655 4437 constanter
1681 4382 1981 4451 appellatur
2009 4397 2037 4433 τι
2069 4380 2213 4436 Gau-

611 4470 799 4526 dentio
837 4486 1006 4527 serm.
1055 4472 1147 4535 2|.
1176 4475 1266 4543 qui
1300 4483 1382 4528 est
1425 4475 1491 4529 de
1539 4476 1640 4528 vita
1666 4486 1711 4528 et
1754 4474 1897 4528 obitu
1938 4473 2211 4529 Pliilastrii

2268 3254 2275 3260 ’
2302 3278 2398 3336 est,
2431 3287 2461 3323 a
2490 3286 2593 3341 quo
2619 3270 2679 3339 fit
2708 3268 3020 3336 Catulastcr,
3051 3268 3184 3324 sicut
3208 3267 3271 3322 ab
3300 3267 3522 3321 Antonio
3550 3265 3893 3319 Antoniaster.

2306 3361 2441 3417 Sunt
2488 3373 2659 3417 autem
2703 3362 3005 3436 ltujusmodi
3054 3361 3266 3416 nomina
3309 3361 3361 3415 in
3400 3368 3562 3424 aster,
3594 3370 3639 3412 et
3665 3364 3890 3421 astra,et

2304 3464 2503 3509 astrum
2531 3455 2839 3519 desinentia,
2875 3470 2980 3509 non
3010 3454 3344 3518 diminutiva,
3398 3461 3452 3504 ut
3484 3450 3644 3519 aliqui
3671 3458 3850 3520 putant
3876 3487 3888 3503 .

2304 3548 2395 3602 sed
2420 3549 2592 3620 potius
2631 3548 2904 3602 imitativa.
2949 3548 3018 3601 Et
3065 3546 3228 3615 paulo
3272 3554 3397 3615 post
3428 3561 3441 3595 :
3471 3542 3734 3598 Filiastcr
3756 3582 3772 3607 ,
3805 3552 3890 3607 quo

2304 3643 2518 3713 quidam
2548 3657 2641 3711 pro
2671 3641 2906 3713 privigno
2956 3650 3167 3693 utuntur
3188 3679 3203 3706 ,
3238 3654 3339 3691 non
3366 3653 3558 3707 parvus
3588 3635 3765 3705 ﬁlius,
3816 3631 3892 3685 sed

2306 3736 2394 3805 qui
2415 3735 2647 3788 imitatur
2669 3732 2878 3803 filium;
2911 3745 2955 3787 et
2981 3732 3354 3797 Parasitaster,
3376 3747 3480 3783 non
3524 3744 3712 3798 parents
3757 3742 3894 3795 parn-

2306 3828 2454 3891 situs,
2488 3841 2646 3893 neque
2673 3827 2805 3878 enim
2832 3826 3086 3877 diceretur
3111 3840 3143 3877 a
3168 3822 3379 3876 Cantica
3406 3820 3760 3875 I’arasitaster
3782 3835 3896 3893 per-

2309 3919 2475 3983 vnlus,
2506 3921 2595 3973 sed
2622 3920 2708 3989 qui
2731 3920 2965 3972 imitatur
2996 3917 3304 3986 parasitum.

2381 4018 2433 4072 5.
2478 4013 2752 4067 Pbilastrii
2804 4028 2975 4084 genus
3002 4026 3157 4082 teque
3196 4026 3261 4063 ac
3309 4008 3540 4078 patriam
3575 4008 3891 4076 ignorantes.

2309 4106 2649 4161 Gaudentius
2679 4121 2803 4159 eum
2836 4104 3149 4160 Abrahamo
3185 4114 3535 4170 comparans,
3580 4099 3804 4168 ejusque
3844 4097 3894 4146 ti-

2313 4199 2467 4265 lium,
2493 4200 2646 4255 Fidei
2676 4209 2835 4269 atque
2858 4213 3081 4267 operum
3112 4196 3380 4266 exemplis
3409 4195 3619 4260 dicens,
3673 4194 3787 4248 haec
3814 4192 3894 4243 ba-

2314 4293 2402 4348 bct
2424 4292 2502 4364 (ιι)
2531 4310 2543 4347 :
2568 4290 2792 4344 Credens
2815 4289 2927 4344 Deo
2958 4287 3092 4342 Fide
3117 4289 3440 4357 plenissima,
3472 4287 3598 4341 exiit
3621 4297 3666 4340 et
3700 4286 3803 4353 ipse
3839 4283 3893 4334 de

2312 4395 2449 4441 terra
2469 4402 2561 4439 sua
2581 4428 2593 4447 ,
2618 4394 2664 4438 et
2691 4384 2755 4437 de
2782 4383 3085 4453 cognatione
3116 4398 3232 4447 sua,
3257 4391 3304 4435 et
3326 4380 3391 4434 de
3420 4381 3574 4433 domo
3599 4380 3752 4447 putris
3791 4377 3894 4437 sui,

2314 4490 2359 4535 et
2382 4478 2690 4550 sequebatur
2718 4478 2930 4531 verbum
2957 4475 3075 4541 Dei,
3100 4475 3168 4529 ab
3200 4474 3436 4529 omnibus
3485 4474 3662 4529 saeculi
3697 4469 3897 4541 impedi-

612 4562 842 4634 θΡίπθΡί
891 4564 1281 4633 Ρνσίάθεαδονίδ
1303 4568 1382 4620 δαί
1407 4565 1527 4638 (9);
1559 4566 1632 4621 “li
1664 4566 1827 4621 Cliam
1858 4565 1909 4621 iII
1943 4565 2109 4637 Pt‘wf-
2143 4569 2209 4620 ad
2239 4553 2292 4613 Ῑ)
2318 4573 2506 4628 mentis
2529 4581 2730 4626 exutus.
2760 4569 2829 4624 Et
2870 4568 3030 4640 paulo
3075 4579 3198 4638 post
3230 4584 3247 4622 :
3275 4567 3585 4621 circumiens
3618 4566 3896 4619 universum

614 4653 926 4711 Benivolum
952 4656 1043 4729 (It)
1085 4658 1376 4713 :imbutum
1434 4670 1480 4713 te
1526 4658 1919 4714 admirabilibns
1963 4661 2211 4714 doctrinis

615 4751 898 4822 Apostolici
942 4768 1033 4822 per
1080 4754 1256 4808 omnia
1282 4754 1382 4806 viri
1415 4754 1578 4825 patris
1608 4755 1771 4808 nostri
1800 4753 2120 4821 Philastrii;
2158 4765 2212 4809 ct

616 4842 793 4897 Serm.
842 4842 931 4908 16,
978 4845 1043 4897 de
1089 4844 1433 4900 Ordinatione
1460 4847 1542 4900 sui
1572 4844 1636 4917 (i)
1667 4863 1685 4900 :
1715 4854 1829 4915 post
1871 4848 2017 4901 illam
2063 4863 2213 4901 vene-

616 4934 795 4988 randa:
850 4937 1107 4990 memoria:
1161 4939 1323 5008 patris
1350 4940 1450 4992 mei
1498 4937 1769 4994 Pltilastrii
1814 4942 2216 4996 eruditissimum

620 5043 812 5081 vocem.
846 5026 1160 5084 Pltilastrius
1191 5031 1316 5085 item
1365 5043 1591 5088 Vocatur
1618 5049 1647 5087 a
1676 5032 1971 5104 Ramperto
2002 5036 2052 5091 in
2085 5037 2215 5092 Scr~

615 5135 777 5174 mone
802 5120 871 5175 de
892 5120 1272 5180 Translatimic
1305 5125 1446 5181 beati
1476 5127 1754 5183 Philastrii
1781 5129 1884 5201 (j),
1919 5139 1977 5184 ut
2005 5130 2219 5187 Recen-

619 5217 787 5270 tiures
816 5217 1200 5287 transmittam,
1229 5224 1868 5295 auctoremAppeudicis
1893 5226 1958 5280 ad
1982 5226 2219 5284 [Ide-lun-

700 5332 778 5409 (ᾳ)
809 5333 972 5409 Τυιιι.
1003 5336 1071 5393 VI
1102 5340 1240 5409 Opp.
1265 5340 1369 5393 col.
1405 5341 1491 5395 10.

623 5405 957 5534 cnfbidnter
976 5405 1164 5480 Opera
1190 5405 1446 5482 Cypriani
1476 5413 1609 5470 edit.
1645 5415 1944 5473 Amstelod.
1990 5432 2047 5487 p.
2089 5418 2217 5485 148,

698 5550 770 5622 (c)
815 5550 944 5606 Loc.
977 5550 1071 5606 cit.
1104 5552 1209 5607 col.
1245 5554 1299 5609 6.

699 5623 782 5705 (d)
815 5623 981 5705 Apud
1012 5623 1289 5705 Labbeum
1321 5640 1451 5685 tom.
1487 5628 1550 5699 ll,
1585 5631 1691 5689 col.
1737 5629 1864 5687 978.

701 5693 776 5762 (c)
815 5693 975 5762 thid.,
1005 5695 1111 5749 col.
1137 5695 1262 5762 979.

708 5760 783 5831 (Γ),
817 5760 979 5826 lbid.,
1001 5764 1107 5817 col.
1131 5760 1258 5819 990.

714 5834 792 5899 (ρ)
832 5834 962 5900 Pag.
991 5835 1118 5889 3'70.

2322 4681 2451 4736 pene
2499 4662 2746 4717 ambitum
2798 4660 3023 4715 Romani
3061 4659 3221 4731 orbis,
3256 4655 3591 4711 Dominicum
3619 4653 3891 4726 pra’dicarit

2319 4759 2547 4825 verbum,
2586 4756 2740 4811 Pauli
2762 4755 2984 4828 apostoli
3013 4753 3227 4808 idoneus
3257 4753 3485 4805 imitator
3502 4751 3765 4805 easistens.
3803 4746 3894 4799 lla-

2320 4868 2421 4923 gna
2447 4866 2576 4906 sane
2608 4848 2880 4904 Philastrii
2913 4847 3051 4909 laus,
3082 4861 3185 4915 qua
3211 4861 3332 4900 cum
3379 4843 3715 4899 Gaudentius
3741 4840 3893 4895 Atua-

2327 4944 2509 5008 ltamo,
2550 4950 2606 4997 et
2642 4940 2807 4995 Paulo
2836 4937 3240 5010 quodammodo
3273 4952 3490 5007 aequare
3546 4934 3785 4996 videtur;
3811 4929 3893 4983 sed

2327 5037 2569 5107 quamvis
2600 5035 2768 5097 dicat,
2795 5033 2918 5088 exiit
2946 5033 3009 5087 de
3031 5043 3165 5087 terra
3193 5048 3308 5097 sua,
3330 5041 3376 5084 et
3404 5031 3468 5084 de
3499 5028 3789 5099 cognatione
3813 5039 3893 5077 sua

2327 5133 2464 5186 etde
2487 5131 2642 5184 domo
2671 5129 2837 5201 patris
2859 5128 2961 5193 sui,
2986 5127 3074 5182 ubi
3123 5140 3237 5179 rem
3271 5124 3443 5195 ipsam
3494 5121 3703 5192 propius
3747 5117 3897 5171 attin-

2327 5239 2457 5294 gere
2484 5222 2751 5284 cernitur,
2785 5219 2920 5275 nihil
2954 5232 3116 5288 porro
3141 5215 3311 5279 addit,
3336 5230 3442 5285 quo
3477 5213 3695 5284 patriam
3739 5207 3891 5265 nobis.

2393 5344 2472 5415 (ιι)
2501 5340 2643 5415 Pas-
2664 5336 2801 5415 2.3-

2419 5406 2465 5485 ἤ
2501 5406 2633 5485 ῐῖίιέο
2664 5406 2789 5485 ἓξὲξ·

2433 5481 2468 5549 ἶ)
2508 5483 2638 5549 Pag.
2664 5481 2792 5535 587.

2417 5507 2474 5629 ii
2510 5507 2646 5629 iiii
2664 5507 2808 5629 ἓξὲ-

2426 5621 2467 5699 ι)
2523 5627 2649 5699 cas.
2678 5621 2805 5699 Ψ.

2420 5693 2865 5767 nt)Pag.5?4._
3049 5760 3101 5767 __
3186 5758 3199 5767 ,
3295 5748 3471 5767 λωι,

2401 5747 2490 5842 ω’
2532 5747 2688 5820 sas...
2704 5747 2792 5819 as
2808 5747 2912 5816 ivit.
2936 5769 2992 5815 et
3013 5760 3161 5816 obitu
3186 5758 3330 5815 beati
3349 5748 3622 5813 PliilaSti'ii
3652 5764 3761 5825 pag.
3781 5747 3880 5809 37!.
