3992 6204
98 301 226 356 1057
1296 273 1353 331 ιτ.
1395 265 1746 333 CALEARDI
1787 263 2179 329 PREFATIU.
3233 273 3371 340 .058

82 423 169 470 aut
202 404 463 466 Philastrii
497 410 668 472 genus
697 393 967 451 ostendat.
1001 390 1147 448 Nihil
1176 390 1243 447 de
1275 390 1378 446 hoc
1404 390 1669 459 Bampcr-
1697 389 1749 450 Α
1774 386 2081 457 gnandam;
2115 386 2217 440 hoc
2263 385 2406 439 enim
2464 386 2723 456 tempatis
2753 386 3098 445 intervallum
3132 408 3238 448 non
3277 397 3376 450 oh-

86 515 168 559 tus
193 503 265 575 (η)
285 542 298 566 ,
324 497 453 554 nihil
502 495 646 548 alius
672 488 976 561 quispiam;
1006 485 1134 556 quin
1167 484 1345 554 potius
1366 483 1420 537 in
1443 496 1510 537 eo
1538 481 1671 552 rhy-
1769 494 1928 535 scure
1957 480 2246 536 Gaudentii
2276 480 2435 535 verba
2467 480 2706 535 indicant
2736 498 2749 535 :
2775 482 2826 535 in
2851 482 3226 541 Mediolauensi
3256 491 3377 545 urbe

84 572 225 654 “Imb
250 572 360 649 seu
406 586 652 645 carmine
682 584 753 639 de
786 579 1081 637 phitastrio
1118 578 1263 649 quod
1318 576 1479 645 paulo
1507 588 1670 643 supra
1768 573 1984 628 idoneus
2013 575 2135 628 olim
2161 583 2331 629 custos
2363 572 2625 628 Dominici
2652 575 2820 647 gregis
2847 577 2969 647 fuit,
3002 579 3197 636 Ariona
3222 599 3377 656 repu-

93 688 427 751 laudavimus,
471 678 725 751 quodque
756 674 1031 745 antiquius
1053 687 1176 728 esse
1207 679 1422 728 constat
1470 667 1671 725 saeculo
1769 684 1937 739 gnans
1967 668 2225 722 Auxentio
2247 707 2260 733 ,
2292 682 2591 733 PRIUSQUAII
2638 683 2846 724 aeuus
2889 686 3229 731 suosunus
3263 679 3375 733 Au-

96 800 251 847 nono,
290 773 712 849 apertedicitur,
742 770 855 841 jam
878 776 990 822 tum
1013 765 1164 836 cujas
1181 771 1328 820 esset
1351 760 1674 817 Philastrius
1771 777 2008 818 nnosws.
2045 761 2102 817 In
2150 761 2340 817 eodem
2373 761 2630 835 rhythmo
2678 763 2746 819 de
2790 764 3118 835 Philastrio,
3150 784 3212 825 ea
3256 789 3378 844 qua:

95 872 303 932 omnino
333 866 587 939 ignorari.
625 862 759 933 Ejus
782 858 987 932 rythmi
1018 857 1136 912 lucc
1164 864 1292 911 sunt
1321 853 1485 910 verba
1518 851 1594 925 (ὁ)
1621 869 1634 907 :
1772 854 2068 911 Catholicae
2099 855 2251 912 Fidei
2282 855 2498 911 tuenda:
2527 871 2690 912 causa
2716 858 3003 916 Mediolani
3036 877 3226 933 passus
3255 878 3332 921 cst
3362 910 3376 935 ,

328 961 563 1012 Turribus
579 968 785 1020 quorum
811 955 1011 1020 genitus
1034 952 1115 1001 hic
1136 949 1247 1020 fuit,
1776 946 1860 1003 his
1884 947 2134 1003 versibus
2165 947 2521 1019 designantur
2549 947 2622 1020 (It)
2651 966 2665 1001 :

330 1023 503 1075 Nullus
527 1035 588 1069 ex
614 1019 756 1068 nobis
778 1019 1019 1069 meminit,
1047 1019 1173 1075 sapit
1191 1024 1317 1062 nec:

327 1087 517 1136 Scimus
537 1083 629 1132 hoc
645 1076 1139 1170 seduno?
1163 1075 1362 1125 beatum

2024 1039 2183 1104 Regis
2205 1042 2381 1091 aeterni
2402 1019 2625 1093 amabilis
2648 1043 2895 1105 minister,

2028 1103 2239 1170 Perﬁdae
2263 1112 2415 1170 secta:
2440 1107 2642 1170 monita,
2665 1108 2819 1170 magis
2841 1109 2933 1159 sed

731 1141 855 1193 Esse
877 1147 1120 1190 secutum
2026 1141 2730 1218 Ᾰῖίεῖιῖὄῖυἳι”ι²ἆέ’ἰέἱὲῖἓιίἐιῖἰ

2279 1228 2490 1292 Semper
2513 1229 2699 1292 ubique

2030 1289 2207 1356 [ntimo
2239 1304 2388 1356 sensu
2402 1289 2568 1341 veluti
2591 1289 2892 1356 repugnans.

2032 1351 2230 1415 Sedulis
2251 1353 2419 1415 ﬂagris
2441 1366 2528 1402 sua
2552 1351 2773 1405 membra
2793 1354 3001 1409 fundunt

2027 1413 2165 1464 Cresa
2186 1413 2470 1465 currentem
2493 1417 2624 1465 rosei
2648 1417 2826 1468 coloris

2277 1477 2422 1540 Saepe
2443 1490 2689 1529 cruorem.

1857 1562 1916 1615 Et
1952 1562 2110 1630 paulo
2146 1572 2269 1633 post
2300 1581 2319 1618 τη

100 1263 202 1329 Qua
251 1255 406 1326 igitur
456 1250 667 1306 ratione
713 1245 936 1311 ductus,
987 1241 1308 1311 Hispanum,
1352 1253 1473 1294 eum
1522 1245 1680 1294 vocet

105 1350 342 1423 Ughellus
365 1346 459 1419 (c),
478 1346 638 1416 gente
664 1345 839 1413 forsan
872 1337 1065 1391 Italum
1086 1335 1299 1391 Caveus
1327 1332 1431 1405 (ά),
1456 1331 1679 1387 minime

101 1442 393 1515 perspicio;
426 1453 533 1493 non
568 1436 710 1490 enim
755 1429 1080 1486 crediderim
1110 1427 1344 1499 Ughello
1382 1437 1472 1480 aut
1499 1426 1679 1481 Caveo

103 1532 383 1591 innotuissc
414 1525 560 1599 quod
590 1525 742 1581 siluit
769 1519 1113 1579 Gaudentius
1137 1560 1151 1585 ,
1180 1517 1436 1589 quodque
1460 1526 1676 1582 octavo,

104 1637 187 1682 aut
217 1640 351 1681 nono
374 1622 578 1678 5³201110
601 1619 831 1674 minime
858 1631 977 1672 com
989 1624 1199 1685 permm
1232 1613 1347 1668 r‘m'
1364 1612 1534 1668 Porro
1555 1611 1681 1666 Phi-
1858 1611 1914 1615 ω
1953 1611 1978 1630 r
2300 1611 2558 1712 'Auxenti,
2583 1659 2753 1712 miser.
2782 1661 3011 1712 imoerite

105 1676 186 1682 ρ.--
376 1676 390 1678 -
409 1676 437 1678 η
460 1676 469 1678 -
560 1676 563 1677 ν
992 1676 1002 1685 -
1065 1709 1075 1719 .
2035 1676 2135 1702 orsu
2161 1676 2248 1725 tiu!
2309 1676 2558 1715 Atlxeuu,
2584 1676 2753 1720 miser,
2782 1676 3031 1725 imperite,

105 1719 261 1773 lastrii
290 1733 373 1773 res
395 1724 578 1786 gestas
605 1717 859 1767 recenset
884 1709 1146 1763 Baromus
1172 1705 1237 1761 ad
1264 1705 1331 1760 A.
1359 1704 1422 1760 C.
1447 1704 1553 1761 569
1571 1746 1585 1770 ,
1618 1720 1674 1759 ιι.
1707 1774 1754 1786 ﬁ
2034 1714 2235 1765 Restitit
2262 1692 2397 1767 fortis
2422 1717 2562 1768 Fidei
2586 1720 2775 1783 vigore.

104 1811 184 1877 27,
215 1826 317 1882 quo
366 1810 420 1864 in
452 1808 576 1863 loco
599 1802 889 1861 Gaudentii
923 1799 1235 1857 testimonio
1259 1813 1421 1864 usus,
1446 1798 1501 1852 in
1531 1813 1680 1853 sum-
1707 1774 1758 1835 Β
1853 1796 1907 1851 4.
1939 1798 2132 1854 Fuisse
2168 1799 2517 1857 Philastrium
2560 1803 2673 1872 jam
2725 1815 2835 1860 tum
2884 1809 3178 1881 episcopali
3211 1813 3392 1886 digni-

107 1920 181 1960 ma
211 1906 322 1971 ejus
352 1901 514 1957 laude
545 1899 713 1971 ponit,
745 1895 887 1969 quod
910 1894 1205 1950 Mediolani
1230 1894 1502 1948 Auxentio
1523 1892 1679 1947 Aria-
1784 1898 1898 1947 tate
1926 1903 2212 1963 ornatum,
2245 1910 2370 1950 cum
2421 1910 2521 1966 pro
2554 1896 2804 1954 Ecclesia
2848 1900 3237 1961 Mediolanensi
3283 1916 3393 1977 tot,

108 2016 176 2054 na?
215 1998 482 2053 h‘rreseos
536 1990 923 2065 propugnatori
947 2031 961 2057 ,
994 1987 1200 2043 invicta
1223 1986 1532 2043 constantia
1569 2000 1684 2041 res—
1786 1989 2059 2055 tantisque
2095 2001 2153 2041 se
2185 1987 2597 2044 discriminibus
2626 1990 2849 2060 obiecit,
2878 1994 2964 2048 vel
2994 2010 3057 2051 ex
3100 2012 3167 2053 eo
3196 2000 3397 2070 conjici

110 2093 295 2156 titerit;
336 2099 499 2159 atque
546 2101 609 2143 ca
654 2086 722 2141 de
771 2097 935 2139 causa
995 2081 1181 2152 ﬂagris
1224 2095 1429 2148 caesus,
1459 2088 1684 2135 strenue
1787 2087 2006 2149 potest,
2053 2080 2198 2151 quod
2241 2096 2430 2152 parum
2481 2084 2709 2140 omnino
2748 2086 3083 2156 profuisset,
3122 2090 3393 2160 privatum

108 2203 193 2258 pro
218 2184 342 2241 Fide
377 2181 662 2239 Catholica
708 2178 909 2235 tuenda
940 2176 1255 2233 certaverit.
1286 2173 1683 2229 Testimonium
1791 2170 2064 2226 hominem
2105 2172 2158 2227 in
2206 2189 2265 2229 re
2295 2174 2427 2229 tanti
2480 2178 2781 2243 momenti,
2827 2179 3162 2251 primipilum
3206 2197 3303 2254 se,
3333 2200 3397 2241 ac

108 2276 374 2333 Gandcntii
404 2283 492 2330 est
514 2269 827 2343 huiusmodi
857 2287 872 2325 :
899 2269 1091 2323 Sancto
1115 2268 1249 2324 enim
1272 2267 1473 2338 Spiritu
1503 2265 1689 2337 plenus
1791 2269 1982 2324 ducem
2006 2266 2303 2323 Catholicis
2331 2269 2576 2339 partibus
2607 2271 2900 2340 exhibere;
2931 2277 3231 2345 prmsertim
3273 2293 3397 2334 cum

111 2368 207 2441 (de
238 2367 531 2423 Philastrio
576 2361 857 2435 loquitur)
912 2378 1015 2415 non
1055 2361 1225 2415 solum
1253 2367 1431 2414 contra
1465 2358 1691 2413 Gentiles
1792 2358 2160 2417 obsistendum
2209 2367 2359 2417 esset
2403 2362 2674 2418 Auxentio
2714 2364 2921 2421 Ariano
2958 2367 3253 2438 episcopo,
3309 2370 3401 2440 qui

112 2473 152 2519 et
177 2462 399 2529 Juda’os,
427 2476 609 2515 verum
639 2458 787 2513 etiam
817 2465 996 2510 contra
1026 2454 1242 2508 haereses
1270 2468 1466 2520 omnes,
1499 2463 1545 2506 et
1575 2467 1689 2505 ma-
1794 2455 2055 2527 Dionysio
2102 2470 2133 2509 e
2181 2453 2574 2511 Mcdiolanensi
2604 2455 2734 2513 sede
2775 2458 3068 2514 exturbato
3094 2458 3177 2534 (ι),
3206 2461 3406 2519 Valen—

110 2558 231 2612 xime
254 2565 429 2610 contra
456 2554 714 2623 furentem
741 2566 799 2604 eo
828 2558 1053 2618 tempore
1092 2546 1341 2600 Arianam
1385 2545 1694 2615 perﬁdiam;
1797 2547 1985 2603 tiniani
2034 2547 2379 2616 imperatoris
2444 2548 2769 2605 auctoritate
2837 2549 3007 2607 fretus
3050 2553 3212 2623 (eum
3256 2556 3403 2611 enim

116 2659 240 2703 tanto
267 2646 413 2702 Fidei
459 2647 638 2718 vigore
674 2642 942 2715 pugnavit,
973 2650 1026 2695 ut
1074 2639 1227 2694 etiam
1248 2638 1535 2693 verberibus
1575 2638 1697 2693 sub—
1798 2642 2075 2699 fraudibus
2106 2643 2251 2707 suis,
2281 2641 2603 2714 technisque
2631 2643 2965 2718 deceperat)
2998 2647 3134 2703 nihil
3167 2663 3273 2705 non
3306 2664 3406 2706 au-

117 2742 332 2807 deretur,
374 2749 419 2794 et
444 2740 503 2793 in
533 2752 745 2809 corpore
761 2752 854 2790 suo
876 2734 1116 2805 stigmata
1142 2724 1351 2786 Domini
1378 2733 1540 2786 nostri
1567 2730 1697 2785 .lesu
1802 2737 1984 2803 debat,
2023 2735 2161 2792 nihil
2194 2751 2301 2792 non
2343 2736 2665 2803 obtinebat;
2702 2737 2908 2794 Hilario
2960 2740 3100 2810 ipso,
3148 2755 3248 2797 ceu
3288 2751 3407 2799 ιυιε.

118 2836 286 2890 Christi
308 2843 556 2907 portaret.
581 2831 718 2886 Nam
739 2839 786 2884 et
815 2830 871 2883 in
904 2826 1286 2882 Mediolanensi
1332 2826 1456 2880 urbe
1485 2825 1699 2880 idoneus
1802 2832 2028 2898 barum,
2067 2838 2123 2886 et
2148 2829 2547 2885 discordiarum
2597 2839 2849 2898 auctore,
2902 2832 3206 2889 Mediolano
3256 2836 3410 2894 abire

117 2930 225 2984 olim
246 2940 410 2983 custos
433 2924 695 2981 Dominiri
716 2912 883 2994 gregis
902 2921 1021 2993 fuit,
1053 2920 1249 2972 Ariano
1277 2935 1572 3005 repugnans
1594 2919 1701 2971 Au—
1800 2924 1956 2994 jusso
2005 2924 2124 2993 (ut).
2175 2922 2397 2977 Accedit
2444 2922 2588 2993 quod
2636 2922 2821 2978 caeteri
2854 2938 3073 2994 qucque
3118 2924 3412 2986 Catholica;

117 3023 292 3086 mentio,
319 3022 624 3090 priusquam
644 3006 819 3070 beatus
847 3013 1123 3084 eligeretur
1144 3010 1440 3066 Ambrosius
1460 3009 1553 3082 (e).
1577 3010 1703 3066 llaec
1807 3030 1985 3072 cause
2022 3016 2257 3087 patroni,
2287 3014 2612 3086 quibuscum
2655 3013 2933 3071 Auxentio
2977 3018 3215 3075 maxime
3246 3035 3415 3091 nego-

121 3115 433 3171 Gaudentius
479 3113 553 3168 de
583 3108 898 3173 Philastrio,
941 3104 1351 3176 qualuordecim
1394 3119 1597 3169 annos,
1646 3111 1705 3158 ut
1735 3168 1776 3183 _
1813 3113 1945 3166 tium
1995 3112 2128 3177 fuit,
2175 3109 2469 3182 episcopali
2512 3118 2670 3165 erant
2718 3125 2943 3166 munere
2988 3110 3258 3183 insignes;
3309 3114 3416 3170 Eu-

123 3207 226 3276 ipse
251 3207 355 3271 ait,
387 3212 514 3276 post
543 3204 661 3273 ejus
689 3200 920 3259 obitum,
950 3196 1206 3252 Brixiano
1234 3196 1436 3267 populo
1459 3211 1702 3252 commc-
1730 3168 1777 3230 δ

122 3297 376 3362 morabat;
400 3311 463 3351 ac
485 3292 719 3366 proinde
750 3292 814 3345 Α.
845 3290 906 3344 C.
933 3288 1035 3344 401
1060 3289 1104 3343 Si
1144 3288 1417 3343 Philastrii
1446 3290 1705 3359 κοίμησις,

125 3398 173 3445 et
233 3385 517 3444 Gaudentii
561 3383 869 3446 successio,
929 3397 993 3436 ex
1044 3381 1319 3436 communi
1370 3379 1707 3451 Scriptorum

125 3482 319 3536 calculo
345 3479 667 3535 conferatur
689 3477 742 3531 in
775 3490 975 3529 annum
1000 3474 1127 3542 587,
1154 3482 1210 3528 ut
1237 3472 1502 3543 plerique,
1536 3488 1604 3527 ne
1625 3473 1712 3529 di-

127 3590 230 3629 cam
252 3574 359 3631 ferc
383 3587 599 3637 omnes,
627 3571 859 3636 faciunt;
886 3569 1140 3641 quamvis
1167 3568 1384 3623 Samuel
1416 3567 1715 3639 Basnagius

128 3668 653 3725 Flottc-llanuillazus
668 3663 940 3720 Philastrii
958 3670 1186 3718 mortem
1204 3676 1346 3716 anno
1365 3662 1470 3717 536
1483 3660 1719 3716 collocet

130 3762 211 3834 (Ι),
228 3779 330 3833 quo
352 3764 403 3817 in
438 3762 562 3817 loco
586 3757 905 3831 prmclarum
929 3757 1091 3812 etiam
1121 3755 1407 3812 Gaudentii
1428 3755 1491 3811 de
1512 3754 1718 3810 Philas—

133 3858 226 3911 trio
246 3856 472 3929 elogium
497 3833 798 3918 Annalibus
820 3853 930 3907 suis
953 3842 1254 3922 consignat.
1282 3850 1421 3905 A‘nte
1447 3848 1722 3905 Ambrosii

132 3951 540 4022 assumptioncin
567 3947 632 4003 ad
654 3946 1111 4003 Mc’diolanensem
1159 3944 1509 4011 cathedram,
1544 3943 1726 3998 Phila-

134 4045 241 4099 strii
280 4045 583 4101 certamina
631 4041 919 4098 statuenda
950 4055 1074 4096 esse
1101 4081 1115 4104 ,
1145 4039 1431 4096 Gaudentii
1481 4038 1728 4093 testimo-

136 4137 270 4193 nium
300 4154 431 4194 sane
478 4136 721 4201 evincit;
755 4149 923 4206 quare
965 4133 1231 4188 Baronius
1275 4148 1336 4188 ea
1367 4141 1616 4188 recenset
1660 4130 1727 4185 ad

136 4232 196 4285 Α.
227 4231 283 4286 C.
312 4232 413 4288 566
448 4232 547 4303 (g),
585 4229 802 4300 quando
822 4242 1019 4297 nempe
1045 4224 1300 4282 Auxentii
1333 4225 1494 4291 dolis,
1526 4223 1731 4278 Hilario

141 4322 447 4379 Pictaviensi
497 4324 758 4392 episcopo
790 4320 1094 4376 Mediolano
1138 4317 1424 4374 discedere
1448 4316 1734 4387 compulso

1811 3204 1995 3259 sebius
2038 3219 2235 3272 nempe
2282 3201 2646 3260 Vercellensis
2694 3201 2928 3272 priesul,
2961 3202 3193 3261 llilarius
3239 3204 3417 3261 Picta-

1810 3298 2041 3363 viensis,
2074 3308 2126 3352 et
2158 3296 2425 3368 Evagrins
2455 3294 2830 3350 Antiochenus
2853 3338 2867 3363 ,
2892 3296 3057 3365 'quem
3103 3298 3230 3354 licet
3271 3299 3419 3370 quis-

1816 3407 1940 3447 nam
1967 3400 2148 3455 esset,
2184 3390 2439 3461 ignorare
2481 3402 2540 3444 se
2588 3388 2825 3444 fateatur
2855 3389 3126 3448 Baronius
3155 3391 3237 3465 (η)
3266 3434 3281 3460 ,
3311 3393 3423 3449 An-

1818 3483 2132 3539 tioehenum
2165 3491 2344 3537 tamen
2370 3483 2686 3551 episcopum
2722 3482 2912 3550 fuisse,
2947 3485 3236 3554 perspicue
3262 3484 3426 3541 docet

1821 3575 2015 3646 Pagins
2066 3573 2164 3646 (ο).
2201 3573 2380 3629 Verba
2427 3575 2553 3628 item
2598 3572 2891 3629 Gaudentii
2919 3614 2933 3641 ,
2970 3574 3169 3646 quibus
3217 3576 3427 3633 Philas-

1822 3669 1958 3723 trius
2008 3666 2206 3721 dicitur
2255 3667 2309 3721 in
2358 3664 2738 3722 Mediolanensi
2787 3667 2912 3722 urbe
2960 3683 3183 3726 mouens
3224 3686 3430 3729 cusros

1824 3776 2061 3817 nonnum
2090 3776 2278 3816 GREGIS
2300 3803 2314 3827 ,
2354 3760 2669 3830 episcopum
2713 3773 2905 3830 aperte
2942 3764 3275 3832 ostendunt,
3306 3782 3429 3822 cum

1827 3852 2043 3909 nonnisi
2091 3852 2364 3923 episcopis
2403 3854 2590 3923 populi
2622 3854 2872 3908 custodia
2919 3857 3243 3925 mandetur,
3290 3859 3435 3929 iique

1829 3944 2131 4008 dumtaxat,
2165 3943 2338 3997 idonei
2365 3941 2625 3998 Dominici
2649 3946 2818 4017 gregis
2843 3947 3079 4002 custodes
3110 3949 3290 4004 vocari
3317 3964 3438 4020 pos-

1831 4037 1962 4091 sint.
1994 4033 2185 4104 Ncque
2215 4034 2264 4089 id
2308 4050 2531 4090 movere
2574 4049 2672 4090 nos
2715 4035 2917 4102 debet,
2962 4037 3105 4107 quod
3153 4038 3434 4111 indignum

1833 4128 2105 4197 Episcopo
2175 4126 2457 4191 videatur,
2521 4126 2753 4197 ﬂagellis
2791 4143 2854 4180 ac
2899 4130 3194 4185 verberibus
3241 4134 3437 4202 subdi;

1836 4236 1959 4277 nam
1987 4219 2182 4275 eodem
2213 4218 2374 4274 modo
2403 4217 2719 4274 mulctatum
2749 4220 3042 4275 Eusebium
3069 4238 3282 4295 quoque
3308 4226 3443 4282 Ver-

1839 4316 2132 4372 cellensem
2156 4315 2475 4384 episcopum
2512 4314 2616 4369 sub
2646 4313 2973 4370 Constantio
3003 4315 3335 4388 imperatore
3373 4320 3444 4376 ab

146 4415 296 4487 (quod
321 4433 468 4471 anno
495 4415 604 4471 565
626 4412 922 4485 contigisse
952 4422 1102 4469 recte
1125 4411 1514 4467 animadvertit
1540 4410 1737 4481 Pagius

1841 4410 2061 4466 Arianis
2089 4410 2316 4479 legimus
2365 4408 2417 4463 in
2450 4422 2614 4463 causa
2657 4408 2982 4476 Athanasii;
3027 4410 3189 4482 idque
3218 4428 3319 4469 nos
3349 4413 3447 4470 do-

145 4502 245 4577 (Ιι),
281 4517 402 4579 post
427 4509 547 4579 ejus
574 4506 871 4563 discessum
898 4506 1227 4562 remansisse
1257 4505 1605 4560 Philastrium
1631 4504 1740 4560 Me—
1771 4537 1826 4598 Β
1850 4514 1973 4560 cent
2007 4502 2134 4557 Acta
2159 4501 2437 4573 passionis,
2467 4516 2557 4555 seu
2591 4500 2723 4556 Vita:
2742 4502 2806 4557 S.
2834 4499 3042 4557 Eusebii
3068 4505 3292 4578 episcopi
3321 4505 3452 4563 Ver-

148 4598 336 4655 diolani
360 4642 375 4666 ,
405 4611 466 4656 ut
508 4615 729 4672 quoquo
760 4599 922 4655 modo
957 4606 1164 4669 posset,
1198 4598 1539 4654 Catholicam
1573 4612 1743 4667 popu-

146 4693 248 4749 lum
293 4696 512 4752 iidelem
562 4695 615 4750 in
666 4693 851 4750 officio
896 4694 1239 4758 contineret,
1290 4693 1431 4749 idem
1476 4693 1743 4748 Baronius

146 4785 362 4855 conjicit
387 4786 476 4859 (i).
509 4788 699 4857 Itaque
739 4801 862 4842 cum
901 4786 1175 4842 Ambrosii
1225 4785 1425 4841 eleCtio
1459 4786 1511 4840 in
1544 4801 1745 4841 annum

153 4876 347 4934 incidat
373 4879 482 4935 574
509 4880 603 4953 (j),
635 4879 760 4934 hinc
788 4879 834 4934 si
864 4879 1083 4934 Barouii
1115 4878 1430 4949 conjectura
1462 4879 1745 4950 probetur,

149 4971 302 5041 plane
351 4974 728 5044 consequitur,
759 4973 1024 5030 Ecclesiae
1057 4969 1479 5031 Mediolanensis
1519 4976 1747 5030 tutelam

151 5077 210 5118 ac
238 5063 634 5134 defensionem,
664 5068 805 5123 intra
846 5065 901 5121 id
946 5066 1291 5133 decennium,
1321 5067 1464 5138 quod
1502 5069 1571 5125 ab
1600 5084 1746 5125 anno

152 5154 272 5223 565,
304 5157 371 5212 ad
400 5174 601 5214 animm
630 5158 761 5226 574,
788 5145 1424 5227 ἱιιιεινεθᾱίι,ῬΙιὶΙιιειτίο
1452 5176 1576 5218 esse
1607 5166 1743 5220 assi—

220 5273 296 5345 (a)
324 5277 506 5334 Serm.
535 5281 602 5336 de
631 5281 822 5338 transl.
846 5280 1126 5337 Philastrii
1150 5281 1240 5352 qui
1258 5280 1491 5338 habetur
1521 5299 1573 5354 p.
1604 5287 1732 5344 587.

234 5346 309 5405 (bl
351 5350 482 5405 Patr.
504 5352 629 5405 577.
899 5399 902 5402 .

234 5346 309 5420 (b)
351 5350 482 5421 Pag.
504 5352 629 5408 577.
899 5399 902 5402 .
1166 5346 1179 5352 ’
1521 5346 1536 5354 ’

166 5430 174 5436 ·
224 5420 297 5566 ξε)
328 5421 490 5478 Tom.
523 5424 609 5489 ιν,
640 5424 756 5481 Ital.
794 5424 916 5483 Sac.
944 5425 1050 5482 col.
1082 5424 1187 5481 52⁵5
1216 5423 1349 5481 edit.
1383 5425 1624 5485 Venetae.

252 5491 306 5566 dp)
336 5492 470 5566 Pag.
508 5496 627 5553 176.

230 5491 306 5566 (d)
336 5492 470 5564 Pag.
508 5496 627 5553 176.

230 5563 300 5642 (e)
330 5563 611 5642 _S_crm._dc
642 5570 754 5625 vita
785 5578 840 5642 et
866 5568 1030 5642 obitu
1045 5568 1185 5642 beati
1219 5568 1515 5642 Philastrii,
1544 5589 1598 5642 p.
1629 5573 1758 5629 572.

233 5635 492 5712 ([λΤοιιι.
523 5638 625 5706 ill,
657 5641 852 5697 Annal.
888 5657 941 5712 p.
975 5640 1112 5707 106,
1147 5657 1201 5695 ιι.
1234 5640 1320 5697 10.
1356 5635 1674 5700 νίἀὰἴιιῖτει
1708 5647 1765 5700 in

165 5707 261 5765 hac
293 5707 452 5762 Praei.
489 5725 540 5763 n.
565 5712 617 5767 9.

231 5778 307 5852 (g)
335 5778 499 5852 l‘jum.
529 5783 618 5839 9.7.

238 5850 317 5926 (It)
341 5850 481 5908 Crit.
510 5857 575 5911 ad
596 5858 663 5913 A.
693 5857 819 5925 569,
846 5876 898 5915 ιι.
929 5862 975 5913 2.

1851 4596 2085 4652 Cellensis
2110 4638 2124 4661 ,
2159 4610 2278 4665 qua:
2323 4610 2390 4650 ex
2444 4594 2819 4650 vetustissimo
2848 4594 2973 4650 cod.
3009 4612 3112 4651 ms.
3137 4596 3455 4656 Monasterii

1848 4690 2210 4746 Nonantnlani
2255 4688 2481 4758 protulit
2510 4688 2772 4759 Ughellus
2812 4689 2867 4743 in
2910 4691 3185 4761 episc0pis
3232 4689 3455 4749 Vercel-

1849 4785 2087 4841 lensibus
2120 4781 2224 4856 (ρ),
2259 4782 2311 4837 in
2341 4781 2539 4853 quibus
2562 4780 2681 4837 haec
2715 4780 2986 4837 habentur
3028 4780 3105 4855 (q)
3135 4801 3147 4836 :
3181 4783 3457 4841 Currentes

1851 4888 2020 4934 autem
2051 4877 2232 4931 Ariani
2263 4879 2625 4932 abstraxerunt
2653 4892 2786 4942 eum,
2823 4877 3076 4948 rapiendo
3108 4878 3311 4935 beatum
3346 4879 3460 4935 Eu-

1853 4976 2049 5032 sebium
2076 4974 2139 5027 de
2174 4971 2433 5026 consortio
2455 4973 2841 5040 episcoporum,
2871 4972 3172 5043 fortiterque
3198 4991 3313 5028 eum
3344 4992 3460 5030 rer-

1855 5067 2058 5126 beribus
2103 5065 2454 5138 ﬂagellantes,
2484 5063 2783 5118 semivivum
2808 5064 3168 5135 reliquerunt;
3208 5076 3264 5123 et
3300 5068 3465 5139 paulo

1852 5172 1977 5237 post
2010 5182 2023 5216 :
2057 5160 2191 5215 Item
2238 5157 2532 5214 uerberibus
2573 5174 2760 5214 caesum
2805 5158 3229 5233 interrogabant,
3269 5162 3313 5217 si
3356 5163 3468 5233 iam

1941 5285 2008 5358 (ἱ)
2039 5283 2107 5358 ᾼ.
2138 5281 2268 5358 369,
2297 5299 2364 5358 [ιἑ
2382 5280 2483 5358 _27.
2552 5352 2573 5358 Δ
2693 5355 2706 5358 _
2728 5353 2744 5358 Α
2782 5332 2792 5339 .

2199 5353 2426 5482 ἒῆἕιπ,
2448 5370 2514 5417 ,η.
2546 5352 2580 5411 9
2604 5362 2662 5411 et
2686 5353 2775 5412 10.

1933 5420 2011 5502 (Ic)
2043 5428 2169 5498 Pag.
2203 5426 2329 5482 578.
2412 5420 2421 5424 ⁷

1937 5500 2002 5571 (ι)
2027 5501 2148 5571 Bar.
2181 5497 2496 5571 Α.ί555,ᾼιι.
2530 5498 2740 5571 17η19,
2769 5498 2861 5555 50.

1970 5569 2039 5641 ιιι)
2072 5570 2216 5637 Idem
2239 5570 2306 5625 A.
2333 5569 2459 5626 569.
2493 5586 2549 5625 n.
2586 5569 2674 5625 19.

1871 5689 1877 5695 .
1944 5641 2020 5714 (η)
2048 5642 2211 5714 lbid.,
2241 5657 2296 5714 ιι.
2325 5641 2417 5714 28.

1975 5709 2025 5782 θ’)
2056 5713 2188 5767 Crit.
2222 5713 2286 5765 ad
2323 5713 2384 5767 A.
2417 5712 2543 5767 530.
2581 5728 2631 5763 ιι.
2663 5709 2695 5763 9
2725 5717 2780 5761 et
2811 5709 2897 5764 10.

1977 5777 2030 5855 p)
2055 5786 2208 5837 'l‘om.
2241 5783 2600 5855 lV_llal_._Sac.
2630 5782 2736 5838 col.
2769 5783 2891 5849 740,
2922 5777 3052 5835 edit.
3088 5777 3222 5837 Vell.

1973 5853 2025 5928 ιι)
2054 5855 2213 5924 Ibid.,
2244 5853 2348 5911 col.
2379 5853 2502 5909 756.
