3992 6204
101 243 261 305 1061

101 452 599 522 Metmpolitarum
652 451 706 507 in
751 448 1014 522 synodis;
1069 444 1299 518 proinde
1345 463 1417 506 ex
1484 448 1551 505 iis
1600 447 1736 503 nihil

103 546 261 600 certi
315 544 431 599 erui
481 558 641 613 posse
665 583 681 607 ,
711 543 755 596 si
790 557 974 599 earnm
1006 540 1143 597 Acta
1190 541 1335 603 edita
1362 540 1734 599 consolantur.

104 637 239 692 lloc
294 647 477 693 autem
522 635 575 691 in
627 634 923 690 Tractoriis
969 633 1134 689 etiam
1186 633 1434 703 epistolis
1466 648 1738 691 nonnum-

104 743 292 799 quam
328 724 630 783 obtinuisse
657 769 670 793 ,
704 736 762 782 ut
802 726 1042 796 cpisc0pi
1073 725 1389 796 perturbato
1433 725 1623 781 ordine
1648 725 1740 781 iis-

106 821 250 877 dem
287 820 745 885 inscriberentur,
780 818 943 874 docet
990 832 1088 872 nos
1116 819 1441 889 Augustinus
1475 835 1556 889 cp.
1587 819 1692 874 217
1719 859 1733 884 ,

106 914 214 969 ubi
251 913 341 967 his
386 912 565 968 verbis
596 927 717 966 cum
750 911 1031 966 Victorino
1071 915 1328 982 episcopo
1365 910 1432 966 de
1458 910 1649 967 eadem
1679 925 1738 965 re

109 1007 534 1078 conqueritur:
578 1004 780 1060 Deinde
829 1003 895 1057 ad
932 1004 1074 1074 ipsos
1119 1002 1379 1058 Numidas
1417 1004 1490 1058 ita
1537 1013 1739 1075 pertur—

113 1100 284 1163 bato,
334 1108 381 1154 et
414 1098 640 1169 neglecto
682 1097 862 1152 ordine
903 1097 1187 1168 scriptum,
1239 1106 1295 1150 ut
1342 1111 1525 1150 nomen
1570 1108 1739 1150 meum

108 1195 282 1249 tertio
315 1194 426 1248 loco
462 1189 763 1258 invenerim,
792 1190 880 1261 qui
906 1190 1022 1245 novi
1052 1206 1205 1260 quam
1233 1197 1351 1261 post
1384 1189 1573 1245 multos
1598 1189 1737 1261 epis-

113 1304 297 1359 cOpus
325 1287 496 1356 {actus
525 1301 659 1351 sunt,
690 1298 806 1352 quia
832 1299 914 1339 res
943 1292 991 1338 et
1023 1282 1142 1338 aliis
1170 1281 1428 1354 injuriosa
1464 1291 1539 1338 est
1579 1281 1737 1348 satis,

116 1390 170 1435 et
204 1378 342 1435 mihi
368 1377 645 1437 invidiosa.
900 1370 903 1371 ⁷

200 1472 259 1526 6.
309 1470 378 1527 Ut
422 1478 603 1523 autem
659 1483 779 1538 quae
836 1468 904 1523 de
960 1466 1302 1539 Aqttilciensi
1345 1464 1626 1532 concilio,
1683 1473 1741 1520 et

116 1564 523 1633 episcoporum
582 1558 896 1616 nominibus
946 1558 1022 1613 ibi
1063 1558 1357 1629 descriptis
1386 1600 1401 1624 ,
1460 1558 1741 1628 hucusque

116 1657 275 1712 dicta
327 1665 474 1722 sunt,
521 1654 754 1710 clariora
786 1652 964 1709 adhuc
1011 1652 1179 1718 tiant;
1212 1651 1387 1706 visum
1429 1659 1514 1709 est
1570 1648 1742 1719 ipsius

1339 242 1401 297 Ρ.
1443 230 1799 303 GALEARDl
1838 232 2221 305 ramento.

98 359 626 430 subscriptionibus
657 373 762 419 non
791 358 968 415 solum
1002 356 1409 429 episcoporum,
1438 357 1537 413 se'l
1564 357 1729 413 etiam
1759 358 1809 421 Α

3302 239 3441 301 1062

1911 357 2062 412 llunc
2089 362 2429 426 postremum
2481 354 2525 410 si
2577 354 2788 421 demas,
2819 355 2907 427 qui
2959 369 3066 412 non
3114 355 3442 427 episcopus,

1839 451 1935 507 sed
1964 449 2231 523 presbyter
2252 448 2475 515 dicitur,
2509 448 2584 503 uti
2616 457 2671 503 et
2696 444 2977 520 Evagrium
2998 492 3011 515 ,
3032 448 3121 520 qni
3156 448 3447 518 vigesimns

1840 544 2065 615 quintus
2115 558 2342 599 numero
2379 542 2644 614 presbyter
2689 551 2736 596 et
2779 540 2976 613 legatus
2997 540 3320 611 appellatur,
3356 554 3445 595 re-

1840 643 2066 693 manent
2093 636 2335 705 episcopi
2369 635 2598 707 trigenta
2634 644 2774 700 tres;
2802 634 3053 702 quamvis
3083 633 3134 686 in
3170 634 3287 703 ipso
3313 646 3444 687 eon-

1840 731 1951 787 cilii
1982 731 2168 787 limine
2227 746 2506 801 perperam
2566 728 2899 799 trigintadno
2942 728 3110 784 luisse
3154 727 3441 783 dicantur:

1844 820 1909 877 In
1931 839 2029 893 quo
2059 839 2091 876 α
2122 823 2344 897 trigenta
2376 818 2574 876 duobus
2609 820 2785 887 Italis,
2820 818 3009 885 Gallis,
3043 829 3090 874 et
3120 817 3451 873 Pannonicis

1841 913 2121 983 epist-apis,
2155 912 2497 984 prtesentibns
2526 911 2802 968 Gallorunt
2822 954 2836 979 ,
2860 919 2908 966 et
2940 909 3192 984 Afrorum
3223 911 3408 982 legatis
3430 952 3444 977 ,

1843 1005 2125 1061 Palladius
2146 1018 2193 1062 et
2221 1007 2590 1063 Secundianus
2618 1006 2847 1079 episcopi
2894 1004 3099 1072 Ariani,
3127 1020 3242 1060 cum
3273 1003 3449 1058 Attalo

1841 1099 2069 1170 quodam
2084 1099 2383 1172 presbytero
2397 1097 2867 1154 damnanturﬂcec
2884 1113 3051 1170 porro
3068 1097 3279 1153 numeri
3296 1104 3444 1163 nota,

1842 1191 2142 1261 depravate
2204 1191 2360 1247 initio
2419 1191 2636 1249 concilii
2693 1190 2918 1265 praeﬁxa
2952 1233 2966 1258 ,
3037 1186 3230 1247 fefellit
3284 1189 3450 1244 Baro-

1846 1283 1997 1339 nium
2019 1280 2120 1357 (b),
2150 1296 2203 1338 et
2237 1280 2561 1355 Basnagium
2591 1282 2664 1356 (c)
2694 1299 2912 1355 quoque
2932 1325 2948 1351 ,
2992 1284 3191 1352 quibus
3227 1281 3449 1355 triginta

1843 1374 1953 1430 duo
1981 1383 2190 1430 tantum
2221 1376 2463 1449 episcopi
2485 1384 2879 1443 numerantur;
2914 1382 2971 1432 et
3008 1375 3226 1447 quidem
3262 1376 3449 1447 trigin-

1845 1464 2009 1521 tatluo
2038 1474 2249 1522 tantum
2277 1474 2547 1539 apparent
2576 1468 2740 1523 etiam
2773 1467 2928 1524 initio
2981 1469 3238 1523 Actorum
3259 1510 3273 1533 ,
3306 1467 3448 1538 quod

1846 1574 1971 1614 mox
1996 1558 2304 1624 subtlimus,
2335 1558 2428 1615 sed
2461 1559 2532 1615 ibi
2578 1559 2863 1617 addendos
2912 1569 2994 1616 est
3037 1558 3283 1615 Eventius
3322 1558 3447 1615 Citi-

1845 1654 2062 1721 niensis,
2095 1667 2193 1709 seu
2230 1652 2539 1709 Ticiniensis
2581 1654 2682 1726 (ά),
2709 1655 2800 1726 qui
2846 1654 3117 1709 laterculo
3158 1655 3448 1724 episcopo-

120 1749 357 1805 concilii
409 1748 620 1802 initium
660 1745 835 1801 oculis
866 1744 1137 1814 subjicere
1164 1785 1178 1808 ,
1212 1758 1278 1800 ex
1317 1756 1426 1815 quo
1453 1742 1743 1812 unusquis-
1771 1762 1821 1821 Β
1848 1762 1965 1800 rum
1999 1747 2294 1816 inscriptus
2351 1744 2582 1801 habetur
2635 1762 2865 1801 numero
2907 1746 3155 1802 decimus
3201 1754 3449 1800 octavus.

119 1858 265 1914 que,
303 1852 503 1911 quanta
537 1837 699 1895 fuerit
748 1837 1082 1909 perturbatio
1125 1837 1178 1892 iu
1231 1838 1610 1908 episcoporum
1647 1851 1741 1891 no-

118 1935 380 1992 minibus
435 1934 563 1989 huic
619 1933 856 1989 concilio
897 1930 1265 1997 ascribendis,
1313 1929 1528 1988 facilius
1576 1945 1606 1986 a
1656 1942 1743 1986 se-

119 2027 380 2097 metipso
402 2036 717 2097 cognoscat.

427 2158 807 2217 CONCILIUM
864 2157 1331 2228 AQUlLElENSE
1358 2159 1456 2229 (a),

360 2269 611 2310 ’I'EIPOBE
665 2268 857 2309 DAIASI
896 2268 1049 2311 PAPE
1096 2268 1112 2307 I
1162 2266 1539 2310 CRLEBMTUI.

367 2367 617 2441 Episcopi
637 2369 723 2437 qni
754 2367 876 2420 huic
906 2365 1138 2422 Concilio
1165 2365 1528 2436 interfuerunt.

221 2502 536 2559 Valerianus
564 2503 834 2572 episcopus
871 2500 1228 2573 Aquileiensis.

218 2596 529 2652 Ambrosius
558 2596 827 2666 episcopus
850 2586 1275 2649 Mediolanensis.

216 2690 478 2747 Eusebius
499 2690 774 2760 episcopus
803 2687 1169 2744 Bononiensis.

216 2789 493 2844 Lintenius
517 2787 790 2855 episwpus
826 2779 1184 2838 Vercellensis.

213 2882 493 2936 Armenius
522 2877 664 2952 (lege
680 2874 947 2949 Anemins)
976 2877 1249 2946 episc0pus
1277 2870 1583 2930 Sirmiensis
1608 2870 1746 2945 Illy-

129 2978 262 3034 rici.

220 3068 454 3125 Sabinus
483 3066 759 3136 episcopus
792 3061 1152 3118 Placentinus.

216 3163 586 3220 Abundantius
602 3162 874 3235 episcOpus
901 3156 1254 3213 Tridentinus.

219 3260 530 3317 PHILASTER
552 3258 828 3327 episc0pus
856 3252 1162 3309 Brixianus.

219 3352 555 3410 Constantius
582 3350 855 3421 episcopus
894 3348 1177 3402 Arausicus
1207 3341 1558 3420 (Arausicen).

221 3446 528 3502 Theodorus
570 3445 843 3516 episcOpus
891 3438 1260 3496 Octodorensis
1309 3436 1466 3511 (lege
1518 3434 1750 3492 Octodu-

138 3541 368 3611 rensis).

220 3633 515 3690 Domninus
546 3630 818 3702 episcOpus
844 3626 1380 3699 Gratianopolitanus.

223 3725 501 3780 Amantius
529 3724 803 3793 episcopus
830 3720 1111 3775 Niciensis.

225 3821 495 3877 Maximus
515 3820 788 3892 episcOpus
817 3814 1145 3870 Emonensis.

225 3919 527 3975 Basilianus
556 3916 653 3987 (al.
683 3912 994 3993 Bassianus)
1023 3913 1297 3984 episcOpus
1320 3907 1632 3964 Laudensis.

228 4012 490 4068 Proculus
517 4011 790 4080 episcopus
815 4005 1180 4063 Massiliensis.

225 4105 553 4162 Heliodorus
582 4103 856 4174 episcOpus
882 4100 1185 4156 Altinensis.

226 4197 387 4255 Felix
421 4198 697 4267 episcopus
717 4193 1010 4251 Judrensis.

227 4292 478 4349 Eventius
524 4292 797 4360 episcOpus
836 4287 1128 4344 Citiniensis
1160 4285 1274 4360 (al.
1309 4283 1601 4351 Tiniensis;
1630 4282 1758 4355 lege

149 4384 488 4443 Ticiniensis.

227 4477 621 4546 Exuperantius
646 4476 916 4547 episcOpus
939 4470 1298 4529 Dertonensis.

226 4571 485 4643 Diogenes
511 4574 784 4642 episcopus
810 4567 1116 4624 Genttensis.

230 4664 563 4720 Constantius
601 4663 880 4743 episcopus
930 4656 1310 4716 Sciscianensis
1348 4656 1545 4731 legatus
1575 4651 1760 4709 Gallo-

147 4775 216 4814 νη
227 4775 275 4812 ιη
284 4797 297 4812 .

226 4852 415 4908 Justus
439 4851 636 4923 legatus
664 4848 961 4905 Gallorum.

200 4948 391 5004 'Felia;
422 4947 621 5019 legatus
655 4944 923 5014 Afrorum.

231 5040 522 5099 Numidicis
549 5039 745 5109 legatus
771 5037 1036 5107 Afrorum.

231 5135 492 5207 Euagrius
525 5130 810 5204 presbyter,
843 5138 891 5181 et
915 5129 1134 5199 legatus.

231 5226 513 5291 Artemius,
542 5221 864 5284 Almacltius,
895 5216 1211 5283 Ianuarius,
1244 5210 1486 5279 Jovinns,
1521 5208 1765 5266 Macedo-

152 5325 298 5386 nius,
344 5318 648 5382 Cassianus,
709 5312 1018 5378 Marcellus,
1073 5306 1405 5373 Eustathius,
1464 5298 1756 5371 Maximus,

162 5409 501 5471 Chromatius
529 5407 814 5480 presbyter.

235 5534 312 5605 (a)
342 5531 499 5605 Tum.
527 5526 607 5605 Alll
648 5526 856 5605 Conci_l_.
912 5524 1044 5605 edit.
1069 5522 1279 5605 “Regia;
1320 5518 1482 5587 1644,
1514 5534 1567 5591 p.
1614 5514 1761 5584 386;

158 5593 308 5666 toth.’
332 5604 378 5659 ll
406 5601 610 5657 Labliei
642 5615 692 5669 ρ.
721 5595 881 5669 itus,
907 5596 1038 5653 edit.
1069 5593 1265 5653 Venet.

233 5678 311 5746 ts)
336 5676 403 5730 A.
433 5667 742 5746 38t_,__mim.
771 5667 857 5723 se.

234 5680 285 5746 (b
336 5678 403 5730 A.
433 5678 561 5737 58!,
594 5685 742 5723 num.
771 5678 857 5723 82.

234 5678 314 5823 (ei
341 5746 499 5823 10m.
534 5742 602 5798 ιιι
633 5744 771 5823 Amr.
806 5755 859 5823 p.
885 5736 1186 5823 82,

241 5804 325 5895 (ei)
351 5817 603 5887 Eumque
632 5804 879 5886 proiecto
906 5807 1111 5866 addidit
1140 5804 1429 5864 Fabricius
1457 5844 1471 5870 ,
1515 5804 1605 5862 ubi
1647 5818 1770 5875 pro-

1848 1840 2025 1898 Fuere
2054 1850 2231 1897 autem
2261 1856 2333 1897 ex
2378 1840 2483 1896 hoc
2535 1857 2765 1897 numero
2797 1857 2991 1897 omnes
3022 1842 3293 1914 cpiscOpi,
3326 1842 3457 1896 licet

1845 1931 2020 2002 Justo,
2055 1932 2243 2002 Felici,
2277 1928 2529 1989 Numidio
2551 1977 2566 2002 ,
2597 1934 2830 2006 aliisque
2867 1940 2992 2007 post
3035 1932 3319 2006 Evagrium
3360 1949 3451 1990 sc-

1845 2026 2161 2097 quentibus,
2195 2025 2412 2082 nomina
2456 2026 2667 2083 sedium
2719 2043 2825 2082 non
2854 2027 2965 2081 sint
3005 2027 3286 2096 apposita;
3325 2041 3448 2080 nam

1848 2118 2000 2174 initio
2048 2117 2331 2181 Actorum,
2392 2116 2484 2174 ubi
2540 2117 2721 2174 denuo
2772 2118 2993 2174 nomina
3053 2125 3447 2183 recensentur,

1847 2210 2065 2267 omissis
2120 2211 2347 2283 Evagrio
2394 2220 2450 2269 et
2497 2210 2797 2267 Chrontatio
2856 2210 3220 2285 presbyteris,
3255 2213 3307 2266 in
3341 2211 3451 2267 line

1846 2300 2061 2358 elenchi
2110 2302 2734 2359 dicitur:Januario....
2789 2302 3047 2371 Maximo,
3099 2303 3449 2371 Macedonio,

1849 2397 2121 2464 Cassiano,
2168 2394 2457 2465 Marcello,
2510 2404 2557 2452 ct
2610 2396 2890 2452 Eustathio
2959 2398 3236 2469 episcopis.
3287 2396 3457 2453 Recte

1849 2490 2014 2547 etiam
2045 2490 2300 2547 observat
2326 2486 2713 2547 Tillemontins
2748 2490 2852 2564 (e),
2888 2492 3106 2547 netnina
3146 2501 3454 2565 postremo-

1849 2601 1969 2647 rutn
1988 2600 2204 2650 novem,
2229 2584 2427 2657 quibus
2443 2601 2618 2657 neque
2640 2584 2899 2656 Episcopi
2928 2584 3120 2642 titulus
3141 2584 3454 2648 ascribitur,

1849 2691 1951 2733 nec
1978 2674 2123 2734 sedis
2143 2692 2339 2733 nomen
2361 2674 2674 2748 assignatur
2697 2694 2804 2732 non
2830 2677 3005 2734 solum
3023 2692 3146 2734 esse
3168 2678 3454 2748 episc0po-

1850 2785 1969 2824 tum
2003 2768 2316 2825 nominibus
2351 2768 2508 2825 initio
2536 2768 2801 2825 Actorum
2830 2771 3096 2840 permixta
3119 2812 3134 2838 ,
3167 2769 3262 2826 sed
3292 2769 3457 2824 etiam

1850 2865 1993 2923 inter
2043 2864 2329 2935 episcOpos
2372 2863 2763 2933 comprehendi
2795 2862 3040 2935 generali
3068 2864 3160 2919 illa
3190 2862 3453 2930 clausula,

1851 2967 2014 3029 atque
2055 2971 2220 3012 unum
2250 2971 2317 3011 ex
2360 2955 2426 3010 iis
2449 2954 2792 3023 Januarium,
2821 2955 2913 3010 ubi
2938 2956 3267 3011 sententiam
3301 2970 3453 3010 suam

1852 3050 2097 3122 profert,
2150 3048 2392 3120 episcopi
2463 3048 2616 3105 titulo
2673 3046 2949 3120 designari
3004 3046 3095 3122 (ο.
3143 3047 3459 3122 Sequuntur

1776 3146 1822 3210 C
1854 3145 1988 3200 Acta
2016 3141 2233 3198 concilii
2258 3141 2360 3198 ltoc
2392 3140 2555 3196 modo
2591 3158 2604 3195 :

1927 3241 2177 3315 Syagrio,
2223 3250 2273 3295 et
2306 3237 2565 3294 Eucherio
2598 3236 2721 3293 viris
2763 3236 3069 3292 clarissintis
3126 3237 3451 3303 consulibus,

1857 3337 2003 3391 nonis
2031 3334 2436 3407 Septembribus,
2469 3330 2718 3402 Aquileia:
2746 3331 2797 3385 in
2826 3329 3044 3387 ecclesia
3080 3331 3462 3388 considentibus

1857 3446 1975 3485 cum
1998 3428 2278 3499 episc0pis,
2308 3425 2718 3498 Aquileiensium
2742 3425 2967 3478 civitatis
3005 3422 3308 3487 Valeriano,
3338 3426 3461 3478 Ant-

1855 3522 2047 3591 brosio,
2075 3518 2319 3586 Eusebio,
2354 3514 2609 3581 Limenio,
2643 3519 2882 3585 Anemio,
2919 3516 3137 3584 Sabino,
3173 3518 3460 3573 Abundan-

1857 3617 1947 3680 tio,
1968 3610 2216 3680 Artemio,
2237 3611 2559 3677 Constantio,
2580 3610 2756 3677 Justo,
2780 3602 3102 3680 Patiss'rno,
3127 3611 3452 3678 Constantio,

1858 3704 2150 3771 Theodoro,
2199 3704 2495 3769 Almacltio,
2541 3700 2826 3769 Doutnino,
2875 3701 3138 3769 Amantio,
3202 3702 3460 3769 Maximo,

1860 3797 2056 3864 Felice,
2089 3796 2382 3866 Basiliano,
2425 3795 2703 3863 Numidia,
2733 3793 3016 3865 Januario,
3061 3793 3316 3864 Proculo,
3357 3796 3462 3853 Ile-

1860 3894 2089 3960 liodoro,
2129 3890 2339 3960 Jovino,
2394 3888 2590 3961 Felice,
2621 3888 3005 3962 Exuperantio,
3058 3889 3308 3963 Diogene,
3342 3890 3460 3945 Ma-

1860 3987 2026 4055 :cimo,
2062 3983 2396 4053 Macedonio,
2451 3982 2726 4053 Cassiano,
2781 3982 3058 4051 Marcello,
3093 3995 3141 4039 et
3187 3984 3463 4040 Eustatltio

1861 4079 2120 4150 episcOpis
2144 4094 2163 4134 :
2185 4077 2488 4132 Ambrosius
2518 4078 2789 4147 episc0pus
2819 4078 2970 4131 dixit.
3001 4076 3292 4148 llucusque
3320 4079 3465 4147 epis-

1861 4187 2120 4243 coporum
2160 4168 2385 4226 nomina
2422 4169 2580 4225 initio
2624 4171 2884 4224 Actorum
2924 4172 3230 4237 recensita;
3263 4186 3386 4242 qua:
3415 4172 3462 4228 si

1861 4265 2211 4322 conferantur
2240 4278 2360 4320 cum
2390 4260 2656 4319 laterculo
2677 4259 2809 4333 ipsis
2826 4259 2977 4318 Actis
3000 4263 3310 4334 praemisso,
3351 4271 3463 4319 διεισ-

1864 4360 1959 4415 tim
1990 4357 2279 4429 apparebit
2304 4372 2467 4428 quam
2506 4355 2822 4426 perturbate
2850 4353 2968 4412 haec
2999 4356 3221 4411 nomina
3253 4355 3464 4412 descri-

1865 4463 1952 4525 pta
1981 4452 2111 4522 sint,
2149 4461 2295 4509 tanta
2324 4460 2407 4507 est
2429 4459 2595 4522 atque
2624 4451 2745 4505 lalis
2771 4451 3052 4521 utriusque
3075 4449 3465 4521 descriptionis

1785 4552 1837 4613 Β
1865 4547 2256 4619 discrepantia,
2287 4551 2343 4603 et
2381 4543 2673 4601 dissensio.
2724 4544 2859 4600 Cum
2911 4547 3055 4601 enim
3098 4544 3152 4601 in
3197 4545 3463 4604 laterculo

1863 4651 2222 4713 postponatur
2250 4639 2550 4695 Pliilastrio
2578 4638 2913 4694 Constantius
2946 4636 3330 4705 Arausicanus,
3362 4639 3462 4695 de-

1863 4748 1973 4790 nuo
2003 4728 2159 4788 initio
2199 4732 2461 4788 Actorum
2494 4729 2829 4786 Constantius
2881 4744 2986 4786 una
3019 4746 3141 4786 eum
3185 4732 3339 4787 Justo
3368 4734 3459 4804 qui

1863 4825 1963 4883 fuit
1994 4825 2194 4897 legatus
2225 4821 2523 4890 Gallorum,
2556 4820 2854 4878 Pbilastrio
2880 4825 3253 4895 praeponitur;
3286 4825 3463 4898 iisque

1867 4921 2023 4991 pratit
2050 4917 2312 4975 Artemius
2341 4917 2532 4982 etiam,
2561 4917 2652 4989 qtti
2697 4917 2845 4975 sedis
2899 4919 3121 4975 nomine
3149 4927 3323 4988 caret,
3359 4937 3463 4977 nu-

1866 5023 2217 5085 meraturque
2235 5013 2287 5068 in
2309 5012 2576 5068 laterculo
2600 5021 2721 5082 post
2741 5009 3124 5080 Constantium,
3150 5024 3205 5070 et
3222 5014 3254 5070 .l
3264 5026 3460 5087 ustum,

1868 5107 2146 5165 nonnullis
2195 5106 2469 5177 episcopis
2518 5105 2844 5176 interiectis,
2917 5106 3110 5164 ordine
3166 5109 3463 5182 vigesimus

1868 5212 2075 5267 sextus,
2123 5200 2255 5255 licet
2303 5198 2462 5254 initio
2488 5200 2750 5255 Actorum
2792 5199 3004 5272 legatur
3034 5211 3282 5259 octavus.
3328 5205 3468 5261 itur-

1868 5311 1987 5351 sum
2016 5293 2200 5349 Justus
2231 5294 2322 5350 ille
2344 5294 2545 5365 legatus
2570 5292 2870 5360 Gallorum,
2900 5295 2989 5366 qui
3019 5296 3173 5352 initio
3202 5300 3462 5356 Aetorttm

1870 5392 2115 5449 decimus
2161 5404 2394 5447 numero
2429 5387 2720 5445 Philastrio
2752 5389 3049 5456 antecedit,
3101 5392 3153 5447 in
3202 5392 3465 5449 laterculo

1870 5517 1971 5570 fert
2016 5516 2178 5572 Gesta
2233 5516 2450 5572 concilii
2496 5514 2864 5588 Aquileiensis
2907 5516 2958 5570 in
3011 5511 3364 5572 Testimoniis
3397 5514 3463 5569 ad

1869 5588 2242 5643 Pliilastrium.

1945 5658 2018 5727 (ε)
2045 5658 2203 5714 Tom.
2236 5652 2283 5712 X
2312 5656 2419 5711 Vit.
2454 5656 2512 5711 S.
2550 5656 2840 5721 Ambrosii,
2872 5667 2921 5727 p.
2956 5654 3079 5710 129.

1945 5658 2018 5801 (e3
2045 5658 2203 5714 Tom.
2236 5658 2283 5712 X
2312 5658 2419 5711 Vit.
2454 5658 2512 5711 S.
2550 5658 2798 5713 Ambrosi

1945 5732 1993 5799 (f
2043 5729 2199 5786 Tom.
2225 5728 2270 5784 ll
2297 5728 2524 5794 Labbei,
2550 5742 2604 5797 p.
2640 5728 2798 5784 1176.
