3992 6204
179 298 307 354 1065

1342 295 1402 350 Ρ.
1446 294 1801 352 GALEARDI
1840 293 2230 357 ΡΒᾸΕΕΑΤΙΟ.

3311 305 3452 363 1066

170 415 374 487 publice
402 412 692 478 docuisse;
726 411 779 467 id
810 411 955 467 enim
984 411 1216 468 habetur
1251 420 1363 468 tum
1394 414 1448 468 in
1477 413 1751 469 Lectioni-
1777 416 1826 475 A
1857 412 2081 482 proprio
2129 411 2388 482 episcopo
2450 409 2748 475 caruerint,
2801 411 3162 470 Vercellensis
3236 430 3453 488 nempe,

171 509 266 564 hus
289 505 542 562 Breviarii
560 504 841 574 cujusdam
861 520 994 561 mss.
1020 506 1333 562 Monasterii
1355 506 1661 561 Monialium
1689 506 1748 562 S.

171 597 470 653 Catharinm
499 597 725 663 Brixiae,
756 605 890 652 tom.
923 597 993 653 Ν
1022 598 1121 654 SS.
1153 598 1299 654 Junii
1323 599 1513 654 relatis
1540 615 1594 669 p.
1621 599 1748 663 585,

174 699 278 745 tum
303 689 443 758 apud
487 688 804 744 Malvetium
837 690 892 744 in
922 688 1197 745 Chronico
1229 689 1328 761 (a),
1358 691 1485 746 dist.
1515 689 1574 754 4,
1607 705 1658 744 c.
1693 692 1746 744 5.

173 782 307 838 Idem
349 782 528 837 retulit
556 780 844 839 Ferrarius
884 783 938 837 in
979 782 1152 838 Catal.
1186 782 1284 839 SS.
1324 783 1492 838 italiae
1522 783 1589 838 18
1619 782 1752 838 Julii

175 879 252 933 his
279 877 488 933 verbis:
513 876 697 932 Romae
719 895 751 931 τι
779 877 1010 932 Damaso
1032 894 1171 947 papa
1196 877 1479 932 liberaliter
1508 886 1754 932 tractatus

173 969 363 1041 publice
390 968 606 1036 docuit;
638 984 826 1023 verum
858 983 983 1024 cum
1013 969 1079 1024 de
1106 968 1214 1024 hoc
1238 967 1575 1025 Gaudentius
1619 967 1757 1023 nihil

174 1074 384 1130 prorsus
412 1058 631 1128 habeat,
659 1060 845 1116 nescio
867 1075 1027 1130 quam
1051 1069 1168 1115 tuto
1199 1060 1247 1114 id
1271 1061 1443 1130 possit
1463 1059 1755 1126 affirmari;

172 1169 284 1208 cum
307 1154 610 1223 praesertim
632 1152 735 1208 sub
756 1153 987 1208 Damaso
1007 1152 1358 1208 Philastrium
1381 1152 1570 1209 Romae
1588 1153 1757 1208 fuisse

173 1261 274 1302 non
322 1244 460 1301 adeo
487 1244 562 1299 sit
604 1244 924 1310 verisimile,
974 1244 1072 1299 sed
1123 1245 1301 1324 potius
1343 1244 1488 1300 circa
1538 1244 1756 1299 Damasi

175 1347 434 1409 tempora,
473 1337 567 1408 qui
597 1336 791 1393 sedere
820 1338 985 1406 coepit
1014 1352 1160 1392 anno
1183 1338 1287 1394 567
1320 1337 1339 1407 (
1361 1335 1426 1408 b)
1470 1337 1614 1392 inter
1642 1352 1760 1392 cer-

178 1431 370 1486 tamina
401 1429 753 1492 Arianorum,
783 1427 1077 1483 Mediolani
1105 1468 1121 1495 ,
1160 1437 1221 1483 ut
1249 1428 1484 1483 vidimus
1509 1428 1607 1499 (c),
1637 1443 1758 1491 ver-

172 1531 393 1579 saretur.
412 1525 497 1577 An
524 1529 706 1577 autem
736 1520 955 1576 Nicaeno
977 1521 1217 1576 concilio
1267 1520 1465 1577 adesse
1495 1520 1757 1590 potuerit,

175 1613 308 1685 quod
328 1613 614 1669 Malvetius
635 1612 801 1668 tradit
827 1612 1031 1669 Chron.
1065 1612 1196 1668 dist.
1228 1614 1286 1678 4,
1327 1626 1449 1681 cap.
1474 1612 1530 1678 2,
1558 1623 1611 1666 et
1639 1618 1764 1681 post

175 1720 289 1762 eum
303 1703 604 1775 Capreolus
623 1706 660 1760 l.
685 1720 743 1760 ιιι
761 1703 899 1759 Hist.
924 1704 1098 1770 Brix.,
1125 1718 1230 1758 non
1257 1702 1533 1758 immerito
1553 1701 1764 1758 dubitat

1852 503 2224 569 Novarieusis,
2250 503 2656 572 Eporediensis,
2680 512 2737 558 et
2762 502 3118 564 Dertoncnsis
3137 507 3200 579 (h
3219 505 3239 578 )
3259 524 3273 574 ;
3297 510 3456 578 quin—

1853 597 1966 652 imo
1995 597 2062 652 ab
2093 612 2203 652 uno
2235 596 2536 664 eodemque
2565 597 2823 667 episcopo
2851 598 3039 668 plures
3067 602 3228 656 simul
3260 603 3453 659 Eccle-

1855 689 1965 744 sias
1993 703 2060 743 eo
2106 700 2350 760 tempore
2396 688 2824 756 administratas,
2872 690 3033 745 docet
3080 707 3178 746 nos
3210 695 3454 762 Epistola

1856 783 2086 854 plebibus
2141 781 2575 849 Vercellensibus,
2609 781 3041 850 Novariensibus,
3079 783 3457 858 Hipporegien-

1854 876 1995 931 sibus
2021 877 2039 946 (
2061 877 2178 947 lege
2210 876 2690 946 Eporediensibus)
2722 893 2812 930 nec
2843 893 2946 930 non
2981 879 3134 931 etiam
3171 875 3463 935 Dertonen-
3512 899 3524 909 ·

1857 967 2018 1034 sibus,
2047 967 2117 1022 ab
2142 967 2381 1022 Eusebio
2405 967 2740 1022 Vercellensi
2768 969 3022 1038 episcOpo
3065 969 3321 1039 inscripta
3348 973 3368 1040 (
3383 971 3459 1042 i).

1861 1059 1931 1114 At
1983 1074 2106 1114 cum
2167 1061 2221 1114 in
2275 1059 2587 1116 Sardicensi
2651 1061 2906 1127 concilio,
2963 1062 3107 1132 quod
3155 1079 3299 1120 anno
3353 1066 3458 1121 547

1859 1151 2198 1206 celebratum
2221 1161 2328 1215 est,
2357 1160 2564 1221 prostet
2587 1150 2676 1222 (j)
2702 1152 2846 1206 inter
2871 1152 3007 1207 alios
3030 1155 3248 1209 concilii
3273 1155 3465 1213 Patres

1859 1243 2186 1313 subscriptio
2212 1242 2450 1298 Brixiani
2477 1244 2720 1313 episcopi
2753 1243 2856 1299 hoc
2883 1244 3044 1315 modo
3081 1264 3092 1297 :
3135 1245 3380 1302 Ursacius
3401 1251 3464 1303 ab

1861 1338 2027 1392 Italia
2068 1338 2131 1392 de
2156 1336 2339 1391 Brixia
2369 1338 2388 1407 (
2415 1338 2556 1392 hunc
2586 1337 2758 1392 nostri
2811 1337 3109 1392 Ursicinum
3147 1339 3376 1411 dicunt)
3401 1358 3466 1398 ac

1860 1440 2128 1504 praeterea
2189 1432 2541 1502 Rampertus,
2571 1431 2768 1486 Brixiae
2812 1432 3123 1500 episcopus,
3166 1435 3258 1503 qui
3316 1451 3460 1491 nono

1862 1525 2066 1579 sarculo
2120 1524 2279 1590 vixit,
2313 1523 2532 1579 disertis
2562 1524 2746 1580 verbis
2792 1523 3144 1580 Philastrium
3192 1543 3464 1583 summust

1862 1615 2062 1670 Brixiae
2082 1615 2396 1685 episcOpum
2427 1614 2719 1687 vocetlk);
2750 1616 2974 1670 omnino
3004 1628 3223 1686 oportet
3247 1619 3462 1675 Brixia-

1863 1725 1989 1766 nam
2042 1709 2341 1765 Ecclesiam
2383 1709 2564 1778 plures
2596 1718 2723 1764 ante
2772 1708 3121 1765 Philastrium
3178 1711 3466 1783 episcopos

174 1794 446 1851 Ferrarius
479 1794 674 1850 eodem
703 1794 964 1864 Catalogo
989 1793 1192 1848 Annot.
1217 1792 1282 1848 ad
1314 1793 1456 1848 diem
1489 1792 1556 1848 18
1593 1791 1756 1859 Julii;

1871 1804 2140 1860 habuisse.
2174 1803 2330 1871 Quod
2367 1814 2576 1858 certum
2622 1813 2728 1871 est,
2776 1803 3053 1858 Philastrii
3099 1819 3219 1858 aevo
3253 1821 3466 1876 magna:

179 1903 295 1943 nam
353 1903 478 1942 cum
536 1887 812 1942 Nicatnum
868 1885 1157 1941 concilium
1207 1885 1539 1940 celebratum
1605 1885 1764 1940 fuerit

176 1997 312 2038 anno
340 1983 472 2049 325,
491 1981 542 2036 si
567 1983 620 2036 in
650 1995 717 2037 eo
747 1979 983 2036 sedisset
1040 1978 1390 2044 Philastrius,
1425 1978 1584 2032 valde
1609 1977 1766 2047 juve-

176 2092 289 2132 nem
319 2085 445 2132 tunc
475 2091 604 2133 eum
634 2074 804 2130 fuisse
840 2073 1084 2143 oportuit
1115 2071 1221 2144 (tl),
1246 2072 1339 2142 qui
1378 2081 1500 2141 post
1525 2071 1766 2140 integros

177 2183 267 2225 sex
291 2177 344 2225 et
369 2168 764 2239 quinquaginta
792 2179 991 2229 annos,
1030 2178 1176 2219 anno
1205 2163 1412 2219 scilicet
1453 2162 1583 2231 38l,
1617 2162 1770 2218 inve-

115 2247 136 2302 λ
179 2267 348 2320 niatur
375 2265 544 2321 etiam
569 2261 908 2332 Aquileiensi
943 2257 1176 2316 concilio
1201 2257 1539 2314 interfuisse.

242 2361 293 2417 8.
334 2359 632 2430 Postquam
682 2355 1010 2411 Philastrius
1049 2369 1142 2426 per
1169 2353 1310 2407 vicos
1336 2361 1386 2405 et
1434 2350 1650 2405 castella
1679 2349 1766 2403 di-

179 2469 433 2509 uersarum
479 2450 788 2522 prateriens
819 2448 1115 2521 regionum,
1162 2445 1240 2500 ait
1286 2442 1622 2500 Gaudentius
1667 2441 1766 2515 (e),

179 2549 457 2617 prtedicare
489 2544 699 2600 uerbum
726 2541 828 2597 Dei
856 2555 1138 2610 numquam
1162 2537 1355 2592 destitit
1381 2536 1556 2606 fidelis
1578 2533 1770 2588 Christi

179 2644 456 2716 discipulus
481 2660 502 2709 ;
532 2640 730 2696 Brixiae
759 2639 983 2694 tandem
1007 2636 1274 2702 conStitit,
1303 2644 1366 2689 ut
1388 2633 1596 2688 haberet
1620 2641 1678 2689 et
1715 2633 1770 2688 in

178 2737 274 2793 hac
299 2739 429 2793 urbe
448 2735 785 2807 Apostolicus
809 2733 889 2787 uir
915 2731 1140 2802 aliquem
1186 2732 1436 2801 fructum,
1468 2728 1604 2782 sicut
1647 2735 1692 2780 et
1715 2726 1772 2780 in

179 2830 363 2885 ueteris
392 2827 656 2902 gentibus.
688 2824 876 2896 Itaque
922 2823 1212 2893 episcopus
1250 2821 1365 2890 jam
1402 2819 1598 2885 iactus,
1643 2815 1771 2887 quid

179 2923 293 2978 urbi
314 2921 438 2977 huic
465 2919 803 2992 praestiterit,
832 2917 901 2972 ab
927 2916 1122 2972 eodem
1145 2913 1448 2970 Gaudentio
1465 2912 1768 2968 audiamus.

182 3015 303 3071 Post
349 3017 472 3072 illos
525 3015 792 3081 circuitus,
837 3013 1018 3083 inquit
1057 3010 1392 3067 Gaudentius
1435 3007 1536 3080 (Γ),
1567 3009 1774 3062 anima-

179 3127 289 3164 rum
330 3110 568 3181 plurium
597 3108 876 3173 salutares,
922 3103 1106 3159 Brixia
1131 3120 1248 3158 eum
1286 3101 1435 3156 rudis
1482 3101 1768 3172 quondam,

1865 1896 2045 1952 adhuc
2089 1895 2360 1950 idolorum
2399 1909 2463 1949 ac
2489 1893 2824 1950 Gentilitatis
2863 1895 3107 1965 reliquiae
3143 1895 3341 1952 Brixiae
3371 1915 3468 1954 ex-

1867 1988 2123 2052 stabant;
2156 1987 2361 2043 idcirco
2387 1986 2585 2054 saepius
2610 1995 2800 2042 contra
2829 2001 2926 2042 eos
2955 1987 3232 2042 invehitur
3269 1989 3470 2046 acriori

1867 2079 2011 2151 stylo
2045 2077 2155 2150 (l),
2186 2079 2273 2150 qui
2305 2078 2563 2132 damonia
2592 2078 2847 2144 colentes,
2879 2077 3128 2131 elementa
3168 2079 3468 2147 adorantes,

1867 2170 2083 2226 deorum
2111 2170 2424 2238 dearumque
2452 2169 2662 2224 nomina
2691 2178 2748 2221 ut
2780 2169 2973 2238 pagani
2998 2170 3466 2228 invocantes.......

1867 2263 2149 2317 multorum
2199 2262 2399 2316 animas
2443 2262 2714 2316 mendacio
2755 2277 2814 2314 ac
2844 2260 3106 2331 pecudiali
3151 2264 3472 2334 turpitudine

1872 2369 1973 2408 non
1998 2354 2242 2407 desinunt
2275 2354 2534 2423 captiuare
2557 2369 2576 2419 ;
2611 2361 2666 2408 et
2698 2351 2826 2408 alibi
2855 2352 2950 2424 (ιη)
2978 2368 2996 2406 :
3024 2351 3179 2407 Idola
3208 2355 3474 2409 hominum

1871 2447 2110 2501 voluntas
2155 2447 2377 2517 pessima
2419 2447 2501 2501 sui
2545 2446 2774 2511 sceleris,
2820 2454 2868 2500 et
2901 2447 3240 2518 turpitudinis
3283 2466 3471 2521 perpe-

1873 2536 2074 2592 tranda?
2098 2554 2254 2592 causa
2281 2538 2466 2592 maluit
2491 2537 2742 2601 invenire,
2787 2546 2842 2590 ut
2885 2537 3106 2592 colentes
3156 2555 3214 2592 ea
3253 2537 3472 2605 eiusam

1874 2627 2125 2700 operandi
2164 2630 2290 2683 mali
2339 2629 2535 2700 possint
2584 2627 2771 2682 habere
2819 2628 3101 2682 licentiam.
3142 2628 3261 2684 Non
3294 2630 3472 2686 solum

1873 2732 2056 2778 autem
2087 2720 2392 2786 Philastrii,
2425 2734 2619 2775 verum
2658 2728 2714 2773 et
2755 2718 3046 2774 Gaudeu‘tii
3092 2728 3341 2790 tempore
3383 2724 3478 2792 qui

1874 2815 2167 2870 Philastrio
2207 2811 2494 2877 successit,
2551 2809 2948 2880 frequentiores
2979 2810 3154 2866 adhuc
3206 2821 3363 2867 erant
3419 2815 3474 2868 in

1876 2907 1993 2978 ipsa
2026 2905 2162 2962 urbe
2203 2905 2387 2960 Brixia
2413 2913 2470 2959 et
2496 2903 2750 2958 Brixiano
2795 2918 2950 2972 agro,
2993 2903 3264 2959 idolorum
3297 2907 3475 2961 culto-

1877 3015 1999 3065 res;
2041 3012 2244 3068 eosque
2279 2995 2616 3052 Gaudentius
2657 2995 2775 3063 ipse
2802 3008 2908 3048 non
2959 3009 3067 3050 uno
3107 2996 3160 3050 in
3196 2997 3316 3051 loco
3345 3012 3472 3067 per-

1877 3091 2117 3160 stringit,
2157 3088 2459 3160 praesertim
2507 3086 2690 3140 Serm.
2724 3087 2812 3150 i5,
2840 3085 2932 3140 ubi
2982 3088 3100 3142 haec
3151 3087 3312 3143 habet
3345 3090 3466 3159 (n):

178 3200 262 3255 sed
287 3175 477 3271 cupida
515 3198 767 3253 doctrina:
807 3196 1093 3268 promeruit
1121 3210 1140 3249 :
1169 3194 1396 3249 scientia:
1422 3193 1631 3263 quidem
1659 3192 1764 3260 spi-
1795 3175 1842 3239 C
1874 3185 1953 3238 An
1980 3185 2285 3240 existimatis
2311 3182 2452 3252 quod
2473 3178 2640 3234 Deum
2671 3179 2854 3251 diligat
2883 3181 3086 3251 tepidus
3114 3198 3174 3235 ac
3202 3183 3468 3253 negligens

183 3293 343 3349 ritalis
391 3294 602 3366 ignara,
634 3291 810 3348 studio
841 3299 1012 3344 tamen
1059 3287 1293 3343 discendi
1326 3287 1630 3341 laudabilis.
1665 3284 1778 3340 Ex-

184 3385 302 3438 cidit
329 3387 582 3440 continuo
607 3383 725 3438 imis
750 3383 816 3437 ab
844 3381 1094 3451 stirpibus
1136 3380 1433 3434 horrentem
1469 3378 1654 3432 silvam
1690 3377 1776 3431 di—

176 3479 302 3530 uersi
323 3477 521 3532 erroris
563 3475 726 3530 bonus
751 3473 1006 3544 agricola;
1039 3479 1086 3526 et
1111 3479 1286 3525 aratro
1311 3470 1562 3524 doctrina:
1583 3484 1776 3539 pronus

184 3569 493 3636 incumbens,
527 3567 736 3622 invertit
763 3564 980 3619 crudam
1009 3565 1128 3618 totis
1157 3563 1351 3617 viribus
1379 3572 1589 3628 terram,
1623 3578 1778 3631 squa-

185 3662 459 3733 lentemque
503 3661 719 3715 humum
746 3658 905 3715 sulcis
945 3657 1174 3712 assiduis
1216 3657 1270 3711 in
1301 3656 1507 3711 novalia
1554 3654 1778 3726 fecunda

185 3758 444 3822 convertit,
477 3753 684 3822 alfatim
703 3754 901 3809 semina
927 3751 1166 3806 vitalium
1189 3751 1555 3804 mandatorum
1577 3750 1776 3820 gremio

184 3849 290 3914 eius
316 3850 614 3904 insinuans.
648 3845 903 3903 Proiecto
933 3844 1068 3900 nihil
1099 3843 1189 3898 hic
1215 3842 1469 3906 habetur,
1497 3841 1604 3896 nisi
1627 3840 1775 3912 quod

186 3937 519 4010 disciplinam
549 3951 840 4008 moresque
863 3935 1144 4005 respiciat,
1171 3949 1203 3989 a
1234 3933 1521 3988 Philastrio
1549 3933 1604 3986 in
1644 3932 1777 3988 urbe

185 4033 358 4090 Brixia
389 4034 722 4091 reformatos
778 4031 833 4085 in
860 4030 1052 4086 melius
1077 4039 1132 4084 et
1159 4027 1508 4091 emendatos;
1531 4027 1778 4096 quamvis

186 4128 308 4184 alibi
333 4126 672 4185 Gaudentius
692 4125 809 4196 ipse
836 4123 1152 4178 Brixianam
1182 4119 1481 4176 Eeclesiam
1513 4133 1544 4172 a
1564 4118 1776 4172 Philas-

187 4221 286 4276 trio
325 4221 378 4276 in
426 4219 566 4276 Fide
608 4217 888 4273 fundatam
936 4215 1084 4271 dicat
1113 4213 1228 4284 (g):
1262 4212 1389 4266 Post
1431 4211 1580 4265 illam
1628 4227 1778 4266 vene-

186 4315 358 4368 randa:
401 4313 668 4368 memoria:
715 4311 877 4382 patris
920 4310 1022 4364 mei
1048 4305 1326 4362 Philastrii
1373 4304 1777 4359 eruditissimum

186 4420 372 4472 uocem,
404 4419 524 4475 qua:
545 4420 638 4473 per
659 4403 881 4474 gratiam
911 4400 1146 4470 Spiritus
1171 4398 1337 4454 sancti
1367 4396 1508 4468 large
1533 4396 1774 4466 efﬂuens,

187 4495 312 4551 hanc
331 4495 628 4551 Ecclesium
656 4495 711 4548 in
741 4492 878 4548 Fide
905 4492 1176 4547 Trinitatis
1201 4488 1489 4545 adorandae
1510 4489 1769 4558 fundavit.

1877 3277 2209 3342 cltristianus,
2239 3274 2326 3342 qui
2355 3272 2498 3326 idola
2525 3272 2581 3324 in
2630 3271 3039 3341 possessionibus
3069 3273 3179 3326 suis
3227 3274 3325 3326 coli
3356 3290 3474 3343 per-

1879 3369 2052 3435 mittit,
2091 3367 2182 3437 qui
2205 3368 2386 3437 fanum
2422 3363 2691 3429 daemonis,
2737 3371 2784 3416 et
2823 3379 2968 3416 aram
3012 3362 3210 3416 diaboli
3259 3372 3395 3417 stare
3416 3364 3473 3417 in

1877 3461 2239 3516 contumeliam
2287 3455 2382 3510 Dei
2427 3455 2664 3527 patitur?
2702 3452 2892 3524 Itaque
2941 3453 3166 3530 minime
3220 3454 3477 3510 audiendi

1875 3560 2004 3608 sunt
2046 3549 2282 3606 Brixiani
2325 3547 2644 3618 scriptores,
2691 3546 2782 3615 qui
2827 3546 2940 3615 jam
2989 3547 3116 3601 inde
3146 3561 3176 3600 a
3227 3547 3475 3602 secundo

1876 3644 2079 3700 Christi
2119 3641 2324 3696 saeculo
2369 3648 2539 3694 totam
2569 3637 2768 3692 Brixiae
2823 3639 3014 3693 urbem
3056 3639 3156 3693 sub
3186 3639 3479 3708 Apollonio

1876 3737 2164 3807 episcopo,
2197 3742 2257 3788 ut
2299 3731 2563 3803 Ughellus
2616 3730 2778 3786 tradit
2804 3729 2905 3803 (ο),
2954 3732 3123 3786 fuisse
3170 3733 3365 3788 volunt
3406 3733 3475 3788 ad

1876 3827 2080 3883 Christi
2102 3827 2263 3881 fidem
2291 3838 2647 3888 conversam;
2677 3837 2801 3879 cum
2829 3822 3046 3878 duobus
3067 3829 3124 3878 et
3148 3838 3214 3878 eo
3236 3826 3478 3894 amplius

1877 3931 2002 3993 post
2048 3919 2399 3990 Apollonium
2431 3917 2668 3983 szeculis,
2725 3916 2902 3971 adhuc
2946 3915 3192 3986 reliquiae
3247 3917 3480 3972 Gentili-

1876 4017 2006 4072 tatis
2033 4023 2090 4069 et
2120 4013 2392 4067 idolorum
2432 4010 2660 4064 delubra
2710 4018 3108 4076 superessent,
3153 4008 3298 4077 quod
3345 4009 3478 4064 olim

1875 4102 2358 4163 animadvertimus
2387 4101 2443 4156 in
2476 4099 2682 4156 nostris
2715 4097 2784 4152 ad
2829 4096 3192 4153 Gaudentium
3224 4102 3468 4154 Annotao

1879 4198 2118 4256 tionibus
2147 4199 2215 4267 (p
2231 4195 2276 4266 ).

1949 4292 2005 4348 9.
2047 4291 2192 4345 Duos
2235 4283 2781 4348 habuitPhilastrius
2833 4282 2888 4336 iu
2947 4280 3189 4337 Ecclesia
3222 4281 3478 4340 Brixiana

1879 4385 2119 4454 insignes
2170 4379 2388 4451 pietatis
2417 4393 2530 4433 suae
2581 4375 2953 4445 doctrinaeque
2994 4375 3476 4442 alumnosyBeni-

1877 4478 2059 4534 volum
2096 4475 2327 4538 scilicet,
2364 4479 2420 4528 et
2456 4469 2845 4527 Gaudentium.
2895 4469 2974 4524 De
3025 4469 3291 4525 Benivolo
3321 4471 3477 4541 plura

189 4547 977 4655 linis—G'aud‘entiidicto,quo
1007 4583 1221 4639 videtur
1249 4547 1559 4637 Brixianam
1587 4579 1778 4636 Eccle-
1801 4547 1857 4608 Β
1881 4575 2118 4632 diximus
2148 4573 2202 4626 in
2227 4568 2555 4624 Praefatione
2582 4564 2872 4621 Gaudentii
2923 4564 3286 4620 Sermonibus
3339 4581 3478 4633 prae-

189 4682 319 4738 siam
347 4693 463 4738 tum
496 4683 727 4753 primum
758 4695 788 4734 a
819 4677 1112 4734 Philastrio
1137 4676 1487 4734 constitutam
1510 4673 1775 4740 indicare,

188 4774 427 4829 nonnihil
458 4771 712 4842 ponderis
735 4785 800 4827 ex
823 4786 888 4826 eo
911 4767 1146 4836 accedit,
1170 4767 1313 4838 quod
1330 4764 1454 4820 alia:
1482 4765 1645 4821 etiam
1673 4764 1778 4819 Ec-

191 4869 365 4925 clesiae
415 4866 579 4937 hujus
628 4872 852 4933 tractus,
902 4877 1076 4934 usque
1118 4860 1184 4916 ad
1215 4867 1470 4929 quartum
1519 4857 1776 4914 saeculum

289 5132 342 5210 b)
374 5143 570 5210 Pagius
599 5138 816 5210 reponit
838 5150 982 5192 anno
1003 5132 1130 5190 366.

289 5145 316 5196 b
374 5143 448 5197 Pa
485 5143 570 5196 ius
599 5143 982 5210 reponitanno
1003 5143 1130 5190 366.

263 5143 342 5288 id
375 5158 740 5288 uiuum-
773 5208 833 5288 δε
914 5275 947 5288 -
990 5275 1040 5288 ..
1170 5271 1228 5288 η.

266 5271 350 5354 (ἆ)
380 5283 528 5354 Idem
574 5271 772 5354 dicitur
801 5277 871 5354 de
913 5275 1120 5354 Sabino
1170 5271 1494 5354 Placentino
1515 5271 1790 5354 episcopo

199 5357 253 5412 in
270 5337 437 5410 ‘Aétié
463 5337 561 5409 Ss.
618 5349 864 5408 Januarii
910 5359 1041 5403 tom.
1074 5344 1138 5411 ιι,
1269 5341 1393 5399 iss.
1431 5337 1646 5422 Videsis
1675 5337 1794 5392 Til-

206 5426 430 5473 lemnnt.
461 5435 590 5473 tom.
624 5422 697 5473 X.
721 5430 836 5473 not.
863 5419 897 5473 5
921 5418 990 5473 ad
1019 5417 1131 5473 Vit.
1212 5454 1226 5468 .
1255 5413 1552 5473 Ambrosii,
1585 5425 1640 5473 p.
1664 5405 1790 5464 7M.

206 5405 430 5482 ἰῐπὲίοῖίὶῖ
461 5405 590 5480 tein.
623 5405 697 5490 VX,
721 5430 836 5478 not.
863 5419 897 5474 5
921 5418 990 5490 ad
1019 5405 1134 5490 Vit:
1165 5405 1640 5490 S.‘Ambrosi_i,_p.
1664 5405 1790 5464 7M.

294 5496 340 5579 ε)
368 5497 552 5579 ἓςιζιιι.
577 5493 647 5550 de
675 5481 772 5548 vit.
804 5499 860 5548 et
886 5489 1040 5546 obitu
1063 5487 1208 5544 beati
1233 5485 1403 5553 Phil.,
1424 5499 1480 5554 p.
1501 5481 1628 5539 372.

587 5635 656 5692 de
681 5633 928 5706 Ordinat.
958 5626 1304 5706 sui,_p.§_.’_»_i.

293 5689 352 5778 iii
379 5689 794 5778 nisainsa.
838 5702 954 5778 1v._
978 5689 1472 5778 Vidéjillemont.
1537 5703 1671 5751 tom.
1700 5689 1795 5748 vn

205 5767 378 5837 [ιοίίὲ
415 5767 482 5836 εἶα
509 5777 622 5836 Vit.
649 5776 706 5835 S.
738 5773 978 5839 Eusebii,
1009 5787 1065 5842 p.
1090 5767 1219 5824 772.

718 5871 1000 5931 ΡΑτιιοι..
1029 5863 1178 5927 XII.

262 5073 316 5142 (a
371 5071 532 5128 Tom.
564 5067 684 5124 XIV
718 5067 847 5122 Rer.
881 5064 1002 5119 ltal.
1035 5078 1092 5133 p.
1125 5060 1250 5118 809.

263 5072 342 5336 ἠ
374 5138 982 5268 gagiusurepippgtanno
1003 5132 1130 5190 366.

266 5230 350 5336 (cl
380 5227 528 5336 ldefn
574 5225 772 5336 dicitur
801 5277 871 5334 de
913 5275 1120 5333 Sabino
1170 5271 1250 5328 Pl:

1884 4667 2050 4724 missa
2085 4663 2219 4735 (q);
2251 4660 2408 4729 cujus
2453 4657 2774 4729 praeclarum
2813 4655 3061 4722 facinus,
3105 4671 3212 4725 quo
3248 4655 3479 4712 Justinte

1884 4762 2140 4830 Augusta:
2187 4753 2455 4810 mandatis
2483 4750 2702 4815 restitit,
2737 4763 2806 4804 ne
2834 4749 3007 4817 legem
3038 4749 3323 4804 catholicae
3349 4749 3479 4806 ﬁdei

1885 4847 2210 4909 contrariam
2240 4843 2492 4908 dictaret,
2537 4840 2710 4898 fusius
2751 4839 3066 4910 exsequitur
3105 4839 3371 4898 Batonius
3409 4843 3481 4899 ad

1988 5046 2026 5114 i)
2059 5040 2218 5114 Apud
2243 5040 2368 5114 Bar.
2397 5040 2465 5114 a.
2498 5035 2628 5114 3356,
2647 5034 2838 5114 ‘n‘._92.

1981 5107 2034 5188 ί)
2063 5107 2224 5188 Tom.
2257 5111 2303 5188 Il
2323 5107 2767 5188 Labhei

1987 5174 2041 5247 lsi
2066 5184 2243 5240 Serm.
2269 5182 2337 5236 de
2360 5174 2576 5235 Tranle
2607 5177 2885 5234 Philastrii
2911 5193 2965 5247 p.
3006 5174 3133 5234 591.
3159 5177 3298 5236 Vide
3321 5180 3482 5240 Praef.

1890 5258 1959 5314 ad
1973 5250 2345 5325 'R'ampertum
2377 5265 2437 5325 Ρ.
2465 5250 2594 5325 ξὸξ.

1968 5329 2032 5401 (ι)
2063 5319 2197 5401 Cap.
2228 5319 2441 5401 ὃς.)ῆή
2465 5321 2532 5377 de
2562 5319 2898 5377 Manichaais.

1993 5393 2227 5470 ἡθμὸν.
2254 5393 2379 5470 ius.
2465 5413 2482 5424 ο

1995 5464 2057 5541 nl
2079 5464 2209 5541 eas.
2253 5464 2380 5541 s19.

2005 5530 2057 5599 θ’)
2085 5530 2242 5592 Τοῖιι.
2271 5533 2362 5599 IV,
2395 5531 2500 5588 col.
2532 5530 2659 5588 εει.

1999 5604 2060 5750 I3
2087 5604 2425 5742 ἕῗιξιςῗέῗί).
2451 5671 2576 5727 ιθο.

2834 5828 2912 5889 ει
