3992 6204
559 313 698 370 1067

1803 308 2118 370 BANCTUS
2155 307 2626 374 PlllLASTRlUS.

3735 323 3877 381 1068

557 429 624 483 Δ.
650 427 756 484 386
784 427 910 499 (a),
935 440 1002 481 eo
1031 437 1225 494 nempe
1254 437 1398 478 anno
1421 424 1631 478 Justina
1665 425 1884 480 Ariauis
1907 426 2146 494 favente,
2178 435 2232 496 Α
2255 444 2397 486 anno
2423 433 2736 490 conclusam
2759 433 2889 489 dicit
2918 434 3046 505 (in):
3071 443 3185 508 post
3212 433 3564 508 Baptismum,
3598 441 3749 512 quod
3779 458 3875 512 pro

558 529 640 576 tot
681 529 951 588 tantusque
981 515 1246 570 adversus
1274 514 1590 571 Catholicos
1623 515 1918 572 Mediolani
1968 520 2156 574 conci-

561 621 690 668 tata:
715 619 840 666 sunt
882 609 1076 675 turba,
1111 617 1170 664 ut
1218 622 1357 678 pene
1400 609 1674 665 Ambrosii
1713 613 2016 665 constantia
2049 611 2159 666 ha:-

561 705 852 760 reticorum
903 701 952 754 vi
984 715 1049 756 ac
1097 699 1429 756 factiOnibus
1477 702 1822 757 obrueretur.
1861 702 2157 759 Benivolus

561 812 728 866 porro
759 793 1035 848 Philastrii
1066 792 1352 861 disciplina
1384 792 1686 859 institutus,
1736 793 2003 848 Memoria:
2028 795 2160 848 scri-

554 889 656 942 niis
684 903 804 942 cum
835 885 1174 956 pnesideret,
1208 894 1373 954 atque
1396 885 1574 941 eidem
1616 887 1914 954 imperialia
1936 885 2155 942 decreta

552 981 815 1038 adversus
847 979 1006 1034 (idem
1040 979 1260 1034 Patrum
1293 978 1546 1034 dictanda
1586 979 1992 1042 mandarentur,
2026 994 2155 1048 pro-

555 1073 740 1145 posito
788 1073 977 1132 etiam,
1026 1074 1070 1125 si
1121 1071 1349 1136 iaceret,
1397 1071 1573 1126 altiori
1617 1071 1896 1140 dignitatis
1955 1071 2155 1141 gradu;

555 1173 751 1237 sponte
777 1181 838 1222 se
869 1163 1168 1220 honoribus
1193 1164 1331 1219 aulae
1357 1164 1649 1228 abdicavit,
1684 1165 1816 1219 illud
1843 1163 2156 1234 addeus(b):

560 1258 702 1327 Quid
731 1257 861 1310 mihi
893 1273 987 1327 pro
1020 1256 1303 1328 impietatis
1337 1256 1569 1310 mercede
1595 1256 1832 1310 altiorem
1861 1257 2158 1326 promittitis

553 1355 806 1425 gradum?
832 1354 988 1408 Hunc
1029 1355 1224 1424 ipsum,
1277 1369 1428 1422 quem
1471 1352 1654 1416 habeo,
1705 1352 1917 1405 tollite:
1958 1360 2157 1406 tantum

553 1445 680 1500 mihi
703 1447 1018 1501 conscientia
1049 1447 1172 1515 ﬁdei
1215 1445 1367 1500 daret
1410 1446 1597 1500 illtesa.
1636 1443 1763 1499 Hac
1805 1445 2008 1511 dicens,
2041 1453 2158 1499 ante

551 1539 712 1610 pedes
745 1540 908 1608 impia
937 1539 1358 1606 praecipientium
1386 1538 1651 1608 cingulum
1672 1537 1822 1608 jecit.
1866 1535 2156 1606 Egregium

549 1627 796 1684 Benivoli
857 1628 1064 1682 factum
1111 1627 1448 1682 Gaudentius
1501 1626 1776 1680 Philastrii
1829 1626 2154 1681 institutioni

555 1719 1012 1789 documentisque
1041 1719 1320 1782 attribuit;
1370 1729 1489 1773 erat
1515 1718 1658 1772 enim
1706 1728 1834 1771 tunc
1865 1718 2157 1772 Benivolus

2260 522 2404 576 nobis
2431 523 2482 577 in
2516 522 2750 579 Iordane
2789 535 3126 597 susceperat;
3171 539 3329 599 usque
3353 531 3420 585 ad
3454 529 3744 587 Passionis
3769 549 3879 586 sua:

2260 613 2396 666 diem
2425 616 2579 670 unius
2608 617 2734 670 anni
2783 627 2984 688 tempus
3016 619 3295 690 impletur;
3323 625 3422 677 hac
3453 639 3627 695 porro
3663 624 3720 680 in
3751 639 3880 680 sen-

2262 706 2426 759 tentia
2451 705 2576 761 licet
2607 708 2790 777 plures
2820 709 3022 764 fuerint
3052 726 3115 765 ex
3144 713 3384 784 antiquis
3407 713 3692 778 Putribus,
3728 725 3791 771 ut
3815 719 3877 772 ad

2259 807 2384 851 eutn
2455 797 2751 855 Gaudentii
2806 799 2985 857 locqu
3052 811 3458 876 annotavintus,
3496 821 3527 865 a
3568 810 3880 866 Philastrio

2263 890 2620 948 nihilominus
2649 893 2897 952 hausisse
2932 897 3146 954 videtur
3175 900 3538 971 Gandentitls,
3580 914 3714 958 nam
3750 905 3880 960 Phi-

2263 983 2482 1040 lastrius
2519 1001 2638 1056 cap.
2694 985 2799 1042 106
2829 991 2908 1044 sic
2961 989 3119 1046 habet
3151 994 3167 1063 (
3194 1005 3225 1046 ιι
3256 995 3304 1063 ):
3342 993 3605 1052 Dominus
3647 1014 3778 1067 quae
3829 998 3879 1051 in

2261 1090 2364 1128 uno
2393 1091 2529 1130 anno
2557 1079 2729 1149 gessit,
2754 1089 2804 1135 et
2823 1082 3020 1148 docuit,
3046 1085 3152 1138 Inec
3172 1087 3284 1140 sola
3311 1087 3560 1158 prlecepit
3578 1090 3876 1144 conscribi.

2261 1167 2588 1224 Praeclarum
2620 1188 2837 1243 quoque
2865 1185 2950 1230 est
2981 1177 3110 1232 illud
3140 1175 3282 1248 quod
3331 1181 3496 1236 tradit
3533 1183 3878 1238 Philaslrius

2260 1261 2367 1332 (ο)
2412 1261 2480 1318 de
2544 1265 2740 1335 triplici
2799 1277 3009 1323 naturas
3055 1269 3307 1326 humana:
3361 1283 3505 1328 statu
3539 1316 3553 1339 ,
3618 1274 3879 1329 Handati

2260 1367 2481 1424 nempe,
2510 1353 2680 1427 Legis,
2708 1367 2756 1413 et
2799 1359 3030 1426 Gratim;
3065 1359 3374 1418 Mandatum
3401 1367 3696 1435 appellans
3734 1376 3875 1422 tem-

2261 1463 2360 1516 pus
2391 1458 2516 1504 ante
2543 1449 2739 1520 Legem
2770 1453 2961 1523 Moysi,
2991 1467 3095 1524 quo
3118 1456 3416 1512 secundum
3442 1457 3617 1530 legem
3653 1469 3874 1515 natura:

2261 1555 2369 1596 non
2408 1543 2664 1614 scriptam
2701 1546 2956 1601 vixerunt
3016 1550 3172 1617 primi
3220 1559 3495 1621 parentes,
3525 1563 3589 1608 ac
3623 1557 3872 1625 patriar-

2259 1635 2405 1697 chae;
2435 1633 2668 1702 idipsum
2696 1636 2838 1690 enim
2871 1652 3133 1707 expresse
3162 1643 3358 1710 repetit
3385 1653 3489 1698 non
3521 1661 3629 1699 uno
3652 1645 3712 1700 in
3749 1646 3869 1703 loco

2257 1722 2618 1788 Gaudentius,
2651 1735 2707 1780 ut
2737 1727 2920 1783 Tract.
2958 1731 3045 1794 10,
3090 1731 3196 1786 Lex
3226 1735 3458 1790 mandati
3483 1743 3554 1790 est
3589 1739 3660 1808 (ρ
3691 1737 3711 1808 )
3745 1757 3766 1792 ;
3797 1739 3869 1795 Ab

554 1811 736 1867 adhuc
763 1811 1212 1874 cateeltumenns,
1245 1825 1308 1864 ac
1339 1809 1565 1879 proinde
1593 1825 1620 1861 a
1653 1809 1944 1864 Pliilastrie
1967 1807 2152 1863 catho-
2187 1825 2233 1884 Β
2260 1817 2398 1870 omni
2429 1821 2599 1887 fructu
2629 1821 2759 1891 ligni
2783 1820 2924 1890 quod
2953 1835 3024 1876 est
3050 1824 3104 1876 in
3133 1825 3379 1894 paradiso
3410 1828 3478 1880 ad
3504 1807 3698 1882 escam
3719 1830 3868 1885 edes:

547 1903 671 1959 lic-.e
690 1903 814 1958 tidei
833 1904 1120 1973 praceptis
1139 1903 1464 1956 inlormatus
1486 1919 1498 1954 :
1522 1915 1691 1972 quare
1717 1903 1796 1954 sic
1820 1916 1944 1955 eum
1968 1907 2154 1969 postea

555 1997 897 2054 Gaudentius
939 1995 1300 2051 christianum
1333 2008 1396 2049 ac
1443 1992 1980 2063 pietate-ﬂorentem
2020 1993 2155 2047 allo-

557 2090 742 2160 quitur
774 2088 867 2159 (c)
893 2105 907 2143 :
938 2086 1052 2142 Nec
1075 2087 1266 2140 mirum
1304 2086 1350 2139 si
1377 2085 1530 2139 hodie
1570 2084 1741 2160 taliter
1766 2086 1822 2137 in
1848 2086 2029 2138 timore
2059 2083 2159 2138 Do-

555 2183 681 2235 mini
704 2181 1036 2246 conveneris,
1053 2181 1163 2248 qui,
1189 2179 1407 2234 necdum
1433 2188 1676 2247 percepta
1698 2177 1940 2247 baptismi
1961 2176 2154 2246 gratia,

551 2276 628 2327 ita
659 2290 754 2338 pro
780 2273 903 2340 ﬁdei
931 2273 1152 2326 ccclestis
1178 2273 1392 2326 veritate
1418 2271 1689 2341 pugnasti,
1735 2279 1789 2323 ut
1823 2269 2080 2322 imbutum
2113 2278 2160 2322 te

551 2363 950 2419 admirabilibus
977 2362 1230 2416 doctrinis
1255 2361 1532 2428 apostolici
1559 2377 1649 2431 per
1677 2361 1852 2414 omnia
1875 2360 1973 2413 viri
1995 2360 2160 2429 putris

560 2456 724 2509 nostri
756 2451 1052 2520 Philastrii,
1077 2463 1236 2507 tanta:
1258 2455 1566 2506 constantia:
1589 2455 1940 2507 testimonium
1969 2469 2162 2524 appro-

560 2551 713 2605 barit.
749 2549 1088 2604 Gaudentius
1130 2562 1262 2602 vero
1291 2548 1407 2617 ipse
1434 2557 1642 2618 patient
1703 2547 1908 2615 ubique
1951 2547 2163 2602 Philas-

556 2643 723 2697 trium
769 2650 956 2705 vocat;
1000 2651 1058 2694 ut
1107 2638 1283 2694 Serm.
1318 2639 1386 2694 de
1433 2638 1678 2694 Oniinat.
1723 2638 1806 2691 sui
1839 2637 1945 2705 (d)
1985 2655 1997 2688 :
2034 2636 2160 2692 Post

552 2733 703 2788 illum
727 2731 1036 2786 veneranda:
1068 2730 1330 2784 memoria:
1361 2730 1525 2798 patris
1555 2729 1651 2782 mei
1676 2727 1953 2781 Philostrii
1984 2729 2160 2782 erudi-

553 2825 812 2879 tissinmnt
855 2837 1030 2876 vocem
1055 2830 1154 2885 ;et
1195 2819 1356 2874 Praei.
1403 2819 1470 2874 ad
1519 2818 1970 2889 Beeivolnm(e)
2009 2818 2163 2872 :hn-

557 2916 735 2971 butum
764 2925 810 2969 te
837 2912 1230 2968 adntirabilibns
1255 2913 1507 2966 doctrinis
1549 2912 1822 2981 apostolici
1867 2928 1958 2981 per
1986 2913 2162 2966 omnia

551 3011 654 3064 uiri
680 3010 845 3081 patris
871 3007 1034 3061 nostri
1059 3005 1363 3071 Philastrii;
1389 3006 1464 3059 uti
1489 3007 1652 3060 etiam
1675 3006 1730 3059 in
1760 3006 1929 3061 Serm.
1960 3006 2029 3061 de
2053 3008 2161 3060 vita

552 3113 610 3160 et
636 3103 786 3157 obitu
828 3100 971 3156 beati
1004 3099 1310 3162 Philastrii,
1343 3100 1433 3152 ubi
1461 3099 1700 3167 seipsum
1746 3098 2011 3152 minimam
2038 3114 2158 3168 par-

2259 1909 2324 1962 ab
2377 1911 2472 1963 isto
2499 1921 2669 1966 autem
2715 1929 2817 1967 non
2847 1915 3012 1981 edas;
3061 1926 3105 1969 et
3133 1935 3461 1991 quietumque
3489 1932 3608 1976 ante
3639 1922 3868 1994 Moysen

2258 2004 2409 2056 verbo
2435 2011 2632 2057 tantum
2667 2003 2922 2061 Dominus
2956 2012 3263 2081 praecepisse
3311 2018 3638 2084 cognoscitur
3663 2035 3685 2078 ,-
3724 2034 3866 2088 pre-

2259 2096 2444 2150 sertim
2475 2111 2605 2151 vero
2628 2098 2810 2153 Tract.
2838 2100 2871 2154 8
2895 2102 2956 2173 (q
2977 2102 2994 2171 )
3014 2121 3025 2156 :
3047 2099 3168 2156 Dies
3196 2105 3369 2175 itaque
3393 2107 3490 2176 fuit
3515 2106 3568 2160 in
3594 2107 3864 2164 Munna

2262 2187 2461 2256 primus
2485 2189 2549 2241 ab
2578 2189 2743 2243 Adam
2771 2207 2926 2260 usque
2957 2193 3024 2245 ad
3054 2193 3268 2265 Moysen
3296 2211 3314 2251 :
3344 2199 3604 2252 secundus
3625 2201 3746 2254 dies
3771 2203 3868 2271 fuit

2259 2279 2352 2332 sub
2382 2279 2529 2336 Lucr.
2564 2280 2734 2352 Moysi
2769 2299 2786 2336 :
2814 2285 2996 2338 tertius
3043 2286 3153 2340 dies
3199 2298 3270 2341 est
3301 2289 3390 2342 sub
3415 2289 3620 2345 Genu
3670 2290 3869 2346 Salsa-

2259 2373 2409 2426 ‘toris.
2447 2373 2620 2429 Verba
2665 2375 2796 2430 item
2827 2375 3119 2434 Philastrio
3161 2379 3459 2449 peculiaria
3499 2381 3730 2439 adhibet
3765 2383 3870 2441 fre-

2263 2473 2494 2533 quenter
2519 2464 2880 2532 Gaudentius,
2911 2469 3216 2539 cuiusmodi
3259 2483 3408 2538 sont,
3444 2476 3653 2543 positio,
3691 2477 3872 2531 incor-

2266 2558 2489 2624 pomtio,
2543 2558 2948 2630 snballigumrat,
2985 2563 3326 2618 umbratiliter
3352 2583 3371 2630 ;
3401 2567 3868 2635 quemadmodum

2263 2650 2551 2718 utrius-que
2602 2651 2870 2721 syllabam
2923 2669 3116 2710 vocum
3166 2658 3502 2712 exotirarum
3556 2661 3869 2716 conis-remi

2263 2741 2611 2795 manifestum
2656 2745 2792 2809 erit;
2823 2753 2880 2800 ut
2911 2761 3018 2800 non
3065 2748 3117 2800 in
3160 2750 3449 2803 sententiis
3499 2760 3737 2817 tantum,
3777 2752 3870 2808 sed

2265 2832 2319 2886 in
2352 2835 2534 2888 verbis
2577 2849 2796 2906 quoque
2826 2837 3175 2894 Philasuium
3216 2839 3510 2897 Gaudent-il
3538 2844 3865 2913 mgistrurn

2267 2937 2376 2978 non
2405 2925 2635 2980 obscure
2673 2941 2957 2997 agnoscas.

2338 3017 2426 3070 10.
2469 3017 2588 3083 Quo
2619 3019 2962 3087 potissimum
3013 3035 3156 3077 anno
3202 3023 3527 3080 Pirﬁsstrius
3572 3025 3865 3083 Mediolani

2266 3109 2568 3178 Augustino
2595 3109 2921 3177 innotuerit,
2969 3115 3259 3168 incert-emt
3286 3116 3498 3172 Scribit
3526 3119 3866 3190 Augustinus

557 3205 658 3250 tam
685 3195 806 3264 ejus
834 3207 1091 3248 curarum
1137 3192 1191 3245 in
1224 3191 1468 3246 Ecclesia
1509 3190 1764 3244 Brittium
1803 3190 2104 3245 erudienda
2129 3205 2158 3244 a
2183 3203 2231 3273 (ξ
2266 3197 2365 3269 (r)
2385 3214 2446 3253 se
2473 3211 2600 3254 eum
2651 3202 2852 3257 vidisse
2903 3203 3193 3260 Mediolmi'
3233 3217 3348 3261 cum
3380 3221 3564 3264 sancto
3594 3213 3864 3267 Ambrosio

559 3285 854 3342 Pliilastrio
914 3286 1314 3353 impensarum,
1366 3283 1605 3352 appellat
1649 3283 1778 3354 (f):
1835 3283 1944 3353 Ego
1991 3293 2163 3337 autent

555 3379 772 3431 minima
817 3379 928 3446 ejus
979 3391 1120 3446 pars.
1151 3376 1293 3442 Quin
1341 3376 1506 3430 etiam
1552 3375 1827 3432 Pbiiastrii
1859 3377 2161 3432 doctrinam

558 3472 760 3541 ubique
793 3469 964 3524 refert
990 3467 1360 3534 Gaudentius;
1407 3481 1536 3522 nam
1585 3483 1704 3537 qua
1755 3469 1933 3524 Serm.
1988 3472 2058 3525 19
2096 3471 2164 3525 de

559 3563 762 3618 Christi
793 3563 1075 3616 divinitate
1105 3560 1418 3615 distinctius
1441 3565 1818 3632 prosequitur,
1861 3565 2002 3634 apud
2035 3565 2163 3619 Phi-

557 3655 814 3709 lastrium
861 3653 948 3707 hic
1007 3654 1118 3707 iillc
1165 3653 1580 3709 iisdem‘ferme
1629 3655 1811 3710 verbis
1847 3667 2162 3713 occurrunt.

565 3745 908 3805 Gaudentius
925 3746 1124 3814 quippe
1141 3745 1206 3815 (ῃ
1226 3745 1272 3813 ):
1302 3745 1512 3814 Duplex
1531 3756 1606 3799 est
1627 3747 1679 3800 in
1700 3747 1906 3801 Christo
1927 3750 2166 3804 substan-

561 3843 657 3905 tia,
694 3855 796 3894 tma
823 3839 1059 3911 propria,
1087 3838 1195 3891 alia
1224 3848 1422 3903 nostra,
1453 3838 1508 3890 id
1537 3848 1634 3902 est,
1666 3856 1770 3892 una
1801 3839 1917 3906 Dei,
1946 3842 2054 3896 alia
2078 3843 2166 3897 ho-

561 3934 719 3988 minis
757 3949 774 3998 ;
818 3931 1140 3986 Philastr‘ius
1175 3916 1280 4000 (Ἰι)
1324 3947 1335 3981 :
1383 3930 1627 3996 Quamvis
1679 3934 1944 4002 generatio
2000 3935 2165 4003 ipsius

559 4028 760 4097 duplex
782 4027 870 4092 sit,
903 4041 1005 4079 una
1036 4024 1321 4078 divinitatis
1350 4025 1642 4092 indefinito,
1671 4026 1837 4080 altera
1861 4029 2165 4098 incorpora-

561 4120 719 4174 tionis
775 4131 866 4187 per
939 4115 1206 4188 Virginem
1259 4116 1581 4183 temporalis.
1643 4116 1980 4174 Gaudentius
2026 4121 2160 4193 (i):

565 4211 748 4281 Ipsius
782 4208 967 4263 Passio
997 4223 1100 4260 non
1123 4211 1175 4260 in
1204 4206 1525 4261 divinitatea:
1552 4225 1664 4277 qua:
1694 4220 1766 4264 est
1806 4212 2161 4282 isnpassibilis,

567 4303 658 4358 sed
685 4304 738 4355 in
771 4303 886 4370 ejus
914 4300 1174 4352 hominem
1202 4297 1483 4365 celebrata,
1529 4302 1765 4368 permitti
1811 4304 2004 4358 mando
2035 4306 2160 4359 sub-

563 4393 735 4455 senit;
765 4389 1098 4446 Pbilast—rius
1127 4388 1248 4460 (j):
1275 4389 1470 4444 Passus
1495 4392 1669 4462 itaque
1707 4402 1958 4449 est'carne
1995 4400 2163 4466 passi-

565 4486 683 4551 bili,
707 4499 812 4537 non
835 4482 1106 4535 divinitate
1134 4481 1444 4536 naturaliter
1464 4484 1792 4552 impassibili.
1825 4487 2162 4544 Gaudentius

2265 3304 2606 3359 versantem;
2657 3297 3009 3365 quamobrem
3041 3308 3166 3353 eum
3212 3300 3551 3372 Augustinus
3575 3305 3698 3374 ipse
3740 3317 3862 3360 ante

2267 3383 2524 3440 Bnutonis
2545 3389 2913 3454 consulatum,
2943 3390 3032 3459 qui
3063 3391 3257 3447 incidit
3283 3396 3333 3447 in
3358 3409 3564 3450 annum
3592 3397 3719 3463 385,
3755 3398 3858 3452 Me-

2265 3476 2542 3533 diolanum
2573 3480 2776 3534 tit-issue
2797 3479 2961 3536 fuerit
2990 3500 3022 3536 a
3051 3482 3379 3553 Symmache
3423 3487 3571 3542 urbis
3605 3489 3854 3558 praelecto

2269 3572 2382 3643 (s),
2414 3589 2522 3627 non
2572 3585 2752 3629 autem
2800 3590 2866 3629 eo
2912 3579 3272 3647 commigrare
3320 3583 3555 3649 potuerit
3585 3583 3691 3638 nisi
3723 3597 3854 3638 anno

2267 3666 2443 3718 {etatis
2491 3677 2603 3719 suae
2645 3667 2923 3736 trigesimo
2967 3667 3101 3739 (hoc
3146 3679 3229 3723 est
3277 3671 3432 3740 581),
3476 3685 3604 3727 cum
3653 3689 3846 3728 annum

2265 3772 2434 3828 agens
2463 3759 2788 3828 vigesimum
2821 3775 3023 3816 nonam
3056 3761 3312 3818 Faustum
3348 3765 3705 3821 Manicheum
3727 3766 3854 3821 (τετυ

2269 3848 2489 3918 thagine
2509 3849 2742 3905 audierit
2772 3852 2866 3922 (ι)
2899 3869 2911 3905 :
2947 3851 3166 3909 rediens
3196 3868 3360 3924 porro
3385 3857 3440 3910 in
3476 3857 3711 3913 Africam
3741 3875 3854 3928 pet»

2264 3949 2426 4009 cepto
2458 3940 2753 4010 baptismo,
2785 3942 3096 4000 Mediolano
3134 3946 3466 4002 abscesserit
3510 3964 3658 4004 anno
3686 3951 3853 4004 aetatis

2267 4034 2505 4088 tertio-et
2526 4035 2805 4104 trigesimo
2827 4038 2844 4104 (
2866 4053 2898 4089 u
2913 4035 2954 4107 ),
2985 4053 3181 4108 nempe
3201 4049 3348 4094 anno
3367 4039 3493 4107 88⁸7,
3520 4056 3852 4113 consequens

2264 4132 2348 4178 est
2379 4125 2732 4180 Philastrium
2767 4141 2874 4206 uno
2903 4129 2985 4183 vel
3007 4129 3181 4185 altero
3203 4145 3268 4186 es
3299 4133 3458 4186 annis
3489 4135 3576 4203 qni
3600 4135 3672 4189 ab
3715 4150 3850 4188 anno

2264 4215 2374 4270 581
2420 4216 2488 4271 ad
2535 4218 2640 4272 587
2673 4220 3036 4290 intercedunt,
3087 4221 3392 4293 Augustino
3440 4236 3625 4281 natum
3670 4228 3847 4282 fuisse.

2264 4309 2400 4366 Cum
2429 4325 2564 4367 vero
2586 4313 2753 4368 tinter
2793 4317 3110 4385 Augustini,
3151 4315 3426 4374 Ambrosii
3479 4327 3536 4375 et
3581 4321 3850 4376 Philastrii

2265 4417 2460 4469 annos,
2529 4408 2912 4462 convenientia
2951 4409 3220 4479 quaedam,
3280 4421 3333 4467 et
3355 4413 3647 4467 consensio
3693 4414 3850 4468 inter-

2265 4507 2472 4564 currat,
2513 4513 2576 4552 eat
2611 4513 2715 4567 qua
2771 4501 2863 4554 lnx
2913 4503 3090 4572 aliqua
3145 4504 3314 4573 ipsius
3370 4505 3645 4560 Pbilsstrii
3693 4505 3847 4561 rebus

559 4577 625 4645 (lt
645 4575 698 4647 ):
732 4571 978 4644 {Bouillis
1003 4572 1173 4639 Patri,
1199 4573 1332 4626 sicut
1360 4585 1558 4646 seraper
1587 4575 1774 4645 fuerat,
1802 4591 2154 4649 permaneret,
2188 4592 2674 4658 D-quotttto-modo
2715 4593 2971 4665 aﬂ'ulgcre
3006 4571 3187 4666 potest
3212 4615 3226 4657 :
3270 4613 3378 4652 non
3405 4601 3507 4655 erit
3535 4601 3848 4670 inopportu-

562 4671 890 4726 Philastrius
923 4669 1010 4738 (l)
1037 4683 1050 4721 ε
1079 4665 1206 4722 Cum
1254 4666 1412 4722 Putre
1461 4683 1578 4724 eum
1623 4671 1678 4723 in
1709 4684 2010 4743 perpetuum
2051 4691 2162 4730 κω-

561 4778 701 4827 ποτε,
726 4772 878 4828 usque
908 4774 1108 4827 semper
1155 4761 1416 4813 memisse
1431 4775 1532 4814 non
1555 4761 1867 4830 ignorantis.
1898 4766 1989 4822 Sic
2019 4768 2161 4824 Gau-

558 4851 778 4908 dentius
796 4851 977 4905 Tract.
1003 4853 1058 4916 5,
1079 4849 1282 4905 Christi
1308 4851 1754 4920 praedicationem
1766 4858 1926 4912 union
1947 4869 2156 4919 tantum

641 5008 714 5077 (a)
746 5006 906 5060 Num.
941 5007 974 5060 5
1001 5015 1056 5060 et
1075 5020 1229 5076 seqq.

639 5079 716 5147 (b)
748 5078 926 5131 Rufin.
955 5077 1048 5131 lib.
1085 5092 1163 5140 XI,
1197 5078 1373 5147 c._10.

680 5145 707 5218 ς
734 5151 750 5212 )
784 5149 940 5202 Praei.
969 5147 1035 5202 ad
1064 5145 1404 5215 Beuivolu‘tu,
1436 5154 1488 5218 ι).
1513 5149 1637 5212 ξω.

665 5215 720 5285 d)
756 5218 884 5288 Pag.
910 5219 1035 5272 551.

637 5288 708 5357 (e)
741 5289 868 5359 Pag.
911 5289 1041 5344 218.

637 5360 704 5431 (ί)
737 5360 864 5429 Pag.
891 5361 1017 5414 575.

632 5429 712 5500 (g)
746 5431 870 5498 Png.
901 5431 1027 5485 557.

635 5501 715 5570 (It)
745 5500 877 5570 Cap.
914 5501 1036 5554 127.

633 5571 697 5642 (i)
727 5570 854 5642 [ξας.
882 5570 1010 5642 569.

630 5638 699 5709 (λ)
724 5638 857 5709 Cap.
898 5640 990 5694 92.

621 5707 702 5778 't’i)
733 5707 863 5778 {’58-
889 5709 1016 5778 36i-

636 5773 696 5843 n)
725 5773 857 5844 cap.
888 5777 1013 5832 ην.

2270 4693 2422 4748 nunt,
2469 4687 2788 4743 earumdem
2839 4699 3012 4745 annos
3061 4692 3267 4760 aliquot
3321 4696 3412 4762 qui
3455 4695 3554 4749 sibi
3620 4697 3843 4749 invicem

2269 4779 2620 4848 respondent,
2677 4785 2924 4852 sequenti
2974 4785 3370 4856 diagrammate
3415 4787 3486 4844 ob
3522 4788 3705 4844 oculos
3755 4803 3847 4858 po-

2267 4881 2416 4924 nere.

2533 5046 2588 5100 g.
2620 5031 2750 5088 249.
3059 5046 3068 5053 ’

2331 5102 2410 5164 (η)
2439 5102 2566 5170 Pag.
2604 5102 2670 5157 78
2710 5104 2843 5175 (hui.
2881 5105 2964 5164 ed.
2997 5105 3320 5174 eti-1220).

2257 5253 2287 5290 a
2318 5168 2719 5299 $2383.35
2764 5177 2888 5244 150,
2916 5167 3038 5243 {53,
3068 5186 3123 5234 et
3151 5177 3301 5234 alibi.
3332 5179 3471 5239 Vide
3498 5179 3572 5244 ibi
3591 5190 3840 5246 atinotata

2363 5312 2418 5378 ρ)
2449 5310 2579 5383 Pag.
2606 5314 2740 5373 298.

2363 5379 2414 5443 ιι)
2445 5381 2573 5443 l’ott.
2602 5384 2730 5443 273.

2357 5379 2414 5451 η)
2445 5379 2573 5455 l’ag.
2602 5384 2730 5443 273.

2357 5451 2406 5528 r)
2427 5453 2538 5528 _E_p.
2569 5451 2636 5510 ad
2663 5453 3122 5528 Quodvultdenm.

2353 5527 2400 5606 εὶ
2427 5522 2654 5606 Lib.__ttt
2687 5522 2889 5586 contra
2945 5530 3073 5588 Litt.
3123 5529 3403 5606 Pctilianij
3428 5550 3478 5591 c.
3529 5535 3638 5603 25.,
3667 5534 3752 5591 lib.
3805 5550 3833 5583 ν

2256 5593 2412 5647 Conl’.
2445 5609 2493 5648 c.
2532 5597 2616 5652 15.

2311 5663 2392 5732 ¹(ι)
2432 5663 2552 5736 Lib.
2581 5685 2636 5735 v,
2669 5670 2826 5736 Conf.
2859 5688 2910 5727 c.
2939 5673 2995 5732 3.

2326 5731 2407 5803 (a)
2449 5731 2568 5794 Lib.
2602 5731 2864 5797 tit.'Conl'.
2889 5731 3060 5817 eiu.
