3992 6204
542 330 675 388 1071

1818 331 2130 389 SANCTUS
2170 331 2641 393 PHILASTBIUS.

3711 340 3853 395 107%

536 445 596 499 S.
627 442 922 497 Philastrio
959 442 1067 513 §‘2,
1103 455 1157 496 η.
1188 442 1255 495 14
1283 441 1391 513 (α);
1421 449 1477 496 at
1502 456 1625 498 cum
1652 458 1750 499 nos
1784 462 1999 518 quoque
2029 448 2135 502 ini-
2164 452 2214 512 Α
2242 457 2344 503 tate
2372 449 2555 504 Briaia
2589 453 2761 506 natale
2794 452 2855 508 S.
2890 453 3162 509 Philastrii
3187 456 3417 527 episwpi
3457 466 3505 509 et
3537 456 3855 524 confessoris

534 539 605 592 tia
656 532 945 593 Gaudentii
1001 538 1050 589 in
1102 551 1305 589 annum
1362 534 1488 601 557,
1544 553 1647 591 una
1706 554 1828 594 cum
1889 540 2137 609 Labbeo,

535 631 755 694 Vossio,
786 631 1016 700 aliisque
1042 630 1436 685 contulerimus
1462 629 1561 701 (b),
1598 633 1844 701 proiecto
1873 644 2138 703 expeten-

535 725 664 779 dum
696 726 853 788 foret,
897 732 955 776 ut
995 722 1215 777 certiori
1258 724 1439 793 aliquo
1468 727 1756 779 vetustatis
1799 726 2134 792 testimonio,

536 824 651 869 tum
698 815 821 868 anni
868 814 1065 883 quibus
1108 813 1250 868 sedit
1275 814 1635 879 Philastrius,
1670 826 1781 871 tum
1810 816 1928 885 ejus
1958 818 2140 873 obitus

540 905 749 959 ﬁrmari
779 915 1038 974 possent;
1068 905 1211 975 quod
1258 922 1379 960 eum
1416 922 1518 960 non
1562 917 1845 977 suppetat,
1877 909 2013 963 nihil
2060 919 2137 964 te—

537 1013 688 1053 mere
733 996 1113 1051 afﬁrmandum
1141 1008 1225 1051 est
1253 1007 1346 1051 aut
1378 999 1703 1067 negandum.
1736 999 1895 1053 Initia
1926 1002 2141 1069 episco-

538 1102 697 1161 patus
729 1090 1016 1144 Philastrii
1045 1091 1254 1145 confert
1278 1090 1530 1145 Labbeus
1562 1091 1614 1145 in
1656 1106 1857 1146 annum
1902 1092 2008 1148 580
2037 1094 2133 1162 (c),

540 1199 664 1253 quae
700 1180 919 1251 Faynus
960 1196 1105 1235 anno
1157 1182 1265 1235 554
1313 1183 1595 1251 assignat;
1645 1198 1819 1237 annus
1847 1198 1984 1237 vero
2030 1182 2137 1238 554

533 1274 677 1343 apud
709 1273 975 1327 Joannem
1025 1272 1376 1328 Franciscum
1414 1273 1810 1329 Florentinium
1854 1275 1907 1329 in
1955 1274 2139 1330 Indice

530 1364 930 1434 Chronologico
958 1363 1277 1419 Antistitum
1308 1365 1689 1419 Brixianorum
1722 1365 1801 1435 (d)
1848 1366 2139 1422 ascribitur

535 1454 795 1508 Faustino
842 1453 1119 1508 Philastrii
1168 1455 1465 1519 decessori,
1516 1456 1602 1509 cui
1632 1454 1850 1526 Faynus
1894 1456 1946 1509 in
1985 1454 2136 1512 Caelo

532 1545 790 1599 Brixiano
819 1544 889 1615 (e)
929 1544 1149 1615 triginta
1180 1553 1234 1599 et
1260 1559 1325 1599 eo
1352 1546 1586 1613 amplius
1614 1560 1786 1601 annos
1812 1546 1956 1601 sedis
1983 1548 2137 1601 attri-

529 1636 666 1690 buit.
698 1635 884 1704 Itaque
917 1636 1018 1690 hoc
1062 1645 1220 1704 pacto
1256 1635 1534 1691 Philastrii
1582 1638 1934 1706 episcopatus
1972 1638 2132 1708 juxta

538 1729 933 1783 Florentinium
965 1744 1107 1782 anno
1132 1730 1239 1784 ⁸584
1266 1730 1561 1800 ἰηεωριυε,
1591 1732 1679 1800 qui
1701 1731 1852 1800 juxta
1895 1731 2135 1803 Fayuum

2243 542 2473 610 ejusdem
2502 542 2754 607 civitatis,
2808 545 2898 613 qui
2949 556 3153 613 quaan
3196 548 3516 612 sanctitatis,
3564 550 3855 618 quantique

2241 632 2410 684 nteriti
2432 632 2619 700 fuerit,
2653 636 2838 703 quibus
2859 638 3011 691 etiam
3038 639 3300 693 miraculis
3329 640 3521 694 claruit
3550 681 3566 705 ,
3596 638 3853 693 Gauden-

2241 721 2343 775 tius
2386 725 2731 791 beatissimus,
2782 729 3014 796 ejusdem
3068 732 3289 784 ciuitatis
3334 733 3492 786 etiam
3543 734 3852 802 episcopus,

2240 814 2407 865 reraci
2430 817 2561 884 style
2592 816 2825 888 digessit.
2864 818 3018 873 Plura
3049 820 3119 875 de
3146 822 3235 875 die
3262 823 3443 878 obitus
3475 822 3765 878 Philastrii
3801 825 3853 879 in

2239 902 2390 958 Notis
2417 907 2483 959 ad
2507 905 2825 963 Sermonem
2853 909 3142 967 Gaudentii
3164 914 3232 969 de
3267 914 3587 983 Philastrio,
3630 933 3686 986 p.
3720 916 3853 972 574.

2239 994 2394 1050 Sedit
2421 1012 2583 1067 porro
2613 1000 2935 1057 Philastrius
2964 1006 3018 1059 in
3044 1005 3176 1061 sede
3223 1006 3476 1061 Brixiana
3518 1017 3648 1077 post
3680 1009 3856 1064 Faus-

2240 1089 2449 1155 tinum,
2506 1092 2664 1162 eique
2711 1098 2972 1151 successit
3026 1097 3400 1167 Gaudentius,
3434 1112 3496 1155 ut
3551 1101 3853 1171 perhibent

2238 1179 2481 1251 Catalogi
2509 1197 2699 1239 onmes
2728 1186 3034 1242 antistitum
3060 1189 3436 1246 Brixianorum
3461 1234 3479 1260 ,
3504 1205 3855 1265 vocaturque

2238 1286 2496 1329 sup'rtuus
2526 1274 2723 1332 Brixia:
2754 1279 3046 1350 episcopus
3100 1297 3130 1335 a
3179 1281 3476 1353 Ramperto
3502 1284 3608 1354 (j);
3644 1301 3715 1340 ex
3743 1301 3851 1356 qua

2240 1366 2450 1421 numeri
2482 1378 2607 1422 nota
2625 1383 2749 1424 cum
2777 1381 2884 1425 tota
2912 1373 3150 1443 pendeat
3177 1377 3315 1430 ratio
3334 1388 3485 1431 recte
3502 1379 3853 1433 constituen-

2240 1456 2433 1513 dorum
2458 1461 2840 1531 episcoporum
2872 1463 3101 1531 Brixiae,
3130 1478 3234 1522 tam
3265 1468 3697 1537 praecedentium
3721 1471 3853 1526 Phi-

2238 1550 2461 1619 lastrio,
2492 1570 2652 1623 quam
2682 1556 2799 1625 ejus
2828 1572 3206 1615 suceessormn
3236 1603 3251 1627 ,
3300 1562 3423 1617 ideo
3456 1578 3557 1632 pro
3587 1579 3654 1619 ea
3686 1580 3853 1619 cons-

2240 1651 2419 1698 tanter
2449 1644 2733 1701 retinenda
2754 1688 2769 1715 ,
2803 1651 3050 1719 quamvis
3087 1650 3318 1706 sufﬁciat
3342 1655 3649 1709 auctoritas
3682 1656 3848 1711 Barn-

2240 1737 2414 1803 perti,
2452 1738 2554 1792 alia
2608 1740 2958 1797 nihilominus
3013 1752 3127 1799 tum
3180 1747 3527 1817 antiquitatis
3554 1748 3843 1820 suffragia,

532 1832 675 1871 anno
703 1818 807 1873 585
836 1817 1044 1882 ﬁnitus,
1078 1819 1235 1873 unico
1266 1830 1472 1874 tantum
1500 1836 1644 1874 anno
1674 1822 2127 1889 concluderetur;
2162 1835 2209 1893 Β
2238 1836 2349 1882 tum
2377 1829 2537 1884 etiam
2565 1833 2835 1888 rationum
2867 1846 3142 1892 momenta
3163 1837 3458 1909 diligenter
3478 1842 3848 1911 expendimus

531 1926 631 1966 nec
647 1910 996 1965 Philastrium
1017 1910 1331 1982 episcOpum
1355 1927 1498 1967 anno
1518 1913 1615 1968 581
1646 1914 1698 1966 in
1718 1914 1951 1968 concilio
1969 1913 2135 1984 Aqui-

529 2002 719 2057 leiensi
744 2000 1023 2055 sedentem
1043 2001 1376 2062 admitteret.
1392 2002 1611 2056 Inversa
1633 2018 1879 2070 prorsus,
1911 2019 1975 2059 ac
1993 2004 2133 2059 male

528 2100 782 2146 concreta
802 2089 1003 2145 omnia.
1022 2090 1200 2144 Locus
1218 2090 1491 2145 Pbilastrii
1511 2091 1753 2145 occurrit
1775 2107 1896 2161 cap.
1929 2092 2051 2158 106,
2077 2092 2131 2147 in

527 2196 635 2251 quo
651 2196 772 2235 cum
787 2180 951 2246 dicat,
984 2180 1385 2251 quadringentos
1406 2184 1523 2252 jam
1545 2182 1661 2250 plus
1678 2198 1840 2237 annos
1862 2183 2128 2250 transisse,

529 2290 594 2327 ea:
622 2289 723 2341 quo
748 2273 883 2325 venit
912 2271 1193 2337 Dominus,
1227 2282 1377 2341 atque
1426 2273 1733 2342 completos,
1763 2273 1994 2329 fortasse
2035 2275 2132 2329 ali-

527 2365 614 2419 cui
668 2363 840 2418 videri
890 2364 1062 2433 possit
1109 2364 1389 2419 Philastrii
1441 2374 1656 2421 actalem
1723 2366 1865 2419 ultra
1925 2374 2130 2423 exitum

527 2453 708 2522 quarti
734 2453 920 2507 sazculi
952 2467 1076 2507 esse
1107 2453 1534 2522 perducendam.
1570 2456 1779 2510 Atcum
1805 2467 2017 2511 certum
2060 2461 2128 2515 sit

525 2543 876 2599 Philastrium
907 2544 1114 2599 obiisse
1144 2545 1436 2600 Ambrosio
1480 2549 1796 2616 superstite,
1846 2551 1939 2618 qui
1986 2566 2129 2607 anno

526 2636 631 2691 597
680 2637 788 2690 vita
832 2637 1032 2701 cessit;
1080 2636 1222 2706 quod
1253 2636 1469 2707 quidem
1511 2654 1576 2693 ex
1608 2640 1913 2695 Gaudentio
1958 2645 2131 2697 mani-

522 2727 662 2783 feste
690 2736 926 2792 constat,
963 2728 1051 2783 hic
1077 2729 1282 2784 etenim
1329 2731 1507 2784 factus
1535 2734 1822 2801 episcomts
1850 2734 2028 2790 Serm.
2058 2736 2128 2791 de

524 2817 775 2873 Ordinat.
820 2820 904 2873 sui
930 2818 1275 2874 Ambrosium
1308 2831 1630 2889 prmaentem
1676 2823 1973 2894 alloquitur
2005 2827 2074 2897 (f)
2110 2845 2123 2881 :

526 2918 747 2979 oportet
764 2918 856 2963 aut
880 2909 1056 2964 locum
1083 2909 1232 2965 illum
1255 2926 1378 2966 esse
1392 2922 1731 2982 corruptum,
1749 2916 2128 2985 supplendum-

524 3015 629 3069 que
652 2999 970 3054 utFabrieio
990 3001 1194 3069 placuit
1214 3001 1314 3071 (g),
1337 3003 1735 3075 quadringentos
1745 3012 1865 3071 jam
1891 3008 2007 3076 plus
2029 3008 2125 3061 mi-

522 3108 617 3145 nus
630 3108 825 3155 annos;
857 3092 941 3146 vel
964 3091 1316 3147 Pbilastrium
1348 3108 1452 3147 non
1478 3094 1770 3150 admodum
1793 3107 2001 3163 exacte,
2028 3099 2122 3154 sed

2235 1921 2289 1975 in
2315 1922 2642 1981 Praefatione
2670 1928 2736 1981 ad
2761 1927 3115 1998 Rampertum
3143 1931 3220 2004 (κ)
3239 1950 3427 2003 ,quam
3454 1936 3620 1991 adeas
3636 1938 3843 2003 velim;

2236 2014 2312 2067 uti
2340 2026 2393 2069 et
2428 2017 2868 2075 Admonitionem
2925 2024 3183 2091 praeviam
3215 2026 3266 2079 in
3296 2028 3581 2097 antiquunm
3630 2028 3849 2100 Bhyth-

2236 2119 2384 2159 mum
2428 2106 2497 2161 de
2544 2108 2874 2178 Philastrio,
2902 2112 3105 2182 p.575.
3164 2114 3303 2169 Num
3335 2132 3465 2173 vero
3510 2117 3846 2175 Philastrius

2235 2195 2489 2269 Martyris
2538 2203 2760 2258 nomine
2814 2206 3119 2261 censendus
3146 2209 3245 2274 sit,
3298 2218 3357 2264 ut
3406 2212 3585 2281 placet
3629 2229 3847 2283 nupera

2234 2290 2461 2346 Gavanti
2530 2293 2764 2351 additori
2816 2296 2882 2368 (Ι)
2914 2340 2927 2361 ,
2976 2301 3435 2370 quemadmodum
3480 2304 3846 2365 Numidicus.
3884 2336 3887 2337 ν

2233 2380 2604 2454 Euthycbius,
2654 2386 2957 2445 Sosthenes
2994 2391 3113 2463 (in),
3143 2392 3367 2464 aliique,
3395 2409 3529 2465 quos
3559 2404 3851 2452 tormenta

2232 2476 2361 2529 olim
2391 2489 2681 2547 expertos,
2721 2490 2935 2537 constat
2967 2485 3199 2539 naturali
3232 2485 3489 2557 deinceps
3531 2498 3727 2545 morte
3760 2491 3853 2545 de-

2230 2567 2504 2623 cessisse:
2531 2584 2654 2624 cum
2689 2573 3003 2643 neutiquam
3033 2574 3137 2630 hoc
3170 2576 3325 2631 titulo
3368 2593 3397 2632 a
3453 2579 3853 2651 Martyrologis

2209 2659 2559 2728 .appelletur,
2594 2678 2770 2733 neque
2798 2666 2902 2720 sub
2952 2668 3054 2723 hoc
3092 2669 3242 2723 cultu
3298 2670 3546 2726 Brixiana
3586 2672 3851 2727 Ecclesia

2230 2767 2355 2805 eum
2380 2753 2643 2819 honoret,
2676 2755 2728 2809 in
2752 2756 2933 2811 medio
2962 2758 3234 2829 relinquo.
3265 2761 3523 2830 Sepultus
3544 2771 3849 2820 estautem

2228 2858 2332 2897 una
2364 2860 2485 2897 cuin
2515 2845 2633 2914 ejus
2659 2847 2839 2917 ligneo
2869 2849 3002 2904 lituo
3023 2893 3037 2915 ,
3063 2866 3157 2907 seu
3182 2852 3374 2908 baculo
3398 2855 3691 2925 pastorali,
3758 2858 3849 2927 qui

2227 2935 2521 2990 etiamnum
2554 2938 2605 2992 in
2636 2937 2893 2995 thesauro
2924 2941 3182 2997 Ecclesia:
3209 2944 3474 3000 Brixiana:
3494 2959 3847 3012 asservatur,

2228 3026 2304 3078 uti
2333 3041 2396 3079 ex
2426 3025 2700 3097 Capreolo
2728 3030 2822 3085 lib.
2862 3048 2915 3087 ιιι
2942 3032 3080 3088 Hist.
3110 3034 3265 3090 Brix.
3298 3036 3462 3092 tradit
3492 3039 3653 3093 etiam
3708 3041 3849 3097 Fer-

2228 3118 2403 3173 rarius
2435 3120 2489 3191 in
2517 3119 2778 3193 Catalogo
2806 3124 2907 3181 SS.
2936 3126 3102 3181 Italia-
3140 3127 3251 3199 (n);
3279 3146 3398 3199 qua:
3429 3132 3739 3188 novissime
3772 3151 3842 3190 ex

522 3195 620 3253 per
644 3182 859 3248 αὔξησιν
888 3184 1131 3239 locutum
1173 3200 1297 3241 esse
1320 3227 1335 3251 ,
1366 3201 1767 3258 numerumque
1793 3190 2121 3259 completum

2231 3188 2566 3267 Florentinio
2591 3216 2642 3268 in
2668 3214 2850 3271 Indice
2866 3182 3267 3290 Chronologico
3281 3223 3597 3277 Antistitum
3614 3224 3844 3280 Brixia-

524 3291 623 3344 pro
645 3275 977 3343 incomplcto
1000 3277 1272 3345 posuisse.
1293 3277 1460 3333 Recte
1482 3278 1645 3347 igitur
1665 3280 1734 3333 ab
1754 3280 1947 3335 eodem
1964 3281 2123 3337 Joan.

526 3366 753 3420 Alberto
783 3365 1032 3419 Fabricio
1065 3368 1119 3420 in
1149 3368 1501 3423 Testimoniis
1528 3369 1596 3424 de
1618 3370 1932 3438 Philastrio,
1965 3376 2130 3430 casti-

523 3468 683 3528 gatur
730 3458 967 3512 Thomas
1011 3459 1291 3515 Malvenda
1318 3502 1332 3527 ,
1378 3464 1709 3532 perspicuum
1751 3467 1990 3534 sphalma
2024 3468 2126 3522 Ba-

524 3550 671 3605 ronii
693 3565 917 3616 vocans,
944 3552 1087 3619 quod
1109 3568 1175 3606 ex
1206 3552 1468 3621 pracdicto
1505 3554 1791 3611 Gaudentii
1821 3560 2087 3616 Sermone
2109 3601 2124 3627 ,

524 3640 874 3695 Philastrinm
903 3644 1200 3709 superstite
1229 3643 1407 3697 adhuc
1429 3645 1722 3702 Ambrosio
1749 3649 1952 3705 abiisse
1978 3650 2127 3707 aflir-

525 3740 668 3795 met;
703 3744 826 3783 cum
869 3729 1090 3785 aliunde
1135 3734 1301 3786 etiam
1349 3736 1623 3789 notaverit
1651 3736 1798 3791 idem
1848 3738 2125 3800 Fabricius

520 3821 723 3875 librum
753 3820 817 3874 de
849 3820 1145 3876 Iliensibus
1185 3838 1214 3877 a
1260 3824 1553 3880 Philastrio
1599 3830 1969 3901 conscriptum
2000 3845 2126 3891 ante

521 3914 1167 3983 Purmcuiani_mortem,
1202 3916 1306 3972 hoc
1349 3926 1437 3971 est
1480 3929 1609 3974 ante
1636 3935 1836 3976 annum
1869 3924 1965 3980 591
1999 3925 2078 3998 (h)
2109 3946 2121 3982 :

524 4007 756 4076 ideoque
783 4007 890 4062 dici
932 4023 1041 4062 non
1074 4024 1235 4078 posse
1279 4025 1308 4063 a
1339 4009 1632 4067 PhilaSIrio
1670 4014 1798 4069 dum
1828 4031 1951 4072 eum
1994 4033 2127 4076 con-

523 4102 811 4167 scriberet,
839 4102 1243 4173 quadringentos
1265 4107 1383 4173 jam
1410 4104 1527 4174 plus
1559 4123 1722 4161 annos
1755 4110 2001 4166 transisse
2020 4153 2034 4179 ,
2060 4129 2125 4168 ea:

524 4212 623 4265 quo
647 4196 779 4250 venit
806 4195 1082 4262 Dominus,
1107 4206 1259 4266 atque
1286 4198 1587 4267 completos.

593 4290 684 4345 12.
728 4290 802 4344 De
828 4289 916 4344 die
942 4289 1123 4344 obitus
1150 4290 1426 4345 Philastrii
1454 4308 1554 4347 nos
1580 4292 1837 4351 dubitare
1858 4312 1963 4352 non
1995 4299 2126 4353 sinit

521 4382 887 4447 Gaudentius;
928 4384 1006 4436 ait
1051 4397 1248 4452 nempe
1289 4384 1352 4454 (i)
1379 4400 1397 4437 :
1428 4385 1825 4450 Quintodecimo
1872 4390 2124 4447 kalenda-

524 4490 640 4527 runt
673 4474 1018 4542 Augustarum
1044 4475 1186 4527 exuit
1235 4476 1523 4545 Immineat,
1554 4494 1663 4549 quo
1688 4482 1850 4550 plane
1873 4482 1961 4537 die
1992 4484 2123 4540 Phi-

2230 3319 2422 3358 norum
2453 3346 2466 3368 ,
2496 3322 2547 3359 v.
2583 3307 2655 3361 cl.
2688 3307 3013 3366 Guilielmus
3044 3310 3293 3381 Cuperus
3335 3315 3519 3369 retulit
3562 3316 3616 3369 in
3660 3318 3841 3373 Com-

2230 3397 2558 3451 mentariun)
2588 3399 2656 3453 de
2683 3400 2740 3455 S.
2791 3400 3104 3471 Philastrio,
3157 3404 3357 3460 Brixite
3385 3407 3645 3477 episcopo
3694 3410 3727 3481 ς
3764 3411 3799 3464 2
3822 3453 3836 3477 ,

2229 3502 2284 3541 n.
2334 3488 2399 3542 16
2430 3486 2530 3559 (ο),
2564 3505 2672 3560 quo
2703 3493 2755 3545 in
2780 3491 2900 3547 loco
2932 3494 3125 3550 Sermo
3150 3496 3425 3568 Ramperti
3465 3500 3534 3554 de
3574 3501 3838 3557 Transla-

2230 3579 2376 3633 tione
2404 3580 2712 3651 Philastrii,
2762 3600 2832 3639 ex
2862 3584 3117 3642 Patavina
3144 3588 3383 3646 editione
3404 3595 3529 3646 anni
3558 3594 3705 3651 17Ξο
3754 3596 3835 3651 di-

2227 3670 2458 3741 ligenter
2505 3675 2827 3730 emendatus
2873 3688 2928 3733 et
2982 3678 3307 3749 illustratus,
3341 3682 3520 3738 denuo
3576 3686 3835 3755 vulgatus

2227 3772 2329 3817 est.
2358 3764 2533 3819 Locus
2558 3767 2856 3836 sepultura:
2886 3770 2956 3822 ad
2998 3771 3250 3826 Sanctum
3280 3775 3541 3828 Andream
3566 3818 3581 3839 ,
3617 3793 3834 3834 memo-

2227 3861 2378 3908 ratur
2407 3855 2460 3909 in
2488 3855 2698 3912 duobus
2724 3859 2885 3914 codd.
2921 3876 3051 3916 mss.
3086 3863 3356 3919 Brixianze
3381 3865 3659 3934 Ecclesiae,
3693 3886 3835 3940 quo-

2227 3959 2345 3998 rum
2359 3955 2671 4016 excerptum
2688 3951 3008 4018 protulimus
3020 3953 3086 4008 ad
3103 3954 3422 4012 Sermonem
3437 3958 3744 4030 Ramperti(
3754 3964 3829 4032 p);

2226 4037 2595 4094 cathedralem
2655 4057 2819 4110 porro
2872 4044 2934 4099 S.
2978 4047 3199 4102 Andrea:
3228 4050 3520 4106 ecclesiam
3558 4066 3833 4110 memorat

2225 4126 2511 4184 Malvetius
2541 4128 2745 4187 Chron.
2780 4134 2911 4189 dist.
2939 4138 3010 4203 5,
3052 4153 3101 4192 c.
3132 4140 3235 4206 11,
3287 4150 3342 4197 et
3370 4142 3501 4197 dist.
3550 4142 3617 4212 4,
3667 4161 3719 4199 e.
3774 4148 3829 4212 5,

2228 4236 2338 4289 quo
2384 4237 2451 4277 ex
2504 4224 2624 4280 loco
2654 4240 2867 4282 sacrum
2915 4229 3192 4286 Pbilastrii
3226 4248 3424 4304 corpus
3455 4246 3566 4291 tum
3592 4240 3829 4308 primum

2225 4314 2547 4370 translatum
2607 4317 2775 4374 fuisse
2804 4334 2834 4373 a
2864 4319 3203 4392 Ramperto,
3245 4326 3483 4383 Brixiani
3531 4331 3830 4402 scriptores

2228 4412 2513 4461 testantur.
2553 4408 2725 4465 Verba
2752 4410 3072 4470 Florentinii
3101 4415 3219 4472 haec
3255 4429 3381 4474 sunt
3408 4422 3484 4491 (q)
3510 4439 3524 4474 :
3556 4421 3690 4493 Ejus
3712 4443 3832 4479 car-

2227 4514 2324 4565 pus
2353 4515 2489 4554 anno
2511 4500 2617 4556 858
2647 4516 2681 4555 ν
2710 4504 2827 4558 idus
2857 4505 3073 4577 Aprilis,
3107 4526 3140 4562 a
3187 4510 3250 4565 S.
3275 4511 3497 4568 Andreae
3522 4527 3673 4571 antro
3700 4520 3827 4573 abs-

524 4567 702 4621 lastrii
751 4567 1068 4621 memoriam
1117 4568 1366 4623 recolunt
1433 4570 1877 4643 Martyrologium
1924 4576 2202 4655 Roma-1)
2227 4597 2393 4655 truso,
2427 4592 2514 4646 ubi
2533 4595 2835 4665 quingentos
2866 4598 3025 4667 ferme
3053 4618 3217 4657 annos
3247 4605 3503 4674 latuerat,
3555 4626 3663 4664 una
3705 4629 3829 4667 cum

522 4676 677 4724 num,
709 4658 1047 4730 Maurolycus
1072 4701 1086 4725 ,
1138 4660 1486 4726 Galesinius,
1539 4664 1740 4735 aliique
1780 4671 2118 4728 recentiores

523 4753 893 4824 Martyrologi.
947 4753 1084 4807 Male
1135 4752 1544 4809 Nomenclatura
1595 4758 1877 4815 Auctorum
1930 4763 2122 4837 Cangii

521 4843 797 4897 Glossario
818 4844 1131 4911 praeposita,
1157 4843 1433 4901 Philastrii
1451 4846 1656 4901 obitum
1691 4850 1867 4919 primo
1896 4854 2121 4925 Augusti

521 4932 797 5000 assignat;
831 4946 952 4985 cum
984 4932 1189 5001 alioqui
1238 4950 1439 4990 annum
1489 4926 1844 4996 emortualem
1876 4945 1985 5001 587
2011 4964 2119 5005 una

525 5039 649 5078 cum
674 5022 888 5077 caeteris
915 5032 1138 5077 statuat.
1168 5026 1237 5093 ,Ιιι
1281 5027 1668 5100 Martyrologio
1698 5033 1987 5093 Alexandri
2021 5042 2124 5098 Pe-

519 5113 724 5183 regrini
751 5113 838 5167 die
868 5113 936 5168 18
964 5113 1091 5170 Julii
1123 5116 1189 5170 de
1208 5117 1500 5175 Philastrio
1522 5119 1641 5178 haec
1664 5124 1951 5196 leguntur:
1984 5133 2119 5189 Civi-

617 5226 671 5299 a)
708 5228 865 5301 ‘Tom.
896 5228 986 5301 ιγ,
1020 5228 1119 5284 ss.
1150 5230 1302 5295 Julii,
1329 5249 1381 5301 p.
1409 5235 1538 5290 586.

617 5298 667 5369 b)
707 5298 866 5353 Praef.
897 5300 965 5353 ad
994 5298 1376 5369 Gaudentium,
1404 5322 1456 5360 n.
1480 5305 1536 5359 4.

611 5372 663 5437 c)
705 5369 855 5422 Tom.
889 5370 962 5436 ll,
996 5388 1048 5439 p.
1080 5372 1206 5425 211.

607 5442 664 5525 ά)
704 5440 1088 5525 ρτῐιίεξλερυίι
1113 5442 1571 5503 Bartholomzcum
1598 5450 1921 5525 Fontanam,
1948 5460 2105 5517 16H.

609 5510 658 5581 e)
702 5510 829 5581 l’ag.
869 5512 962 5566 20.

606 5589 658 5722 [ς
693 5581 823 5704 Pag.
857 5583 983 5636 554.
1236 5657 1246 5667 ⁸

606 5672 653 5737 ν.
696 5652 818 5737 Et:
855 5660 1104 5737 993mm
1132 5655 1531 5737 umquam
1563 5664 1631 5720 ad
1662 5670 2098 5737 cap-106.130".

579 5655 658 5771 (Ζ)
701 5655 818 5704 Vid.
855 5660 1104 5720 quartam
1132 5655 1321 5711 ordine
1352 5669 1433 5713 not

577 5726 591 5789 (
618 5726 657 5792 Δ,)
695 5719 820 5792 μοι.
847 5721 914 5792 ad
937 5737 1104 5792 capp.
1130 5726 1200 5779 85
1227 5738 1283 5781 et
1310 5729 1433 5785 106.

587 5788 652 5858 (ἰ)
696 5788 822 5855 Pag.
851 5789 976 5842 57‘.

2230 4684 2344 4748 eius
2368 4684 2499 4752 pedo
2529 4685 2698 4755 ligneo
2715 4729 2727 4753 ,
2758 4688 2809 4742 in
2831 4690 3125 4747 cathedrata
3149 4697 3392 4764 templum
3424 4701 3642 4756 hiemale
3655 4703 3794 4756 illud
3810 4745 3824 4768 ,

2235 4776 2321 4827 cui
2367 4787 2544 4845 postea
2589 4782 3011 4851 superwdiﬁcata
3056 4796 3133 4839 est
3175 4790 3389 4844 ecclesia
3414 4808 3529 4861 qua:
3558 4792 3825 4851 Romanos

2222 4867 2377 4936 vulgo
2408 4867 2620 4936 dicitur,
2655 4872 2967 4927 translatum
2986 4885 3081 4929 est.
3132 4879 3281 4933 Alias
3313 4880 3583 4938 Philastrii
3611 4885 3822 4942 Trans-

2221 4956 2455 5013 lationes
2481 4972 2703 5016 enarrat
2742 4963 2885 5019 idem
2918 4966 3163 5037 Cuperns
3192 4974 3476 5028 memorati
3509 4974 3823 5034 Commen—

2218 5049 2342 5103 tarii
2369 5049 2437 5104 de
2464 5050 2523 5106 S.
2560 5052 2854 5111 Philastrio
2884 5057 2911 5128 ᾗ
2954 5058 3021 5125 9.,
3070 5077 3125 5114 η.
3157 5062 3223 5118 16
3269 5064 3341 5136 (r)
3364 5107 3378 5131 ,
3404 5067 3660 5136 quoniam
3687 5087 3822 5128 vero

2214 5140 2381 5212 lignei
2410 5143 2620 5212 baculi,
2667 5164 2763 5204 seu
2792 5151 2913 5220 pedi
2938 5154 3082 5223 quod
3106 5172 3206 5211 una
3235 5172 3359 5214 cum
3384 5159 3658 5221 Philastrii
3696 5182 3822 5223 cor-

2401 5258 2556 5346 Shet‘rm
2568 5262 2676 5346 ng
2699 5264 2911 5325 Transl.
2932 5269 3226 5339 Pliilastrii,
3255 5291 3307 5346 p.
3342 5277 3469 5334 39L

2293 5325 2368 5399 (It)
2412 5328 2541 5399 Pag.
2571 5333 2697 5386 589.

2290 5397 2354 5469 (ι)
2394 5397 2552 5455 Tum.
2585 5402 2661 5468 ll,
2692 5419 2743 5473 p.
2776 5404 2919 5474 559,
2951 5412 3085 5466 edit.
3119 5414 3377 5473 Romana:
3406 5421 3565 5476 1758.

2290 5468 2380 5541 tm)
2414 5470 2702 5541 ,Martymt.
2734 5476 2891 5532 nom.
2918 5480 2990 5541 9.
3016 5485 3173 5541 Αυα..
3204 5486 3274 5541 24
3295 5488 3565 5541 Aua..28j

2285 5470 2380 5611 ἕνη)
2422 5470 2951 5558 Μϋτιγωιλβοηιίξ)
2975 5523 2990 5548 ,
3016 5485 3173 5556 Aug.,
3204 5470 3698 5561 ΞόλγᾶεῖξξῖΝον.

2311 5538 2366 5611 η)
2400 5540 2503 5611 pie
2536 5544 2603 5599 18
2622 5543 2773 5600 Juln.

2307 5609 2362 5688 ei
2398 5609 2556 5688 Tom.
2583 5614 2803 5688 lYJulii
2834 5634 2888 5688 p.
2906 5622 3032 5677 587.

2309 5679 2368 5761 ρ)
2403 5680 2528 5761 μο-ι.
2563 5679 3007 5761 adliampértum
3041 5712 3091 5761 p.
3114 5698 3235 5754 588.

2285 5750 2358 5825 (q)
2398 5752 2565 5825 l_ndex
2587 5750 2845 5814 Chronol.
2879 5762 2931 5816 in
2955 5750 3263 5825 Philast‘rio.

2286 5820 2357 5891 (r)
2398 5821 2551 5880 Tom.
2582 5826 2650 5883 IV
2672 5827 2821 5898 Julii,
2852 5846 2905 5902 p.
2928 5834 3053 5893 587.
