3992 6204
201 220 339 278 1073

1370 221 1431 275 Ρ.
1471 218 1824 277 GALEARDI
1867 219 2258 279 PRIEFATIO.

3351 233 3489 291 1076

180 349 317 406 pore
336 334 638 390 inventum
663 341 778 397 est,
806 331 1242 399 mentioincidit,
1275 347 1381 388 non
1410 333 1644 389 alienum
1669 342 1798 402 puto
1825 339 1878 398 Α
1905 343 2101 391 utcam
2125 336 2636 407 lnterpretationem
2665 340 2960 400 Pliilastrio
3000 345 3334 412 tribuerent;
3359 349 3491 417 quin

184 428 289 483 hoc
321 430 447 482 loco
503 437 779 481 annotare
835 425 1085 480 baculum
1139 426 1284 480 hunc
1335 440 1458 481 esse
1509 426 1787 497 ligneum,

192 527 355 586 atque
379 518 436 572 in
459 519 698 582 vertice,
723 516 808 572 vel
831 517 1148 572 summitate
1186 532 1513 581 recurvum;
1569 517 1791 586 ejusque

193 610 418 665 schema
448 610 698 665 eamdem
722 609 948 679 figuram
979 610 1388 680 referre,quam
1417 625 1488 664 ex
1505 608 1792 664 Casinensi

191 705 315 760 cod.
346 705 640 760 delineavit
688 703 1122 760 Montfauconius
1148 707 1316 761 Diarii
1348 705 1519 760 Italici
1561 721 1616 775 p.
1664 705 1790 760 325.

195 799 458 854 Baculnm
493 799 820 868 pastoralem
871 799 932 852 D.
967 799 1294 869 Augustini,
1341 815 1446 853 una
1503 814 1626 855 cuin
1675 799 1791 868 ejus

191 906 425 962 corpore
453 907 525 948 ex
556 892 738 947 Africa
769 891 822 947 iu
853 892 1158 948 Sardiniam
1189 894 1510 949 translatum
1538 935 1553 960 ,
1588 908 1795 949 memo-

192 993 276 1038 rat
305 983 580 1038 Batonius
602 998 694 1038 an.
722 981 829 1039 504
857 985 960 1054 (α),
992 999 1060 1039 ex
1088 1000 1194 1055 quo
1223 993 1451 1055 apparet
1479 985 1790 1054 hujusmodi

194 1075 426 1146 κοιμήλια
475 1089 580 1128 una
609 1089 733 1129 cum
763 1075 1146 1144 episcoporum
1184 1076 1509 1146 corporibus
1541 1077 1795 1130 tumulari

192 1168 389 1232 solita;
424 1166 683 1236 idemque
711 1167 894 1236 prodit
929 1166 1191 1236 Ugliellus
1219 1168 1272 1222 in
1300 1164 1796 1223 Mediolanensibus

193 1260 621 1330 archiepiscopis
651 1259 764 1331 (ὸ),
793 1260 884 1316 ubi
933 1276 999 1316 ex
1051 1261 1318 1317 Puricello
1367 1271 1553 1316 narrat
1594 1275 1796 1330 corpus

192 1352 432 1408 Anselmi
463 1351 896 1422 archiepiscopi,
920 1351 1013 1422 qui
1041 1352 1178 1408 vixit
1201 1353 1266 1407 ad
1289 1369 1491 1408 annum
1516 1353 1647 1418 822,
1689 1369 1795 1406 una

193 1460 306 1498 cum
331 1446 444 1514 ejus
466 1444 655 1498 baculo
682 1445 854 1515 ligneo
875 1486 889 1511 ,
917 1445 985 1499 ad
1012 1445 1155 1500 latus
1183 1446 1457 1510 dextrum,
1487 1445 1796 1515 annuloque

195 1553 261 1592 ex
287 1545 523 1608 argento
551 1549 858 1608 gemmato,
907 1547 962 1592 et
1002 1546 1226 1606 aurato,
1276 1537 1444 1593 fuisse
1490 1539 1792 1596 inventum.

199 1630 344 1686 Diem
367 1630 553 1686 obitus
580 1629 859 1685 Philastrii
887 1629 1187 1686 solemnem
1211 1631 1341 1685 olim
1362 1629 1636 1685 Brixianis
1664 1629 1798 1684 civi-

1895 427 2075 496 potius
2105 437 2236 481 tom.
2270 428 2314 482 Il
2357 429 2710 486 Bibliotheca:
2761 432 2864 486 PP.
2899 449 3020 505 pag.
3051 436 3123 491 16
3144 477 3158 501 ,
3183 437 3272 492 ubi
3296 437 3489 494 Latina

1896 519 1984 573 illa
2005 520 2386 590 Interpretatio
2426 523 2621 577 iterum
2649 523 2791 578 edita
2824 537 2936 592 est,
2986 543 3152 596 pauca
3185 531 3300 584 haec
3351 545 3490 600 prie-

1896 611 2203 680 mittuntur,
2250 630 2370 685 quae
2409 631 2525 670 rem
2577 632 2794 671 omnem
2837 619 2890 671 in
2950 628 3140 688 aperto
3163 622 3486 677 collocant:

1896 702 2023 759 Cum
2059 706 2113 758 in
2159 701 2690 781 Philastrii'episwpi
2738 708 3026 765 Brixiensis
3054 714 3292 768 volumen
3337 732 3436 771 ms.
3467 733 3495 771 ε

1898 797 2192 852 Corbeiensi
2213 803 2520 856 monasterio
2540 803 2802 858 incidisset
2832 805 3112 873 aliquando
3137 807 3204 861 Β.
3238 807 3305 861 Ρ.
3343 809 3494 882 Hugo

1899 887 2202 955 Menardus,
2231 890 2418 944 ibidem
2443 893 2674 961 proxime
2704 903 2818 964 post
2849 894 3148 964 Epistolam
3169 896 3497 954 Tertulliani

1897 981 1962 1034 de
1989 981 2114 1034 cibis
2133 979 2401 1048 Judaicis,
2425 983 2686 1039 Barnaba:
2715 987 2919 1041 nomine
2948 987 3245 1060 insignitum
3276 989 3494 1058 Episto-

1898 1074 2029 1140 lam,
2063 1091 2166 1128 una
2191 1091 2306 1129 cum
2335 1075 2523 1131 Jacobi
2547 1077 2792 1146 Apostoli
2835 1078 3086 1148 Epistola
3138 1081 3493 1152 deprehendit.

1898 1167 2082 1238 Itaque
2110 1170 2161 1222 in
2188 1184 2254 1224 eo
2276 1170 2400 1225 cod.
2429 1171 2582 1240 plura
2601 1170 2872 1242 Opuscula
2923 1173 3265 1230 diversorum
3298 1179 3500 1232 Aucto-

1899 1275 2018 1313 rum
2066 1260 2228 1315 simul
2286 1261 2514 1316 collecta
2563 1264 2882 1329 exstabant;
2936 1280 3164 1336 quorum
3220 1268 3494 1338 primum,

1902 1366 2100 1421 nempe
2150 1352 2288 1408 liber
2328 1355 2391 1407 de
2432 1353 2728 1409 Hceresibus
2773 1371 2895 1411 cum
2968 1358 3248 1414 Philastrii
3303 1377 3500 1417 nomen

1901 1441 2226 1512 prteferret,
2255 1443 2416 1500 facile
2448 1445 2622 1500 eidem
2653 1446 2944 1501 Philastrio
2985 1449 3147 1504 etiam
3180 1449 3370 1505 Latina
3411 1453 3501 1506 illa

1903 1533 2288 1605 lnterpretatio
2315 1553 2434 1608 qua:
2466 1539 2706 1594 auctoris
2736 1542 2957 1596 nomine
2978 1541 3218 1600 fortasse
3249 1546 3498 1614 carebat,

1904 1627 2105 1680 tributa
2132 1636 2244 1691 est;
2275 1643 2460 1683 verum
2482 1629 2550 1685 de
2573 1630 2678 1685 hoc
2702 1631 2841 1684 infra
2861 1673 2876 1698 ,
2914 1647 3036 1687 cum
3085 1635 3244 1688 nobis
3267 1635 3334 1690 de
3373 1635 3508 1692 Cor-

198 1723 294 1778 bus
350 1723 520 1778 fuisse
544 1762 558 1788 ,
619 1723 917 1778 ostendunt
972 1723 1285 1778 testimonia
1348 1722 1670 1788 Gandentii,
1731 1739 1795 1779 ac
1826 1727 1873 1786 B
1900 1718 2222 1775 beiensims.
2251 1722 2585 1776 exiustituto
2607 1723 2936 1793 loquendum
2959 1727 3062 1779 erit
3095 1724 3193 1797 (g).
3215 1727 3502 1782 Menardus

198 1815 514 1886 [iamper-ti,
575 1830 801 1885 quorum
853 1817 1002 1885 prior
1033 1815 1108 1886 (c)
1152 1815 1540 1886 quatuordecim
1564 1819 1682 1888 jam
1707 1831 1800 1886 per

199 1923 357 1961 annos
383 1907 728 1962 solemnitatis
755 1906 912 1978 hujus
938 1908 1133 1963 cultum
1180 1923 1240 1962 se
1287 1923 1581 1964 renovasse
1632 1909 1796 1973 dicit;

199 2001 333 2054 alter
359 2014 489 2054 vero
514 1998 807 2054 Brixianos
846 2001 1137 2070 episcopos
1174 1999 1453 2055 Philastrii
1510 2016 1799 2057 successo-

201 2104 288 2145 res
334 2089 438 2162 (ά),
489 2089 631 2144 diem
675 2091 920 2145 transitus
950 2094 1064 2161 ejus
1094 2100 1430 2158 venerantes,
1480 2101 1801 2148 reverenter

204 2178 539 2248 honorasse‘,
572 2180 638 2234 ab
663 2183 802 2235 omni
833 2192 1034 2236 terreno
1065 2198 1219 2252 opere
1265 2181 1590 2238 Brixienssm
1630 2201 1800 2253 popu-

205 2274 306 2328 lum
323 2273 586 2328 abstinere
604 2276 841 2346 jubentes
865 2292 884 2328 :
915 2291 1106 2330 verum
1129 2276 1307 2330 cultus
1335 2276 1643 2346 hujusmodi
1660 2279 1800 2348 jam-

205 2365 404 2434 pridem
438 2365 746 2431 obsolevit;
789 2367 898 2422 imo
943 2367 1130 2422 titulus
1151 2382 1367 2437 quoque
1402 2368 1657 2437 patroni,
1706 2371 1798 2438 qui

209 2465 311 2510 tum
339 2457 638 2512 Philastrio
665 2499 678 2524 ,
712 2466 822 2512 tum
865 2459 1158 2528 Apollonio
1187 2459 1390 2515 dudum
1448 2460 1610 2516 tribui
1643 2461 1791 2516 sole.

211 2549 300 2605 bat
327 2550 420 2622 (c),
449 2549 649 2606 iisdem
672 2550 866 2606 ascribi
889 2550 1124 2606 desivit:

294 2683 504 2735 Tantum
530 2688 622 2736 sevi
644 2686 908 2751 longinqua
929 2685 1063 2738 valet
1082 2695 1274 2738 mutare
1298 2695 1536 2739 vetustas.

279 2832 365 2888 15.
407 2832 615 2888 Praeter
638 2832 834 2888 librum
877 2834 940 2887 de
961 2833 1256 2888 eresibus
1273 2849 1304 2889 a
1321 2834 1617 2891 Philastrio
1639 2850 1805 2902 cons-

215 2924 472 2993 criptum,
511 2925 773 2979 nonnulla
799 2925 907 2980 alia
937 2925 1114 2980 eidem
1146 2927 1479 2991 tribuuntur,
1521 2943 1642 2996 qua:
1671 2927 1801 2981 Plii-

216 3014 447 3071 lastrium
478 3024 762 3072 auctorem
795 3017 1018 3072 minime
1040 3027 1373 3088 agnoscunt;
1419 3033 1618 3089 nempe
1645 3028 1804 3074 vetus

1905 1820 2054 1866 eerte
2075 1812 2164 1882 qui
2187 1811 2576 1868 Corbeiensem
2599 1815 2720 1868 cod.
2753 1817 3136 1882 contrectavit,
3167 1825 3330 1887 atque
3352 1833 3417 1872 ex
3440 1834 3506 1873 eo

1905 1905 2152 1961 Latinam
2205 1907 2352 1962 illam
2410 1907 2923 1978 Interpretationem
2955 1911 3257 1980 desumpsit
3298 1912 3498 1980 (nam,

1902 1996 2095 2051 eodem
2120 1997 2492 2067 Papebrochio
2510 2008 2765 2054 narrante
2806 1999 2913 2069 (h),
2945 1998 3194 2054 Graecum
3229 2003 3506 2071 exemplar

1905 2088 2093 2144 habuit
2123 2104 2190 2144 ex
2218 2089 2436 2144 seltedis
2458 2090 2769 2160 Turriani),
2813 2091 2903 2144 ubi
2953 2091 3006 2144 in
3037 2089 3357 2146 Corbeiensi
3399 2108 3502 2147 ms.

1903 2183 2210 2238 versionem
2235 2183 2383 2238 illam
2411 2184 2686 2237 Philastrii
2732 2184 2953 2238 nomine
2984 2185 3210 2240 vidisset
3237 2193 3507 2255 praenota-

1905 2285 2046 2340 tam,
2088 2276 2311 2331 minime
2363 2277 2467 2332 hoc
2497 2277 2660 2332 silere
2709 2276 3008 2332 debuisset.
3058 2277 3348 2332 Philastrio
3376 2279 3504 2333 item

1903 2367 2250 2422 ascribuntur
2271 2369 2400 2422 Acta
2427 2367 2536 2423 SS.
2572 2366 2848 2435 Faustini,
2877 2376 2923 2422 et
2952 2365 3172 2435 Jouitw,
3217 2384 3283 2424 ex
3312 2371 3507 2440 quibus

1906 2475 2096 2516 eorum
2126 2461 2304 2516 Vitam
2353 2461 2596 2517 edidisse
2647 2461 2934 2530 profitetur
2964 2460 3203 2518 Jacobus
3249 2463 3504 2530 Riccius,

1905 2551 2001 2621 qui
2031 2567 2150 2606 eam
2178 2551 2318 2622 typis
2358 2551 2762 2622 vulgavitanno
2794 2550 2970 2618 1511,
3013 2551 3290 2607 referente
3337 2553 3508 2607 Asca-

1905 2643 1998 2698 nio
2031 2643 2374 2713 Martinengo
2403 2643 2458 2696 in
2481 2642 2757 2699 Prommio
2773 2642 2914 2698 Vitae
2929 2643 3246 2699 eorumdem
3265 2642 3410 2699 SS.a
3442 2658 3504 2699 se

1906 2736 2091 2792 Italiae
2105 2738 2266 2791 edita:
2297 2737 2494 2791 Brixia:
2515 2751 2659 2791 anno
2683 2737 2854 2804 1602,
2880 2753 3068 2792 verum
3097 2753 3164 2792 an
3197 2737 3511 2808 hujusmodi

1905 2831 2036 2883 Acta
2056 2845 2184 2884 vere
2211 2829 2483 2883 Philastrii
2510 2830 2648 2893 sint,
2669 2828 2792 2898 jure
2815 2829 3024 2884 dubitat
3045 2829 3186 2884 idem
3211 2829 3512 2884 Martinen-

1904 2939 2038 2994 gus;
2065 2923 2229 2994 idque
2257 2923 2432 2976 innuit
2456 2923 2622 2976 etiam
2659 2921 3040 2976 Henschenius
3071 2919 3168 2992 (i),
3218 2936 3284 2977 eo
3305 2923 3449 2992 quod
3479 2937 3510 2977 a

1904 3015 2046 3072 libro
2075 3016 2140 3069 de
2175 3013 2474 3070 eresibus
2504 3015 2646 3085 stylo
2684 3029 2748 3069 ac
2778 3014 2940 3068 modo
2983 3015 3256 3070 scribendi
3287 3029 3509 3085 prorsus

215 3105 392 3163 Latina
421 3108 680 3178 Epistohe
707 3108 771 3164 S.
793 3107 1049 3163 Barnaba:
1070 3107 1460 3179 Interpretatio,
1483 3124 1644 3178 quam
1672 3108 1800 3164 Phi-
1825 3105 1870 3167 C
1903 3109 2179 3164 diﬂ'erant.
2203 3107 2316 3162 Nos
2342 3107 2470 3161 Acta
2490 3106 2759 3176 ejusmodi
2780 3105 3072 3160 Philastrio
3098 3106 3335 3162 libenter
3359 3107 3514 3176 abju-

195 3197 391 3254 lastrio
411 3199 640 3254 ascribit
665 3199 1070 3270 Papebrocbius
1092 3201 1146 3255 in
1173 3202 1326 3256 Actis
1342 3200 1441 3257 SS.
1471 3200 1641 3266 Junii,
1665 3209 1796 3257 tom.

213 3292 286 3358 ll,
312 3293 519 3364 p.657,
564 3302 621 3348 et
659 3293 1036 3363 Papebrochio
1078 3294 1237 3362 vade,
1275 3295 1559 3351 Fabricius
1588 3310 1803 3366 quoque

215 3383 265 3438 in
316 3385 644 3440 Praelatione
693 3384 760 3439 ad
799 3383 1152 3440 Philastrium
1179 3426 1195 3449 ,
1254 3401 1376 3456 qua:
1406 3385 1803 3457 Hamburgensi

215 3475 427 3533 editioni
483 3477 705 3549 przefixa
752 3488 876 3544 est,
927 3487 1090 3548 atque
1114 3477 1340 3533 editioni
1382 3477 1510 3533 huic
1533 3478 1804 3533 Brixianse

214 3571 383 3628 denuo
412 3573 771 3644 praeponitur.
832 3573 1128 3628 Proﬁtetur
1167 3582 1348 3628 autem
1394 3571 1806 3642 Papebrocbius

215 3661 712 3733 Interpretationetn
761 3663 904 3716 illam
949 3677 1010 3718 se
1060 3663 1161 3716 hoc
1215 3663 1515 3732 przesertim
1579 3661 1802 3717 nomine

218 3755 387 3824 magni
411 3756 619 3819 facere,
648 3754 793 3825 quod
816 3753 1164 3810 Philastriqu
1197 3763 1475 3809 auctorem
1505 3753 1760 3824 praeferat
1786 3771 1800 3806 :

216 3854 376 3915 estque
401 3864 460 3901 ea
492 3849 511 3917 (
535 3847 699 3902 verba
741 3855 869 3902 sunt
917 3844 1308 3917 Papebrocbii)
1337 3855 1478 3900 tanta
1499 3846 1808 3901 wstimanda

218 3938 392 4005 pluris,
423 3939 564 4010 quod
583 3939 638 3991 in
667 3939 823 3991 veteri
851 3955 948 3991 ms.
999 3937 1305 3992 Corbeiense
1328 3941 1640 4008 reperiatur,
1669 3948 1804 3992 tam-

218 4043 362 4094 quam
385 4028 568 4082 Latine
589 4027 792 4081 reddita
812 4044 843 4080 a
875 4027 936 4083 S.
960 4027 1307 4101 Philostorgio
1330 4029 1474 4096 (lege
1493 4026 1805 4094 Philastrio)

219 4116 467 4175 Brixiensi
492 4120 755 4191 episcopo.
789 4119 980 4174 Hausit
1008 4119 1112 4174 hoc
1141 4118 1375 4173 fortasse
1399 4118 1808 4187 Papebrocbius

221 4225 247 4264 a
271 4211 575 4268 Puccinello
606 4213 657 4267 in
691 4211 810 4265 Vita
837 4210 894 4267 S.
924 4210 1184 4265 Barnaba:
1211 4210 1304 4263 lib.
1333 4225 1401 4277 ιι,
1433 4225 1556 4280 pag.
1588 4209 1680 4276 69,
1709 4209 1807 4264 sed

223 4303 350 4358 inira
395 4319 620 4375 prorsus
675 4305 727 4358 in
775 4319 841 4358 eo
894 4301 995 4357 fuit
1039 4316 1377 4356 summorum
1403 4301 1669 4366 virorum,
1697 4309 1806 4354 tum

222 4397 567 4468 Papebrocbii
597 4399 766 4468 ipsius
797 4438 814 4463 ,
874 4405 987 4451 tum
1030 4395 1262 4451 Fabricii
1286 4395 1450 4449 etiam
1503 4393 1805 4448 hallucina-

1903 3199 2180 3263 dicamus;
2214 3198 2372 3252 sicuti
2403 3198 2567 3251 etiam
2590 3195 2784 3268 Aphra:
2809 3195 3116 3250 Passionem
3135 3237 3148 3261 ,
3179 3211 3342 3266 quam
3377 3196 3507 3250 Phi-

1902 3288 2293 3344 lastriotribuit
2307 3287 2569 3358 Ugbellus
2583 3289 2637 3342 in
2656 3287 2932 3344 Prommio
2953 3287 3018 3342 ad
3034 3288 3348 3342 Brixienses
3370 3288 3513 3358 epis-

1904 3399 2070 3453 copos
2099 3383 2199 3453 (j);
2228 3382 2281 3436 id
2317 3391 2500 3437 autem
2523 3381 2784 3452 Ugbellus
2813 3392 3103 3450 acceperat
3132 3397 3164 3436 a
3192 3381 3470 3439 Galesinio
3493 3424 3508 3447 ,

1905 3477 1998 3546 qui
2029 3475 2227 3544 Apbrm
2252 3472 2534 3528 historiam
2558 3488 2587 3527 a
2614 3472 2878 3528 Faustino
2900 3482 2956 3529 et
2979 3472 3270 3528 Pbilastrio
3299 3475 3512 3544 cpisco-

1905 3567 1992 3636 pis
2015 3565 2212 3619 Brixiae
2227 3565 2595 3634 conscriptam
2613 3579 2735 3620 esse
2759 3564 2941 3634 prodit
2959 3563 3143 3619 Notat.
3174 3564 3243 3619 ad
3270 3564 3342 3618 24
3364 3565 3511 3621 Maii.

1908 3659 1968 3715 Si
1997 3659 2120 3728 quis
2176 3672 2338 3727 porro
2372 3657 2664 3713 Pbilastrio
2689 3657 2993 3713 ascriberet
3025 3657 3336 3728 Symbolum
3365 3659 3511 3728 quod

1907 3752 2072 3821 vulgo
2099 3749 2297 3804 dicitur
2322 3750 2624 3817 Athanasii,
2654 3750 2916 3820 cujuSque
2941 3749 3210 3820 Expositio
3223 3752 3512 3822 aliquando

1910 3843 2216 3900 Gaudentio
2243 3844 2409 3898 etiam
2436 3853 2628 3898 nostro
2661 3845 2862 3899 tributa
2891 3844 3138 3909 fuit,non
3159 3845 3251 3899 ille
3279 3844 3511 3899 forsitan

1909 3937 2132 3992 omnino
2187 3937 2532 4007 improbabili
2577 3936 2870 3992 duceretur
2915 3937 3261 4006 conjectura;
3315 3952 3506 3993 occur—

1911 4039 2041 4085 runt
2061 4029 2206 4084 enim
2229 4030 2433 4099 saepius
2461 4031 2512 4083 in
2531 4030 2826 4083 Philastrio
2852 4029 2994 4083 illius
3014 4029 3257 4100 Symboli
3289 4041 3512 4086 senten-

1911 4121 2000 4176 tia:
2031 4135 2140 4175 non
2161 4120 2366 4185 solum,
2402 4120 2496 4174 sed
2525 4120 2688 4174 etiam
2712 4119 2876 4174 verba
2907 4121 3058 4188 ipsa;
3118 4136 3238 4175 nam
3270 4121 3384 4178 ibi:
3414 4123 3512 4178 Est

1911 4230 2032 4286 ergo
2060 4212 2220 4267 Fides
2240 4221 2400 4278 recta,
2426 4221 2482 4266 ut
2501 4213 2769 4266 credamus
2791 4221 2839 4265 et
2869 4213 3230 4281 conﬁteamur,
3257 4214 3380 4285 quia
3401 4213 3510 4270 Do-

1910 4309 2084 4362 minus
2105 4317 2280 4362 noster
2301 4303 2458 4360 Jesus
2507 4305 2744 4358 Christus
2776 4345 2791 4368 ,
2842 4303 2985 4359 Deus
3013 4316 3086 4359 est
3115 4322 3179 4360 ea:
3220 4307 3514 4362 substantia

1913 4397 2090 4453 Patris
2110 4409 2228 4453 ante
2252 4399 2443 4454 sarcula
2470 4399 2708 4470 genitus;
2737 4397 3057 4454 Philastrius
3070 4413 3201 4454 vero
3232 4399 3339 4471 (It):
3371 4399 3515 4471 Ergo

223 4490 288 4541 tio
317 4490 410 4561 (ος
443 4505 566 4546 cum
593 4490 740 4544 enim
771 4488 824 4542 in
852 4502 954 4543 ins.
982 4487 1078 4542 illo
1095 4484 1414 4540 Corbeiensi
1436 4525 1451 4550 ,
1471 4484 1628 4554 cujus
1657 4493 1804 4538 uter-
1830 4482 1883 4540 D
1907 4499 2123 4554 rectum,
2155 4500 2202 4543 et
2224 4486 2379 4542 Fidei
2401 4489 2783 4557 firmamentum
2810 4490 3118 4556 ostenditur,
3144 4500 3200 4543 ut
3226 4499 3272 4544 et
3286 4493 3516 4562 genitum

224 4594 320 4648 que
350 4581 616 4647 meminit,
641 4579 1046 4650 prmterlibrum
1076 4576 1358 4632 Philastrii
1390 4577 1454 4630 de
1484 4574 1806 4639 Haeresibus,

225 4673 592 4729 contineretur
639 4671 830 4726 Latina
863 4667 1116 4740 Epistolis:
1142 4667 1204 4724 S.
1251 4666 1508 4722 Burnabte
1538 4665 1808 4739 Interpre-

1907 4598 2022 4636 eum
2043 4597 2413 4652 cognoscamus
2443 4581 2506 4632 de
2527 4579 2690 4634 Patre
2708 4582 2917 4651 prOprie
2933 4623 2948 4648 ,
2978 4599 3086 4636 non
3114 4591 3283 4637 tamen
3308 4584 3362 4636 in
3387 4592 3516 4636 tem-

1908 4686 2032 4742 pore
2061 4711 2076 4736 ,
2106 4671 2198 4724 sed
2219 4677 2336 4723 ante
2379 4670 2552 4722 omnia
2573 4672 2785 4724 saecula.
2833 4669 3128 4726 Notaverat
3146 4671 3249 4726 hoc
3271 4672 3414 4726 idem
3437 4672 3512 4726 cl.

226 4767 374 4832 latio,
427 4767 866 4833 haberenturqne
904 4763 1010 4817 alia
1049 4761 1212 4817 etiam
1245 4760 1542 4826 nonnulla;
1603 4760 1813 4830 putavit
1907 4767 2073 4820 etiam
2101 4763 2382 4819 Fabricius
2404 4762 2471 4816 ad
2501 4760 2591 4815 illa
2632 4761 2907 4816 Philastrii
2952 4762 3117 4817 verba
3173 4762 3282 4834 (l):
3327 4763 3514 4830 Qualis

228 4866 464 4931 uterque,
493 4877 552 4915 re
579 4876 685 4914 non
715 4857 846 4913 satis
862 4866 1178 4928 perspecta,
1209 4854 1261 4908 in
1293 4853 1388 4908 illo
1415 4852 1536 4907 cod.
1569 4861 1808 4908 veterem

231 4951 368 5008 illam
414 4953 919 5024 lnterpretationem
977 4952 1078 5005 sub
1108 4950 1328 5004 nomine
1356 4948 1630 5003 Philastrii
1655 4949 1809 5004 exhi-

231 5043 355 5100 beri.
384 5047 580 5104 Verum
612 5061 707 5101 nec
730 5043 1006 5108 Menardo,
1037 5057 1138 5098 nec
1161 5041 1452 5107 Cotelerio,
1476 5041 1808 5097 doctissimis

230 5134 366 5194 illius
389 5139 630 5210 epistolae
660 5135 961 5193 editoribus
987 5148 1242 5204 umquam
1274 5133 1422 5188 venit
1451 5134 1504 5188 in
1533 5145 1769 5191 mentem
1793 5176 1808 5199 ,

298 5298 370 5372 (α)
398 5300 551 5372 Ννιιηι·

299 5368 372 5440 (b')
407 5371 562 5427 Tom.
596 5370 687 5436 IV,
719 5370 825 5426 col.
859 5368 949 5424 78.
1109 5439 1119 5440 ί
1239 5436 1329 5440 λῶ
1358 5438 1386 5440 Δ
1520 5436 1551 5440 __
1685 5429 1692 5435 ,

305 5436 370 5510 (c)
408 5441 586 5497 Serm.
605 5443 672 5496 de
701 5443 814 5496 Vit.
838 5451 892 5496 et
925 5442 1076 5495 obitu
1106 5437 1253 5495 beati
1271 5436 1577 5505 Philastrii,
1599 5451 1654 5508 p.
1689 5436 1813 5493 574.

302 5513 380 5577 (d)
419 5512 592 5568 Serm.
621 5514 688 5568 de
708 5513 922 5568 Transl.
946 5512 1225 5579 Philastr.,
1250 5525 1304 5580 p.
1331 5511 1456 5566 587.

331 5581 377 5651 e)
413 5583 535 5638 Not.
567 5584 634 5638 ad
659 5583 834 5639 Gaud.
857 5597 911 5652 p.
947 5581 1074 5640 374.

253 5725 276 5770 .
312 5649 378 5724 (Γ)
412 5652 676 5778 Eumdggi
696 5649 939 5711 errorem
958 5652 1161 5710 erravit
1182 5650 1398 5719 Ittigius
1422 5649 1561 5705 Hist.
1586 5650 1817 5712 Ecclés"

277 5734 352 5774 ec.
380 5737 424 5778 t.
446 5736 564 5778 nati.
670 5739 677 5776 ι

277 5734 352 5774 ec.
380 5736 564 5793 unus.
589 5734 677 5778 lo.

1911 4855 2194 4910 immensus
2225 4864 2300 4910 est
2355 4853 2533 4918 Pater,
2578 4853 2698 4906 talis
2740 4863 2812 4906 est
2850 4863 2894 4907 et
2926 4853 3130 4919 Filius,
3177 4853 3296 4907 talis
3340 4864 3414 4908 est
3466 4863 3518 4908 et

1917 4945 2153 5016 Spiritus
2169 4955 2406 5011 sanctus,
2433 4945 2550 5002 bmc
2579 4943 2822 5002 subdens
2853 4962 2864 4996 :
2901 4943 3098 4998 Iisdem
3121 4944 3230 5013 [ere
3259 4945 3426 4999 verbis
3454 4945 3510 4997 in

1917 5037 2169 5108 Symbolo
2215 5039 2352 5106 quod
2416 5053 2655 5092 vocamus
2705 5035 3120 5090 Athanasianum
3150 5053 3170 5091 :
3225 5035 3519 5097 Immenstts

1918 5135 2098 5203 Pater,
2129 5138 2414 5194 immensus
2443 5137 2616 5192 Filius
2637 5178 2652 5203 ,
2694 5138 2976 5192 immensus
3003 5137 3238 5206 Spiritus
3286 5145 3517 5192 sanctus.

1992 5298 2012 5366 (
2108 5297 2269 5352 Num.
2291 5295 2384 5353 20.

1993 5301 2073 5452 (ii
2103 5369 2270 5452 Iom-
2295 5367 2467 5452 tl
2495 5366 2664 5450 Junii.
2697 5383 2750 5436 ινο
2782 5367 2908 5452 e1-

2019 5369 2073 5440 h)
2112 5369 2270 5424 Tom.
2297 5369 2343 5422 II
2369 5369 2467 5423 SS.
2495 5369 2664 5431 Junii,
2697 5383 2750 5436 p.
2782 5369 2908 5422 457.

1993 5369 2064 5577 ἓξ)
2103 5439 2260 5495 Tom.
2295 5438 2338 5493 Il
2360 5438 2672 5523 Februarii,
2703 5455 2755 5509 p.
2789 5437 2913 5494 806.

2014 5512 2068 5577 j)
2107 5511 2264 5565 Tum.
2289 5510 2380 5576 IV,
2407 5510 2512 5566 col.
2544 5509 2671 5567 525.

2014 5509 2068 5582 ἰ)
2107 5511 2264 5582 Tom.
2289 5510 2380 5582 ιν.
2407 5510 2512 5566 col.
2544 5509 2671 5567 525.

1997 5579 2076 5652 (It)
2111 5579 2243 5651 Cap.
2282 5581 2404 5635 127.

2003 5653 2068 5719 (ι)
2106 5652 2234 5720 Cap.
2263 5650 2351 5703 δι.
