3992 6204
576 195 714 255 1075

1820 188 2132 248 ωιοτιιε
2168 188 2645 250 ιιιιιιιθτιιιοδ.

3724 192 3831 249 {Mi

568 312 711 371 Alibi
740 325 959 381 quoque
986 310 1309 369 Pbilsstrius
1330 310 1410 379 (ιι)
1435 328 1446 363 :
1468 308 1566 364 Est
1582 324 1701 364 vera
1722 325 1943 380 persona
1967 309 2165 372 Patris,
2196 312 2248 371 Δ
2274 320 2460 379 aperte
2486 310 2744 379 loquitur,
2777 318 2833 362 ut
2858 308 3009 378 plura
3042 323 3163 377 qur
3196 308 3247 361 in
3273 307 3557 378 Symbolo,
3578 306 3718 376 quod
3744 310 3833 361 vnl-

571 413 620 461 σι
650 414 721 460 est
745 420 861 462 vera
884 419 1105 471 persona
1136 401 1183 456 Ρ
1187 403 1263 455 itii
1281 442 1295 467 ,
1329 412 1377 455 et
1402 413 1476 457 est
1501 418 1620 456 vera
1650 418 1871 466 persona
1916 402 2165 470 Spiritu.

570 495 753 551 Trium
779 498 947 565 itaque
988 498 1173 549 barum
1201 511 1541 561 personarum
1567 511 1673 549 stata
1700 506 1775 548 est
1801 496 1989 553 veritas
2013 536 2026 557 ,
2058 510 2172 547 ma-

562 594 755 659 festus,
780 602 827 646 et
853 590 1153 645 substantia
1189 590 1479 657 aquatitas,
1513 598 1559 641 et
1587 588 1867 652 divinitas;
1910 588 1963 641 in
2014 585 2170 657 Sym-

571 682 699 738 bolo
728 693 905 737 autem
932 698 943 733 :
990 680 1107 733 Atia
1135 690 1211 734 est
1248 696 1469 750 persona
1496 678 1674 733 Patris
1698 721 1711 741 ,
1761 680 1867 732 alia
1898 678 1942 731 F
1945 679 2043 742 itii,
2066 678 2171 731 alia

572 772 801 837 Spiritus
829 771 1031 835 sancti;
1059 772 1151 827 sed
1176 770 1375 835 Patris,
1417 780 1464 825 et
1493 770 1644 833 Filii,
1673 780 1721 825 et
1746 770 1977 837 Spiritus
2004 771 2168 823 sancti

569 879 673 918 una
693 872 766 917 est
794 862 1041 917 diuinitas
1065 903 1079 926 ,
1132 862 1349 929 azquatis
1373 862 1542 934 gloria
1560 903 1574 927 ,
1604 870 1855 917 coctor-aa
1877 864 2118 930 majestas
2152 876 2169 914 :

567 969 737 1022 quare
760 970 864 1011 non
891 954 1127 1011 alienum
1158 954 1388 1018 videtur,
1444 963 1505 1008 ut
1549 962 1641 1008 aut
1679 953 1997 1008 Pliilastrius
2026 953 2169 1006 illius

570 1048 815 1118 Symboli
844 1058 1036 1105 auctor
1063 1049 1154 1115 sit,
1186 1059 1279 1103 aut
1310 1048 1552 1119 Symboli
1576 1059 1854 1103 auctorem
1882 1091 1895 1112 ,
1919 1049 2169 1117 quicum-

566 1157 674 1211 que
723 1140 914 1206 inerit,
963 1156 993 1197 a
1042 1140 1336 1194 Philastrio
1386 1155 1494 1197 non
1544 1140 1721 1195 solum
1748 1140 2038 1209 dogmata,
2070 1138 2166 1193 sed

565 1233 731 1289 verba
761 1233 926 1291 etiam
956 1232 1070 1301 ipsa
1098 1232 1392 1302 aliquando
1422 1240 1609 1287 mutua
1636 1232 1910 1300 accepisse
1938 1251 1950 1283 :

570 1374 598 1443 ᾗ
642 1373 679 1426 Ι.
719 1371 795 1427 De
824 1372 1047 1426 utilitate
1076 1382 1123 1425 et
1151 1388 1248 1425 usu
1278 1370 1397 1425 libri
1428 1371 1495 1425 de
1520 1370 1832 1427 Ilmresibns
1874 1387 1905 1422 a
1959 1369 2164 1423 Philas-

1139 1467 1235 1518 trio
1266 1466 1564 1537 conscripti.

636 1600 725 1661 ιι.
760 1600 981 1659 Librum
1015 1602 1078 1655 de
1103 1599 1398 1656 Hazresibtts
1425 1615 1454 1654 a
1479 1599 1768 1655 Philaslrio
1796 1602 2163 1670 conscriptum

562 1704 692 1755 ante
720 1693 1072 1753 Parmeuiani
1098 1702 1349 1757 mortem,
1386 1694 1491 1748 hoc
1515 1702 1602 1748 est
1639 1702 1767 1749 ante
1794 1710 1995 1748 annum
2029 1695 2163 1759 391;
2198 1700 2244 1759 Β
2271 1695 2558 1763 plasmata;
2590 1703 2636 1746 et
2665 1695 2739 1746 sic
2776 1702 2953 1759 postea
2977 1692 3320 1762 inspiratione
3355 1690 3534 1759 infusa
3573 1686 3688 1749 Dei,
3717 1687 3836 1753 spiri-
3928 1696 3929 1741 ξ

564 1799 716 1844 recte
744 1788 1058 1844 oliscrvavit
1107 1788 1407 1853 Fabricius,
1440 1787 1584 1857 quod
1612 1803 1711 1843 nos
1745 1804 1962 1857 quoque
2000 1803 2166 1856 supra

565 1881 953 1937 annotavimus
983 1880 1089 1949 (b);
1120 1880 1213 1933 sed
1274 1888 1401 1949 post
1436 1896 1639 1935 annum
1690 1881 1797 1936 580
1824 1880 1993 1935 fuisse
2035 1897 2167 1935 esa-

568 1983 743 2028 ratum
778 1972 970 2041 (quod
1016 1970 1298 2026 Fabricius
1339 1987 1446 2026 non
1490 1970 1723 2041 monuit)
1771 1972 1899 2026 illud
1939 1971 2165 2038 indicat,

565 2079 819 2131 nempea
852 2062 1152 2118 Philastros
1201 2064 1295 2136 (ε),
1348 2064 1491 2119 inter
1547 2064 1836 2119 haereticos
1886 2066 2167 2120 recenseri

559 2157 903 2216 Abstinentes‘.
935 2155 1380 2209 Priscillianistas
1407 2156 1618 2211 scilicet
1638 2171 1776 2225 quos
1814 2156 1917 2210 hoc
1943 2157 2167 2211 nomine

562 2263 592 2301 a
620 2248 915 2302 Pbilastrio
939 2247 1228 2317 perstringi
1270 2248 1619 2316 perspicuum
1652 2256 1737 2303 est
1767 2246 1875 2318 (ά),
1909 2264 2167 2316 quorum-

560 2354 667 2408 que
706 2338 934 2393 haeresis
976 2339 1119 2393 circa
1155 2353 1357 2394 annum
1405 2339 1512 2393 380
1541 2354 1821 2408 emergere
1851 2342 2016 2408 capit
2066 2338 2165 2411 (ο).

562 2432 731 2500 llujus
765 2430 916 2486 Libri
951 2431 1245 2487 utilitatem
1300 2440 1464 2500 atque
1514 2447 1691 2494 usum,
1724 2434 1970 2499 quamvis
2026 2431 2165 2486 nihil

560 2525 785 2579 omnino
815 2522 965 2575 aliud
1012 2522 1451 2585 commendaret,
1483 2522 1584 2576 hoc
1629 2532 1782 2577 certe
1822 2522 2163 2587 ostenderet,

563 2622 705 2685 quod
758 2618 1096 2685 Augustinus
1144 2617 1346 2685 ipsein
1387 2632 1487 2670 suo
1519 2618 1581 2670 ds
1628 2615 1925 2670 Hteresibas
1957 2616 2161 2682 libello,

562 2710 714 2776 plura
741 2724 771 2762 a
804 2708 1100 2763 Philastrio
1124 2708 1484 2777 decerpserit,
1528 2709 1647 2779 ejus
1675 2699 1893 2762 nomine
1942 2708 2166 2763 minime

561 2801 932 2863 dissimulato,
967 2800 1270 2855 ntcuilibet
1299 2811 1643 2870 compertum
1676 2810 1845 2864 esset,
1879 2817 1976 2869 per
2004 2816 2164 2869 quem

559 2892 889 2957 profecerit;
937 2908 1000 2946 ea
1034 2904 1215 2949 autem
1250 2910 1307 2946 re
1356 2908 1461 2948 non
1513 2894 1650 2949 satis
1679 2894 1749 2949 ab
1787 2894 2079 2962 aliquibus,
2108 2903 2165 2948 nt

555 2986 765 3045 debuit.
826 3002 1115 3055 perpensa,
1163 2988 1309 3042 visus
1365 2997 1448 3041 est
1508 2986 1779 3041 immerito
1828 2986 2164 3054 Augustinus

556 3076 849 3135 Philastrio
893 3088 1081 3132 nostro
1151 3094 1341 3147 parum
1390 3078 1652 3134 tribuere.
1699 3078 1872 3133 Porro
1921 3095 2043 3148 qua:
2094 3077 2234 3138 abC
2268 3084 2492 3136 verbum
2516 3081 2736 3151 quidem
2778 3080 2908 3135 facit
2947 3081 3150 3144 nilum;
3179 3092 3413 3136 czeteros
3460 3095 3613 3145 rem,
3643 3091 3830 3145 quorum
3936 3106 3937 3111 η

557 3173 674 3237 ipso
716 3170 1050 3240 Augustinus
1102 3172 1430 3242 desumpsit,
1476 3190 1538 3227 ea
1593 3182 1845 3241 prostant
1886 3175 1940 3229 in
1997 3174 2159 3243 hujus

556 3266 825 3332 opusculo
854 3265 917 3317 de
960 3265 1254 3318 Hmresibns
1285 3284 1311 3316 ιι
1346 3281 1464 3332 cap.
1499 3265 1571 3321 58
1605 3283 1616 3318 :
1658 3265 1770 3320 illic
1816 3266 1961 3319 enim
2013 3274 2164 3334 post-

557 3371 717 3423 quam
747 3355 982 3409 hzereset
1032 3357 1099 3408 ab
1125 3356 1434 3426 Epiphanio
1484 3366 1937 3411 commemoratas
1970 3372 2163 3412 recen-

556 3448 686 3510 suit,
717 3447 792 3500 sic
819 3448 895 3500 ait
935 3464 946 3497 :
996 3445 1154 3501 Nunc
1194 3448 1335 3500 addo
1362 3464 1491 3516 quas
1532 3446 1797 3500 P-Itilaster
1828 3448 2019 3517 posuit,
2070 3463 2162 3502 nec

558 3541 732 3605 posuit
762 3538 1107 3607 Epiphanius.
1142 3542 1326 3609 Itaque
1352 3541 1455 3593 nisi
1478 3540 1759 3594 Pliilastrii
1796 3542 1926 3594 liber
1946 3541 2011 3594 de
2035 3540 2160 3599 "t2?

560 3633 758 3684 resibus
806 3641 1067 3693 exstaret,
1103 3632 1261 3700 plane
1302 3632 1521 3686 Seleuci
1566 3641 1622 3685 et
1652 3632 1887 3686 Hormiae
1920 3633 2160 3688 hat-eses

558 3723 629 3777 de
660 3722 771 3779 Deo
824 3736 1111 3788 corporeo,
1146 3723 1209 3776 de
1257 3721 1440 3777 Mundi
1493 3723 1741 3784 materia,
1785 3722 1853 3777 de
1882 3724 2162 3780 creatione

556 3816 887 3880 animarum,
920 3814 1162 3883 aliasque
1193 3814 1405 3868 similes
1433 3813 1825 3881 ignoraremus,
1870 3830 2004 3883 quas
2037 3818 2162 3872 toti-

556 3908 682 3964 dem
712 3907 885 3963 ferme
903 3907 1085 3962 verbis
1113 3922 1144 3961 ι
1171 3905 1463 3961 Philastrio
1487 3907 1826 3975 Augustinus
1849 3907 2157 3977 exscripsit;

556 4008 721 4069 prout
772 3999 1149 4069 ignoraremus
1200 3998 1585 4061 Proclianitas,
1618 3998 1981 4079 Patricianogs,
2010 4000 2163 4055 Asci-

556 4102 659 4156 tas.
693 4092 979 4159 Aquarius,
1004 4090 1245 4160 aliosque
1271 4091 1605 4160 complures,
1633 4106 1771 4160 quos
1806 4106 1836 4145 a
1864 4091 2160 4147 Pbilastrio

553 4197 809 4260 acceptos
860 4188 917 4241 in
966 4200 1254 4253 numerum
1302 4186 1514 4257 redegit
1542 4187 1893 4257 Augustinus.
1948 4191 2159 4247 Anima:

552 4279 1019 4335 immortalitatem
1048 4279 1292 4347 pluribus
1339 4279 1390 4332 in
1444 4278 1578 4333 locis
1623 4279 1909 4333 conﬁrmat
1950 4279 2161 4337 Philas-

552 4370 724 4432 trius,
773 4384 1002 4437 sanique
1042 4384 1074 4424 a
1115 4368 1448 4437 Carpocrate
1478 4385 1694 4440 quoque
1733 4371 1806 4442 (Ι)
1853 4380 1909 4425 et
1953 4372 2154 4428 Valen—

2274 416 2341 467 go
2367 401 2665 457 Athanasio
2707 400 2985 464 tribuitur,
3019 408 3335 465 occurrunt,
3380 398 3666 453 videantur
3690 416 3719 453 e
3741 400 3835 453 Plii-

2273 492 2460 545 lastrio
2485 493 2768 561 desumpta
2791 535 2805 557 ,
2841 492 3003 544 sicuti
3056 507 3180 544 mox
3209 491 3621 544 observavimus
3641 490 3725 560 (i);
3765 506 3835 544 no-

2274 582 2432 636 tanda
2460 593 2640 637 autem
2673 583 2952 652 praecipue
2978 599 3097 651 qua:
3132 583 3297 636 habet
3320 596 3444 650 cap.
3474 582 3567 645 95,
3597 580 3689 635 ubi
3726 582 3836 637 inter

2272 690 2490 731 errores
2522 686 2773 731 recenset
2802 676 3060 731 haeresim
3079 676 3373 746 quamdam
3399 678 3687 746 triformem
3708 676 3836 729 Deam

2273 768 2577 835 facientem;
2625 780 2677 821 et
2730 783 2851 836 cap.
2906 767 3032 832 109,
3081 785 3189 837 quo
3230 768 3516 822 Trinitatis
3564 768 3831 831 scientiam,

2269 860 2624 931 jamprimum
2675 862 2739 916 ab
2770 864 2970 934 origine
2995 863 3176 916 mundi
3220 861 3533 916 hominibus
3574 863 3834 915 nuntiatam

2275 953 2462 1021 fuisse,
2491 954 2899 1024 Scripturarnm
2928 954 3253 1010 testimoniis
3299 954 3563 1010 ostendit.
3594 954 3669 1008 De
3699 954 3836 1023 gratia
3924 998 3925 1007 χ

2276 1048 2393 1111 Dei,
2421 1050 2582 1117 cujus
2607 1048 2857 1103 doctrina
2888 1058 3014 1103 ante
3047 1049 3412 1118 Augustinum
3456 1064 3565 1101 non
3609 1048 3732 1103 satis
3765 1063 3838 1101 ει·
3924 1092 3925 1105 χ

2272 1139 2470 1207 plicata
2504 1140 2704 1203 fuerat,
2738 1140 3043 1193 luculenter
3069 1140 3310 1207 loquitur
3336 1152 3445 1193 non
3479 1151 3591 1191 uno
3633 1136 3683 1190 in
3721 1137 3835 1201 loco,

2272 1247 2468 1300 nempe
2492 1248 2614 1299 cap.
2644 1232 2715 1287 98
2749 1250 2761 1285 :
2789 1230 3079 1301 [aspiratio
3104 1232 3275 1299 itaque
3315 1247 3416 1285 non
3443 1239 3517 1285 est
3564 1229 3747 1291 animo,
3769 1231 3837 1281 sed

2270 1325 2440 1393 gratia
2470 1324 2739 1393 dignitatis
2762 1326 2824 1377 de
2869 1325 3042 1377 diuino
3096 1324 3329 1392 Spiritu;
3353 1332 3410 1383 et
3462 1322 3627 1391 paulo
3663 1336 3834 1391 supra:

2272 1415 2556 1487 [aspiratio
2584 1418 2743 1470 divini
2782 1416 3009 1487 Spiritus
3037 1428 3112 1470 est
3140 1416 3379 1486 quietiam
3405 1416 3580 1486 gratia
3604 1423 3651 1465 et
3674 1414 3837 1482 profes-

2270 1512 2343 1562 tio
2372 1510 2681 1578 dignitatis;
2709 1510 2786 1563 uti
2813 1520 2865 1563 et
2905 1524 3026 1578 cap.
3062 1508 3389 1576 praecedenti
3422 1526 3437 1562 ς
3472 1506 3597 1561 Non
3640 1517 3707 1561 est
3747 1522 3836 1559 mtt-

2269 1600 2480 1671 biguum
2505 1600 2642 1670 quod
2684 1600 2857 1654 anima
2887 1612 3007 1654 ante
3030 1600 3172 1668 facta
3213 1600 3305 1664 sit,
3330 1615 3451 1653 caro
3501 1609 3670 1652 autem
3695 1606 3837 1665 postes

2272 1783 2392 1837 talis
2417 1783 2608 1837 collata
2630 1784 2696 1837 sit
2725 1784 2915 1855 gratia,
2946 1794 3001 1836 ut
3026 1787 3102 1837 sic
3123 1786 3241 1854 jam
3264 1798 3429 1852 capax
3453 1782 3609 1835 homo
3636 1782 3747 1849 legis
3769 1779 3833 1833 dio

2270 1876 2400 1931 vim:
2439 1892 2541 1930 non
2566 1876 2821 1947 impotens
2848 1892 2881 1929 a
2911 1874 3138 1930 Domino
3170 1884 3573 1929 monstraretur.

2344 1968 2429 2022 t5.
2486 1968 2593 2023 Sed
2644 1968 2903 2036 quoniam
2958 1968 3062 2021 hoc
3112 1968 3235 2021 loco
3284 1965 3353 2020 de
3394 1965 3635 2021 utilitate
3675 1972 3725 2017 et
3762 1977 3835 2016 usu

2270 2059 2615 2116 Philastriani
2644 2060 2838 2129 Operis
2865 2060 3208 2123 disserimus,
3239 2059 3463 2113 minime
3494 2056 3831 2128 prmtereuoda

2269 2160 2354 2207 est
2376 2151 2538 2220 hujus
2562 2152 2682 2206 libri
2707 2166 2957 2216 censura,
2976 2162 3030 2206 et
3050 2152 3186 2211 laus,
3209 2167 3369 2218 quam
3398 2150 3736 2204 Bibliotheca
3753 2162 3834 2202 sua

2272 2245 2670 2301 Ecclesiasticm
2700 2247 2770 2318 (ἀ)
2821 2246 3161 2315 consignavit
3201 2245 3509 2299 Ludovicus
3554 2243 3713 2298 Ellies
3755 2244 3834 2296 bu-

2271 2339 2471 2403 pinius.
2506 2338 2751 2392 Censura
2790 2337 3008 2406 anioii
3042 2338 3277 2407 primum
3313 2348 3568 2391 versatur
3610 2336 3659 2390 in
3689 2350 3764 2398 eo,
3784 2334 3833 2387 de

2268 2449 2375 2502 quo
2396 2432 2747 2487 Pbilastrium
2773 2441 3019 2486 nostrum
3041 2433 3155 2487 fere
3168 2446 3359 2485 omnes
3371 2438 3657 2491 accusant,
3677 2442 3835 2493 nempe

2267 2524 2408 2595 quod
2442 2526 2626 2590 plures
2656 2524 2758 2577 sibi
2800 2522 3123 2577 conﬁnxerit
3162 2524 3401 2577 barreses
3454 2539 3579 2591 qua:
3626 2522 3833 2589 nuspiam

2269 2616 2487 2671 fuerunt
2512 2617 2609 2686 (It),
2640 2626 2799 2687 prout
2847 2616 3155 2689 Nazarmos.
3189 2617 3607 2689 lleliognostos,
3649 2612 3837 2670 Muson-

2268 2718 2371 2775 tas,
2408 2708 2923 2771 Mnscaccaronitas,
2975 2698 3355 2777 Troglodytas,
3414 2706 3830 2764 Fortunati::nns,

2266 2814 2449 2875 atque,
2486 2812 2543 2856 nt
2569 2803 2707 2857 alios
2734 2813 3081 2869 prmteream,
3124 2802 3287 2856 etiam
3310 2800 3627 2871 Cybelitas.
3657 2796 3834 2868 Cybelis

2265 2898 2477 2952 scilicet
2506 2896 2780 2950 cultorum
2815 2894 3138 2949 imitatores.
3169 2894 3244 2947 De
3266 2892 3534 2963 (lybrlitis
3562 2891 3646 2959 qui
3683 2900 3729 2945 et
3755 2888 3833 2941 Va-

2267 2990 2385 3044 lesii
2439 2989 2768 3058 Epiphanio,
2811 2998 2867 3042 et
2919 2989 3225 3058 Augustino
3279 2989 3380 3055 (ι),
3424 2986 3734 3041 Philastrius
3783 2998 3833 3037 ne

2269 3174 2451 3241 plures
2480 3188 2590 3228 non
2646 3172 2910 3235 hmretici,
2942 3173 3038 3225 sed
3090 3172 3392 3226 idololatraa
3422 3174 3606 3240 potius
3647 3167 3831 3223 vocandi

2266 3276 2444 3330 erant,
2490 3266 2788 3331 Scriptum
2841 3274 3302 3329 commemorant,
3353 3280 3588 3331 quarum
3635 3261 3829 3329 testigiis

2266 3356 2497 3413 inhaeret
2545 3355 2887 3411 Pbilastrins.
2933 3356 3220 3409 Nazarzeos
3251 3355 3490 3424 agnoscit
3526 3357 3685 3410 ctiam
3733 3353 3829 3420 Epi-

2266 3449 2499 3519 phanius
2517 3458 2569 3503 et
2590 3448 2926 3518 Augustinus
2958 3448 3081 3521 (tu);
3108 3449 3465 3519 Troglodytas
3486 3459 3666 3504 autem
3686 3448 3826 3501 Theo-

2264 3542 2495 3606 doritus,
2542 3541 2630 3609 qui
2686 3540 2877 3595 eadem
2952 3541 3324 3609 appellatione
3384 3542 3741 3597 Eunomianos
3784 3547 3824 3591 et

2263 3633 2520 3688 Aetianos
2558 3642 2899 3701 nuncupatos
2940 3633 3149 3698 scribit,
3183 3649 3250 3687 eo
3272 3633 3415 3701 quod
3442 3635 3491 3687 ἐν
3514 3636 3709 3693 οἰκείαις
3737 3633 3824 3685 iur

2264 3728 2539 3787 θανούσαις
2560 3727 2941 3790 convenirent,
2971 3727 3117 3793 quod
3141 3725 3350 3794 pridem
3377 3728 3653 3781 annotavit
3676 3722 3825 3778 Fabric

2264 3818 2379 3871 eius
2408 3817 2508 3889 (ιι).
2542 3818 2714 3883 Quam
2765 3816 2909 3873 male
2936 3832 3099 3885 porro
3141 3816 3405 3884 Dupinins
3434 3816 3663 3872 afﬁrmet
3688 3814 3823 3869 nemi-

2265 3924 2386 3962 nem
2428 3917 2627 3975 prteter
2652 3908 2999 3964 Philastrium
3026 3908 3261 3962 locutum
3284 3921 3407 3963 esse
3428 3907 3497 3962 de
3522 3907 3752 3967 Judaitis,
3770 3904 3821 3958 de

2266 4000 2761 4065 Passalnriocbitis,
2800 4000 2869 4054 de
2931 3999 3233 4064 Rbetoriis,
3265 3998 3333 4053 de
3384 3999 3725 4061 Excalceatis,
3748 3996 3819 4049 atl-

2263 4094 2571 4149 monuimus
2600 4095 2653 4149 in
2683 4094 2973 4163 Spicilegio
3001 4093 3098 4165 (ο);
3135 4094 3388 4160 idemque
3439 4094 3597 4162 plane
3648 4098 3821 4146 constat

2262 4205 2332 4244 ex
2355 4189 2607 4244 Fabricio
2632 4188 2684 4243 in
2709 4187 2859 4241 Notis
2880 4187 2947 4241 ad
2988 4172 3085 4240 has
3110 4188 3350 4241 intereses
3378 4184 3479 4257 (p).
3519 4184 3821 4252 Prosequitur

2261 4278 2385 4333 dein
2428 4278 2687 4346 Dupinins
2728 4276 3079 4330 Pbilastrinm
3112 4277 3361 4345 culpans,
3391 4276 3534 4346 quod
3565 4271 3818 4344 aliquando

2262 4371 2404 4427 inter
2434 4372 2670 4426 haereses
2718 4379 2877 4440 ponat
2913 4373 3212 4425 sententias
3240 4381 3330 4423 aut
3379 4385 3559 4434 veras,
3589 4379 3675 4423 aut
3711 4379 3818 4435 quas

554 4461 671 4515 tino
697 4459 777 4530 (g)
800 4460 1037 4529 agnitam
1066 4470 1123 4515 at
1152 4468 1415 4515 assertam
1450 4462 1662 4530 prodit;
1692 4464 1825 4532 quin
1856 4464 2021 4521 etiam
2054 4466 2153 4520 Sa-
2182 4458 2234 4518 D
2259 4466 2451 4520 saltem
2482 4466 2534 4519 in
2556 4474 2845 4533 utramque
2882 4472 3089 4533 partem
3136 4463 3402 4530 diSpulari
3453 4478 3611 4531 posse
3644 4469 3815 4515 certum

558 4551 879 4613 maritanos.
907 4554 1135 4609 animam
1155 4553 1501 4609 inmortalem
1530 4554 1717 4609 habere
1764 4556 2025 4610 hominem
2046 4574 2150 4613 non

550 4644 821 4699 sentientes
848 4644 929 4715 (It)
949 4685 964 4708 ,
995 4644 1293 4715 redarguit,
1319 4654 1482 4715 atque
1513 4646 1655 4701 inter
1696 4648 1980 4704 hereticos
2020 4665 2152 4706 con-

548 4744 819 4799 numerat.
866 4737 940 4792 De
980 4735 1259 4792 Trinitatis
1299 4736 1560 4806 mysterio
1604 4738 1889 4809 perspicue
1935 4740 2069 4795 adeo
2096 4750 2151 4796 et

622 4891 702 5025 illi
738 4891 1068 5025 §?.'.’.-'..9i’i,i

678 4964 700 5095 ζ
742 4964 903 5019 Νιιιιι.
940 4966 1025 5030 11,
1056 4966 1107 5039 in
1136 4967 1228 5021 ﬁn.

735 5031 868 5095 Cap.
894 5032 981 5088 84.

1064 5122 1184 5177 cap.
1216 5108 1287 5165 ει
1312 5119 1426 5166 not.
1460 5111 1599 5167 Sunt
1612 5112 1671 5167 in
1690 5111 1899 5169 Galliis.
1937 5113 2093 5170 Enn.

640 5180 691 5242 e)
722 5174 941 5230 Fabric.
991 5178 1181 5235 eodem
1231 5180 1335 5236 loc.
1367 5182 1684 5238 Tillemont.
1733 5195 1866 5241 tom.
1920 5185 2093 5257 Vlll,1

547 5174 691 5303 Ἓξ)
722 5174 941 5230 Fabric.
991 5174 1181 5235 eodem
1231 5180 1335 5236 loc.
1367 5182 1684 5238 Tillemont.
1733 5195 1866 5241 tom.
1920 5185 2056 5255 VIII,
2088 5202 2140 5257 p.

554 5269 572 5301 Α
661 5285 673 5299 ο

616 5318 689 5385 (Ῑ)
729 5313 859 5385 Cap.
886 5317 971 5372 55.

638 5383 694 5455 ρ)
736 5383 870 5455 Cap.
902 5388 991 5444 38.

637 5454 697 5523 It)
735 5454 868 5525 Cap.
905 5458 957 5511 7.

636 5527 677 5597 i)
714 5527 876 5597 rium.
906 5529 998 5597 15,
1028 5529 1095 5586 ad
1118 5530 1212 5588 ﬁn.

626 5596 678 5665 '1)
710 5596 864 5665 ’[οιιι.
902 5596 1123 5665 Πιεεο.
1146 5602 1201 5659 4.

608 5662 683 5732 (It)
726 5662 777 5719 ll
806 5667 934 5733 [sint
952 5662 1199 5737 quantm
1222 5674 1498 5733 d’ltérésies
1522 5677 1607 5748 qui
1662 5674 1804 5731 n'ont
1822 5676 2017 5748 jamais
2043 5677 2141 5733 ett.

2258 4568 2343 4612 est
2365 4556 2464 4627 (ᾳ),
2489 4565 2547 4609 ιιι
2574 4563 2700 4623 puta
2730 4555 3063 4609 Millenarios
3087 4552 3183 4625 (r),
3210 4555 3441 4607 futuram
3465 4555 3817 4608 elementorum

2261 4666 2355 4719 per
2379 4651 2557 4719 ignem
2586 4647 3105 4704 consummationem
3135 4655 3395 4715 negantes
3412 4647 3505 4716 (s),
3530 4647 3669 4701 Pauli
3693 4643 3819 4713 Epis-

2255 4742 2422 4796 tolam
2448 4741 2515 4796 ad
2546 4741 2802 4795 Hebraeos
2829 4740 2989 4793 Lucae
3009 4749 3102 4793 aut
3145 4738 3409 4792 Barnabtr.
3440 4739 3723 4791 tribuentes
3747 4732 3817 4802 (ι),

2349 4903 2388 4973 ι)
2428 4900 2695 4973 Epiphan.
2723 4899 2857 4973 hair.
2900 4898 2994 4973 ὅθ.
3034 4900 3172 4969 Aug.
3198 4898 3265 4955 de
3294 4898 3435 4973 liter.
3472 4916 3521 4956 c.
3550 4900 3636 4956 57.

2350 4968 2420 5045 nt)
2467 4968 2739 5043 Epiphan.
2770 4972 2902 5052 bror.
2932 4970 3025 5037 29,
3054 4972 3189 5040 Aug.
3214 4986 3264 5024 c.
3299 4968 3353 5027 9.

2353 5044 2406 5097 nl
2451 5042 2661 5097 Not.ad
2688 5036 2947 5095 Philostr.
2986 5059 3036 5097 ι).
3075 5042 3158 5095 11.

2325 5044 2407 5109 (n)
2451 5044 2661 5097 Not.ad
2688 5044 2947 5095 Philastr.
2986 5059 3036 5108 p.
3075 5044 3158 5095 Η.

2332 5114 2407 5186 (ο)
2446 5114 2759 5186 νὶιιησιιιιει·
2776 5123 2967 5186 _notas
3008 5112 3075 5166 ad
3119 5127 3240 5181 cap.
3269 5111 3337 5167 76
3382 5122 3559 5166 notam
3587 5111 3680 5164 Atii
3720 5117 3815 5161 sunt

2252 5183 2709 5254 passalorinchitte.
2774 5183 2929 5237 Ευιτ.

2324 5254 2408 5328 (ρ)
2443 5256 2616 5328 Capp.
2642 5254 2855 5328 34,76,
2887 5254 2979 5319 8|,
3010 5254 3098 5309 9i.

2323 5320 2399 5398 (Et)
2443 5320 2776 5398 ραέιςαρῑοεε
2804 5326 2844 5377 il
2873 5336 2972 5398 me:
2995 5396 3002 5398 _
3029 5342 3097 5398 au
3125 5324 3336 5398 nomen
3372 5324 3465 5380 des
3510 5324 3716 5398 Iiérésies
3738 5320 3809 5373 des

2248 5395 2546 5457 sentiments
2570 5397 2656 5466 qui
2683 5404 2798 5455 sont
2824 5396 3113 5465 uiritables,
3144 5413 3209 5451 ou
3250 5396 3319 5449 du
3351 5399 3514 5452 moins
3556 5395 3804 5465 problema-

2250 5479 2569 5607 "qiii'cw-
2592 5536 2684 5607 δε.

2348 5557 2374 5591 r
2435 5537 2569 5607 Cap.
2592 5537 2684 5593 59.

2320 5537 2396 5750 iii
2425 5607 2563 5746 ἓξὲξ
2590 5606 2685 5741 ἓὲῖ

2349 5672 2388 5746 t)
2425 5672 2559 5746 Cap.
2595 5672 2684 5741 se.
