3992 6204
142 163 322 222 ιοττ
1384 167 1448 225 P.
1486 167 1836 250 astuastu
1877 170 2270 248 primum.
3345 187 3486 254 to'ts

141 295 346 356 atque
387 284 493 348 alia
546 285 885 356 huiusmodi;
922 299 1114 342 verum
1166 286 1404 354 dandum
1456 299 1541 352 est
1585 290 1789 359 aliquid
1822 299 1863 353 Α
1899 293 2124 361 inferos,
2158 295 2432 365 quomodo
2457 296 2644 367 impiis
2669 298 2671 300 ’
2699 299 2790 362 Dei
2821 301 3068 362 hostibus
3098 300 3232 358 nihil
3275 304 3494 372 prolue-

141 379 460 434 Philastrii
492 380 727 449 ingenio,
759 379 848 448 qui
891 381 1149 450 peculiari
1180 381 1419 450 quodam
1454 383 1636 436 studio
1661 398 1788 453 erga
1897 385 1963 440 rit
2001 385 2072 456 (j)
2093 402 2108 452 ;
2132 387 2343 456 aliaque
2367 403 2475 455 non
2506 403 2674 458 pauca
2696 430 2710 455 ,
2742 406 2865 459 quae
2905 393 3249 450 Philastriani
3295 394 3490 462 Operis

143 471 484 526 Catholicae
502 473 744 526 veritatis
765 485 1004 526 amorem
1032 471 1326 540 ferebatur,
1359 483 1522 544 atque
1545 475 1791 539 ubicum-
1897 485 2231 538 momentum
2252 519 2265 545 ,
2325 496 2588 549 usumque
2615 485 2750 547 satis
2777 483 2990 538 abunde
3035 486 3351 547 ostendunt.
3383 487 3489 560 Py-

143 580 278 636 que
312 565 536 636 aliquod
567 565 770 622 erroris
800 565 1084 635 vestigium
1126 565 1226 621 sibi
1277 567 1565 622 videbatur
1590 568 1788 640 depre-
1897 568 2279 640 thagoreorum
2321 581 2374 627 et
2428 573 2828 638 Platonicorum
2881 577 3166 645 dogmata,
3216 577 3494 642 haereticis

148 659 455 722 ltenderc,
485 659 540 714 in
596 659 726 714 illud
770 659 1144 714 vehementius
1174 661 1371 732 stylum
1411 661 1784 729 convertebat;
1892 665 2265 734 compluribus
2294 681 2541 734 errorum
2566 668 2745 732 lentes
2768 670 3072 738 aperuisse,
3103 686 3265 730 nemo
3295 672 3493 736 melius

150 762 226 808 ut
262 763 486 810 taceam
513 755 874 821 Millenarios,
893 771 992 812 seu
1016 756 1330 822 Chiliastas,
1359 773 1388 812 a
1411 759 1663 814 Patribus
1679 775 1788 816 non
1893 754 2186 812 Philastrio
2239 757 2532 824 indicavit;
2589 760 2732 829 apud
2775 777 2934 831 quem
2965 761 3290 816 Valentinus
3341 763 3496 830 audit

148 847 358 902 semel
413 847 557 903 inter
612 846 904 902 haereticos
949 850 1362 916 connumerari;
1403 851 1656 906 Mundam
1701 851 1787 907 in-
1896 845 2281 920 Pythagoricus
2314 853 2480 922 magis
2524 868 2678 917 quam
2725 851 3055 908 Christianus
3087 855 3160 925 (Is)
3191 895 3203 918 ,
3234 853 3486 912 Passaic-

151 939 594 1010 corruptibilem
640 939 898 1006 credere,
942 943 1165 996 omnino
1216 957 1463 998 errorem
1520 957 1682 1009 esse,
1731 952 1791 998 ut

152 1031 594 1100 Scripturarum
648 1033 951 1090 testimonia
999 1049 1029 1089 a
1059 1033 1349 1090 Philastrio
1395 1035 1602 1105 prolata
1633 1038 1788 1090 evin-

153 1135 340 1190 cunt;
373 1126 672 1194 Epistulam
700 1136 880 1180 autem
920 1127 985 1182 ad
1021 1127 1276 1184 Hebraeos
1315 1144 1501 1184 verum
1541 1144 1686 1194 esse,
1727 1144 1790 1184 ac

155 1219 475 1288 genuinum
518 1219 666 1274 Pauli
694 1220 885 1285 fetum,
919 1235 946 1272 a
995 1221 1394 1277 recentioribus
1424 1223 1640 1278 Criticis
1671 1237 1788 1276 nia-
1831 1214 1835 1216 ’

157 1325 284 1381 gno
307 1319 511 1366 conatu
553 1313 721 1366 astrui
745 1312 848 1383 (a).
879 1314 1034 1380 Quod
1079 1315 1264 1369 subdit
1317 1315 1599 1384 Dupinius,
1635 1315 1788 1384 plura

159 1412 224 1456 et
268 1403 462 1472 gravia
491 1417 519 1456 a
552 1403 847 1458 Pltibtstrio
888 1406 939 1460 in
975 1409 1076 1460 hoc
1105 1407 1246 1462 libro
1273 1419 1452 1466 errata
1497 1410 1787 1467 commissa

163 1510 302 1550 esse
334 1495 438 1568 (b),
479 1496 727 1565 quamvis
772 1498 940 1567 probe
988 1499 1165 1554 norim
1189 1543 1202 1565 ,
1241 1499 1457 1569 parcius
1495 1499 1612 1558 haec
1657 1500 1789 1556 viris

166 1591 382 1645 talibus
422 1590 728 1659 objicienda
751 1631 766 1656 ,
824 1593 902 1646 uti
934 1594 1146 1662 parcius
1195 1592 1438 1661 profecto
1477 1608 1540 1649 ac
1574 1593 1790 1648 modes-

1892 941 2142 996 rinchitse
2172 957 2304 997 vero
2326 984 2342 1010 ,
2373 943 2786 1015 Pythagoricum
2814 947 3091 998 vanitatem
3135 948 3302 1014 potius
3331 961 3485 1016 quam

1895 1031 2276 1102 Prophetarum
2304 1033 2557 1090 cmicslem
2602 1035 2783 1100 vitam,
2830 1044 2877 1089 et
2899 1036 3204 1107 sapientiam
3233 1037 3376 1104 sequi
3398 1035 3484 1088 di-

1891 1133 2091 1178 cuntur
2109 1124 2194 1196 (ι).
2218 1124 2456 1194 Seleuci,
2470 1135 2524 1181 et
2539 1125 2800 1192 Hermian,
2815 1128 2902 1198 ubi
2916 1127 2981 1183 de
2997 1126 3191 1182 borum
3209 1127 3487 1182 erroribus

1893 1217 2159 1285 loquitur,
2210 1216 2528 1274 Paradisum
2559 1220 2807 1284 visibilem
2858 1235 2925 1275 ex
2959 1219 3184 1275 Platone
3233 1221 3484 1290 haustum

1891 1323 2149 1376 expresse
2170 1318 2321 1366 notat
2346 1311 2665 1367 Philastrius
2687 1314 2814 1384 (in);
2843 1327 2908 1370 ac
2929 1314 3082 1383 plura
3097 1313 3313 1368 demum
3343 1311 3486 1382 apud

1894 1401 2068 1469 ipsum
2100 1402 2185 1458 bic
2208 1404 2322 1458 illic
2351 1415 2665 1470 occurrunt,
2718 1405 2917 1474 quibus
2944 1406 3271 1460 secretiores
3301 1406 3488 1462 Eccle-

1891 1496 2124 1550 siasticae
2189 1495 2529 1566 antiquitatis
2578 1511 2832 1552 recessus
2876 1497 3134 1551 studiosis
3187 1497 3486 1567 pateﬁunt;

1893 1596 1951 1642 ut
2006 1587 2236 1657 proinde
2281 1602 2391 1642 non
2433 1587 2712 1644 immerito
2764 1588 2836 1643 cl.
2895 1588 3214 1654 Fabricius,
3258 1590 3486 1646 minime

163 1687 284 1737 tius
318 1683 556 1752 idipsum
610 1683 908 1740 Philastrio.
948 1684 1151 1751 obiecit
1185 1684 1492 1751 Fabricius,
1545 1685 1786 1745 ubicum-
1820 1687 1866 1747 B
1894 1695 1954 1736 se
2014 1681 2322 1749 pteuitere,
2379 1680 2535 1736 horas
2605 1680 2858 1750 quasdam
2920 1681 3274 1746 recensendo,
3333 1691 3486 1751 atque

163 1790 284 1844 que
327 1789 453 1830 eum
510 1790 696 1830 errare
722 1775 1114 1844 deprellendit;
1149 1791 1250 1847 ego
1283 1786 1461 1832 tamen
1515 1792 1619 1832 non
1650 1793 1790 1848 prte-

163 1864 354 1921 fracte
379 1866 713 1936 negaverim,
750 1883 856 1922 non
879 1882 1049 1940 pauca
1080 1867 1376 1924 Pbilastrio
1402 1869 1694 1936 excidisse,
1732 1871 1784 1926 in

163 1959 378 2028 quibus
415 1958 590 2028 major
632 1957 910 2028 diligentia
944 1973 1008 2015 ac
1046 1958 1307 2016 sedulitas
1345 1959 1412 2015 ab
1449 1976 1515 2015 eo
1564 1959 1783 2018 deside-

166 2052 284 2104 rari
317 2052 512 2120 possit,
543 2050 645 2104 nisi
690 2051 992 2120 religionis,
1023 2067 1085 2105 ae
1127 2053 1344 2121 pietatis
1393 2052 1657 2117 studium.
1700 2067 1785 2106 so-

168 2143 374 2206 lertiae,
425 2157 682 2212 curaque
744 2142 1017 2200 delectum
1065 2143 1411 2212 aliquatenus
1471 2152 1781 2202 excusaret.

171 2234 447 2304 Dupinius
477 2236 686 2294 interea
721 2235 992 2290 Philastrii
1020 2249 1245 2300 censor,
1277 2235 1404 2290 dum
1433 2250 1554 2294 eum
1584 2231 1784 2298 acriori

170 2329 323 2399 stylo
351 2328 588 2398 sugillat,
625 2327 857 2398 turpiter
887 2328 1003 2398 ipse
1052 2328 1252 2388 labitur
1297 2327 1644 2382 Philastrium
1698 2342 1785 2384 re-

176 2420 546 2489 prehendens,
577 2421 722 2490 quod
751 2419 1126 2480 Samaritanus
1168 2419 1451 2480 deduxerit
1483 2437 1512 2471 a
1541 2418 1784 2474 Samaria

173 2529 297 2584 rege
325 2513 438 2582 ﬁlio
481 2511 728 2567 Chanaan
767 2511 869 2584 (ο),
903 2526 1023 2566 cum
1069 2511 1394 2566 Philastrius
1444 2527 1551 2564 non
1596 2510 1786 2566 Sama-

174 2606 322 2659 riqu
356 2619 539 2675 regem
566 2604 768 2659 dixerit
806 2604 973 2658 lilium
1004 2604 1286 2669 Chanaan,
1312 2603 1431 2670 sed,
1464 2601 1784 2658 Samaritani

174 2715 207 2752 a
231 2697 480 2753 Samaria
516 2712 635 2769 rege
663 2698 948 2766 nuncupati
978 2706 1095 2752 sunt
1108 2713 1128 2762 ;
1169 2695 1366 2752 deinde
1399 2712 1412 2751 :
1457 2695 1562 2750 Alii
1611 2703 1784 2762 autem

177 2791 332 2844 aiunt
357 2807 390 2843 a
413 2789 527 2859 [ilio
549 2789 816 2856 Chanaan,
840 2789 930 2858 qui
959 2789 1230 2848 Samaria;
1253 2788 1529 2846 vocabatur
1551 2784 1654 2858 (ά),
1683 2785 1784 2842 Sa-

179 2882 482 2937 maritanus
509 2896 629 2936 esse
669 2881 998 2951 appellatos,
1026 2881 1104 2936 uti
1147 2881 1454 2938 notavimus
1507 2879 1668 2934 etiam
1728 2877 1782 2932 in

179 2975 494 3045 Spicilegio.
526 2974 757 3030 Fallitur
786 2989 1008 3044 quoque
1039 2974 1303 3044 Dupinius
1323 2973 1619 3028 Philastrio
1647 2973 1783 3042 ,suc-

1890 1773 2202 1828 illustrando
2274 1771 2552 1839 Philastrii
2611 1772 2785 1827 libello
2845 1771 3198 1842 impendisse,
3245 1773 3489 1843 variaque

1889 1864 2071 1920 exilio
2113 1864 2384 1930 didicisse,
2438 1867 2674 1935 ingenue
2721 1863 3048 1936 proﬁteatur
3099 1863 3208 1936 (ῃ).
3268 1863 3485 1920 Vanita-

1892 1965 1997 2010 tem
2073 1964 2128 2014 ot
2209 1957 2426 2026 inanem
2486 1955 2942 2026 Philosophorum
3009 1956 3342 2014 sententiam
3415 1956 3484 2012 de

1888 2047 2271 2118 Pythagorica,
2327 2064 2422 2106 seu
2459 2049 2738 2116 Platonica
2789 2050 3272 2121 metempsycbosi,
3316 2052 3484 2120 probe

1888 2140 2084 2195 irridet
2110 2139 2436 2199 Philastrius
2479 2141 2590 2213 (o);
2635 2150 2792 2212 prout
2823 2143 2987 2212 etiam
3029 2157 3216 2200 eorum
3261 2142 3486 2217 δίδαγμα
3521 2159 3528 2165 ·

1887 2231 1955 2286 de
2001 2231 2215 2292 Mundis
2261 2232 2487 2304 inﬁnitis
2535 2230 2651 2304 (p);
2683 2232 2827 2302 quod
2869 2242 3206 2306 postremum
3241 2245 3483 2304 notatum

1888 2332 1971 2378 est
1999 2322 2166 2378 etiam
2197 2323 2428 2393 Dupinio
2451 2341 2464 2385 ;
2491 2339 2557 2378 ex
2583 2322 2780 2392 quibus
2806 2323 3084 2380 Philastrii
3116 2325 3274 2392 locis,
3299 2326 3487 2396 hujus-

1888 2415 2033 2478 modi
2064 2431 2282 2471 errores
2310 2417 2606 2472 etiamnum
2636 2417 2998 2486 quorumdam
3033 2419 3305 2491 mentibus
3354 2420 3486 2476 insi-

1888 2510 2099 2575 dentes,
2153 2509 2534 2566 Philastrianis
2560 2509 2686 2566 telis
2735 2509 2896 2566 facile
2935 2511 3214 2570 conﬁcias.
3243 2512 3487 2581 Scriptu-

1889 2619 2071 2658 rarum
2100 2602 2338 2658 Canonis
2391 2605 2652 2666 αὐτενθίαν
2690 2602 2894 2660 diserte
2939 2605 3201 2674 exprimit
3248 2621 3366 2675 cap.
3393 2605 3486 2673 88.

1887 2711 1997 2765 quo
2053 2695 2105 2748 in
2158 2693 2280 2748 loco
2326 2695 2575 2765 apposite
2621 2693 2938 2752 observavit
2971 2695 3254 2754 Fabricius
3291 2696 3397 2766 (q),
3433 2696 3488 2756 in

1887 2803 2074 2851 earum
2104 2788 2425 2846 recensione
2452 2788 2631 2842 omitti
2661 2803 2692 2844 a
2729 2789 3025 2854 Philastrio
3075 2788 3476 2860 Apocalypsin,

1886 2889 1942 2935 et
1972 2881 2270 2950 Epistulam
2291 2880 2358 2938 ad
2383 2880 2665 2944 Hebraeos,
2684 2897 2806 2951 qua:
2828 2891 3006 2942 tamen
3030 2890 3258 2950 utraque
3278 2882 3483 2949 scripta

1886 2973 2137 3043 amplecti
2187 2988 2246 3032 se
2293 2973 2436 3034 idem
2466 2973 2789 3034 Pbilastrius
2815 2973 2940 3028 alibi
2992 2981 3240 3028 testatur.
3273 2973 3480 3038 Eodem

179 3082 438 3132 censeas,
472 3067 617 3137 quod
662 3082 758 3123 eos
797 3068 1044 3132 damnet,
1085 3066 1180 3135 qui
1221 3065 1591 3120 Ecclesiastici
1640 3062 1779 3118 libro
1805 3073 1850 3140 ο
1885 3082 2003 3137 cap.
2036 3067 2106 3122 88
2133 3075 2281 3123 recte
2307 3066 2417 3132 ait,
2443 3065 2857 3124 Valentinianus
2886 3065 3200 3137 Apocrypha
3243 3063 3485 3135 Pmplte-

182 3168 454 3229 tamquam
480 3161 744 3216 canonico
767 3161 1056 3222 utebantur
1087 3159 1178 3230 (e);
1212 3175 1318 3214 non
1358 3158 1504 3213 enim
1554 3156 1780 3212 damnat

181 3253 506 3308 l‘bilastrius
531 3267 626 3309 eos
650 3254 738 3323 qui
780 3253 882 3308 hoc
925 3253 1064 3310 libro
1093 3262 1149 3307 ut
1172 3250 1437 3307 canonico
1465 3250 1775 3315 utebantur,

181 3344 277 3400 sed
308 3345 396 3414 qui
426 3345 714 3404 utebantur
738 3353 1009 3415 tamquam
1033 3343 1172 3399 libro
1217 3342 1544 3406 Salomonis,
1580 3347 1638 3394 ut
1681 3354 1780 3394 ex-

182 3440 347 3510 plicat
386 3449 536 3494 recte
587 3439 871 3498 Fabricius
916 3438 969 3493 in
1001 3439 1115 3493 suis
1161 3438 1228 3492 ad
1280 3437 1627 3498 Philastriutn
1670 3434 1780 3490 No-

183 3537 252 3590 tis
285 3536 372 3607 (ί).

255 3631 342 3685 16.
369 3629 539 3685 Porro
560 3630 806 3699 quamvis
837 3643 944 3684 non
967 3627 1260 3685 admodum
1293 3626 1524 3696 benigne
1553 3624 1622 3680 de
1649 3623 1779 3679 ΡΙιί-

183 3723 372 3779 lastrio
411 3723 651 3778 sensisse
691 3721 938 3778 videatur
967 3723 1248 3791 Dupinius,
1282 3720 1545 3776 nonnulla
1574 3718 1773 3774 nihilo-

183 3819 361 3871 minus
389 3818 647 3886 peculiari
692 3816 1077 3870 observatione
1103 3817 1264 3886 digna
1295 3815 1435 3884 apud
1467 3830 1588 3869 eum
1626 3815 1776 3870 inve-

185 3909 284 3963 niri
339 3908 728 3964 animadvertit
768 3909 871 3980 (g),
926 3923 1158 3975 quorum
1213 3923 1314 3964 nos
1354 3923 1571 3977 quoque
1605 3919 1771 3977 pauca

183 4001 423 4073 quautam
447 4003 606 4072 paulo
628 4017 812 4072 supra,
833 4004 898 4057 atl
927 4003 1212 4059 utilitatem
1233 4001 1384 4056 Libri
1404 4001 1770 4068 indicandam,

185 4109 282 4164 pro
306 4095 605 4163 speeimine
631 4095 991 4150 delibavimus
1023 4095 1126 4163 (h).
1151 4093 1471 4164 liujusmodi
1495 4105 1623 4148 sunt
1649 4093 1770 4146 ani-

184 4204 282 4242 mze
313 4188 694 4242 immortalitas
737 4205 765 4242 a
800 4189 1115 4254 PllllJSU‘lU,
1146 4196 1204 4241 ut
1229 4187 1487 4249 diximus,
1523 4187 1772 4256 pluribus

186 4283 235 4336 in
279 4282 411 4336 locis
439 4289 681 4346 asserta;
731 4282 1013 4336 Trinitatis
1057 4283 1381 4352 lllySICl'lllm
1431 4279 1667 4334 dilucide
1709 4294 1772 4334 ac

184 4375 464 4446 perspicue
499 4376 865 4446 explicatum;
913 4375 1196 4446 generatio
1234 4371 1393 4428 Verbi
1438 4371 1769 4443 sempiterna

1881 3175 2069 3228 tarum,
2102 3172 2150 3216 et
2185 3162 2574 3232 Apostolorum,
2599 3161 2655 3220 id
2683 3170 2756 3218 est
2781 3163 2936 3214 Actus
2959 3201 2972 3225 ,
3002 3169 3269 3229 separatos
3292 3157 3478 3226 habent

1882 3269 1974 3326 tes,
2003 3257 2297 3316 Canonicas
2329 3256 2637 3324 Scripturas
2669 3264 3028 3320 contemnere;
3060 3252 3205 3322 quod
3232 3261 3384 3314 certe
3413 3251 3481 3309 tle

1881 3349 2156 3406 Valentini
2191 3347 2472 3417 discipulis
2502 3345 2939 3416 intelligendum,
2971 3359 3079 3399 non
3103 3342 3173 3400 de
3201 3343 3318 3412 ipso
3369 3342 3474 3398 Va-

1881 3441 2108 3505 lentino,
2136 3455 2296 3507 quem
2319 3437 2451 3494 nihil
2481 3437 2689 3494 Canoni
2713 3437 3012 3502 addidisse,
3035 3438 3123 3492 vel
3149 3436 3475 3500 detraxisse,

1879 3532 1975 3588 sed
2002 3540 2210 3586 tantum
2240 3531 2420 3601 pravis
2447 3530 2877 3600 expositionibus
2905 3530 3216 3598 Scriptores
3254 3527 3321 3582 ad
3349 3542 3478 3584 sen-

1879 3640 1997 3679 sum
2029 3641 2185 3678 suum
2215 3624 2660 3682 accommodasse
2681 3667 2694 3690 ,
2743 3639 2807 3680 ex
2841 3623 3180 3686 Tertulliano
3227 3621 3479 3691 probavit

1879 3717 2186 3772 Massuetus
2223 3717 2316 3786 (r).
2349 3715 2561 3774 Laudat
2608 3723 2872 3786 praeterea
2931 3713 3202 3784 Dupinius
3246 3711 3475 3782 prtecla-

1877 3826 1996 3865 rum
2040 3809 2316 3866 Philastrii
2361 3809 2580 3866 ell‘atum
2615 3810 2721 3880 (s),
2753 3823 2860 3880 quo
2899 3808 3090 3874 docet,
3133 3807 3334 3864 debere
3376 3819 3475 3868 nos

1876 3905 2105 3975 primunt
2157 3914 2334 3959 nostra
2385 3921 2592 3960 currere
2633 3905 2936 3966 voluntate,
2988 3901 3176 3958 deinde
3225 3916 3327 3954 non
3358 3915 3474 3959 cum

1876 3996 2276 4064 prtesumptione
2331 4005 2378 4050 et
2428 3995 2721 4064 iactantia,
2773 3993 2922 4064 quasi
2978 4001 3157 4050 nostra
3198 3991 3386 4050 virtute
3426 4001 3476 4058 et

1867 4090 2077 4162 justitia
2103 4088 2386 4157 condigna,
2420 4103 2521 4142 non
2568 4086 2762 4142 Christi
2817 4101 3108 4142 mereamur
3137 4083 3326 4138 salvari
3367 4082 3475 4144 cle-

1876 4182 2066 4237 mentia
2091 4197 2108 4244 ;
2159 4189 2320 4250 prout
2349 4179 2512 4233 etiam
2547 4178 2680 4232 illttd
2708 4178 2850 4247 quod
2879 4176 3093 4246 subjicit
3120 4217 3136 4243 ,
3171 4174 3470 4244 reprehen-

1875 4278 2010 4333 deus
2035 4280 2079 4332 si
2109 4279 2220 4347 quis
2243 4276 2468 4342 dixerit:
2494 4273 2716 4328 Possum
2745 4290 2853 4328 esse
2882 4281 3098 4342 martyr,
3127 4283 3339 4340 possunt
3361 4283 3472 4342 esse

1874 4371 2163 4437 apostolus,
2186 4379 2234 4423 et
2264 4384 2368 4440 non
2395 4367 2521 4436 dicit
2546 4382 2564 4420 :
2594 4365 2654 4421 Si
2693 4363 2929 4446 Christus
2957 4362 3212 4432 voluerit,
3240 4359 3378 4446 quod
3409 4359 3471 4412 ab

185 4437 325 4522 clare
350 4479 406 4522 et
433 4437 718 4522 enucleate
751 4437 963 4521 'tra-dit‘a
999 4465 1098 4537 (i);
1124 4464 1324 4520 Christi
1374 4437 1671 4520 descensus
1700 4463 1767 4520 ad
1795 4458 1848 4517 D
1873 4479 1932 4518 eo
1961 4437 2331 4516 incrementum
2361 4458 2415 4514 id
2440 4459 2668 4516 muneris
2698 4466 2745 4514 et
2770 4441 2953 4526 gratia:
2993 4437 3292 4525 confertur.
3312 4437 3476 4524 Cotu-

274 4602 327 4672 a)
371 4600 580 4672 Yidesis
618 4598 788 4670 Notas
819 4597 1053 4666 Fabricii
1081 4596 1146 4650 ad
1177 4611 1295 4672 cap.
1322 4595 1413 4672 89.

275 4665 326 4741 ὁ)
367 4665 417 4726 Il
446 4671 540 4742 fait
569 4667 826 4738 plusieurs
869 4673 1040 4740 {antes
1066 4667 1344 4739 grossiéres
1376 4668 1505 4721 dans
1546 4681 1603 4720 ce
1644 4666 1771 4736 petit

188 4747 353 4798 traité.

232 4763 413 4886 Ὑέῖἰι
444 4813 518 4866 dit
556 4828 651 4882 que
673 4811 743 4865 les
767 4810 1120 4886 _Sa11_taritains
1151 4811 1384 4886 viennent
1413 4807 1533 4886 d’un
1571 4806 1650 4870 roi
1678 4822 1773 4878 ap-

189 4879 603 4955 pslé'Samarius,
632 4885 714 4950 [its
743 4882 808 4936 de
832 4880 1078 4946 Chanan;
1104 4881 1270 4955 guelle
1298 4879 1486 4955 bhévue!

249 4954 329 5027 (ά)
373 4947 782 5027 Ρὴίιςιειῐιξοᾳι).
815 4955 882 5006 7:
915 4947 1235 5027 Samaritaui
1256 4969 1292 5027 tt
1307 4949 1669 5027 ﬁamariorege
1695 4947 1766 5027 ita

187 5015 458 5097 nuiichpati
496 5035 634 5080 sunt.
674 5015 776 5086 Alii
810 5035 980 5097 autem
1012 5025 1158 5076 aiunt
1196 5038 1225 5073 a
1255 5021 1365 5097 ﬁlio
1393 5015 1640 5097 Chanaan
1680 5019 1768 5089 qui

187 5091 276 5160 tibi
298 5089 502 5152 nomine
532 5097 806 5152 Samarius
821 5094 1117 5157 vocabatur,
1139 5111 1168 5144 a
1189 5089 1290 5160 quo
1306 5089 1625 5146 Samaritani
1649 5098 1768 5160 sunt

187 5159 449 5239 appellati;
475 5183 643 5237 quare
671 5166 906 5232 Dupinio
927 5165 1118 5239 reponi
1147 5159 1326 5233 putest
1349 5163 1559 5239 :uquelle
1581 5159 1770 5239 ῥέψιεί

257 5178 449 5239 pettati;
475 5183 643 5237 quare
671 5178 906 5232 Dupuuo
927 5179 1118 5247 reponi
1147 5178 1326 5233 puteSI.
1349 5180 1361 5215 :
1395 5178 1559 5286 litem:
1581 5178 1766 5243 aevue:

255 5239 319 5312 (θ)
356 5239 412 5294 ll
436 5239 723 5312 condamne
766 5253 893 5312 cena:
915 5253 1004 5306 qut
1033 5236 1310 5298 admettent
1359 5233 1416 5300 ι’,
1445 5233 1769 5301 ccléstattque

186 5310 369 5379 emine
399 5327 467 5363 un
490 5310 616 5363 livre
645 5311 948 5377 canonique.

368 5379 490 5440 Vid.
520 5380 586 5434 ad
635 5372 754 5450 cap.
784 5372 854 5436 56
886 5389 996 5436 not.
1025 5377 1238 5440 Librum
1269 5391 1424 5430 unum
1458 5372 1764 5444 Sapientiae.

233 5469 324 5509 Dl'l'-.

363 5521 528 5648 gf“:
540 5521 840 5650 n‘éﬂ'mo‘m
859 5521 1102 5590 quel‘lues
1113 5518 1342 5574 endroits
1370 5513 1768 5584 rsmarquables.

255 5599 326 5667 tu
363 5599 649 5667 unm--15-

284 5661 318 5736 ij
358 5661 493 5737 Cap.
534 5661 658 5717 127.

1945 4589 2331 4730 (
2363 4589 2641 4659 Videndus
2664 4588 2792 4644 item
2813 4583 3098 4664 Fabricius
3113 4587 3236 4648 cod.
3265 4589 3468 4657 Apocr.

1947 4733 2018 4805 (kx
2061 4732 2193 4805 989-
2232 4731 2324 4805 ~158-

1949 4800 2035 4876 U),
2055 4800 2187 4876 Cati-
2231 4801 2320 4876 79:

1952 4867 2047 4946 (in)
2088 4867 2216 4946 Cap.
2262 4872 2363 4946 55.7
2394 4874 2727 4946 Augustinus
2758 4872 3184 4946 porro_dehr_er.
3225 4885 3346 4946 cap.
3377 4867 3470 4946 59,
3547 4915 3558 4921 -

1878 4941 2068 5002 contra
2123 4941 2180 4998 id
2225 4945 2368 5013 quod
2399 4941 2501 5016 ait
2533 4944 2880 5016 Philastrius,
2911 4943 2978 5016 de
3031 4941 3473 5016 Seleucianis‘lu-

1875 5033 2048 5085 quens
2075 5009 2319 5096 :“Negtiint
2341 5011 3124 5096 etiam.visibilemnparadisttnt;
3149 5009 3468 5087 Philastrius

1875 5105 2004 5143 vero
2031 5105 2043 5139 :
2067 5085 2385 5140 Paradisum
2417 5086 2665 5139 visibilem
2695 5085 2979 5158 afﬁrmant.

1951 5159 2026 5228 (η)
2071 5158 2226 5212 Prtcl.
2252 5157 2331 5228 ad,
2355 5156 2608 5211 Philastr.

1951 5160 2004 5228 (η
2071 5159 2226 5212 Prtcl.
2256 5159 2323 5209 ad
2355 5159 2365 5210 l

1950 5159 2026 5300 (al
2064 5231 2196 5300 (ἕδρα
2240 5227 2365 5300 12‘:-

1950 5299 2033 5370 tv’)
2074 5299 2205 5370 Ωδμ·
2251 5299 2373 5353 “5-

1876 5301 2033 5498 EDEI‘Zi
2071 5301 2432 5440 θῖίιὲέβο
2457 5370 2526 5439 58
2556 5381 2667 5428 ηοι·
2697 5372 2964 5441 Slalutum
3002 5381 3075 5430 est
3099 5371 3162 5434 ab
3191 5369 3463 5442 apostolis.

2059 5514 2286 5584 Dissert.
2319 5514 2373 5580 l,
2400 5515 2451 5566 in
2475 5511 2644 5579 lren.,
2680 5531 2734 5567 u.
2767 5514 2821 5571 9.

1953 5583 2021 5652 (ε)
2061 5584 2193 5654 Cap.
2227 5583 2350 5636 428.

1873 4663 1937 4718 N.
