3992 6204
513 198 653 253 1079

1736 195 2047 254 SANC’I‘US
2085 194 2564 251 PHILASTRIUS.

3677 194 3703 246 Ι
3717 189 3833 245 080

510 308 733 365 mendat
760 311 886 364 item
916 309 1192 365 Philastrii
1218 309 1415 364 librum
1439 307 1750 363 abrevitate
1768 308 2101 378 praesertim,
2137 314 2177 367 Λ
2212 307 2411 375 piodoti
2428 307 2498 361 ab
2523 305 2926 376 Asclepiodoto,
2954 306 3045 376 qui
3068 304 3369 376 discipulus
3395 313 3518 360 erat
3549 302 3832 359 Theodoti

508 417 633 457 cum
662 417 724 457 ex
754 402 988 458 adverso
1010 402 1417 472 prolixissimum
1440 408 1599 455 vocet
1632 400 1967 469 Augustinus
2004 400 2105 469 (a):

516 494 787 549 Philaster
825 494 1107 549 Brixianus
1162 495 1433 562 episcOpus
1461 494 1515 545 in
1545 494 1895 564 prolixissime
1939 491 2070 544 libro
2090 532 2107 557 ,

512 606 664 659 quem
690 590 751 641 de
794 587 1092 642 llazresibus
1144 586 1414 647 condidit:
1448 578 1559 640 hoc
1602 594 1781 641 autem
1821 583 2110 654 Augustini

511 681 885 752 accipiendum
917 695 1037 735 esse
1070 679 1351 734 Fabricius
1381 686 1609 734 annotat
1641 677 1716 749 (b)
1757 692 1862 731 non
1896 678 1965 731 ob
1996 690 2112 730 ma-

510 774 848 844 gnitudinem
894 771 1216 836 voluminis,
1264 770 1356 825 sed
1385 769 1455 824 ob
1500 770 1771 839 prolixum
1819 767 2109 823 hieresium

513 879 647 933 quas
678 869 1073 919 commemorat
1114 876 1403 917 numerum
1458 860 1764 931 Epiphanio
1809 859 1967 929 longe
1997 870 2111 911 ma-

506 960 706 1029 jorem.

583 1053 672 1105 17.
714 1051 865 1104 Licet
887 1059 1064 1105 autem
1093 1049 1144 1102 in
1180 1046 1476 1102 haeresibus
1505 1043 1890 1101 enumerandis
1921 1043 2033 1098 fere
2053 1056 2111 1097 se

512 1145 912 1215 diligentiorem
947 1145 1259 1213 praestiterit
1289 1141 1634 1206 Philastrius,
1660 1140 1733 1193 ita
1760 1148 1815 1192 ut
1844 1152 2112 1192 nonnum-

507 1252 670 1306 quam
700 1236 949 1291 eamdem
984 1235 1231 1289 haeresim
1256 1232 1455 1303 pluries
1484 1230 1990 1285 commemoraverit
2009 1268 2025 1293 ,
2052 1238 2111 1281 ut

508 1331 583 1383 ait
624 1330 887 1398 Dupinius
914 1327 985 1401 (c)
1012 1346 1026 1393 ;
1057 1327 1317 1397 quasdam
1352 1336 1529 1379 tamen
1560 1324 1724 1379 etiam
1758 1322 2112 1394 praetermisit

510 1422 812 1475 recensitas
839 1420 906 1475 ab
938 1418 1240 1488 Epiphanio
1262 1459 1276 1483 ,
1310 1431 1446 1487 quas
1477 1425 1763 1486 propterea
1792 1416 1842 1467 in
1863 1413 2111 1482 catalogo

511 1526 610 1565 suo
633 1513 786 1581 ponit
817 1511 1191 1580 Augustinus;
1246 1518 1299 1561 ut
1333 1508 1689 1562 Archonticos
1708 1547 1720 1567 ,
1749 1504 2072 1560 Severianos
2093 1545 2109 1571 ,

512 1604 846 1669 Elcesmitas,
873 1614 927 1659 et
949 1604 1239 1665 Samsmos,
1272 1602 1676 1663 Bardesanitas,
1701 1599 1970 1664 Valesios,
1995 1600 2109 1651 An-

2212 398 2430 452 coriarii
2479 396 2595 467 (ι),
2649 398 2802 466 isque
2850 397 3083 451 docebat
3130 397 3407 451 hominem
3436 395 3835 450 tantummodo

2214 489 2489 543 Christum
2519 503 2641 543 esse
2665 488 2782 560 (m).
2811 487 3135 557 Saccophori
3164 490 3381 558 species
3427 488 3686 557 quaedam
3715 485 3837 541 Ma—

2213 580 2548 635 nichaeorum
2568 621 2583 645 ,
2614 580 2694 633 sic
2723 579 2853 633 dicti
2882 580 3034 649 quasi
3065 594 3283 634 saccum
3328 578 3601 641 ferentes;
3636 578 3708 631 de
3745 578 3838 632 his

2217 675 2421 728 mentio
2446 681 2531 727 est
2559 672 2614 727 in
2644 671 2846 727 Codice
2876 672 3257 727 Theodosiano
3283 670 3392 743 (n);
3436 670 3840 725 Tillemontius

2213 781 2344 821 vero
2376 764 2473 837 (ο)
2502 765 2789 819 Baronium
2839 773 3020 829 notat,
3056 763 3203 834 quod
3225 778 3321 819 eos
3362 763 3430 817 ad
3461 778 3553 817 an.
3607 762 3721 818 585
3752 763 3838 831 (ρ)

2215 876 2503 933 perperam
2542 860 2816 931 putaverit
2846 859 3067 914 eosdem
3116 873 3240 914 esse
3283 874 3404 913 cum
3434 855 3796 911 Messalianis
3821 896 3837 919 ,

2214 968 2351 1024 quos
2380 954 2717 1023 Augustinus
2748 966 2798 1006 c.
2830 952 2898 1007 57
2949 966 3055 1006 non
3112 950 3468 1005 Messalianos
3503 947 3645 1004 dicit
3668 989 3685 1012 ,
3732 946 3838 1002 sed

2215 1045 2535 1101 Psallianos.
2566 1044 2946 1100 Helvidianiab
2978 1042 3224 1098 Helvidio
3249 1042 3505 1097 Auxentii
3528 1040 3834 1110 discipulo,

2214 1149 2404 1194 contra
2428 1154 2589 1209 quem
2622 1138 2988 1207 Hieronymus
3012 1135 3205 1189 librum
3225 1134 3463 1203 scripsit,
3492 1135 3840 1189 omittuntur

2214 1235 2282 1288 ab
2312 1234 2635 1304 Epiphanio,
2672 1231 2986 1294 Philastrio,
3017 1239 3073 1283 et
3100 1230 3439 1298 Augustino;
3463 1244 3835 1299 quamquam,

2216 1326 2447 1380 fortasse
2497 1324 2655 1379 iidem
2686 1324 2831 1388 sint,
2886 1337 3025 1392 quos
3068 1324 3557 1377 Antidicomaritas
3587 1322 3841 1392 Epipha-

2216 1420 2340 1473 nius
2352 1418 2613 1487 vocat,(q)
2630 1417 3209 1471 Antidicomarianitas
3227 1433 3357 1471 vero
3373 1417 3718 1487 Augustinus
3733 1418 3831 1487 (r).

2219 1510 2549 1565 Macrianum
2578 1518 2849 1563 memorat
2894 1507 3165 1563 Eusebius
3205 1507 3305 1579 (ε),
3366 1510 3457 1577 qui
3506 1523 3583 1563 ex
3637 1508 3835 1563 catho-

2214 1603 2356 1667 lico,
2415 1604 2518 1656 hoc
2548 1610 2631 1655 est
2665 1601 2962 1665 rationali,
3014 1600 3482 1672 arcbisyuagogus
3538 1614 3834 1669 magorum

510 1698 737 1767 gelicos,
773 1696 1139 1765 Apostolicos,
1166 1694 1545 1763 Origenianos,
1590 1692 1948 1757 Hierachitas,
2002 1691 2114 1745 An-
2145 1692 2189 1752 Β
2218 1693 2443 1765 Αῐςγριὶ
2473 1692 2677 1759 factus,
2714 1708 2779 1748 ac
2802 1692 3076 1746 Valeriani
3110 1691 3455 1761 imperatoris
3481 1691 3555 1745 ad
3580 1693 3837 1760 impieta-

510 1788 1033 1857 tbropomorpliitas,
1066 1787 1548 1857 Appollinaristas,
1598 1784 2111 1841 Autidicomariaui-

509 1892 614 1948 tas,
644 1882 973 1947 Psallianos,
1026 1882 1423 1951 Martyrianos,
1471 1887 1527 1935 et
1555 1879 1916 1943 Satanianos,
1972 1895 2109 1948 quos

511 1986 788 2043 postremo
840 1974 962 2028 loco
1011 1989 1074 2028 ex
1107 1971 1411 2041 desumptis
1438 1971 1506 2025 ab
1537 1970 1837 2040 Epiphanio
1881 1970 2112 2024 collocat

510 2067 847 2135 Augustinus
875 2065 978 2137 (ά),
1014 2064 1191 2135 Atque
1221 2064 1307 2119 hae
1345 2064 1563 2133 quidem
1594 2073 1720 2117 sunt
1778 2063 2014 2116 hzercses
2042 2060 2111 2115 ab

510 2158 817 2227 Epiphanio
859 2158 1170 2224 recensitae,
1204 2166 1259 2212 et.
1289 2172 1319 2211 a
1352 2157 1645 2212 Philastrio
1696 2156 1937 2220 omisszc,
1975 2170 2110 2223 quas

508 2251 561 2303 in
590 2251 894 2319 catalogum
936 2265 1093 2304 suum
1125 2250 1463 2319 Augustinus
1487 2248 1718 2317 redegit.
1744 2246 1943 2302 Contra
1979 2262 2111 2300 vero

510 2339 655 2393 idem
704 2342 1037 2409 Augustinus
1087 2341 1230 2394 inter
1286 2341 1526 2393 luereses
1574 2352 1711 2407 quas
1755 2352 1786 2391 a
1819 2337 2111 2391 Philastrio

511 2432 745 2498 accepit,
806 2432 1233 2487 Priscillianislas
1287 2441 1554 2487 memorat
1610 2430 1708 2501 (ε),
1756 2446 1880 2486 cum
1932 2440 2109 2485 tamen

508 2523 975 2579 Priscilliunoruin
996 2541 1191 2580 nomen
1218 2526 1268 2579 in
1289 2524 1563 2578 Philastrii
1583 2524 1723 2578 libro
1744 2539 1852 2577 non
1878 2525 2108 2593 legatur,

512 2626 573 2670 ut
623 2619 833 2670 notavit
885 2617 1170 2672 Fabricius
1201 2618 1253 2670 in
1306 2616 1662 2671 Testimoniis
1690 2614 1758 2670 de
1785 2614 2106 2681 Philastrio,

507 2709 598 2763 ubi
628 2706 915 2777 Augustini
945 2709 1014 2764 de
1044 2709 1236 2763 eodem
1261 2708 1555 2763 Philastrio
1580 2708 1950 2762 testimonium
1970 2707 2111 2762 reci—

511 2808 624 2867 tat;
656 2799 751 2855 sed
782 2814 878 2856 eos
910 2800 1236 2855 Philastrius
1266 2815 1386 2869 cap.
1435 2798 1528 2867 84,
1559 2799 1660 2854 sub
1688 2800 1907 2853 nomine
1940 2798 2112 2852 Absti-

510 2895 761 2955 nentium,
781 2894 1134 2963 perstringat,
1153 2902 1213 2947 ut
1236 2893 1433 2947 ibidem
1459 2892 1744 2947 Fabricius
1765 2892 2110 2947 animadver-

510 2985 576 3040 tit
623 2985 724 3057 (ι’).
771 2985 1248 3040 Passalorinchitas
1294 2986 1421 3040 item
1472 2994 1725 3041 recenset
1772 2986 2113 3055 Augustinus

2216 1795 2323 1841 tem
2345 1801 2562 1841 omnem
2590 1785 2808 1851 ductor,
2834 1794 2887 1839 et
2912 1784 3192 1854 magister,
3219 1799 3394 1854 neque
3421 1785 3832 1853 providentiam

2216 1880 2463 1935 universa
2494 1879 2868 1934 moderantem
2917 1878 3219 1942 intellexit,
3254 1892 3355 1932 nec
3382 1877 3575 1931 animo
3606 1889 3835 1947 reputa-

2214 1976 2293 2029 vit
2318 1974 2580 2043 judicium
2614 1974 2760 2027 illius
2788 1972 2878 2042 qui
2910 1981 3040 2026 ante
3081 1972 3296 2038 omnia,
3342 1980 3397 2026 et
3439 1972 3495 2025 in
3524 1972 3791 2026 omnibus
3815 2014 3829 2035 ,

2214 2076 2270 2121 et
2300 2081 2463 2136 super
2490 2066 2675 2121 omnia
2696 2074 2800 2130 est,
2836 2064 2953 2118 Dei.
2992 2063 3326 2119 Exodoniiax
3376 2062 3625 2119 Arianos
3652 2065 3831 2119 nomi-

2216 2165 2429 2212 natnon
2449 2156 2616 2211 semel
2639 2156 2967 2210 Cbronicum
2994 2154 3419 2209 Alexandrinum
3445 2157 3514 2227 (ι)
3538 2157 3636 2226 qui
3658 2156 3830 2210 Atha—

2216 2248 2391 2313 nasio,
2418 2248 2644 2317 aliisque
2665 2246 3028 2315 scriptoribus
3041 2246 3205 2300 etiam
3238 2244 3519 2301 Exucontii
3540 2248 3829 2317 appellati,

2214 2339 2357 2409 quod
2418 2337 2615 2392 Filium
2650 2337 2781 2403 Dei,
2815 2351 2977 2406 quem
3008 2336 3156 2390 Patri
3178 2337 3748 2401 consubstantialem,
3778 2350 3833 2392 et

2214 2440 2546 2488 coaeternum
2571 2429 2863 2500 negabant,
2886 2432 2936 2495 ἐξ
2956 2431 3043 2484 οὐκ
3063 2426 3241 2495 ὄντων,
3260 2445 3357 2485 seu
3382 2446 3447 2485 ex
3474 2431 3656 2485 nihilo
3677 2446 3832 2486 crea-

2216 2534 2326 2578 tum
2355 2523 2716 2589 afﬁrmarent,
2743 2521 2811 2575 de
2833 2523 3029 2591 quibus
3055 2521 3311 2590 prazclara
3338 2522 3605 2577 nonnulla
3620 2523 3832 2577 notavit

2214 2616 2424 2686 lttigius
2446 2614 2545 2686 (ιι).
2564 2614 2756 2669 Bonosi
2779 2614 3007 2670 haeresis
3024 2629 3053 2668 a
3074 2618 3285 2669 Bonoso
3301 2616 3541 2685 quodam
3562 2618 3832 2687 episcopo

2216 2710 2419 2784 (utrum
2448 2710 2785 2772 Sardicensi,
2815 2720 2871 2763 ut
2893 2725 3018 2765 eum
3047 2709 3176 2764 facit
3204 2709 3405 2764 Marius
3430 2710 3727 2777 Mercator,
3758 2727 3826 2765 an

2216 2819 2347 2857 vero
2368 2802 2571 2867 Naissi,
2598 2809 2657 2856 ut
2684 2800 2895 2871 judicat
2915 2802 3225 2857 llolstenius
3251 2801 3345 2873 (v),
3378 2818 3488 2857 non
3511 2804 3649 2858 satis
3673 2819 3828 2859 com-

2215 2892 2451 2966 pertum)
2472 2895 2525 2948 in
2553 2908 2620 2948 eo
2642 2894 2983 2960 versabatur,
3017 2893 3161 2963 quod
3185 2893 3469 2948 Bonosiani
3504 2910 3614 2950 non
3642 2898 3826 2952 solum

2211 2984 2411 3041 Christi
2440 2984 2708 3040 Deitatem
2742 2985 3033 3055 negabant,
3062 2986 3157 3040 sed
3190 2988 3374 3055 plures
3414 2988 3585 3043 etiam
3620 2990 3827 3046 liberos

509 3093 560 3133 c.
589 3080 658 3135 65
700 3082 842 3135 inter
884 3081 1124 3135 hereses
1153 3096 1282 3149 quas
1309 3079 1575 3135 Philasler
1596 3083 1788 3151 posuit,
1820 3098 1913 3134 nec
1940 3081 2112 3151 posuit
2140 3066 2185 3130 C
2218 3092 2249 3133 e
2277 3077 2441 3132 Maria
2469 3078 2685 3147 genitos
2716 3077 2885 3132 fuisse
2909 3077 3239 3143 credebant;
3264 3087 3325 3133 ut
3347 3094 3415 3134 ex
3435 3080 3638 3136 Bonosi
3662 3097 3824 3137 causa

511 3170 878 3243 Epiphanius;
924 3188 1111 3229 verum
1143 3172 1622 3227 Passalorinchilat
1650 3174 1985 3243 Epiphanius
2016 3189 2111 3243 po-

511 3264 613 3327 nit,
646 3272 963 3317 utnotatum
995 3263 1246 3317 Fabricio
1282 3264 1350 3318 ad
1376 3264 1733 3319 Philastrium
1763 3281 1884 3335 cap.
1916 3266 1984 3321 76
2007 3266 2107 3337 (g),

513 3353 587 3407 uti
612 3362 669 3408 et
691 3352 1069 3421 Colluthianos,
1101 3371 1237 3423 quos
1267 3356 1609 3426 Augustinus
1633 3357 1793 3412 habet
1817 3373 1868 3413 c.
1888 3357 2109 3413 65mm-

511 3461 671 3515 quam
696 3462 725 3500 a
748 3446 1060 3511 Philastrio,
1087 3462 1195 3501 non
1220 3448 1287 3502 ab
1312 3449 1616 3518 Epiphanio
1646 3459 1979 3505 memoratos
2006 3450 2105 3523 (Ιι).

511 3537 704 3592 Plures
746 3538 911 3592 etiam
952 3538 1192 3594 haereses
1228 3539 1565 3608 Augustinus
1609 3542 1816 3608 omisit,
1847 3557 1984 3611 quas
2009 3558 2113 3599 uec

513 3630 892 3698 Epiphanius,
946 3646 1046 3685 nec
1098 3631 1427 3687 Philastrius
1482 3643 1908 3700 recensueruut;
1970 3640 2114 3691 inter

513 3736 609 3775 eas
641 3720 943 3774 Masbotluei
980 3738 1011 3775 a
1055 3721 1388 3777 Masbothteo
1430 3724 1509 3777 sic
1550 3724 1845 3793 appellati,
1888 3726 1981 3795 qui
2014 3726 2114 3783 fuit

513 3828 655 3868 unus
680 3811 749 3867 de
766 3820 972 3881 septem
1000 3812 1191 3884 primis
1212 3813 1483 3869 haereticis
1500 3829 1638 3885 quos
1658 3826 1911 3871 numerat
1939 3817 2113 3874 Euse-

510 3906 636 3960 bius
667 3904 753 3975 (i),
783 3912 944 3974 prout
971 3908 1134 3961 etiam
1164 3903 1395 3959 Gortkaai
1416 3921 1446 3961 a
1473 3906 1728 3963 Gorthaeo
1759 3908 1989 3977 quodam
2020 3910 2112 3983 (j),

513 4013 837 4068 quamquam
880 3998 1171 4054 Carthenos
1218 4008 1385 4069 ponat
1432 4000 1595 4054 etiam
1647 4000 1981 4071 Epiphanius
2010 4003 2110 4076 (It),

511 4092 601 4162 qui
648 4100 829 4148 tamen
884 4092 1377 4161 praetermittuntur
1427 4091 1495 4147 ab
1546 4090 1870 4164 Augustino.
1931 4094 2112 4151 Ascle-

607 4253 662 4309 α)
702 4254 780 4309 De
804 4253 952 4309 Haer.
976 4267 1027 4307 c.
1060 4252 1149 4306 41.

607 4272 637 4308 a
702 4254 780 4309 De
804 4253 952 4309 Haer.
976 4267 1027 4307 c.
1060 4253 1149 4306 41.

612 4326 639 4378 b
704 4324 1007 4378 Testimon.
1042 4322 1109 4376 de
1142 4320 1458 4374 Philastrio.

582 4253 665 4465 Ec;
700 4394 751 4446 ll
792 4394 887 4463 {ait
936 4410 1017 4465 un
1052 4390 1339 4465 Catalogue
1375 4392 1418 4465 si
1448 4408 1458 4443 ι

608 4390 657 4463 c)
700 4394 751 4446 ll
792 4394 887 4463 {ait
936 4410 1007 4445 un
1055 4390 1337 4461 Catalogue
1375 4392 1418 4463 si
1448 4392 1735 4447 nontbreux
1779 4393 2098 4463 d’Hérésies,

508 4462 645 4534 qu’il
662 4481 693 4515 a
714 4462 897 4517 meare
913 4463 1223 4529 ntultipiiées
1239 4478 1302 4515 en
1315 4462 1505 4532 [uisant
1521 4465 1750 4519 mention
1776 4466 1930 4521 d‘une
1947 4469 2108 4523 meme

511 4535 712 4589 Itérésie
740 4535 997 4603 plusieurs
1015 4534 1136 4603 [οἰδ.

609 4606 667 4671 d)
706 4601 846 4675 Aug.
877 4605 943 4659 de
965 4601 1135 4670 Hum,
1166 4617 1289 4673 cap.
1321 4601 1508 4658 20-57.

610 4676 658 4747 e)
701 4676 863 4742 lbid.,
908 4692 1027 4745 cap.
1073 4676 1162 4731 70.

606 4744 653 4817 ι’)
695 4748 815 4801 Vid.
842 4748 910 4802 ad
940 4744 1062 4811 cap.
1094 4749 1161 4801 84
1191 4755 1306 4803 not.
1338 4744 1475 4800 Sunt
1504 4746 1558 4800 in
1578 4746 1788 4803 Galliis.
1816 4749 1970 4805 Eorr.

511 4889 555 4944 Ε
583 4817 660 4888 (g)
704 4818 827 4872 Vid.
860 4820 926 4873 ad
953 4834 1074 4889 cap.
1104 4817 1172 4872 76
1204 4827 1316 4872 not.
1360 4817 1467 4870 Alii
1490 4828 1608 4871 sunt
1631 4821 2102 4888 passaiorincltitaz.

560 4904 671 4943 DIT.

560 4904 671 4943 DIT.

2215 3183 2331 3229 acta
2373 3174 2427 3228 in
2462 3172 2674 3244 synodo
2715 3171 2970 3242 Capuana
3013 3172 3080 3228 A.
3107 3172 3168 3228 C.
3215 3172 3320 3230 389
3352 3175 3485 3230 satis
3518 3176 3696 3247 liquet
3717 3178 3822 3249 (ε).

2216 3269 2393 3336 Atque
2426 3266 2541 3321 ha-c
2564 3270 2632 3322 de
2675 3267 2978 3321 bmresibus
3016 3266 3085 3320 ab
3120 3266 3443 3337 Epiphanio,
3490 3269 3821 3336 Philastrio,

2215 3371 2267 3416 et
2316 3361 2621 3431 Augustino
2647 3362 2895 3426 omissis;
2947 3360 3201 3430 quoniam
3245 3376 3373 3416 vero
3404 3362 3710 3433 longiorem
3757 3364 3822 3419 de

2214 3456 2299 3510 his
2323 3470 2637 3510 sermonem
2684 3454 2863 3509 facere
2892 3463 3109 3509 nonest
3136 3454 3297 3523 hujus
3344 3456 3473 3522 loci,
3508 3456 3629 3512 haec
3658 3457 3819 3511 modo

2216 3548 2357 3603 dicta
2390 3548 2663 3602 suiliciant
2686 3546 2764 3618 (ῃ)
2798 3565 2811 3599 :
2865 3547 3077 3602 scilicet
3107 3563 3204 3602 nos
3232 3548 3340 3601 alio
3370 3559 3568 3603 avocat
3597 3550 3817 3604 institu-

2215 3649 2329 3694 tum
2361 3648 2630 3705 nostrum,
2662 3649 2719 3691 ut
2742 3653 2937 3708 nempe
2957 3640 3102 3692 varia
3137 3638 3205 3693 de
3230 3637 3525 3694 Philastrio
3551 3640 3818 3695 acatholi-

2216 3746 2405 3787 corum
2448 3731 2647 3801 judicia
2679 3732 2730 3784 in
2771 3731 3011 3786 medium
3038 3732 3421 3801 proferamus,
3453 3744 3511 3788 et
3534 3735 3815 3805 expenda-

2216 3836 2359 3879 mus.

2293 3912 2321 3983 ᾗ
2349 3911 2413 3967 ΙΙ.
2442 3911 2654 3966 Iudicia
2679 3912 2980 3990 ἑτεροδόξων
3006 3915 3071 3970 de
3096 3913 3384 3972 Philastrio
3411 3928 3744 3983 enarrantur,

2789 4020 2835 4063 et
2857 4010 3238 4081 etpenduntur.

2294 4101 2378 4157 18.
2422 4100 2696 4157 Prodeunt
2751 4102 2983 4172 primum
3028 4103 3437 4159 Centuriatores
3498 4104 3817 4175 Magdcbnr—

2285 4259 2362 4328 (q)
2407 4259 2549 4315 nam.
2580 4260 2669 4315 78.

2131 4343 2185 4404 D
2286 4330 2357 4404 (ν)
2396 4330 2527 4404 99p-
2562 4332 2657 4386 56-

2282 4401 2355 4472 (ε)
2395 4401 2513 4456 Lib.
2566 4417 2667 4467 vu,
2718 4417 2838 4472 cap.
2875 4402 2962 4458 1ο.
3014 4403 3251 4460 Consule
3294 4404 3495 4462 Valesii
3546 4417 3700 4463 notas
3746 4406 3814 4463 ad

2211 4471 2353 4525 hunc
2377 4473 2594 4527 Eusebii
2624 4471 2827 4528 locum.

2282 4541 2349 4751 gl)
2388 4543 2518 4611 Pag.
2544 4543 2666 4610 704,
2701 4544 2833 4598 edit.
2859 4543 3081 4613 Baderi,
3104 4555 3159 4601 et
3185 4547 3335 4602 alibi.

2310 4614 2365 4681 η)
2404 4612 2628 4669 Observ.
2658 4614 2885 4670 Miscell.
2915 4632 3032 4682 vtu,
3058 4633 3177 4685 pag.
3206 4617 3335 4684 259,

2310 4683 2359 4751 v)
2402 4684 2544 4751 lttig.
2576 4686 2805 4740 Observ.
2838 4685 3161 4751 Miscell.tx,
3187 4705 3306 4751 pag.

2310 4612 2365 4687 α)
2403 4612 2628 4687 Observ.
2658 4614 2885 4687 Miscell.
2915 4632 3032 4682 vtu,
3058 4633 3177 4685 pag.
3206 4617 3335 4684 259,
3367 4617 3570 4687 Lipsiae
3597 4619 3762 4676 I700.

2310 4683 2359 4755 v)
2402 4684 2544 4758 lttig.
2576 4686 2805 4758 0bserv_.
2838 4683 3161 4758 Miscellitx,
3187 4705 3306 4758 pag.
3337 4683 3468 4744 2H.

2212 4755 2578 4894 po
2615 4772 2735 4827 pag.
2767 4756 2875 4811 246
2918 4756 3130 4813 Videsis
3181 4755 3520 4828 Tiflemont.,
3581 4770 3713 4818 tom.
3753 4778 3811 4829 ι,

2284 4897 2364 4969 (y)
2394 4896 2788 4972 Plura__da_btm_t_
2812 4898 3158 4972 cupientibus
3178 4899 3511 4972 Euthymius
3542 4902 3597 4957 in
3634 4903 3815 4959 Pano-

580 4957 660 5029 (ιι)
699 4957 915 5040 Videsis
938 4959 1275 5040 Fabricium,
1306 4959 1373 5014 ad
1401 4973 1523 5029 cap.
1557 4958 1648 5025 79,
1685 4970 1796 5016 not.
1841 4960 2107 5021 Malorum
2209 4957 2489 5040 Qualem.
2526 4964 2851 5040 _x1x_eibt.
2884 4957 3033 5035 'PP.,
3078 4985 3133 5040 p.
3166 4970 3219 5033 δ,
3249 4957 3607 5029 δι’γθτδίοηθ
3637 4957 3813 5030 Ῥειὶί

511 5045 615 5099 non
641 5045 748 5082 esse
772 5032 1038 5099 factorem.
1067 5032 1223 5083 Ent'r.

608 5100 647 5167 ἱ)
688 5099 807 5153 Lib.
842 5115 892 5152 IV
921 5101 1057 5155 Hist.
1092 5100 1264 5165 Eccl.,
1294 5115 1415 5170 cap.
1433 5100 1524 5155 22.

621 5170 652 5239 i)
694 5170 895 5224 Euseb.
923 5170 1057 5226 ibid.

610 5240 664 5310 It)
706 5240 948 5295 llaerJ2.

611 5311 650 5379 ι)
698 5310 1088 5390 De_]‘beodoto
1110 5313 1435 5390 Pliilastrius
1452 5329 1574 5390 cap.
1600 5316 1694 5385 50,
1723 5318 1862 5388 Aug.
1884 5322 2105 5390 cap.3'5,

507 5381 725 5438 cuinon
760 5381 1075 5451 Theodotus,
1093 5385 1197 5439 sed
1229 5381 1539 5440 Theodotio'.

584 5454 679 5525 (nt)
723 5454 924 5509 Euseb.
961 5456 1058 5509 lib.
1095 5471 1150 5515 ν,
1174 5470 1299 5525 cap.
1330 5455 1423 5511 28.

580 5525 659 5597 (η)
700 5525 822 5597 Lib.
867 5527 1095 5597 attinuit.
1128 5526 1182 5594 5,
1207 5527 1313 5596 leg.
1347 5528 1403 5583 9.

582 5595 656 5667 (ο)
699 5596 856 5668 Ῑοηι.
888 5595 1021 5668 Ylll,
1048 5612 1171 5668 pag.
1204 5595 1331 5652 798.

578 5664 659 5733 (p)
698 5664 858 5720 Num.
894 5666 985 5729 54,

2213 5037 2491 5114 Francisci
2525 5036 3009 5114 ZiniLuuatensis
3043 5036 3538 5114 archipresbyteri;
3566 5054 3624 5101 et
3651 5045 3815 5102 Nice-

2212 5118 2282 5186 με
2305 5107 2586 5186 Choniatae
2638 5110 2943 5186 Acomiuati
2978 5107 3598 5186 Panopliadog'matica,
3649 5117 3810 5186 cujus

2212 5180 2478 5254 integram
2502 5178 2923 5254 cunnilingum.
2949 5182 3073 5235 cod.
3109 5178 3433 5254 bombycino
3459 5178 3809 5243 bibliotheca

2212 5251 2284 5307 cl.
2316 5251 2417 5304 viri
2438 5250 2701 5317 Stephani
2723 5249 2923 5304 Baluzii
2956 5254 3174 5318 protulit
3198 5249 3603 5312 eruditissimus
3627 5258 3808 5312 Mont-

2212 5321 2497 5398 l_'a_u_couius
2543 5320 2962 5398 Palteograplliae
2990 5321 3381 5398 Grmc§c_l.itvi,
3429 5342 3479 5381 c.
3505 5330 3561 5391 9,
3593 5344 3647 5398 p.
3675 5329 3802 5384 327.

2216 5392 2350 5463 Vide
2381 5392 2565 5452 etiam,
2597 5391 2843 5463 silubet,
2872 5392 3093 5448 ’l‘liomie
3141 5393 3302 5463 lttigii
3350 5391 3803 5455 Disserta'tionem

2211 5463 2280 5536 de
2306 5461 2696 5536 Haeresiarcljs
2723 5464 2826 5516 aevi
2855 5464 3173 5536 Apostolici;
3205 5461 3405 5536 Lipsia:
3431 5469 3596 5533 1690,
3638 5472 3720 5524 ιιιὶ
3750 5480 3805 5525 et

2215 5533 2606 5609 Hartmannum
2628 5532 2825 5609 Iract._
2851 5532 2920 5609 de
2953 5534 3118 5590 rebus
3161 5532 3328 5607 gestis
3366 5538 3469 5595 sub
3500 5532 3795 5609 Apostolis.

2212 5613 2268 5673 et
2294 5604 2594 5659 Arnoldum
2629 5603 2862 5657 Historia
2893 5603 3213 5673 lueresiuni,
3236 5623 3374 5673 quos
3418 5603 3605 5667 laudat
3654 5612 3797 5666 idem

2215 5670 2423 5744 litigius
2460 5675 2687 5731 Ubserv.
2724 5673 2947 5732 Miscell.
2980 5690 3054 5736 ix.
3088 5670 3207 5747 pagi
3236 5670 3361 5734 2M;
