  <div class='ocr_page' id='page_1' title='image "/cluster/home/n/w/nwhite01/storage/ocr_20150623/12/uva.x000826551/582.png"; bbox 0 0 3992 6204; ppageno 0'>
   <div class='ocr_carea' id='block_1_1' title="bbox 87 225 232 281">
    <p class='ocr_par' dir='ltr' id='par_1_1' title="bbox 87 225 232 281">
     <span class='ocr_line' id='line_1_1' title="bbox 87 225 232 281; baseline -0.014 0"><span class='ocrx_word' id='word_1_1' title='bbox 87 225 232 281; x_wconf 66' lang='grc'><strong>1081</strong></span> 
     </span>
    </p>
   </div>
   <div class='ocr_carea' id='block_1_2' title="bbox 1289 212 2172 278">
    <p class='ocr_par' dir='ltr' id='par_1_2' title="bbox 1289 212 2172 278">
     <span class='ocr_line' id='line_1_2' title="bbox 1289 212 2172 278; baseline 0.001 -3"><span class='ocrx_word' id='word_1_2' title='bbox 1289 221 1346 275; x_wconf 80' lang='lat' dir='ltr'><strong>l‘.</strong></span> <span class='ocrx_word' id='word_1_3' title='bbox 1389 212 1740 278; x_wconf 75' lang='lat' dir='ltr'><strong>GALEARDI</strong></span> <span class='ocrx_word' id='word_1_4' title='bbox 1780 221 2172 278; x_wconf 64' lang='lat' dir='ltr'><strong>PREFATIO.</strong></span> 
     </span>
    </p>
   </div>
   <div class='ocr_carea' id='block_1_3' title="bbox 3263 225 3402 282">
    <p class='ocr_par' dir='ltr' id='par_1_3' title="bbox 3263 225 3402 282">
     <span class='ocr_line' id='line_1_3' title="bbox 3263 225 3402 282; baseline 0.014 -2"><span class='ocrx_word' id='word_1_5' title='bbox 3263 225 3402 282; x_wconf 76' lang='grc'><strong>1082</strong></span> 
     </span>
    </p>
   </div>
   <div class='ocr_carea' id='block_1_4' title="bbox 85 343 3406 418">
    <p class='ocr_par' dir='ltr' id='par_1_4' title="bbox 85 343 3406 418">
     <span class='ocr_line' id='line_1_4' title="bbox 85 343 3406 418; baseline -0.001 -16"><span class='ocrx_word' id='word_1_6' title='bbox 85 360 311 418; x_wconf 80' lang='lat' dir='ltr'><strong>genses,</strong></span> <span class='ocrx_word' id='word_1_7' title='bbox 361 346 487 417; x_wconf 89' lang='lat' dir='ltr'><strong>qui,</strong></span> <span class='ocrx_word' id='word_1_8' title='bbox 529 345 654 401; x_wconf 89' lang='lat' dir='ltr'><strong>licet</strong></span> <span class='ocrx_word' id='word_1_9' title='bbox 701 344 962 401; x_wconf 85' lang='lat' dir='ltr'><strong>novitatis</strong></span> <span class='ocrx_word' id='word_1_10' title='bbox 998 345 1200 412; x_wconf 90' lang='lat' dir='ltr'><strong>studio,</strong></span> <span class='ocrx_word' id='word_1_11' title='bbox 1247 343 1544 402; x_wconf 88' lang='lat' dir='ltr'><strong>Catholicis</strong></span> <span class='ocrx_word' id='word_1_12' title='bbox 1574 359 1700 416; x_wconf 91' lang='lat' dir='ltr'><strong>par-</strong></span> <span class='ocrx_word' id='word_1_13' title='bbox 1726 348 1780 408; x_wconf 80' lang='grc' dir='ltr'><strong>Α</strong></span> <span class='ocrx_word' id='word_1_14' title='bbox 1807 345 2086 402; x_wconf 72' lang='lat' dir='ltr'><strong>ereseon</strong></span> <span class='ocrx_word' id='word_1_15' title='bbox 2115 344 2392 417; x_wconf 84' lang='lat' dir='ltr'><strong>Catalogo,</strong></span> <span class='ocrx_word' id='word_1_16' title='bbox 2425 360 2614 417; x_wconf 86' lang='lat' dir='ltr'><strong>magno</strong></span> <span class='ocrx_word' id='word_1_17' title='bbox 2640 346 2811 400; x_wconf 85' lang='lat' dir='ltr'><strong>studio</strong></span> <span class='ocrx_word' id='word_1_18' title='bbox 2836 351 2998 400; x_wconf 88' lang='lat' dir='ltr'><strong>certat</strong></span> <span class='ocrx_word' id='word_1_19' title='bbox 3027 353 3207 400; x_wconf 87' lang='lat' dir='ltr'><strong>contra</strong></span> <span class='ocrx_word' id='word_1_20' title='bbox 3238 345 3406 399; x_wconf 88' lang='lat' dir='ltr'><strong>omnis</strong></span> 
     </span>
    </p>
   </div>
   <div class='ocr_carea' id='block_1_5' title="bbox 85 437 1707 508">
    <p class='ocr_par' dir='ltr' id='par_1_5' title="bbox 85 437 1707 508">
     <span class='ocr_line' id='line_1_5' title="bbox 85 437 1707 508; baseline 0.001 -14"><span class='ocrx_word' id='word_1_21' title='bbox 85 441 233 494; x_wconf 91' lang='lat' dir='ltr'><strong>tibus</strong></span> <span class='ocrx_word' id='word_1_22' title='bbox 257 439 562 508; x_wconf 88' lang='lat' dir='ltr'><strong>plurimum</strong></span> <span class='ocrx_word' id='word_1_23' title='bbox 593 437 813 502; x_wconf 78' lang='lat' dir='ltr'><strong>infensi,</strong></span> <span class='ocrx_word' id='word_1_24' title='bbox 839 437 1190 495; x_wconf 86' lang='lat' dir='ltr'><strong>Philastrium</strong></span> <span class='ocrx_word' id='word_1_25' title='bbox 1215 447 1392 496; x_wconf 87' lang='lat' dir='ltr'><strong>tamen</strong></span> <span class='ocrx_word' id='word_1_26' title='bbox 1414 438 1707 496; x_wconf 72' lang='lat' dir='ltr'><strong>Catholica:</strong></span> 
     </span>
    </p>
   </div>
   <div class='ocr_carea' id='block_1_6' title="bbox 83 530 1705 601">
    <p class='ocr_par' dir='ltr' id='par_1_6' title="bbox 83 530 1705 601">
     <span class='ocr_line' id='line_1_6' title="bbox 83 530 1705 601; baseline 0.001 -16"><span class='ocrx_word' id='word_1_27' title='bbox 83 532 335 586; x_wconf 76' lang='lat' dir='ltr'><strong>veritatis</strong></span> <span class='ocrx_word' id='word_1_28' title='bbox 359 532 488 586; x_wconf 84' lang='lat' dir='ltr'><strong>zelo</strong></span> <span class='ocrx_word' id='word_1_29' title='bbox 517 546 673 601; x_wconf 88' lang='lat' dir='ltr'><strong>quam</strong></span> <span class='ocrx_word' id='word_1_30' title='bbox 706 530 944 586; x_wconf 81' lang='lat' dir='ltr'><strong>maxime</strong></span> <span class='ocrx_word' id='word_1_31' title='bbox 981 531 1300 601; x_wconf 78' lang='lat' dir='ltr'><strong>ﬂagrantem</strong></span> <span class='ocrx_word' id='word_1_32' title='bbox 1322 574 1338 598; x_wconf 94' lang='lat'><strong>,</strong></span> <span class='ocrx_word' id='word_1_33' title='bbox 1373 547 1480 587; x_wconf 92' lang='lat' dir='ltr'><strong>non</strong></span> <span class='ocrx_word' id='word_1_34' title='bbox 1511 545 1622 586; x_wconf 89' lang='lat' dir='ltr'><strong>uno</strong></span> <span class='ocrx_word' id='word_1_35' title='bbox 1651 530 1705 586; x_wconf 91' lang='lat' dir='ltr'><strong>in</strong></span> 
     </span>
    </p>
   </div>
   <div class='ocr_carea' id='block_1_7' title="bbox 85 619 1702 691">
    <p class='ocr_par' dir='ltr' id='par_1_7' title="bbox 85 619 1702 691">
     <span class='ocr_line' id='line_1_7' title="bbox 85 619 1702 691; baseline 0.001 -17"><span class='ocrx_word' id='word_1_36' title='bbox 85 621 208 675; x_wconf 91' lang='lat' dir='ltr'><strong>loco</strong></span> <span class='ocrx_word' id='word_1_37' title='bbox 241 620 470 675; x_wconf 79' lang='lat' dir='ltr'><strong>eximiis</strong></span> <span class='ocrx_word' id='word_1_38' title='bbox 516 619 765 675; x_wconf 91' lang='lat' dir='ltr'><strong>laudibus</strong></span> <span class='ocrx_word' id='word_1_39' title='bbox 811 621 1068 676; x_wconf 79' lang='lat' dir='ltr'><strong>elieruut.</strong></span> <span class='ocrx_word' id='word_1_40' title='bbox 1119 620 1291 691; x_wconf 80' lang='lat' dir='ltr'><strong>Igitur</strong></span> <span class='ocrx_word' id='word_1_41' title='bbox 1343 621 1395 676; x_wconf 91' lang='lat' dir='ltr'><strong>hi</strong></span> <span class='ocrx_word' id='word_1_42' title='bbox 1430 622 1581 678; x_wconf 88' lang='lat' dir='ltr'><strong>Cent.</strong></span> <span class='ocrx_word' id='word_1_43' title='bbox 1618 621 1654 676; x_wconf 73' lang='grc'><strong>4</strong></span> <span class='ocrx_word' id='word_1_44' title='bbox 1685 661 1702 688; x_wconf 88' lang='grc'><em>,</em></span> 
     </span>
    </p>
   </div>
   <div class='ocr_carea' id='block_1_8' title="bbox 83 711 1706 786">
    <p class='ocr_par' dir='ltr' id='par_1_8' title="bbox 83 711 1706 786">
     <span class='ocr_line' id='line_1_8' title="bbox 83 711 1706 786; baseline -0.001 -16"><span class='ocrx_word' id='word_1_45' title='bbox 83 727 208 784; x_wconf 85' lang='lat' dir='ltr'><strong>cap.</strong></span> <span class='ocrx_word' id='word_1_46' title='bbox 243 713 279 768; x_wconf 79' lang='lat'><strong>5</strong></span> <span class='ocrx_word' id='word_1_47' title='bbox 320 712 433 785; x_wconf 80' lang='grc' dir='ltr'><strong>(α),</strong></span> <span class='ocrx_word' id='word_1_48' title='bbox 467 711 561 768; x_wconf 92' lang='lat' dir='ltr'><strong>ubi</strong></span> <span class='ocrx_word' id='word_1_49' title='bbox 590 712 658 767; x_wconf 91' lang='lat' dir='ltr'><strong>de</strong></span> <span class='ocrx_word' id='word_1_50' title='bbox 703 712 899 768; x_wconf 67' lang='lat' dir='ltr'><strong>haeresi</strong></span> <span class='ocrx_word' id='word_1_51' title='bbox 949 713 1277 770; x_wconf 83' lang='lat' dir='ltr'><strong>Arianorum</strong></span> <span class='ocrx_word' id='word_1_52' title='bbox 1329 715 1540 786; x_wconf 77' lang='lat' dir='ltr'><strong>agitur,</strong></span> <span class='ocrx_word' id='word_1_53' title='bbox 1591 715 1706 769; x_wconf 67' lang='lat' dir='ltr'><strong>haec</strong></span> 
     </span>
    </p>
   </div>
   <div class='ocr_carea' id='block_1_9' title="bbox 86 803 1709 879">
    <p class='ocr_par' dir='ltr' id='par_1_9' title="bbox 86 803 1709 879">
     <span class='ocr_line' id='line_1_9' title="bbox 86 803 1709 879; baseline -0.001 -18"><span class='ocrx_word' id='word_1_54' title='bbox 86 806 294 861; x_wconf 80' lang='lat' dir='ltr'><strong>habent</strong></span> <span class='ocrx_word' id='word_1_55' title='bbox 346 823 360 860; x_wconf 89' lang='lat'>:</span> <span class='ocrx_word' id='word_1_56' title='bbox 417 803 864 860; x_wconf 86' lang='lat' dir='ltr'><strong>Coutradixerunt</strong></span> <span class='ocrx_word' id='word_1_57' title='bbox 917 804 1041 860; x_wconf 97' lang='lat' dir='ltr'><strong>huic</strong></span> <span class='ocrx_word' id='word_1_58' title='bbox 1087 805 1275 861; x_wconf 78' lang='lat' dir='ltr'><strong>hteresi</strong></span> <span class='ocrx_word' id='word_1_59' title='bbox 1331 817 1378 861; x_wconf 76' lang='lat' dir='ltr'><strong>ct</strong></span> <span class='ocrx_word' id='word_1_60' title='bbox 1401 807 1494 861; x_wconf 88' lang='lat' dir='ltr'><strong>alii</strong></span> <span class='ocrx_word' id='word_1_61' title='bbox 1551 806 1709 879; x_wconf 88' lang='lat' dir='ltr'><strong>hujus</strong></span> 
     </span>
    </p>
   </div>
   <div class='ocr_carea' id='block_1_10' title="bbox 84 888 1701 969">
    <p class='ocr_par' dir='ltr' id='par_1_10' title="bbox 84 888 1701 969">
     <span class='ocr_line' id='line_1_10' title="bbox 84 888 1701 969; baseline -0.002 -15"><span class='ocrx_word' id='word_1_62' title='bbox 84 888 272 954; x_wconf 72' lang='lat' dir='ltr'><strong>artatis</strong></span> <span class='ocrx_word' id='word_1_63' title='bbox 309 900 623 966; x_wconf 67' lang='lat' dir='ltr'><strong>praestantes</strong></span> <span class='ocrx_word' id='word_1_64' title='bbox 674 896 773 950; x_wconf 78' lang='lat' dir='ltr'><strong>viri</strong></span> <span class='ocrx_word' id='word_1_65' title='bbox 796 936 813 963; x_wconf 93' lang='lat'><strong>,</strong></span> <span class='ocrx_word' id='word_1_66' title='bbox 862 905 916 950; x_wconf 93' lang='lat' dir='ltr'><strong>ut</strong></span> <span class='ocrx_word' id='word_1_67' title='bbox 943 897 1244 952; x_wconf 80' lang='lat' dir='ltr'><strong>Ambrosius</strong></span> <span class='ocrx_word' id='word_1_68' title='bbox 1278 938 1293 962; x_wconf 94' lang='lat'><strong>,</strong></span> <span class='ocrx_word' id='word_1_69' title='bbox 1327 895 1657 969; x_wconf 79' lang='lat' dir='ltr'><strong>Epiphanius</strong></span> <span class='ocrx_word' id='word_1_70' title='bbox 1685 935 1701 962; x_wconf 92' lang='lat'><strong>,</strong></span> 
     </span>
    </p>
   </div>
   <div class='ocr_carea' id='block_1_11' title="bbox 87 985 1702 1058">
    <p class='ocr_par' dir='ltr' id='par_1_11' title="bbox 87 985 1702 1058">
     <span class='ocr_line' id='line_1_11' title="bbox 87 985 1702 1058; baseline -0.001 -14"><span class='ocrx_word' id='word_1_71' title='bbox 87 989 444 1055; x_wconf 76' lang='lat' dir='ltr'><strong>Pmusren,</strong></span> <span class='ocrx_word' id='word_1_72' title='bbox 479 986 681 1042; x_wconf 78' lang='lat' dir='ltr'><strong>Marius</strong></span> <span class='ocrx_word' id='word_1_73' title='bbox 732 985 1050 1054; x_wconf 71' lang='lat' dir='ltr'><strong>Victoriam,</strong></span> <span class='ocrx_word' id='word_1_74' title='bbox 1095 996 1142 1042; x_wconf 90' lang='lat' dir='ltr'><strong>et</strong></span> <span class='ocrx_word' id='word_1_75' title='bbox 1166 987 1381 1043; x_wconf 88' lang='lat' dir='ltr'><strong>similes.</strong></span> <span class='ocrx_word' id='word_1_76' title='bbox 1429 987 1702 1058; x_wconf 78' lang='lat' dir='ltr'><strong>[ntegrum</strong></span> 
     </span>
    </p>
   </div>
   <div class='ocr_carea' id='block_1_12' title="bbox 86 1078 1703 1152">
    <p class='ocr_par' dir='ltr' id='par_1_12' title="bbox 86 1078 1703 1152">
     <span class='ocr_line' id='line_1_12' title="bbox 86 1078 1703 1152; baseline -0.001 -16"><span class='ocrx_word' id='word_1_77' title='bbox 86 1081 284 1136; x_wconf 87' lang='lat' dir='ltr'><strong>deinde</strong></span> <span class='ocrx_word' id='word_1_78' title='bbox 307 1079 594 1136; x_wconf 89' lang='lat' dir='ltr'><strong>Philastrii</strong></span> <span class='ocrx_word' id='word_1_79' title='bbox 635 1080 812 1136; x_wconf 90' lang='lat' dir='ltr'><strong>locum</strong></span> <span class='ocrx_word' id='word_1_80' title='bbox 855 1089 1049 1135; x_wconf 89' lang='lat' dir='ltr'><strong>contra</strong></span> <span class='ocrx_word' id='word_1_81' title='bbox 1076 1080 1265 1135; x_wconf 86' lang='lat' dir='ltr'><strong>Arium</strong></span> <span class='ocrx_word' id='word_1_82' title='bbox 1296 1080 1579 1150; x_wconf 88' lang='lat' dir='ltr'><strong>proferunt</strong></span> <span class='ocrx_word' id='word_1_83' title='bbox 1603 1078 1703 1152; x_wconf 88' lang='lat' dir='ltr'><strong>(b):</strong></span> 
     </span>
    </p>
   </div>
   <div class='ocr_carea' id='block_1_13' title="bbox 92 1157 1705 1244">
    <p class='ocr_par' dir='ltr' id='par_1_13' title="bbox 92 1157 1705 1244">
     <span class='ocr_line' id='line_1_13' title="bbox 92 1157 1705 1244; baseline -0.001 -16"><span class='ocrx_word' id='word_1_84' title='bbox 92 1173 263 1228; x_wconf 86' lang='lat' dir='ltr'><strong>Homo</strong></span> <span class='ocrx_word' id='word_1_85' title='bbox 311 1181 362 1227; x_wconf 88' lang='lat' dir='ltr'><strong>et</strong></span> <span class='ocrx_word' id='word_1_86' title='bbox 405 1173 628 1244; x_wconf 75' lang='lat' dir='ltr'><strong>angelus</strong></span> <span class='ocrx_word' id='word_1_87' title='bbox 675 1173 802 1243; x_wconf 81' lang='lat' dir='ltr'><strong>facti</strong></span> <span class='ocrx_word' id='word_1_88' title='bbox 840 1169 962 1228; x_wconf 79' lang='lat' dir='ltr'><strong>sunt</strong></span> <span class='ocrx_word' id='word_1_89' title='bbox 987 1189 1054 1228; x_wconf 82' lang='lat' dir='ltr'><strong>ex</strong></span> <span class='ocrx_word' id='word_1_90' title='bbox 1082 1173 1246 1228; x_wconf 86' lang='lat' dir='ltr'><strong>nihilo</strong></span> <span class='ocrx_word' id='word_1_91' title='bbox 1276 1188 1295 1227; x_wconf 81' lang='lat'><strong>.&#39;</strong></span> <span class='ocrx_word' id='word_1_92' title='bbox 1328 1171 1502 1227; x_wconf 84' lang='lat' dir='ltr'><strong>Filius</strong></span> <span class='ocrx_word' id='word_1_93' title='bbox 1531 1157 1705 1227; x_wconf 84' lang='lat' dir='ltr'><strong>autem</strong></span> 
     </span>
    </p>
   </div>
   <div class='ocr_carea' id='block_1_14' title="bbox 88 1265 1704 1336">
    <p class='ocr_par' dir='ltr' id='par_1_14' title="bbox 88 1265 1704 1336">
     <span class='ocr_line' id='line_1_14' title="bbox 88 1265 1704 1336; baseline 0.001 -16"><span class='ocrx_word' id='word_1_94' title='bbox 88 1282 205 1320; x_wconf 88' lang='lat' dir='ltr'><strong>cum</strong></span> <span class='ocrx_word' id='word_1_95' title='bbox 231 1267 297 1318; x_wconf 90' lang='lat' dir='ltr'><strong>sit</strong></span> <span class='ocrx_word' id='word_1_96' title='bbox 325 1280 513 1331; x_wconf 77' lang='lat' dir='ltr'><strong>verus,</strong></span> <span class='ocrx_word' id='word_1_97' title='bbox 540 1274 741 1336; x_wconf 80' lang='lat' dir='ltr'><strong>Oportet</strong></span> <span class='ocrx_word' id='word_1_98' title='bbox 770 1265 836 1320; x_wconf 86' lang='lat' dir='ltr'><strong>de</strong></span> <span class='ocrx_word' id='word_1_99' title='bbox 882 1265 1064 1319; x_wconf 80' lang='lat' dir='ltr'><strong>divina</strong></span> <span class='ocrx_word' id='word_1_100' title='bbox 1090 1266 1186 1322; x_wconf 92' lang='lat' dir='ltr'><strong>illa</strong></span> <span class='ocrx_word' id='word_1_101' title='bbox 1214 1266 1503 1321; x_wconf 71' lang='lat' dir='ltr'><strong>substantia</strong></span> <span class='ocrx_word' id='word_1_102' title='bbox 1533 1265 1704 1321; x_wconf 85' lang='lat' dir='ltr'><strong>Patris</strong></span> 
     </span>
    </p>
   </div>
   <div class='ocr_carea' id='block_1_15' title="bbox 93 1357 1700 1428">
    <p class='ocr_par' dir='ltr' id='par_1_15' title="bbox 93 1357 1700 1428">
     <span class='ocr_line' id='line_1_15' title="bbox 93 1357 1700 1428; baseline -0.001 -17"><span class='ocrx_word' id='word_1_103' title='bbox 93 1357 286 1428; x_wconf 87' lang='lat' dir='ltr'><strong>genitus</strong></span> <span class='ocrx_word' id='word_1_104' title='bbox 309 1366 691 1427; x_wconf 80' lang='lat' dir='ltr'><strong>cognoscatur;</strong></span> <span class='ocrx_word' id='word_1_105' title='bbox 720 1372 845 1412; x_wconf 90' lang='lat' dir='ltr'><strong>cum</strong></span> <span class='ocrx_word' id='word_1_106' title='bbox 891 1357 1120 1427; x_wconf 87' lang='lat' dir='ltr'><strong>reliquis</strong></span> <span class='ocrx_word' id='word_1_107' title='bbox 1169 1373 1288 1426; x_wconf 67' lang='lat' dir='ltr'><strong>quae</strong></span> <span class='ocrx_word' id='word_1_108' title='bbox 1317 1357 1458 1428; x_wconf 88' lang='lat' dir='ltr'><strong>apud</strong></span> <span class='ocrx_word' id='word_1_109' title='bbox 1485 1357 1700 1412; x_wconf 89' lang='lat' dir='ltr'><strong>Philas-</strong></span> 
     </span>
    </p>
   </div>
   <div class='ocr_carea' id='block_1_16' title="bbox 96 1444 1702 1521">
    <p class='ocr_par' dir='ltr' id='par_1_16' title="bbox 96 1444 1702 1521">
     <span class='ocr_line' id='line_1_16' title="bbox 96 1444 1702 1521; baseline 0.002 -19"><span class='ocrx_word' id='word_1_110' title='bbox 96 1449 256 1503; x_wconf 89' lang='lat' dir='ltr'><strong>lrium</strong></span> <span class='ocrx_word' id='word_1_111' title='bbox 305 1444 584 1504; x_wconf 78' lang='lat' dir='ltr'><strong>habentur</strong></span> <span class='ocrx_word' id='word_1_112' title='bbox 610 1464 731 1521; x_wconf 85' lang='lat' dir='ltr'><strong>cap.</strong></span> <span class='ocrx_word' id='word_1_113' title='bbox 765 1448 856 1516; x_wconf 88' lang='lat'><strong>66,</strong></span> <span class='ocrx_word' id='word_1_114' title='bbox 887 1458 1078 1520; x_wconf 89' lang='lat' dir='ltr'><strong>postea</strong></span> <span class='ocrx_word' id='word_1_115' title='bbox 1124 1449 1193 1505; x_wconf 91' lang='lat' dir='ltr'><strong>de</strong></span> <span class='ocrx_word' id='word_1_116' title='bbox 1231 1450 1586 1507; x_wconf 89' lang='lat' dir='ltr'><strong>Semiarianis</strong></span> <span class='ocrx_word' id='word_1_117' title='bbox 1617 1449 1702 1505; x_wconf 89' lang='lat' dir='ltr'><strong>lo-</strong></span> 
     </span>
    </p>
   </div>
   <div class='ocr_carea' id='block_1_17' title="bbox 93 1538 1700 1612">
    <p class='ocr_par' dir='ltr' id='par_1_17' title="bbox 93 1538 1700 1612">
     <span class='ocr_line' id='line_1_17' title="bbox 93 1538 1700 1612; baseline 0.003 -20"><span class='ocrx_word' id='word_1_118' title='bbox 93 1549 320 1610; x_wconf 84' lang='lat' dir='ltr'><strong>quentes</strong></span> <span class='ocrx_word' id='word_1_119' title='bbox 357 1538 470 1612; x_wconf 88' lang='lat' dir='ltr'><strong>(c).</strong></span> <span class='ocrx_word' id='word_1_120' title='bbox 516 1541 676 1594; x_wconf 87' lang='lat' dir='ltr'><strong>unius</strong></span> <span class='ocrx_word' id='word_1_121' title='bbox 719 1550 917 1594; x_wconf 88' lang='lat' dir='ltr'><strong>tantum</strong></span> <span class='ocrx_word' id='word_1_122' title='bbox 963 1539 1240 1596; x_wconf 90' lang='lat' dir='ltr'><strong>Philastrii</strong></span> <span class='ocrx_word' id='word_1_123' title='bbox 1280 1542 1470 1607; x_wconf 85' lang='lat' dir='ltr'><strong>verba,</strong></span> <span class='ocrx_word' id='word_1_124' title='bbox 1511 1553 1700 1597; x_wconf 88' lang='lat' dir='ltr'><strong>contra</strong></span> 
     </span>
    </p>
   </div>
   <div class='ocr_carea' id='block_1_18' title="bbox 92 1631 1701 1705">
    <p class='ocr_par' dir='ltr' id='par_1_18' title="bbox 92 1631 1701 1705">
     <span class='ocr_line' id='line_1_18' title="bbox 92 1631 1701 1705; baseline 0 -20"><span class='ocrx_word' id='word_1_125' title='bbox 92 1631 332 1701; x_wconf 89' lang='lat' dir='ltr'><strong>ipsorum</strong></span> <span class='ocrx_word' id='word_1_126' title='bbox 368 1631 721 1705; x_wconf 83' lang='lat' dir='ltr'><strong>hypothesim</strong></span> <span class='ocrx_word' id='word_1_127' title='bbox 753 1633 821 1687; x_wconf 87' lang='lat' dir='ltr'><strong>de</strong></span> <span class='ocrx_word' id='word_1_128' title='bbox 843 1632 1049 1704; x_wconf 87' lang='lat' dir='ltr'><strong>Spiritu</strong></span> <span class='ocrx_word' id='word_1_129' title='bbox 1082 1641 1272 1688; x_wconf 89' lang='lat' dir='ltr'><strong>sancto</strong></span> <span class='ocrx_word' id='word_1_130' title='bbox 1305 1632 1568 1704; x_wconf 86' lang='lat' dir='ltr'><strong>adjiciunt</strong></span> <span class='ocrx_word' id='word_1_131' title='bbox 1593 1632 1701 1703; x_wconf 78' lang='grc' dir='ltr'><strong>(ά),</strong></span> 
     </span>
    </p>
   </div>
   <div class='ocr_carea' id='block_1_19' title="bbox 1809 437 3402 510">
    <p class='ocr_par' dir='ltr' id='par_1_19' title="bbox 1809 437 3402 510">
     <span class='ocr_line' id='line_1_19' title="bbox 1809 437 3402 510; baseline -0.001 -18"><span class='ocrx_word' id='word_1_132' title='bbox 1809 439 2012 509; x_wconf 83' lang='lat' dir='ltr'><strong>generis</strong></span> <span class='ocrx_word' id='word_1_133' title='bbox 2040 439 2307 504; x_wconf 70' lang='lat' dir='ltr'><strong>vanitates,</strong></span> <span class='ocrx_word' id='word_1_134' title='bbox 2341 438 2748 510; x_wconf 83' lang='lat' dir='ltr'><strong>superstitiones,</strong></span> <span class='ocrx_word' id='word_1_135' title='bbox 2780 447 2829 493; x_wconf 89' lang='lat' dir='ltr'><strong>et</strong></span> <span class='ocrx_word' id='word_1_136' title='bbox 2859 453 3056 493; x_wconf 88' lang='lat' dir='ltr'><strong>errores</strong></span> <span class='ocrx_word' id='word_1_137' title='bbox 3080 437 3363 494; x_wconf 84' lang='lat' dir='ltr'><strong>Gentilium</strong></span> <span class='ocrx_word' id='word_1_138' title='bbox 3386 478 3402 504; x_wconf 90' lang='lat'><strong>,</strong></span> 
     </span>
    </p>
   </div>
   <div class='ocr_carea' id='block_1_20' title="bbox 1807 529 3404 602">
    <p class='ocr_par' dir='ltr' id='par_1_20' title="bbox 1807 529 3404 602">
     <span class='ocr_line' id='line_1_20' title="bbox 1807 529 3404 602; baseline 0 -18"><span class='ocrx_word' id='word_1_139' title='bbox 1807 529 2132 596; x_wconf 70' lang='lat' dir='ltr'><strong>Judworum,</strong></span> <span class='ocrx_word' id='word_1_140' title='bbox 2163 540 2214 584; x_wconf 88' lang='lat' dir='ltr'><strong>et</strong></span> <span class='ocrx_word' id='word_1_141' title='bbox 2243 529 2677 584; x_wconf 88' lang='lat' dir='ltr'><strong>Christianorum.</strong></span> <span class='ocrx_word' id='word_1_142' title='bbox 2736 529 2878 583; x_wconf 89' lang='lat' dir='ltr'><strong>Nam</strong></span> <span class='ocrx_word' id='word_1_143' title='bbox 2919 537 3123 584; x_wconf 85' lang='lat' dir='ltr'><strong>centum</strong></span> <span class='ocrx_word' id='word_1_144' title='bbox 3150 531 3404 602; x_wconf 85' lang='lat' dir='ltr'><strong>quinqua-</strong></span> 
     </span>
    </p>
   </div>
   <div class='ocr_carea' id='block_1_21' title="bbox 1808 620 3406 693">
    <p class='ocr_par' dir='ltr' id='par_1_21' title="bbox 1808 620 3406 693">
     <span class='ocr_line' id='line_1_21' title="bbox 1808 620 3406 693; baseline 0.001 -19"><span class='ocrx_word' id='word_1_145' title='bbox 1808 621 1950 693; x_wconf 88' lang='lat' dir='ltr'><strong>ginta</strong></span> <span class='ocrx_word' id='word_1_146' title='bbox 1980 636 2071 675; x_wconf 87' lang='lat' dir='ltr'><strong>sex</strong></span> <span class='ocrx_word' id='word_1_147' title='bbox 2096 621 2312 676; x_wconf 64' lang='lat' dir='ltr'><strong>hereses</strong></span> <span class='ocrx_word' id='word_1_148' title='bbox 2333 637 2663 683; x_wconf 85' lang='lat' dir='ltr'><strong>enumerans,</strong></span> <span class='ocrx_word' id='word_1_149' title='bbox 2691 631 2795 674; x_wconf 89' lang='lat' dir='ltr'><strong>tam</strong></span> <span class='ocrx_word' id='word_1_150' title='bbox 2825 637 2910 676; x_wconf 89' lang='lat' dir='ltr'><strong>eas</strong></span> <span class='ocrx_word' id='word_1_151' title='bbox 2935 637 3050 692; x_wconf 65' lang='lat' dir='ltr'><strong>qua</strong></span> <span class='ocrx_word' id='word_1_152' title='bbox 3069 631 3188 675; x_wconf 86' lang='lat' dir='ltr'><strong>ante</strong></span> <span class='ocrx_word' id='word_1_153' title='bbox 3212 620 3406 676; x_wconf 87' lang='lat' dir='ltr'><strong>Christi</strong></span> 
     </span>
    </p>
   </div>
   <div class='ocr_carea' id='block_1_22' title="bbox 1809 710 3410 786">
    <p class='ocr_par' dir='ltr' id='par_1_22' title="bbox 1809 710 3410 786">
     <span class='ocr_line' id='line_1_22' title="bbox 1809 710 3410 786; baseline -0.001 -17"><span class='ocrx_word' id='word_1_154' title='bbox 1809 715 2106 782; x_wconf 77' lang='lat' dir='ltr'><strong>adventum,</strong></span> <span class='ocrx_word' id='word_1_155' title='bbox 2137 731 2291 784; x_wconf 86' lang='lat' dir='ltr'><strong>quam</strong></span> <span class='ocrx_word' id='word_1_156' title='bbox 2318 730 2434 785; x_wconf 75' lang='lat' dir='ltr'><strong>qua:</strong></span> <span class='ocrx_word' id='word_1_157' title='bbox 2462 724 2600 786; x_wconf 90' lang='lat' dir='ltr'><strong>post,</strong></span> <span class='ocrx_word' id='word_1_158' title='bbox 2631 724 2679 768; x_wconf 93' lang='lat' dir='ltr'><strong>et</strong></span> <span class='ocrx_word' id='word_1_159' title='bbox 2721 713 2776 768; x_wconf 87' lang='lat' dir='ltr'><strong>in</strong></span> <span class='ocrx_word' id='word_1_160' title='bbox 2799 714 2994 784; x_wconf 84' lang='lat' dir='ltr'><strong>populo</strong></span> <span class='ocrx_word' id='word_1_161' title='bbox 3022 710 3120 766; x_wconf 85' lang='lat' dir='ltr'><strong>Dei</strong></span> <span class='ocrx_word' id='word_1_162' title='bbox 3140 755 3156 779; x_wconf 93' lang='lat'><strong>,</strong></span> <span class='ocrx_word' id='word_1_163' title='bbox 3203 722 3250 767; x_wconf 90' lang='lat' dir='ltr'><strong>et</strong></span> <span class='ocrx_word' id='word_1_164' title='bbox 3276 715 3410 768; x_wconf 87' lang='lat' dir='ltr'><strong>inter</strong></span> 
     </span>
    </p>
   </div>
   <div class='ocr_carea' id='block_1_23' title="bbox 1810 805 3406 878">
    <p class='ocr_par' dir='ltr' id='par_1_23' title="bbox 1810 805 3406 878">
     <span class='ocr_line' id='line_1_23' title="bbox 1810 805 3406 878; baseline 0 -19"><span class='ocrx_word' id='word_1_165' title='bbox 1810 805 1996 861; x_wconf 81' lang='lat' dir='ltr'><strong>Gentes</strong></span> <span class='ocrx_word' id='word_1_166' title='bbox 2022 809 2280 873; x_wconf 75' lang='lat' dir='ltr'><strong>exstitere,</strong></span> <span class='ocrx_word' id='word_1_167' title='bbox 2333 807 2604 878; x_wconf 86' lang='lat' dir='ltr'><strong>plerasque</strong></span> <span class='ocrx_word' id='word_1_168' title='bbox 2653 805 2954 860; x_wconf 82' lang='lat' dir='ltr'><strong>earumdem</strong></span> <span class='ocrx_word' id='word_1_169' title='bbox 3001 806 3196 874; x_wconf 71' lang='lat' dir='ltr'><strong>refutat</strong></span> <span class='ocrx_word' id='word_1_170' title='bbox 3225 819 3243 858; x_wconf 90' lang='lat'><strong><em>:</em></strong></span> <span class='ocrx_word' id='word_1_171' title='bbox 3268 821 3406 875; x_wconf 61' lang='lat' dir='ltr'><strong>prae.</strong></span> 
     </span>
    </p>
   </div>
   <div class='ocr_carea' id='block_1_24' title="bbox 1807 897 3405 970">
    <p class='ocr_par' dir='ltr' id='par_1_24' title="bbox 1807 897 3405 970">
     <span class='ocr_line' id='line_1_24' title="bbox 1807 897 3405 970; baseline -0.002 -17"><span class='ocrx_word' id='word_1_172' title='bbox 1807 899 1980 953; x_wconf 87' lang='lat' dir='ltr'><strong>sertim</strong></span> <span class='ocrx_word' id='word_1_173' title='bbox 2002 915 2088 952; x_wconf 83' lang='lat' dir='ltr'><strong>eas</strong></span> <span class='ocrx_word' id='word_1_174' title='bbox 2113 913 2230 970; x_wconf 74' lang='lat' dir='ltr'><strong>quae</strong></span> <span class='ocrx_word' id='word_1_175' title='bbox 2259 907 2373 969; x_wconf 88' lang='lat' dir='ltr'><strong>post</strong></span> <span class='ocrx_word' id='word_1_176' title='bbox 2417 898 2682 954; x_wconf 87' lang='lat' dir='ltr'><strong>Christum</strong></span> <span class='ocrx_word' id='word_1_177' title='bbox 2718 897 3068 969; x_wconf 79' lang='lat' dir='ltr'><strong>gloriﬁcatum</strong></span> <span class='ocrx_word' id='word_1_178' title='bbox 3115 897 3168 950; x_wconf 90' lang='lat' dir='ltr'><strong>in</strong></span> <span class='ocrx_word' id='word_1_179' title='bbox 3212 898 3405 967; x_wconf 84' lang='lat' dir='ltr'><strong>populo</strong></span> 
     </span>
    </p>
   </div>
   <div class='ocr_carea' id='block_1_25' title="bbox 1807 987 3409 1059">
    <p class='ocr_par' dir='ltr' id='par_1_25' title="bbox 1807 987 3409 1059">
     <span class='ocr_line' id='line_1_25' title="bbox 1807 987 3409 1059; baseline -0.001 -16"><span class='ocrx_word' id='word_1_180' title='bbox 1807 987 2101 1044; x_wconf 84' lang='lat' dir='ltr'><strong>Christiano</strong></span> <span class='ocrx_word' id='word_1_181' title='bbox 2118 997 2310 1044; x_wconf 76' lang='lat' dir='ltr'><strong>exorta:</strong></span> <span class='ocrx_word' id='word_1_182' title='bbox 2327 998 2484 1056; x_wconf 88' lang='lat' dir='ltr'><strong>sunt;</strong></span> <span class='ocrx_word' id='word_1_183' title='bbox 2513 989 2731 1044; x_wconf 83' lang='lat' dir='ltr'><strong>breviter</strong></span> <span class='ocrx_word' id='word_1_184' title='bbox 2747 989 2974 1059; x_wconf 85' lang='lat' dir='ltr'><strong>quidem,</strong></span> <span class='ocrx_word' id='word_1_185' title='bbox 3007 989 3096 1043; x_wconf 88' lang='lat' dir='ltr'><strong>sed</strong></span> <span class='ocrx_word' id='word_1_186' title='bbox 3126 997 3296 1042; x_wconf 91' lang='lat' dir='ltr'><strong>tamen</strong></span> <span class='ocrx_word' id='word_1_187' title='bbox 3325 988 3409 1042; x_wconf 85' lang='lat' dir='ltr'><strong>di-</strong></span> 
     </span>
    </p>
   </div>
   <div class='ocr_carea' id='block_1_26' title="bbox 1807 1079 2510 1152">
    <p class='ocr_par' dir='ltr' id='par_1_26' title="bbox 1807 1079 2510 1152">
     <span class='ocr_line' id='line_1_26' title="bbox 1807 1079 2510 1152; baseline 0.001 -19"><span class='ocrx_word' id='word_1_188' title='bbox 1807 1079 1976 1134; x_wconf 84' lang='lat' dir='ltr'><strong>lucide</strong></span> <span class='ocrx_word' id='word_1_189' title='bbox 1998 1090 2045 1136; x_wconf 92' lang='lat' dir='ltr'><strong>et</strong></span> <span class='ocrx_word' id='word_1_190' title='bbox 2073 1081 2340 1152; x_wconf 86' lang='lat' dir='ltr'><strong>perspicue</strong></span> <span class='ocrx_word' id='word_1_191' title='bbox 2363 1081 2510 1134; x_wconf 88' lang='lat' dir='ltr'><strong>satis.</strong></span> 
     </span>
    </p>
   </div>
   <div class='ocr_carea' id='block_1_27' title="bbox 1880 1169 3403 1242">
    <p class='ocr_par' dir='ltr' id='par_1_27' title="bbox 1880 1169 3403 1242">
     <span class='ocr_line' id='line_1_27' title="bbox 1880 1169 3403 1242; baseline -0.003 -15"><span class='ocrx_word' id='word_1_192' title='bbox 1880 1172 1965 1227; x_wconf 91' lang='grc'><strong>19.</strong></span> <span class='ocrx_word' id='word_1_193' title='bbox 2003 1172 2128 1227; x_wconf 82' lang='lat' dir='ltr'><strong>Haec</strong></span> <span class='ocrx_word' id='word_1_194' title='bbox 2175 1171 2718 1242; x_wconf 77' lang='lat' dir='ltr'><strong>Magdeburgensium</strong></span> <span class='ocrx_word' id='word_1_195' title='bbox 2767 1169 2944 1241; x_wconf 80' lang='lat' dir='ltr'><strong>elogia</strong></span> <span class='ocrx_word' id='word_1_196' title='bbox 2998 1170 3130 1226; x_wconf 86' lang='lat' dir='ltr'><strong>satis</strong></span> <span class='ocrx_word' id='word_1_197' title='bbox 3183 1169 3403 1224; x_wconf 88' lang='lat' dir='ltr'><strong>diluunt</strong></span> 
     </span>
    </p>
   </div>
   <div class='ocr_carea' id='block_1_28' title="bbox 1806 1262 3408 1336">
    <p class='ocr_par' dir='ltr' id='par_1_28' title="bbox 1806 1262 3408 1336">
     <span class='ocr_line' id='line_1_28' title="bbox 1806 1262 3408 1336; baseline -0.001 -16"><span class='ocrx_word' id='word_1_198' title='bbox 1806 1275 2196 1336; x_wconf 68' lang='lat' dir='ltr'><strong>praeposterum</strong></span> <span class='ocrx_word' id='word_1_199' title='bbox 2228 1266 2296 1321; x_wconf 87' lang='lat' dir='ltr'><strong>de</strong></span> <span class='ocrx_word' id='word_1_200' title='bbox 2330 1266 2620 1321; x_wconf 77' lang='lat' dir='ltr'><strong>PhilaSIrio</strong></span> <span class='ocrx_word' id='word_1_201' title='bbox 2665 1263 2954 1334; x_wconf 87' lang='lat' dir='ltr'><strong>judicium,</strong></span> <span class='ocrx_word' id='word_1_202' title='bbox 3006 1263 3148 1334; x_wconf 91' lang='lat' dir='ltr'><strong>quod</strong></span> <span class='ocrx_word' id='word_1_203' title='bbox 3201 1262 3408 1334; x_wconf 90' lang='lat' dir='ltr'><strong>profert</strong></span> 
     </span>
    </p>
   </div>
   <div class='ocr_carea' id='block_1_29' title="bbox 1805 1353 3406 1426">
    <p class='ocr_par' dir='ltr' id='par_1_29' title="bbox 1805 1353 3406 1426">
     <span class='ocr_line' id='line_1_29' title="bbox 1805 1353 3406 1426; baseline -0.003 -12"><span class='ocrx_word' id='word_1_204' title='bbox 1805 1357 2045 1414; x_wconf 83' lang='lat' dir='ltr'><strong>Joannes</strong></span> <span class='ocrx_word' id='word_1_205' title='bbox 2071 1358 2306 1414; x_wconf 74' lang='lat' dir='ltr'><strong>Dalheus</strong></span> <span class='ocrx_word' id='word_1_206' title='bbox 2327 1358 2424 1412; x_wconf 89' lang='lat' dir='ltr'><strong>lib.</strong></span> <span class='ocrx_word' id='word_1_207' title='bbox 2452 1373 2491 1412; x_wconf 91' lang='grc' dir='ltr'><strong>ιι</strong></span> <span class='ocrx_word' id='word_1_208' title='bbox 2520 1357 2589 1412; x_wconf 90' lang='lat' dir='ltr'><strong>de</strong></span> <span class='ocrx_word' id='word_1_209' title='bbox 2616 1356 2728 1412; x_wconf 89' lang='lat' dir='ltr'><strong>Usu</strong></span> <span class='ocrx_word' id='word_1_210' title='bbox 2753 1356 2974 1411; x_wconf 84' lang='lat' dir='ltr'><strong>Patrum</strong></span> <span class='ocrx_word' id='word_1_211' title='bbox 2997 1370 3120 1426; x_wconf 89' lang='lat' dir='ltr'><strong>cap.</strong></span> <span class='ocrx_word' id='word_1_212' title='bbox 3152 1355 3178 1408; x_wconf 98' lang='grc'><strong>1</strong></span> <span class='ocrx_word' id='word_1_213' title='bbox 3211 1353 3284 1426; x_wconf 82' lang='lat' dir='ltr'><strong>(k)</strong></span> <span class='ocrx_word' id='word_1_214' title='bbox 3319 1353 3406 1409; x_wconf 90' lang='lat' dir='ltr'><strong>his</strong></span> 
     </span>
    </p>
   </div>
   <div class='ocr_carea' id='block_1_30' title="bbox 1804 1449 3406 1519">
    <p class='ocr_par' dir='ltr' id='par_1_30' title="bbox 1804 1449 3406 1519">
     <span class='ocr_line' id='line_1_30' title="bbox 1804 1449 3406 1519; baseline -0.002 -13"><span class='ocrx_word' id='word_1_215' title='bbox 1804 1450 1988 1506; x_wconf 84' lang='lat' dir='ltr'><strong>verbis</strong></span> <span class='ocrx_word' id='word_1_216' title='bbox 2015 1469 2028 1504; x_wconf 93' lang='lat'><strong>:</strong></span> <span class='ocrx_word' id='word_1_217' title='bbox 2053 1450 2374 1506; x_wconf 88' lang='lat' dir='ltr'><strong>Philastrius</strong></span> <span class='ocrx_word' id='word_1_218' title='bbox 2400 1451 2687 1506; x_wconf 85' lang='lat' dir='ltr'><strong>Brixiensis</strong></span> <span class='ocrx_word' id='word_1_219' title='bbox 2709 1451 3002 1519; x_wconf 86' lang='lat' dir='ltr'><strong>episcopus,</strong></span> <span class='ocrx_word' id='word_1_220' title='bbox 3031 1463 3147 1519; x_wconf 77' lang='lat' dir='ltr'><strong>qua:</strong></span> <span class='ocrx_word' id='word_1_221' title='bbox 3167 1449 3278 1516; x_wconf 83' lang='lat' dir='ltr'><strong>ipse</strong></span> <span class='ocrx_word' id='word_1_222' title='bbox 3303 1465 3406 1503; x_wconf 89' lang='lat' dir='ltr'><strong>non</strong></span> 
     </span>
    </p>
   </div>
   <div class='ocr_carea' id='block_1_31' title="bbox 1806 1539 3404 1613">
    <p class='ocr_par' dir='ltr' id='par_1_31' title="bbox 1806 1539 3404 1613">
     <span class='ocr_line' id='line_1_31' title="bbox 1806 1539 3404 1613; baseline -0.002 -17"><span class='ocrx_word' id='word_1_223' title='bbox 1806 1542 2074 1613; x_wconf 84' lang='lat' dir='ltr'><strong>probabat,</strong></span> <span class='ocrx_word' id='word_1_224' title='bbox 2133 1559 2194 1597; x_wconf 88' lang='lat' dir='ltr'><strong>ea</strong></span> <span class='ocrx_word' id='word_1_225' title='bbox 2221 1545 2274 1597; x_wconf 88' lang='lat' dir='ltr'><strong>in</strong></span> <span class='ocrx_word' id='word_1_226' title='bbox 2321 1542 2583 1597; x_wconf 72' lang='lat' dir='ltr'><strong>hwreseon</strong></span> <span class='ocrx_word' id='word_1_227' title='bbox 2632 1558 2860 1608; x_wconf 88' lang='lat' dir='ltr'><strong>censum,</strong></span> <span class='ocrx_word' id='word_1_228' title='bbox 2910 1541 3068 1596; x_wconf 82' lang='lat' dir='ltr'><strong>veluti</strong></span> <span class='ocrx_word' id='word_1_229' title='bbox 3112 1557 3143 1594; x_wconf 90' lang='lat' dir='ltr'><strong>a</strong></span> <span class='ocrx_word' id='word_1_230' title='bbox 3196 1539 3404 1611; x_wconf 86' lang='lat' dir='ltr'><strong>publica</strong></span> 
     </span>
    </p>
   </div>
   <div class='ocr_carea' id='block_1_32' title="bbox 1805 1632 3404 1702">
    <p class='ocr_par' dir='ltr' id='par_1_32' title="bbox 1805 1632 3404 1702">
     <span class='ocr_line' id='line_1_32' title="bbox 1805 1632 3404 1702; baseline -0.003 -13"><span class='ocrx_word' id='word_1_231' title='bbox 1805 1633 2214 1689; x_wconf 88' lang='lat' dir='ltr'><strong>Christianorum</strong></span> <span class='ocrx_word' id='word_1_232' title='bbox 2243 1634 2472 1688; x_wconf 88' lang='lat' dir='ltr'><strong>omnium</strong></span> <span class='ocrx_word' id='word_1_233' title='bbox 2494 1633 2599 1702; x_wconf 84' lang='lat' dir='ltr'><strong>ﬁde</strong></span> <span class='ocrx_word' id='word_1_234' title='bbox 2621 1633 2815 1697; x_wconf 88' lang='lat' dir='ltr'><strong>aliena,</strong></span> <span class='ocrx_word' id='word_1_235' title='bbox 2844 1632 3020 1686; x_wconf 90' lang='lat' dir='ltr'><strong>retulit</strong></span> <span class='ocrx_word' id='word_1_236' title='bbox 3050 1632 3180 1687; x_wconf 87' lang='lat' dir='ltr'><strong>adeo</strong></span> <span class='ocrx_word' id='word_1_237' title='bbox 3223 1632 3404 1700; x_wconf 83' lang='lat' dir='ltr'><strong>fallaci</strong></span> 
     </span>
    </p>
   </div>
   <div class='ocr_carea' id='block_1_33' title="bbox 95 1719 3402 1798">
    <p class='ocr_par' dir='ltr' id='par_1_33' title="bbox 95 1719 3402 1798">
     <span class='ocr_line' id='line_1_33' title="bbox 95 1719 3402 1798; baseline -0.001 -20"><span class='ocrx_word' id='word_1_238' title='bbox 95 1721 324 1778; x_wconf 85' lang='lat' dir='ltr'><strong>Christus</strong></span> <span class='ocrx_word' id='word_1_239' title='bbox 366 1723 636 1778; x_wconf 88' lang='lat' dir='ltr'><strong>Dominus</strong></span> <span class='ocrx_word' id='word_1_240' title='bbox 681 1723 939 1794; x_wconf 88' lang='lat' dir='ltr'><strong>Spiritum</strong></span> <span class='ocrx_word' id='word_1_241' title='bbox 965 1723 1158 1792; x_wconf 89' lang='lat' dir='ltr'><strong>Patri,</strong></span> <span class='ocrx_word' id='word_1_242' title='bbox 1191 1733 1238 1778; x_wconf 89' lang='lat' dir='ltr'><strong>et</strong></span> <span class='ocrx_word' id='word_1_243' title='bbox 1287 1724 1403 1791; x_wconf 83' lang='lat' dir='ltr'><strong>sibi,</strong></span> <span class='ocrx_word' id='word_1_244' title='bbox 1460 1726 1513 1778; x_wconf 91' lang='lat' dir='ltr'><strong>in</strong></span> <span class='ocrx_word' id='word_1_245' title='bbox 1567 1723 1700 1778; x_wconf 83' lang='lat' dir='ltr'><strong>Fide</strong></span> <span class='ocrx_word' id='word_1_246' title='bbox 1729 1729 1776 1790; x_wconf 78' lang='grc' dir='ltr'><strong>Β</strong></span> <span class='ocrx_word' id='word_1_247' title='bbox 1801 1735 1850 1780; x_wconf 90' lang='lat' dir='ltr'><strong>et</strong></span> <span class='ocrx_word' id='word_1_248' title='bbox 1881 1726 2018 1797; x_wconf 78' lang='lat' dir='ltr'><strong>futili</strong></span> <span class='ocrx_word' id='word_1_249' title='bbox 2041 1726 2297 1780; x_wconf 88' lang='lat' dir='ltr'><strong>interdum</strong></span> <span class='ocrx_word' id='word_1_250' title='bbox 2315 1725 2545 1798; x_wconf 89' lang='lat' dir='ltr'><strong>judicio,</strong></span> <span class='ocrx_word' id='word_1_251' title='bbox 2575 1733 2632 1778; x_wconf 88' lang='lat' dir='ltr'><strong>ut</strong></span> <span class='ocrx_word' id='word_1_252' title='bbox 2672 1739 2787 1794; x_wconf 72' lang='lat' dir='ltr'><strong>qua:</strong></span> <span class='ocrx_word' id='word_1_253' title='bbox 2825 1724 2914 1778; x_wconf 89' lang='lat' dir='ltr'><strong>ille</strong></span> <span class='ocrx_word' id='word_1_254' title='bbox 2934 1723 3184 1795; x_wconf 86' lang='lat' dir='ltr'><strong>jugulat,</strong></span> <span class='ocrx_word' id='word_1_255' title='bbox 3218 1719 3402 1776; x_wconf 87' lang='lat' dir='ltr'><strong>Eccle-</strong></span> 
     </span>
    </p>
   </div>
   <div class='ocr_carea' id='block_1_34' title="bbox 95 1813 1702 1888">
    <p class='ocr_par' dir='ltr' id='par_1_34' title="bbox 95 1813 1702 1888">
     <span class='ocr_line' id='line_1_34' title="bbox 95 1813 1702 1888; baseline 0.002 -22"><span class='ocrx_word' id='word_1_256' title='bbox 95 1813 347 1885; x_wconf 85' lang='lat' dir='ltr'><strong>Baptismi</strong></span> <span class='ocrx_word' id='word_1_257' title='bbox 366 1816 558 1870; x_wconf 88' lang='lat' dir='ltr'><strong>salutis</strong></span> <span class='ocrx_word' id='word_1_258' title='bbox 588 1825 795 1870; x_wconf 66' lang='lat' dir='ltr'><strong>(eterna:</strong></span> <span class='ocrx_word' id='word_1_259' title='bbox 839 1817 1143 1888; x_wconf 76' lang='lat' dir='ltr'><strong>conjunxit;</strong></span> <span class='ocrx_word' id='word_1_260' title='bbox 1183 1816 1327 1887; x_wconf 90' lang='lat' dir='ltr'><strong>quod</strong></span> <span class='ocrx_word' id='word_1_261' title='bbox 1354 1816 1573 1886; x_wconf 88' lang='lat' dir='ltr'><strong>quidem</strong></span> <span class='ocrx_word' id='word_1_262' title='bbox 1606 1830 1702 1884; x_wconf 91' lang='lat' dir='ltr'><strong>per</strong></span> 
     </span>
    </p>
   </div>
   <div class='ocr_carea' id='block_1_35' title="bbox 94 1906 1702 1980">
    <p class='ocr_par' dir='ltr' id='par_1_35' title="bbox 94 1906 1702 1980">
     <span class='ocr_line' id='line_1_35' title="bbox 94 1906 1702 1980; baseline 0.001 -19"><span class='ocrx_word' id='word_1_263' title='bbox 94 1921 150 1961; x_wconf 89' lang='lat' dir='ltr'><strong>se</strong></span> <span class='ocrx_word' id='word_1_264' title='bbox 174 1907 306 1962; x_wconf 85' lang='lat' dir='ltr'><strong>satis</strong></span> <span class='ocrx_word' id='word_1_265' title='bbox 331 1915 442 1973; x_wconf 88' lang='lat' dir='ltr'><strong>est,</strong></span> <span class='ocrx_word' id='word_1_266' title='bbox 479 1915 542 1962; x_wconf 90' lang='lat' dir='ltr'><strong>ut</strong></span> <span class='ocrx_word' id='word_1_267' title='bbox 583 1906 871 1963; x_wconf 87' lang='lat' dir='ltr'><strong>manifeste</strong></span> <span class='ocrx_word' id='word_1_268' title='bbox 917 1917 1120 1979; x_wconf 87' lang='lat' dir='ltr'><strong>pateat,</strong></span> <span class='ocrx_word' id='word_1_269' title='bbox 1153 1911 1341 1980; x_wconf 87' lang='lat' dir='ltr'><strong>quanti</strong></span> <span class='ocrx_word' id='word_1_270' title='bbox 1375 1908 1515 1980; x_wconf 88' lang='lat' dir='ltr'><strong>apud</strong></span> <span class='ocrx_word' id='word_1_271' title='bbox 1552 1909 1702 1978; x_wconf 89' lang='lat' dir='ltr'><strong>ipsos</strong></span> 
     </span>
    </p>
   </div>
   <div class='ocr_carea' id='block_1_36' title="bbox 95 1999 1699 2073">
    <p class='ocr_par' dir='ltr' id='par_1_36' title="bbox 95 1999 1699 2073">
     <span class='ocr_line' id='line_1_36' title="bbox 95 1999 1699 2073; baseline 0.004 -21"><span class='ocrx_word' id='word_1_272' title='bbox 95 1999 248 2055; x_wconf 88' lang='lat' dir='ltr'><strong>fuerit</strong></span> <span class='ocrx_word' id='word_1_273' title='bbox 273 2000 610 2056; x_wconf 88' lang='lat' dir='ltr'><strong>Philastrius</strong></span> <span class='ocrx_word' id='word_1_274' title='bbox 631 2041 646 2066; x_wconf 95' lang='lat'><strong>,</strong></span> <span class='ocrx_word' id='word_1_275' title='bbox 673 2001 900 2072; x_wconf 86' lang='lat' dir='ltr'><strong>ejusque</strong></span> <span class='ocrx_word' id='word_1_276' title='bbox 930 2003 1248 2058; x_wconf 88' lang='lat' dir='ltr'><strong>auctoritas.</strong></span> <span class='ocrx_word' id='word_1_277' title='bbox 1304 2003 1449 2057; x_wconf 76' lang='lat' dir='ltr'><strong>Alibi</strong></span> <span class='ocrx_word' id='word_1_278' title='bbox 1481 2016 1699 2073; x_wconf 90' lang='lat' dir='ltr'><strong>quoque</strong></span> 
     </span>
    </p>
   </div>
   <div class='ocr_carea' id='block_1_37' title="bbox 97 2090 1698 2166">
    <p class='ocr_par' dir='ltr' id='par_1_37' title="bbox 97 2090 1698 2166">
     <span class='ocr_line' id='line_1_37' title="bbox 97 2090 1698 2166; baseline 0.003 -21"><span class='ocrx_word' id='word_1_279' title='bbox 97 2090 444 2148; x_wconf 81' lang='lat' dir='ltr'><strong>Philastrium</strong></span> <span class='ocrx_word' id='word_1_280' title='bbox 477 2091 726 2158; x_wconf 85' lang='lat' dir='ltr'><strong>laudant,</strong></span> <span class='ocrx_word' id='word_1_281' title='bbox 777 2107 840 2148; x_wconf 90' lang='lat' dir='ltr'><strong>ac</strong></span> <span class='ocrx_word' id='word_1_282' title='bbox 869 2094 1166 2164; x_wconf 88' lang='lat' dir='ltr'><strong>peculiaria</strong></span> <span class='ocrx_word' id='word_1_283' title='bbox 1218 2095 1335 2166; x_wconf 85' lang='lat' dir='ltr'><strong>ejus</strong></span> <span class='ocrx_word' id='word_1_284' title='bbox 1366 2095 1481 2150; x_wconf 88' lang='lat' dir='ltr'><strong>loca</strong></span> <span class='ocrx_word' id='word_1_285' title='bbox 1510 2095 1698 2150; x_wconf 86' lang='lat' dir='ltr'><strong>obser-</strong></span> 
     </span>
    </p>
   </div>
   <div class='ocr_carea' id='block_1_38' title="bbox 97 2185 1698 2256">
    <p class='ocr_par' dir='ltr' id='par_1_38' title="bbox 97 2185 1698 2256">
     <span class='ocr_line' id='line_1_38' title="bbox 97 2185 1698 2256; baseline 0.002 -19"><span class='ocrx_word' id='word_1_286' title='bbox 97 2195 238 2246; x_wconf 71' lang='lat' dir='ltr'><strong>vant,</strong></span> <span class='ocrx_word' id='word_1_287' title='bbox 270 2185 608 2256; x_wconf 89' lang='lat' dir='ltr'><strong>ubicumque</strong></span> <span class='ocrx_word' id='word_1_288' title='bbox 659 2200 750 2242; x_wconf 89' lang='lat' dir='ltr'><strong>res</strong></span> <span class='ocrx_word' id='word_1_289' title='bbox 779 2187 916 2241; x_wconf 87' lang='lat' dir='ltr'><strong>ferat</strong></span> <span class='ocrx_word' id='word_1_290' title='bbox 949 2185 1223 2242; x_wconf 88' lang='lat' dir='ltr'><strong>Philastrii</strong></span> <span class='ocrx_word' id='word_1_291' title='bbox 1253 2187 1400 2243; x_wconf 91' lang='lat' dir='ltr'><strong>dicto</strong></span> <span class='ocrx_word' id='word_1_292' title='bbox 1428 2197 1482 2242; x_wconf 90' lang='lat' dir='ltr'><strong>et</strong></span> <span class='ocrx_word' id='word_1_293' title='bbox 1509 2195 1698 2243; x_wconf 81' lang='lat' dir='ltr'><strong>auctu-</strong></span> 
     </span>
    </p>
   </div>
   <div class='ocr_carea' id='block_1_39' title="bbox 99 2275 1699 2350">
    <p class='ocr_par' dir='ltr' id='par_1_39' title="bbox 99 2275 1699 2350">
     <span class='ocr_line' id='line_1_39' title="bbox 99 2275 1699 2350; baseline 0.003 -21"><span class='ocrx_word' id='word_1_294' title='bbox 99 2275 251 2331; x_wconf 86' lang='lat' dir='ltr'><strong>ritate</strong></span> <span class='ocrx_word' id='word_1_295' title='bbox 299 2277 414 2342; x_wconf 90' lang='lat' dir='ltr'><strong>usi;</strong></span> <span class='ocrx_word' id='word_1_296' title='bbox 448 2287 516 2331; x_wconf 91' lang='lat' dir='ltr'><strong>ut</strong></span> <span class='ocrx_word' id='word_1_297' title='bbox 545 2277 700 2332; x_wconf 82' lang='lat' dir='ltr'><strong>Ceut.</strong></span> <span class='ocrx_word' id='word_1_298' title='bbox 759 2293 798 2343; x_wconf 90' lang='grc' dir='ltr'><strong>ι,</strong></span> <span class='ocrx_word' id='word_1_299' title='bbox 849 2291 971 2348; x_wconf 85' lang='lat' dir='ltr'><strong>cap.</strong></span> <span class='ocrx_word' id='word_1_300' title='bbox 1013 2279 1046 2333; x_wconf 84' lang='lat'><strong>5</strong></span> <span class='ocrx_word' id='word_1_301' title='bbox 1077 2277 1190 2350; x_wconf 76' lang='grc' dir='ltr'><strong>(ε),</strong></span> <span class='ocrx_word' id='word_1_302' title='bbox 1245 2294 1354 2350; x_wconf 92' lang='lat' dir='ltr'><strong>quo</strong></span> <span class='ocrx_word' id='word_1_303' title='bbox 1386 2280 1592 2334; x_wconf 90' lang='lat' dir='ltr'><strong>inloco</strong></span> <span class='ocrx_word' id='word_1_304' title='bbox 1632 2294 1699 2334; x_wconf 85' lang='lat' dir='ltr'><strong>ex</strong></span> 
     </span>
    </p>
   </div>
   <div class='ocr_carea' id='block_1_40' title="bbox 100 2366 1702 2443">
    <p class='ocr_par' dir='ltr' id='par_1_40' title="bbox 100 2366 1702 2443">
     <span class='ocr_line' id='line_1_40' title="bbox 100 2366 1702 2443; baseline 0.003 -22"><span class='ocrx_word' id='word_1_305' title='bbox 100 2366 384 2424; x_wconf 88' lang='lat' dir='ltr'><strong>Philastrio</strong></span> <span class='ocrx_word' id='word_1_306' title='bbox 404 2369 1088 2443; x_wconf 48' lang='lat' dir='ltr'><strong>aiunt,‘.Simonemfcoram</strong></span> <span class='ocrx_word' id='word_1_307' title='bbox 1106 2371 1320 2428; x_wconf 87' lang='lat' dir='ltr'><strong>Nerone</strong></span> <span class='ocrx_word' id='word_1_308' title='bbox 1340 2388 1369 2427; x_wconf 88' lang='lat' dir='ltr'><strong>a</strong></span> <span class='ocrx_word' id='word_1_309' title='bbox 1393 2372 1555 2428; x_wconf 86' lang='lat' dir='ltr'><strong>Petro</strong></span> <span class='ocrx_word' id='word_1_310' title='bbox 1576 2372 1702 2426; x_wconf 87' lang='lat' dir='ltr'><strong>doc-</strong></span> 
     </span>
    </p>
   </div>
   <div class='ocr_carea' id='block_1_41' title="bbox 105 2460 1700 2537">
    <p class='ocr_par' dir='ltr' id='par_1_41' title="bbox 105 2460 1700 2537">
     <span class='ocr_line' id='line_1_41' title="bbox 105 2460 1700 2537; baseline 0.005 -25"><span class='ocrx_word' id='word_1_311' title='bbox 105 2460 252 2521; x_wconf 85' lang='lat' dir='ltr'><strong>trina,</strong></span> <span class='ocrx_word' id='word_1_312' title='bbox 285 2470 332 2515; x_wconf 91' lang='lat' dir='ltr'><strong>et</strong></span> <span class='ocrx_word' id='word_1_313' title='bbox 363 2461 642 2516; x_wconf 85' lang='lat' dir='ltr'><strong>miraculis</strong></span> <span class='ocrx_word' id='word_1_314' title='bbox 681 2471 994 2533; x_wconf 83' lang='lat' dir='ltr'><strong>superatum</strong></span> <span class='ocrx_word' id='word_1_315' title='bbox 1047 2463 1400 2537; x_wconf 86' lang='lat' dir='ltr'><strong>(Philastrius</strong></span> <span class='ocrx_word' id='word_1_316' title='bbox 1440 2480 1602 2535; x_wconf 90' lang='lat' dir='ltr'><strong>porro</strong></span> <span class='ocrx_word' id='word_1_317' title='bbox 1631 2464 1700 2537; x_wconf 77' lang='lat' dir='ltr'><strong>(f)</strong></span> 
     </span>
    </p>
   </div>
   <div class='ocr_carea' id='block_1_42' title="bbox 105 2554 1700 2628">
    <p class='ocr_par' dir='ltr' id='par_1_42' title="bbox 105 2554 1700 2628">
     <span class='ocr_line' id='line_1_42' title="bbox 105 2554 1700 2628; baseline 0.005 -21"><span class='ocrx_word' id='word_1_318' title='bbox 105 2568 270 2624; x_wconf 89' lang='lat' dir='ltr'><strong>neque</strong></span> <span class='ocrx_word' id='word_1_319' title='bbox 300 2555 602 2610; x_wconf 86' lang='lat' dir='ltr'><strong>doctrinam</strong></span> <span class='ocrx_word' id='word_1_320' title='bbox 619 2554 642 2621; x_wconf 90' lang='lat'><strong>,&#39;</strong></span> <span class='ocrx_word' id='word_1_321' title='bbox 669 2572 849 2628; x_wconf 89' lang='lat' dir='ltr'><strong>neque</strong></span> <span class='ocrx_word' id='word_1_322' title='bbox 896 2559 1167 2626; x_wconf 88' lang='lat' dir='ltr'><strong>miracula,</strong></span> <span class='ocrx_word' id='word_1_323' title='bbox 1199 2560 1296 2615; x_wconf 87' lang='lat' dir='ltr'><strong>sed</strong></span> <span class='ocrx_word' id='word_1_324' title='bbox 1344 2567 1550 2615; x_wconf 91' lang='lat' dir='ltr'><strong>tantum</strong></span> <span class='ocrx_word' id='word_1_325' title='bbox 1580 2575 1700 2616; x_wconf 91' lang='lat' dir='ltr'><strong>me-</strong></span> 
     </span>
    </p>
   </div>
   <div class='ocr_carea' id='block_1_43' title="bbox 106 2648 1698 2722">
    <p class='ocr_par' dir='ltr' id='par_1_43' title="bbox 106 2648 1698 2722">
     <span class='ocr_line' id='line_1_43' title="bbox 106 2648 1698 2722; baseline 0.003 -21"><span class='ocrx_word' id='word_1_326' title='bbox 106 2660 270 2702; x_wconf 85' lang='lat' dir='ltr'><strong>morat</strong></span> <span class='ocrx_word' id='word_1_327' title='bbox 297 2648 587 2705; x_wconf 87' lang='lat' dir='ltr'><strong>Simonem</strong></span> <span class='ocrx_word' id='word_1_328' title='bbox 638 2651 873 2704; x_wconf 88' lang='lat' dir='ltr'><strong>oratione</strong></span> <span class='ocrx_word' id='word_1_329' title='bbox 919 2651 1052 2705; x_wconf 87' lang='lat' dir='ltr'><strong>beati</strong></span> <span class='ocrx_word' id='word_1_330' title='bbox 1092 2651 1330 2721; x_wconf 82' lang='lat' dir='ltr'><strong>Apostoli</strong></span> <span class='ocrx_word' id='word_1_331' title='bbox 1377 2651 1698 2722; x_wconf 87' lang='lat' dir='ltr'><strong>devictum),</strong></span> 
     </span>
    </p>
   </div>
   <div class='ocr_carea' id='block_1_44' title="bbox 106 2739 1698 2812">
    <p class='ocr_par' dir='ltr' id='par_1_44' title="bbox 106 2739 1698 2812">
     <span class='ocr_line' id='line_1_44' title="bbox 106 2739 1698 2812; baseline 0.004 -20"><span class='ocrx_word' id='word_1_332' title='bbox 106 2739 252 2794; x_wconf 89' lang='lat' dir='ltr'><strong>Cent.</strong></span> <span class='ocrx_word' id='word_1_333' title='bbox 282 2739 339 2808; x_wconf 75' lang='lat'><strong>2,</strong></span> <span class='ocrx_word' id='word_1_334' title='bbox 369 2755 502 2811; x_wconf 91' lang='lat' dir='ltr'><strong>cap.</strong></span> <span class='ocrx_word' id='word_1_335' title='bbox 532 2741 566 2796; x_wconf 86' lang='lat'><strong>5</strong></span> <span class='ocrx_word' id='word_1_336' title='bbox 593 2741 692 2812; x_wconf 88' lang='lat' dir='ltr'><strong>(g),</strong></span> <span class='ocrx_word' id='word_1_337' title='bbox 723 2741 886 2796; x_wconf 81' lang='lat' dir='ltr'><strong>Marci</strong></span> <span class='ocrx_word' id='word_1_338' title='bbox 916 2751 972 2797; x_wconf 90' lang='lat' dir='ltr'><strong>et</strong></span> <span class='ocrx_word' id='word_1_339' title='bbox 1007 2742 1276 2799; x_wconf 89' lang='lat' dir='ltr'><strong>Valentini</strong></span> <span class='ocrx_word' id='word_1_340' title='bbox 1309 2743 1606 2800; x_wconf 68' lang='lat' dir='ltr'><strong>haeresibus</strong></span> <span class='ocrx_word' id='word_1_341' title='bbox 1631 2759 1698 2799; x_wconf 77' lang='lat' dir='ltr'><strong>ex</strong></span> 
     </span>
    </p>
   </div>
   <div class='ocr_carea' id='block_1_45' title="bbox 107 2829 1698 2907">
    <p class='ocr_par' dir='ltr' id='par_1_45' title="bbox 107 2829 1698 2907">
     <span class='ocr_line' id='line_1_45' title="bbox 107 2829 1698 2907; baseline 0.004 -23"><span class='ocrx_word' id='word_1_342' title='bbox 107 2829 386 2888; x_wconf 87' lang='lat' dir='ltr'><strong>Philastrio</strong></span> <span class='ocrx_word' id='word_1_343' title='bbox 429 2833 616 2888; x_wconf 89' lang='lat' dir='ltr'><strong>lucem</strong></span> <span class='ocrx_word' id='word_1_344' title='bbox 647 2833 932 2889; x_wconf 83' lang='lat' dir='ltr'><strong>all&#39;uudunt</strong></span> <span class='ocrx_word' id='word_1_345' title='bbox 959 2851 974 2899; x_wconf 88' lang='lat'><strong>;</strong></span> <span class='ocrx_word' id='word_1_346' title='bbox 1004 2835 1163 2890; x_wconf 88' lang='lat' dir='ltr'><strong>Cent.</strong></span> <span class='ocrx_word' id='word_1_347' title='bbox 1197 2836 1252 2900; x_wconf 80' lang='grc'><strong>5,</strong></span> <span class='ocrx_word' id='word_1_348' title='bbox 1308 2850 1430 2905; x_wconf 90' lang='lat' dir='ltr'><strong>cap.</strong></span> <span class='ocrx_word' id='word_1_349' title='bbox 1459 2837 1494 2891; x_wconf 85' lang='lat'><strong>5</strong></span> <span class='ocrx_word' id='word_1_350' title='bbox 1523 2834 1602 2907; x_wconf 89' lang='lat' dir='ltr'><strong>(h)</strong></span> <span class='ocrx_word' id='word_1_351' title='bbox 1631 2851 1698 2891; x_wconf 85' lang='lat' dir='ltr'><strong>ex</strong></span> 
     </span>
    </p>
   </div>
   <div class='ocr_carea' id='block_1_46' title="bbox 107 2925 1699 2998">
    <p class='ocr_par' dir='ltr' id='par_1_46' title="bbox 107 2925 1699 2998">
     <span class='ocr_line' id='line_1_46' title="bbox 107 2925 1699 2998; baseline 0.003 -20"><span class='ocrx_word' id='word_1_352' title='bbox 107 2925 305 2992; x_wconf 88' lang='lat' dir='ltr'><strong>eodem,</strong></span> <span class='ocrx_word' id='word_1_353' title='bbox 337 2925 769 2982; x_wconf 63' lang='lat' dir='ltr'><strong>Manichaeorum</strong></span> <span class='ocrx_word' id='word_1_354' title='bbox 804 2927 1057 2982; x_wconf 66' lang='lat' dir='ltr'><strong>haeresim</strong></span> <span class='ocrx_word' id='word_1_355' title='bbox 1085 2928 1137 2981; x_wconf 91' lang='lat' dir='ltr'><strong>in</strong></span> <span class='ocrx_word' id='word_1_356' title='bbox 1166 2926 1450 2998; x_wconf 85' lang='lat' dir='ltr'><strong>Hispania,</strong></span> <span class='ocrx_word' id='word_1_357' title='bbox 1479 2938 1524 2982; x_wconf 93' lang='lat' dir='ltr'><strong>et</strong></span> <span class='ocrx_word' id='word_1_358' title='bbox 1544 2928 1699 2994; x_wconf 83' lang='lat' dir='ltr'><strong>quin-</strong></span> 
     </span>
    </p>
   </div>
   <div class='ocr_carea' id='block_1_47' title="bbox 106 3019 1696 3090">
    <p class='ocr_par' dir='ltr' id='par_1_47' title="bbox 106 3019 1696 3090">
     <span class='ocr_line' id='line_1_47' title="bbox 106 3019 1696 3090; baseline 0.004 -20"><span class='ocrx_word' id='word_1_359' title='bbox 106 3032 196 3085; x_wconf 82' lang='lat' dir='ltr'><strong>que</strong></span> <span class='ocrx_word' id='word_1_360' title='bbox 220 3020 499 3090; x_wconf 75' lang='lat' dir='ltr'><strong>provinciis</strong></span> <span class='ocrx_word' id='word_1_361' title='bbox 529 3019 770 3090; x_wconf 81' lang='lat' dir='ltr'><strong>viguisse</strong></span> <span class='ocrx_word' id='word_1_362' title='bbox 813 3020 1105 3090; x_wconf 91' lang='lat' dir='ltr'><strong>plurimum</strong></span> <span class='ocrx_word' id='word_1_363' title='bbox 1133 3027 1324 3076; x_wconf 88' lang='lat' dir='ltr'><strong>notant</strong></span> <span class='ocrx_word' id='word_1_364' title='bbox 1367 3035 1430 3076; x_wconf 90' lang='lat' dir='ltr'><strong>ac</strong></span> <span class='ocrx_word' id='word_1_365' title='bbox 1476 3020 1696 3076; x_wconf 91' lang='lat' dir='ltr'><strong>demum</strong></span> 
     </span>
    </p>
   </div>
   <div class='ocr_carea' id='block_1_48' title="bbox 1802 1813 3397 1886">
    <p class='ocr_par' dir='ltr' id='par_1_48' title="bbox 1802 1813 3397 1886">
     <span class='ocr_line' id='line_1_48' title="bbox 1802 1813 3397 1886; baseline -0.003 -16"><span class='ocrx_word' id='word_1_366' title='bbox 1802 1817 1933 1870; x_wconf 89' lang='lat' dir='ltr'><strong>siam</strong></span> <span class='ocrx_word' id='word_1_367' title='bbox 1953 1831 2153 1886; x_wconf 87' lang='lat' dir='ltr'><strong>quoque</strong></span> <span class='ocrx_word' id='word_1_368' title='bbox 2177 1816 2471 1877; x_wconf 83' lang='lat' dir='ltr'><strong>damnasse,</strong></span> <span class='ocrx_word' id='word_1_369' title='bbox 2501 1815 2566 1868; x_wconf 91' lang='lat' dir='ltr'><strong>ab</strong></span> <span class='ocrx_word' id='word_1_370' title='bbox 2595 1815 2733 1869; x_wconf 91' lang='lat' dir='ltr'><strong>omni</strong></span> <span class='ocrx_word' id='word_1_371' title='bbox 2775 1815 2879 1868; x_wconf 89' lang='lat' dir='ltr'><strong>veri</strong></span> <span class='ocrx_word' id='word_1_372' title='bbox 2907 1813 3078 1886; x_wconf 85' lang='lat' dir='ltr'><strong>specie</strong></span> <span class='ocrx_word' id='word_1_373' title='bbox 3101 1813 3397 1867; x_wconf 85' lang='lat' dir='ltr'><strong>abhorreat.</strong></span> 
     </span>
    </p>
   </div>
   <div class='ocr_carea' id='block_1_49' title="bbox 1802 1906 3406 1977">
    <p class='ocr_par' dir='ltr' id='par_1_49' title="bbox 1802 1906 3406 1977">
     <span class='ocr_line' id='line_1_49' title="bbox 1802 1906 3406 1977; baseline -0.004 -13"><span class='ocrx_word' id='word_1_374' title='bbox 1802 1907 2091 1964; x_wconf 81' lang='lat' dir='ltr'><strong>Serviebat</strong></span> <span class='ocrx_word' id='word_1_375' title='bbox 2126 1923 2304 1963; x_wconf 64' lang='lat' dir='ltr'><strong>causa:</strong></span> <span class='ocrx_word' id='word_1_376' title='bbox 2332 1907 2610 1973; x_wconf 72' lang='lat' dir='ltr'><strong>Dallaeus;</strong></span> <span class='ocrx_word' id='word_1_377' title='bbox 2661 1921 2726 1962; x_wconf 88' lang='lat' dir='ltr'><strong>ac</strong></span> <span class='ocrx_word' id='word_1_378' title='bbox 2751 1906 2986 1977; x_wconf 90' lang='lat' dir='ltr'><strong>proinde</strong></span> <span class='ocrx_word' id='word_1_379' title='bbox 3027 1919 3133 1961; x_wconf 92' lang='lat' dir='ltr'><strong>non</strong></span> <span class='ocrx_word' id='word_1_380' title='bbox 3187 1913 3406 1976; x_wconf 87' lang='lat' dir='ltr'><strong>poterat</strong></span> 
     </span>
    </p>
   </div>
   <div class='ocr_carea' id='block_1_50' title="bbox 1803 1996 3403 2070">
    <p class='ocr_par' dir='ltr' id='par_1_50' title="bbox 1803 1996 3403 2070">
     <span class='ocr_line' id='line_1_50' title="bbox 1803 1996 3403 2070; baseline -0.002 -15"><span class='ocrx_word' id='word_1_381' title='bbox 1803 2015 2131 2070; x_wconf 81' lang='lat' dir='ltr'><strong>magnopere</strong></span> <span class='ocrx_word' id='word_1_382' title='bbox 2157 2000 2510 2054; x_wconf 87' lang='lat' dir='ltr'><strong>Philastrium</strong></span> <span class='ocrx_word' id='word_1_383' title='bbox 2541 1999 2763 2054; x_wconf 89' lang='lat' dir='ltr'><strong>laudare</strong></span> <span class='ocrx_word' id='word_1_384' title='bbox 2799 1997 2893 2068; x_wconf 89' lang='lat' dir='ltr'><strong>qui</strong></span> <span class='ocrx_word' id='word_1_385' title='bbox 2936 1997 3210 2054; x_wconf 85' lang='lat' dir='ltr'><strong>Justinum</strong></span> <span class='ocrx_word' id='word_1_386' title='bbox 3241 2039 3257 2064; x_wconf 92' lang='lat'><strong>,</strong></span> <span class='ocrx_word' id='word_1_387' title='bbox 3289 1996 3403 2052; x_wconf 86' lang='lat' dir='ltr'><strong>Ire-</strong></span> 
     </span>
    </p>
   </div>
   <div class='ocr_carea' id='block_1_51' title="bbox 1801 2091 3407 2165">
    <p class='ocr_par' dir='ltr' id='par_1_51' title="bbox 1801 2091 3407 2165">
     <span class='ocr_line' id='line_1_51' title="bbox 1801 2091 3407 2165; baseline -0.003 -15"><span class='ocrx_word' id='word_1_388' title='bbox 1801 2109 2004 2158; x_wconf 68' lang='lat' dir='ltr'><strong>naeum,</strong></span> <span class='ocrx_word' id='word_1_389' title='bbox 2035 2093 2512 2165; x_wconf 89' lang='lat' dir='ltr'><strong>Chrysostomum,</strong></span> <span class='ocrx_word' id='word_1_390' title='bbox 2545 2104 2891 2163; x_wconf 74' lang='lat' dir='ltr'><strong>ctelerosque</strong></span> <span class='ocrx_word' id='word_1_391' title='bbox 2922 2093 3109 2150; x_wconf 85' lang='lat' dir='ltr'><strong>Patres</strong></span> <span class='ocrx_word' id='word_1_392' title='bbox 3133 2091 3246 2147; x_wconf 90' lang='lat' dir='ltr'><strong>fere</strong></span> <span class='ocrx_word' id='word_1_393' title='bbox 3277 2107 3407 2145; x_wconf 85' lang='lat' dir='ltr'><strong>om-</strong></span> 
     </span>
    </p>
   </div>
   <div class='ocr_carea' id='block_1_52' title="bbox 1801 2184 3405 2258">
    <p class='ocr_par' dir='ltr' id='par_1_52' title="bbox 1801 2184 3405 2258">
     <span class='ocr_line' id='line_1_52' title="bbox 1801 2184 3405 2258; baseline -0.004 -13"><span class='ocrx_word' id='word_1_394' title='bbox 1801 2203 1899 2245; x_wconf 91' lang='lat' dir='ltr'><strong>nes</strong></span> <span class='ocrx_word' id='word_1_395' title='bbox 1921 2189 2229 2244; x_wconf 88' lang='lat' dir='ltr'><strong>instituerat</strong></span> <span class='ocrx_word' id='word_1_396' title='bbox 2244 2188 2578 2258; x_wconf 87' lang='lat' dir='ltr'><strong>vituperare.</strong></span> <span class='ocrx_word' id='word_1_397' title='bbox 2596 2186 2830 2242; x_wconf 83' lang='lat' dir='ltr'><strong>Aliunde</strong></span> <span class='ocrx_word' id='word_1_398' title='bbox 2850 2187 3014 2241; x_wconf 90' lang='lat' dir='ltr'><strong>etiam</strong></span> <span class='ocrx_word' id='word_1_399' title='bbox 3036 2184 3282 2240; x_wconf 89' lang='lat' dir='ltr'><strong>libroillo</strong></span> <span class='ocrx_word' id='word_1_400' title='bbox 3303 2198 3405 2238; x_wconf 92' lang='lat' dir='ltr'><strong>suo</strong></span> 
     </span>
    </p>
   </div>
   <div class='ocr_carea' id='block_1_53' title="bbox 1800 2274 3400 2349">
    <p class='ocr_par' dir='ltr' id='par_1_53' title="bbox 1800 2274 3400 2349">
     <span class='ocr_line' id='line_1_53' title="bbox 1800 2274 3400 2349; baseline -0.005 -14"><span class='ocrx_word' id='word_1_401' title='bbox 1800 2280 2037 2336; x_wconf 70' lang='lat' dir='ltr'><strong>Dallazus</strong></span> <span class='ocrx_word' id='word_1_402' title='bbox 2067 2279 2280 2335; x_wconf 89' lang='lat' dir='ltr'><strong>videtur</strong></span> <span class='ocrx_word' id='word_1_403' title='bbox 2337 2278 2580 2349; x_wconf 88' lang='lat' dir='ltr'><strong>profecto</strong></span> <span class='ocrx_word' id='word_1_404' title='bbox 2622 2285 2837 2332; x_wconf 88' lang='lat' dir='ltr'><strong>struere</strong></span> <span class='ocrx_word' id='word_1_405' title='bbox 2885 2277 2954 2331; x_wconf 91' lang='lat' dir='ltr'><strong>ad</strong></span> <span class='ocrx_word' id='word_1_406' title='bbox 2983 2274 3400 2345; x_wconf 88' lang='lat' dir='ltr'><strong>Scepticismum</strong></span> 
     </span>
    </p>
   </div>
   <div class='ocr_carea' id='block_1_54' title="bbox 1799 2366 3408 2436">
    <p class='ocr_par' dir='ltr' id='par_1_54' title="bbox 1799 2366 3408 2436">
     <span class='ocr_line' id='line_1_54' title="bbox 1799 2366 3408 2436; baseline -0.004 -8"><span class='ocrx_word' id='word_1_407' title='bbox 1799 2372 1963 2428; x_wconf 86' lang='lat' dir='ltr'><strong>latam</strong></span> <span class='ocrx_word' id='word_1_408' title='bbox 1986 2387 2052 2428; x_wconf 90' lang='lat' dir='ltr'><strong>ac</strong></span> <span class='ocrx_word' id='word_1_409' title='bbox 2067 2372 2206 2428; x_wconf 90' lang='lat' dir='ltr'><strong>bene</strong></span> <span class='ocrx_word' id='word_1_410' title='bbox 2223 2372 2487 2426; x_wconf 88' lang='lat' dir='ltr'><strong>munitam</strong></span> <span class='ocrx_word' id='word_1_411' title='bbox 2506 2369 2670 2436; x_wconf 88' lang='lat' dir='ltr'><strong>viam,</strong></span> <span class='ocrx_word' id='word_1_412' title='bbox 2693 2383 2816 2423; x_wconf 89' lang='lat' dir='ltr'><strong>cum</strong></span> <span class='ocrx_word' id='word_1_413' title='bbox 2842 2369 3060 2423; x_wconf 88' lang='lat' dir='ltr'><strong>Patrum</strong></span> <span class='ocrx_word' id='word_1_414' title='bbox 3081 2366 3408 2421; x_wconf 87' lang='lat' dir='ltr'><strong>auctoritate</strong></span> 
     </span>
    </p>
   </div>
   <div class='ocr_carea' id='block_1_55' title="bbox 1799 2459 3406 2533">
    <p class='ocr_par' dir='ltr' id='par_1_55' title="bbox 1799 2459 3406 2533">
     <span class='ocr_line' id='line_1_55' title="bbox 1799 2459 3406 2533; baseline -0.007 -9"><span class='ocrx_word' id='word_1_415' title='bbox 1799 2468 2033 2533; x_wconf 77' lang='lat' dir='ltr'><strong>sublata,</strong></span> <span class='ocrx_word' id='word_1_416' title='bbox 2063 2467 2232 2522; x_wconf 90' lang='lat' dir='ltr'><strong>ferme</strong></span> <span class='ocrx_word' id='word_1_417' title='bbox 2260 2465 2392 2520; x_wconf 91' lang='lat' dir='ltr'><strong>nihil</strong></span> <span class='ocrx_word' id='word_1_418' title='bbox 2424 2465 2556 2520; x_wconf 87' lang='lat' dir='ltr'><strong>certi</strong></span> <span class='ocrx_word' id='word_1_419' title='bbox 2603 2463 2766 2519; x_wconf 88' lang='lat' dir='ltr'><strong>nobis</strong></span> <span class='ocrx_word' id='word_1_420' title='bbox 2797 2463 3092 2532; x_wconf 88' lang='lat' dir='ltr'><strong>relinquat.</strong></span> <span class='ocrx_word' id='word_1_421' title='bbox 3122 2459 3297 2515; x_wconf 86' lang='lat' dir='ltr'><strong>Porro</strong></span> <span class='ocrx_word' id='word_1_422' title='bbox 3326 2459 3406 2514; x_wconf 90' lang='lat' dir='ltr'><strong>si-</strong></span> 
     </span>
    </p>
   </div>
   <div class='ocr_carea' id='block_1_56' title="bbox 1800 2551 3405 2630">
    <p class='ocr_par' dir='ltr' id='par_1_56' title="bbox 1800 2551 3405 2630">
     <span class='ocr_line' id='line_1_56' title="bbox 1800 2551 3405 2630; baseline -0.005 -14"><span class='ocrx_word' id='word_1_423' title='bbox 1800 2561 1923 2616; x_wconf 90' lang='lat' dir='ltr'><strong>cubi</strong></span> <span class='ocrx_word' id='word_1_424' title='bbox 1956 2559 2280 2616; x_wconf 87' lang='lat' dir='ltr'><strong>Philastrius</strong></span> <span class='ocrx_word' id='word_1_425' title='bbox 2299 2559 2544 2630; x_wconf 76' lang='lat' dir='ltr'><strong>impegit,</strong></span> <span class='ocrx_word' id='word_1_426' title='bbox 2569 2572 2678 2612; x_wconf 92' lang='lat' dir='ltr'><strong>non</strong></span> <span class='ocrx_word' id='word_1_427' title='bbox 2704 2563 2992 2627; x_wconf 90' lang='lat' dir='ltr'><strong>pr0pterea</strong></span> <span class='ocrx_word' id='word_1_428' title='bbox 3024 2553 3286 2609; x_wconf 89' lang='lat' dir='ltr'><strong>continuo</strong></span> <span class='ocrx_word' id='word_1_429' title='bbox 3308 2551 3405 2608; x_wconf 87' lang='lat' dir='ltr'><strong>ab-</strong></span> 
     </span>
    </p>
   </div>
   <div class='ocr_carea' id='block_1_57' title="bbox 1793 2645 3402 2725">
    <p class='ocr_par' dir='ltr' id='par_1_57' title="bbox 1793 2645 3402 2725">
     <span class='ocr_line' id='line_1_57' title="bbox 1793 2645 3402 2725; baseline -0.006 -16"><span class='ocrx_word' id='word_1_430' title='bbox 1793 2653 2068 2725; x_wconf 88' lang='lat' dir='ltr'><strong>jiciendus</strong></span> <span class='ocrx_word' id='word_1_431' title='bbox 2098 2662 2182 2710; x_wconf 90' lang='lat' dir='ltr'><strong>est</strong></span> <span class='ocrx_word' id='word_1_432' title='bbox 2203 2653 2447 2722; x_wconf 88' lang='lat' dir='ltr'><strong>penitus,</strong></span> <span class='ocrx_word' id='word_1_433' title='bbox 2482 2666 2547 2707; x_wconf 91' lang='lat' dir='ltr'><strong>ac</strong></span> <span class='ocrx_word' id='word_1_434' title='bbox 2571 2649 2981 2721; x_wconf 90' lang='lat' dir='ltr'><strong>repudiandus;</strong></span> <span class='ocrx_word' id='word_1_435' title='bbox 3016 2646 3184 2701; x_wconf 88' lang='lat' dir='ltr'><strong>multa</strong></span> <span class='ocrx_word' id='word_1_436' title='bbox 3231 2645 3402 2712; x_wconf 90' lang='lat' dir='ltr'><strong>enim,</strong></span> 
     </span>
    </p>
   </div>
   <div class='ocr_carea' id='block_1_58' title="bbox 1799 2736 3402 2814">
    <p class='ocr_par' dir='ltr' id='par_1_58' title="bbox 1799 2736 3402 2814">
     <span class='ocr_line' id='line_1_58' title="bbox 1799 2736 3402 2814; baseline -0.007 -13"><span class='ocrx_word' id='word_1_437' title='bbox 1799 2760 1864 2801; x_wconf 88' lang='lat' dir='ltr'><strong>ac</strong></span> <span class='ocrx_word' id='word_1_438' title='bbox 1891 2745 2150 2814; x_wconf 66' lang='lat' dir='ltr'><strong>praeclara</strong></span> <span class='ocrx_word' id='word_1_439' title='bbox 2184 2744 2369 2809; x_wconf 89' lang='lat' dir='ltr'><strong>habet,</strong></span> <span class='ocrx_word' id='word_1_440' title='bbox 2417 2743 2616 2813; x_wconf 88' lang='lat' dir='ltr'><strong>quibus</strong></span> <span class='ocrx_word' id='word_1_441' title='bbox 2646 2750 2758 2796; x_wconf 90' lang='lat' dir='ltr'><strong>tum</strong></span> <span class='ocrx_word' id='word_1_442' title='bbox 2799 2738 3046 2795; x_wconf 85' lang='lat' dir='ltr'><strong>doctrina</strong></span> <span class='ocrx_word' id='word_1_443' title='bbox 3095 2736 3402 2802; x_wconf 85' lang='lat' dir='ltr'><strong>Catholica,</strong></span> 
     </span>
    </p>
   </div>
   <div class='ocr_carea' id='block_1_59' title="bbox 1800 2828 3406 2904">
    <p class='ocr_par' dir='ltr' id='par_1_59' title="bbox 1800 2828 3406 2904">
     <span class='ocr_line' id='line_1_59' title="bbox 1800 2828 3406 2904; baseline -0.009 -10"><span class='ocrx_word' id='word_1_444' title='bbox 1800 2845 1913 2894; x_wconf 87' lang='lat' dir='ltr'><strong>tum</strong></span> <span class='ocrx_word' id='word_1_445' title='bbox 1945 2837 2324 2893; x_wconf 88' lang='lat' dir='ltr'><strong>Ecclesiastica</strong></span> <span class='ocrx_word' id='word_1_446' title='bbox 2367 2835 2685 2904; x_wconf 87' lang='lat' dir='ltr'><strong>disciplina,</strong></span> <span class='ocrx_word' id='word_1_447' title='bbox 2746 2839 3120 2902; x_wconf 75' lang='lat' dir='ltr'><strong>propugnator</strong></span> <span class='ocrx_word' id='word_1_448' title='bbox 3153 2837 3209 2883; x_wconf 91' lang='lat' dir='ltr'><strong>et</strong></span> <span class='ocrx_word' id='word_1_449' title='bbox 3254 2828 3406 2882; x_wconf 87' lang='lat' dir='ltr'><strong>illus-</strong></span> 
     </span>
    </p>
   </div>
   <div class='ocr_carea' id='block_1_60' title="bbox 1802 2921 3408 2985">
    <p class='ocr_par' dir='ltr' id='par_1_60' title="bbox 1802 2921 3408 2985">
     <span class='ocr_line' id='line_1_60' title="bbox 1802 2921 3408 2985; baseline -0.006 -1"><span class='ocrx_word' id='word_1_450' title='bbox 1802 2939 1997 2985; x_wconf 91' lang='lat' dir='ltr'><strong>tratur.</strong></span> <span class='ocrx_word' id='word_1_451' title='bbox 2031 2928 2232 2985; x_wconf 81' lang='lat' dir='ltr'><strong>Verum</strong></span> <span class='ocrx_word' id='word_1_452' title='bbox 2265 2927 2396 2982; x_wconf 91' lang='lat' dir='ltr'><strong>alibi</strong></span> <span class='ocrx_word' id='word_1_453' title='bbox 2423 2925 2622 2980; x_wconf 87' lang='lat' dir='ltr'><strong>acriori</strong></span> <span class='ocrx_word' id='word_1_454' title='bbox 2646 2939 2877 2978; x_wconf 88' lang='lat' dir='ltr'><strong>censura</strong></span> <span class='ocrx_word' id='word_1_455' title='bbox 2903 2921 3255 2976; x_wconf 87' lang='lat' dir='ltr'><strong>Pbilastrium</strong></span> <span class='ocrx_word' id='word_1_456' title='bbox 3284 2932 3408 2974; x_wconf 87' lang='lat' dir='ltr'><strong>cas-</strong></span> 
     </span>
    </p>
   </div>
   <div class='ocr_carea' id='block_1_61' title="bbox 1801 3011 3404 3094">
    <p class='ocr_par' dir='ltr' id='par_1_61' title="bbox 1801 3011 3404 3094">
     <span class='ocr_line' id='line_1_61' title="bbox 1801 3011 3404 3094; baseline -0.006 -17"><span class='ocrx_word' id='word_1_457' title='bbox 1801 3023 1936 3094; x_wconf 79' lang='lat' dir='ltr'><strong>tigat</strong></span> <span class='ocrx_word' id='word_1_458' title='bbox 1966 3022 2221 3086; x_wconf 63' lang='lat' dir='ltr'><strong>Dallaaus,</strong></span> <span class='ocrx_word' id='word_1_459' title='bbox 2249 3035 2446 3090; x_wconf 90' lang='lat' dir='ltr'><strong>nempe</strong></span> <span class='ocrx_word' id='word_1_460' title='bbox 2477 3017 2722 3089; x_wconf 89' lang='lat' dir='ltr'><strong>ejusdem</strong></span> <span class='ocrx_word' id='word_1_461' title='bbox 2751 3016 2843 3071; x_wconf 91' lang='lat' dir='ltr'><strong>lib.</strong></span> <span class='ocrx_word' id='word_1_462' title='bbox 2879 3031 2953 3081; x_wconf 91' lang='grc' dir='ltr'><strong>ιι,</strong></span> <span class='ocrx_word' id='word_1_463' title='bbox 2983 3029 3104 3084; x_wconf 87' lang='lat' dir='ltr'><strong>cap.</strong></span> <span class='ocrx_word' id='word_1_464' title='bbox 3137 3014 3172 3068; x_wconf 77' lang='grc' dir='ltr'><strong>’ὅ</strong></span> <span class='ocrx_word' id='word_1_465' title='bbox 3199 3011 3287 3083; x_wconf 85' lang='grc' dir='ltr'><strong>(ι),</strong></span> <span class='ocrx_word' id='word_1_466' title='bbox 3313 3013 3404 3068; x_wconf 90' lang='lat' dir='ltr'><strong>ubi</strong></span> 
     </span>
    </p>
   </div>
   <div class='ocr_carea' id='block_1_62' title="bbox 111 3104 3407 3184">
    <p class='ocr_par' dir='ltr' id='par_1_62' title="bbox 111 3104 3407 3184">
     <span class='ocr_line' id='line_1_62' title="bbox 111 3104 3407 3184; baseline -0.002 -21"><span class='ocrx_word' id='word_1_467' title='bbox 111 3112 458 3184; x_wconf 85' lang='lat' dir='ltr'><strong>undequaque</strong></span> <span class='ocrx_word' id='word_1_468' title='bbox 491 3111 808 3179; x_wconf 89' lang='lat' dir='ltr'><strong>ostendunt,</strong></span> <span class='ocrx_word' id='word_1_469' title='bbox 838 3127 898 3168; x_wconf 91' lang='lat' dir='ltr'><strong>se</strong></span> <span class='ocrx_word' id='word_1_470' title='bbox 924 3113 976 3168; x_wconf 94' lang='lat' dir='ltr'><strong>in</strong></span> <span class='ocrx_word' id='word_1_471' title='bbox 1010 3112 1287 3168; x_wconf 90' lang='lat' dir='ltr'><strong>Philastrii</strong></span> <span class='ocrx_word' id='word_1_472' title='bbox 1314 3112 1550 3168; x_wconf 88' lang='lat' dir='ltr'><strong>lectione</strong></span> <span class='ocrx_word' id='word_1_473' title='bbox 1579 3129 1699 3168; x_wconf 88' lang='lat' dir='ltr'><strong>om-</strong></span> <span class='ocrx_word' id='word_1_474' title='bbox 1726 3105 1771 3168; x_wconf 89' lang='lat' dir='ltr'><strong>C</strong></span> <span class='ocrx_word' id='word_1_475' title='bbox 1802 3115 1878 3170; x_wconf 87' lang='lat' dir='ltr'><strong>ait</strong></span> <span class='ocrx_word' id='word_1_476' title='bbox 1910 3133 1924 3170; x_wconf 90' lang='lat'><strong>:</strong></span> <span class='ocrx_word' id='word_1_477' title='bbox 1958 3113 2279 3168; x_wconf 88' lang='lat' dir='ltr'><strong>Philastrius</strong></span> <span class='ocrx_word' id='word_1_478' title='bbox 2330 3113 2467 3167; x_wconf 78' lang='lat' dir='ltr'><strong>velut</strong></span> <span class='ocrx_word' id='word_1_479' title='bbox 2492 3128 2600 3166; x_wconf 82' lang='lat' dir='ltr'><strong>rem</strong></span> <span class='ocrx_word' id='word_1_480' title='bbox 2629 3119 2821 3163; x_wconf 88' lang='lat' dir='ltr'><strong>certam</strong></span> <span class='ocrx_word' id='word_1_481' title='bbox 2865 3115 3065 3173; x_wconf 85' lang='lat' dir='ltr'><strong>narrat,</strong></span> <span class='ocrx_word' id='word_1_482' title='bbox 3121 3115 3169 3159; x_wconf 89' lang='lat' dir='ltr'><strong>et</strong></span> <span class='ocrx_word' id='word_1_483' title='bbox 3197 3104 3407 3176; x_wconf 87' lang='lat' dir='ltr'><strong>quidem</strong></span> 
     </span>
    </p>
   </div>
   <div class='ocr_carea' id='block_1_63' title="bbox 108 3204 1693 3276">
    <p class='ocr_par' dir='ltr' id='par_1_63' title="bbox 108 3204 1693 3276">
     <span class='ocr_line' id='line_1_63' title="bbox 108 3204 1693 3276; baseline 0.003 -20"><span class='ocrx_word' id='word_1_484' title='bbox 108 3204 224 3258; x_wconf 90' lang='lat' dir='ltr'><strong>nino</strong></span> <span class='ocrx_word' id='word_1_485' title='bbox 250 3205 545 3276; x_wconf 81' lang='lat' dir='ltr'><strong>diligenter</strong></span> <span class='ocrx_word' id='word_1_486' title='bbox 569 3220 692 3261; x_wconf 91' lang='lat' dir='ltr'><strong>esse</strong></span> <span class='ocrx_word' id='word_1_487' title='bbox 711 3215 975 3261; x_wconf 83' lang='lat' dir='ltr'><strong>versatos.</strong></span> <span class='ocrx_word' id='word_1_488' title='bbox 1007 3205 1111 3262; x_wconf 84' lang='lat' dir='ltr'><strong>Ubi</strong></span> <span class='ocrx_word' id='word_1_489' title='bbox 1134 3205 1202 3261; x_wconf 91' lang='lat' dir='ltr'><strong>de</strong></span> <span class='ocrx_word' id='word_1_490' title='bbox 1228 3205 1476 3261; x_wconf 90' lang='lat' dir='ltr'><strong>doctrina</strong></span> <span class='ocrx_word' id='word_1_491' title='bbox 1507 3206 1693 3262; x_wconf 86' lang='lat' dir='ltr'><strong>Eccle-</strong></span> 
     </span>
    </p>
   </div>
   <div class='ocr_carea' id='block_1_64' title="bbox 111 3296 1698 3372">
    <p class='ocr_par' dir='ltr' id='par_1_64' title="bbox 111 3296 1698 3372">
     <span class='ocr_line' id='line_1_64' title="bbox 111 3296 1698 3372; baseline 0.002 -22"><span class='ocrx_word' id='word_1_492' title='bbox 111 3296 196 3352; x_wconf 71' lang='lat' dir='ltr'><strong>sia:</strong></span> <span class='ocrx_word' id='word_1_493' title='bbox 221 3311 378 3368; x_wconf 84' lang='lat' dir='ltr'><strong>agunt</strong></span> <span class='ocrx_word' id='word_1_494' title='bbox 402 3300 569 3355; x_wconf 88' lang='lat' dir='ltr'><strong>Cent.</strong></span> <span class='ocrx_word' id='word_1_495' title='bbox 616 3299 671 3367; x_wconf 81' lang='lat'><strong>5,</strong></span> <span class='ocrx_word' id='word_1_496' title='bbox 699 3313 821 3369; x_wconf 88' lang='lat' dir='ltr'><strong>cap.</strong></span> <span class='ocrx_word' id='word_1_497' title='bbox 854 3298 888 3353; x_wconf 74' lang='grc'><strong>4</strong></span> <span class='ocrx_word' id='word_1_498' title='bbox 939 3298 1002 3372; x_wconf 91' lang='lat' dir='ltr'><strong>(i)</strong></span> <span class='ocrx_word' id='word_1_499' title='bbox 1036 3301 1177 3354; x_wconf 88' lang='lat' dir='ltr'><strong>inter</strong></span> <span class='ocrx_word' id='word_1_500' title='bbox 1216 3299 1444 3352; x_wconf 89' lang='lat' dir='ltr'><strong>onmium</strong></span> <span class='ocrx_word' id='word_1_501' title='bbox 1467 3299 1698 3354; x_wconf 85' lang='lat' dir='ltr'><strong>clarissi-</strong></span> 
     </span>
    </p>
   </div>
   <div class='ocr_carea' id='block_1_65' title="bbox 110 3392 1694 3464">
    <p class='ocr_par' dir='ltr' id='par_1_65' title="bbox 110 3392 1694 3464">
     <span class='ocr_line' id='line_1_65' title="bbox 110 3392 1694 3464; baseline 0.002 -21"><span class='ocrx_word' id='word_1_502' title='bbox 110 3407 211 3445; x_wconf 90' lang='lat' dir='ltr'><strong>mos</strong></span> <span class='ocrx_word' id='word_1_503' title='bbox 236 3395 322 3463; x_wconf 89' lang='lat' dir='ltr'><strong>qui</strong></span> <span class='ocrx_word' id='word_1_504' title='bbox 351 3410 417 3450; x_wconf 91' lang='lat' dir='ltr'><strong>eo</strong></span> <span class='ocrx_word' id='word_1_505' title='bbox 445 3393 657 3450; x_wconf 72' lang='lat' dir='ltr'><strong>smculo</strong></span> <span class='ocrx_word' id='word_1_506' title='bbox 710 3393 952 3459; x_wconf 88' lang='lat' dir='ltr'><strong>fuerunt,</strong></span> <span class='ocrx_word' id='word_1_507' title='bbox 1011 3392 1350 3447; x_wconf 87' lang='lat' dir='ltr'><strong>Philastrium</strong></span> <span class='ocrx_word' id='word_1_508' title='bbox 1403 3399 1694 3464; x_wconf 83' lang='lat' dir='ltr'><strong>reponunt,</strong></span> 
     </span>
    </p>
   </div>
   <div class='ocr_carea' id='block_1_66' title="bbox 110 3484 1699 3555">
    <p class='ocr_par' dir='ltr' id='par_1_66' title="bbox 110 3484 1699 3555">
     <span class='ocr_line' id='line_1_66' title="bbox 110 3484 1699 3555; baseline 0.003 -20"><span class='ocrx_word' id='word_1_509' title='bbox 110 3494 325 3553; x_wconf 87' lang='lat' dir='ltr'><strong>eumque</strong></span> <span class='ocrx_word' id='word_1_510' title='bbox 375 3486 550 3540; x_wconf 92' lang='lat' dir='ltr'><strong>simul</strong></span> <span class='ocrx_word' id='word_1_511' title='bbox 601 3500 724 3541; x_wconf 85' lang='lat' dir='ltr'><strong>cum</strong></span> <span class='ocrx_word' id='word_1_512' title='bbox 781 3484 990 3539; x_wconf 88' lang='lat' dir='ltr'><strong>Joanne</strong></span> <span class='ocrx_word' id='word_1_513' title='bbox 1029 3484 1447 3555; x_wconf 87' lang='lat' dir='ltr'><strong>Chrysostomo,</strong></span> <span class='ocrx_word' id='word_1_514' title='bbox 1487 3484 1699 3555; x_wconf 77' lang='lat' dir='ltr'><strong>Augus-</strong></span> 
     </span>
    </p>
   </div>
   <div class='ocr_carea' id='block_1_67' title="bbox 111 3573 1690 3649">
    <p class='ocr_par' dir='ltr' id='par_1_67' title="bbox 111 3573 1690 3649">
     <span class='ocr_line' id='line_1_67' title="bbox 111 3573 1690 3649; baseline 0.004 -23"><span class='ocrx_word' id='word_1_515' title='bbox 111 3573 234 3640; x_wconf 88' lang='lat' dir='ltr'><strong>tino,</strong></span> <span class='ocrx_word' id='word_1_516' title='bbox 275 3575 515 3649; x_wconf 83' lang='lat' dir='ltr'><strong>Cyrillo,</strong></span> <span class='ocrx_word' id='word_1_517' title='bbox 564 3577 797 3647; x_wconf 85' lang='lat' dir='ltr'><strong>aliisque</strong></span> <span class='ocrx_word' id='word_1_518' title='bbox 837 3577 1066 3632; x_wconf 91' lang='lat' dir='ltr'><strong>summis</strong></span> <span class='ocrx_word' id='word_1_519' title='bbox 1114 3577 1249 3632; x_wconf 82' lang='lat' dir='ltr'><strong>viris</strong></span> <span class='ocrx_word' id='word_1_520' title='bbox 1295 3586 1690 3646; x_wconf 88' lang='lat' dir='ltr'><strong>annumerant;</strong></span> 
     </span>
    </p>
   </div>
   <div class='ocr_carea' id='block_1_68' title="bbox 112 3664 1698 3740">
    <p class='ocr_par' dir='ltr' id='par_1_68' title="bbox 112 3664 1698 3740">
     <span class='ocr_line' id='line_1_68' title="bbox 112 3664 1698 3740; baseline 0.004 -23"><span class='ocrx_word' id='word_1_521' title='bbox 112 3664 293 3723; x_wconf 86' lang='lat' dir='ltr'><strong>deinde</strong></span> <span class='ocrx_word' id='word_1_522' title='bbox 315 3683 435 3740; x_wconf 86' lang='lat' dir='ltr'><strong>cap.</strong></span> <span class='ocrx_word' id='word_1_523' title='bbox 477 3669 569 3735; x_wconf 88' lang='grc'><strong>10,</strong></span> <span class='ocrx_word' id='word_1_524' title='bbox 600 3669 688 3724; x_wconf 91' lang='lat' dir='ltr'><strong>ubi</strong></span> <span class='ocrx_word' id='word_1_525' title='bbox 737 3667 806 3723; x_wconf 91' lang='lat' dir='ltr'><strong>de</strong></span> <span class='ocrx_word' id='word_1_526' title='bbox 835 3669 1115 3738; x_wconf 84' lang='lat' dir='ltr'><strong>episcOpis</strong></span> <span class='ocrx_word' id='word_1_527' title='bbox 1160 3677 1212 3723; x_wconf 88' lang='lat' dir='ltr'><strong>et</strong></span> <span class='ocrx_word' id='word_1_528' title='bbox 1239 3667 1698 3734; x_wconf 87' lang='lat' dir='ltr'><strong>doctoribusdis-</strong></span> 
     </span>
    </p>
   </div>
   <div class='ocr_carea' id='block_1_69' title="bbox 111 3759 1692 3835">
    <p class='ocr_par' dir='ltr' id='par_1_69' title="bbox 111 3759 1692 3835">
     <span class='ocr_line' id='line_1_69' title="bbox 111 3759 1692 3835; baseline 0.002 -24"><span class='ocrx_word' id='word_1_529' title='bbox 111 3769 303 3827; x_wconf 89' lang='lat' dir='ltr'><strong>serunt,</strong></span> <span class='ocrx_word' id='word_1_530' title='bbox 336 3761 483 3818; x_wconf 89' lang='lat' dir='ltr'><strong>banc</strong></span> <span class='ocrx_word' id='word_1_531' title='bbox 511 3761 577 3817; x_wconf 90' lang='lat' dir='ltr'><strong>de</strong></span> <span class='ocrx_word' id='word_1_532' title='bbox 601 3761 890 3817; x_wconf 87' lang='lat' dir='ltr'><strong>Philastrio</strong></span> <span class='ocrx_word' id='word_1_533' title='bbox 934 3761 1259 3816; x_wconf 87' lang='lat' dir='ltr'><strong>sententiam</strong></span> <span class='ocrx_word' id='word_1_534' title='bbox 1295 3769 1552 3831; x_wconf 87' lang='lat' dir='ltr'><strong>promunt</strong></span> <span class='ocrx_word' id='word_1_535' title='bbox 1577 3759 1646 3835; x_wconf 88' lang='lat' dir='ltr'><strong>(j)</strong></span> <span class='ocrx_word' id='word_1_536' title='bbox 1680 3779 1692 3814; x_wconf 89' lang='lat'>:</span> 
     </span>
    </p>
   </div>
   <div class='ocr_carea' id='block_1_70' title="bbox 113 3847 1694 3927">
    <p class='ocr_par' dir='ltr' id='par_1_70' title="bbox 113 3847 1694 3927">
     <span class='ocr_line' id='line_1_70' title="bbox 113 3847 1694 3927; baseline 0.003 -25"><span class='ocrx_word' id='word_1_537' title='bbox 113 3847 324 3906; x_wconf 86' lang='lat' dir='ltr'><strong>Tametsi</strong></span> <span class='ocrx_word' id='word_1_538' title='bbox 347 3855 668 3927; x_wconf 82' lang='lat' dir='ltr'><strong>Augustinus</strong></span> <span class='ocrx_word' id='word_1_539' title='bbox 707 3855 844 3907; x_wconf 89' lang='lat' dir='ltr'><strong>hunc</strong></span> <span class='ocrx_word' id='word_1_540' title='bbox 871 3863 1134 3906; x_wconf 87' lang='lat' dir='ltr'><strong>auctorem</strong></span> <span class='ocrx_word' id='word_1_541' title='bbox 1165 3854 1426 3923; x_wconf 87' lang='lat' dir='ltr'><strong>postponit</strong></span> <span class='ocrx_word' id='word_1_542' title='bbox 1454 3851 1694 3924; x_wconf 87' lang='lat' dir='ltr'><strong>Epipha-</strong></span> 
     </span>
    </p>
   </div>
   <div class='ocr_carea' id='block_1_71' title="bbox 114 3943 1696 4018">
    <p class='ocr_par' dir='ltr' id='par_1_71' title="bbox 114 3943 1696 4018">
     <span class='ocr_line' id='line_1_71' title="bbox 114 3943 1696 4018; baseline 0.001 -22"><span class='ocrx_word' id='word_1_543' title='bbox 114 3943 213 4011; x_wconf 85' lang='lat' dir='ltr'><strong>nio,</strong></span> <span class='ocrx_word' id='word_1_544' title='bbox 241 3957 463 4003; x_wconf 83' lang='lat' dir='ltr'><strong>attamen</strong></span> <span class='ocrx_word' id='word_1_545' title='bbox 495 3947 751 4002; x_wconf 90' lang='lat' dir='ltr'><strong>hominem</strong></span> <span class='ocrx_word' id='word_1_546' title='bbox 780 3947 942 4016; x_wconf 78' lang='lat' dir='ltr'><strong>fuisse</strong></span> <span class='ocrx_word' id='word_1_547' title='bbox 979 3946 1209 4012; x_wconf 90' lang='lat' dir='ltr'><strong>doctum,</strong></span> <span class='ocrx_word' id='word_1_548' title='bbox 1238 3955 1287 4000; x_wconf 92' lang='lat' dir='ltr'><strong>et</strong></span> <span class='ocrx_word' id='word_1_549' title='bbox 1325 3948 1414 4014; x_wconf 85' lang='lat' dir='ltr'><strong>qui</strong></span> <span class='ocrx_word' id='word_1_550' title='bbox 1432 3944 1696 4018; x_wconf 87' lang='lat' dir='ltr'><strong>judicium</strong></span> 
     </span>
    </p>
   </div>
   <div class='ocr_carea' id='block_1_72' title="bbox 116 4033 1697 4109">
    <p class='ocr_par' dir='ltr' id='par_1_72' title="bbox 116 4033 1697 4109">
     <span class='ocr_line' id='line_1_72' title="bbox 116 4033 1697 4109; baseline 0.001 -21"><span class='ocrx_word' id='word_1_551' title='bbox 116 4033 174 4088; x_wconf 88' lang='lat' dir='ltr'><strong>de</strong></span> <span class='ocrx_word' id='word_1_552' title='bbox 192 4039 331 4093; x_wconf 88' lang='lat' dir='ltr'><strong>rebus</strong></span> <span class='ocrx_word' id='word_1_553' title='bbox 360 4040 634 4106; x_wconf 81' lang='lat' dir='ltr'><strong>habuerit;</strong></span> <span class='ocrx_word' id='word_1_554' title='bbox 663 4041 785 4094; x_wconf 88' lang='lat' dir='ltr'><strong>item</strong></span> <span class='ocrx_word' id='word_1_555' title='bbox 815 4039 1139 4109; x_wconf 88' lang='lat' dir='ltr'><strong>antiquitatis</strong></span> <span class='ocrx_word' id='word_1_556' title='bbox 1181 4047 1230 4092; x_wconf 92' lang='lat' dir='ltr'><strong>et</strong></span> <span class='ocrx_word' id='word_1_557' title='bbox 1255 4048 1482 4091; x_wconf 82' lang='lat' dir='ltr'><strong>veterum</strong></span> <span class='ocrx_word' id='word_1_558' title='bbox 1535 4039 1697 4092; x_wconf 84' lang='lat' dir='ltr'><strong>histo-</strong></span> 
     </span>
    </p>
   </div>
   <div class='ocr_carea' id='block_1_73' title="bbox 114 4127 1695 4200">
    <p class='ocr_par' dir='ltr' id='par_1_73' title="bbox 114 4127 1695 4200">
     <span class='ocr_line' id='line_1_73' title="bbox 114 4127 1695 4200; baseline -0.001 -16"><span class='ocrx_word' id='word_1_559' title='bbox 114 4127 297 4196; x_wconf 69' lang='lat' dir='ltr'><strong>riarum</strong></span> <span class='ocrx_word' id='word_1_560' title='bbox 315 4133 471 4187; x_wconf 88' lang='lat' dir='ltr'><strong>etiam</strong></span> <span class='ocrx_word' id='word_1_561' title='bbox 512 4131 817 4200; x_wconf 85' lang='lat' dir='ltr'><strong>Gentilium,</strong></span> <span class='ocrx_word' id='word_1_562' title='bbox 847 4131 1077 4186; x_wconf 88' lang='lat' dir='ltr'><strong>omnium</strong></span> <span class='ocrx_word' id='word_1_563' title='bbox 1117 4145 1235 4186; x_wconf 83' lang='lat' dir='ltr'><strong>vero</strong></span> <span class='ocrx_word' id='word_1_564' title='bbox 1261 4130 1484 4185; x_wconf 87' lang='lat' dir='ltr'><strong>maxime</strong></span> <span class='ocrx_word' id='word_1_565' title='bbox 1515 4147 1695 4185; x_wconf 85' lang='lat' dir='ltr'><strong>sacra-</strong></span> 
     </span>
    </p>
   </div>
   <div class='ocr_carea' id='block_1_74' title="bbox 115 4221 1696 4296">
    <p class='ocr_par' dir='ltr' id='par_1_74' title="bbox 115 4221 1696 4296">
     <span class='ocr_line' id='line_1_74' title="bbox 115 4221 1696 4296; baseline 0.003 -26"><span class='ocrx_word' id='word_1_566' title='bbox 115 4235 220 4273; x_wconf 89' lang='lat' dir='ltr'><strong>rum</strong></span> <span class='ocrx_word' id='word_1_567' title='bbox 245 4221 633 4296; x_wconf 87' lang='lat' dir='ltr'><strong>Scripturarum</strong></span> <span class='ocrx_word' id='word_1_568' title='bbox 671 4240 913 4296; x_wconf 83' lang='lat' dir='ltr'><strong>magnam</strong></span> <span class='ocrx_word' id='word_1_569' title='bbox 959 4222 1696 4295; x_wconf 79' lang='lat' dir='ltr'><strong>cognitionem;manifestum</strong></span> 
     </span>
    </p>
   </div>
   <div class='ocr_carea' id='block_1_75' title="bbox 116 4313 1693 4391">
    <p class='ocr_par' dir='ltr' id='par_1_75' title="bbox 116 4313 1693 4391">
     <span class='ocr_line' id='line_1_75' title="bbox 116 4313 1693 4391; baseline 0.002 -27"><span class='ocrx_word' id='word_1_570' title='bbox 116 4322 184 4365; x_wconf 90' lang='lat' dir='ltr'><strong>est</strong></span> <span class='ocrx_word' id='word_1_571' title='bbox 208 4331 268 4369; x_wconf 81' lang='lat' dir='ltr'><strong>ex</strong></span> <span class='ocrx_word' id='word_1_572' title='bbox 292 4317 380 4372; x_wconf 91' lang='lat' dir='ltr'><strong>illo</strong></span> <span class='ocrx_word' id='word_1_573' title='bbox 409 4319 524 4391; x_wconf 90' lang='lat' dir='ltr'><strong>ipso</strong></span> <span class='ocrx_word' id='word_1_574' title='bbox 549 4318 740 4387; x_wconf 89' lang='lat' dir='ltr'><strong>scripto</strong></span> <span class='ocrx_word' id='word_1_575' title='bbox 764 4357 780 4382; x_wconf 92' lang='lat'><strong>,</strong></span> <span class='ocrx_word' id='word_1_576' title='bbox 812 4317 866 4370; x_wconf 87' lang='lat' dir='ltr'><strong>in</strong></span> <span class='ocrx_word' id='word_1_577' title='bbox 897 4333 997 4387; x_wconf 88' lang='lat' dir='ltr'><strong>quo</strong></span> <span class='ocrx_word' id='word_1_578' title='bbox 1025 4316 1190 4369; x_wconf 89' lang='lat' dir='ltr'><strong>omnis</strong></span> <span class='ocrx_word' id='word_1_579' title='bbox 1219 4315 1418 4386; x_wconf 87' lang='lat' dir='ltr'><strong>generis</strong></span> <span class='ocrx_word' id='word_1_580' title='bbox 1451 4313 1693 4378; x_wconf 64' lang='lat' dir='ltr'><strong>hereses,</strong></span> 
     </span>
    </p>
   </div>
   <div class='ocr_carea' id='block_1_76' title="bbox 119 4403 1696 4476">
    <p class='ocr_par' dir='ltr' id='par_1_76' title="bbox 119 4403 1696 4476">
     <span class='ocr_line' id='line_1_76' title="bbox 119 4403 1696 4476; baseline 0.003 -22"><span class='ocrx_word' id='word_1_581' title='bbox 119 4405 238 4459; x_wconf 87' lang='lat' dir='ltr'><strong>mira</strong></span> <span class='ocrx_word' id='word_1_582' title='bbox 282 4409 528 4464; x_wconf 77' lang='lat' dir='ltr'><strong>brevitate</strong></span> <span class='ocrx_word' id='word_1_583' title='bbox 555 4419 603 4463; x_wconf 91' lang='lat' dir='ltr'><strong>et</strong></span> <span class='ocrx_word' id='word_1_584' title='bbox 645 4407 948 4463; x_wconf 85' lang='lat' dir='ltr'><strong>dexteritate</strong></span> <span class='ocrx_word' id='word_1_585' title='bbox 975 4406 1104 4460; x_wconf 90' lang='lat' dir='ltr'><strong>dum</strong></span> <span class='ocrx_word' id='word_1_586' title='bbox 1130 4405 1344 4476; x_wconf 78' lang='lat' dir='ltr'><strong>refutat,</strong></span> <span class='ocrx_word' id='word_1_587' title='bbox 1375 4403 1542 4458; x_wconf 88' lang='lat' dir='ltr'><strong>multa</strong></span> <span class='ocrx_word' id='word_1_588' title='bbox 1587 4403 1696 4458; x_wconf 88' lang='lat' dir='ltr'><strong>obi-</strong></span> 
     </span>
    </p>
   </div>
   <div class='ocr_carea' id='block_1_77' title="bbox 1797 3197 3406 3278">
    <p class='ocr_par' dir='ltr' id='par_1_77' title="bbox 1797 3197 3406 3278">
     <span class='ocr_line' id='line_1_77' title="bbox 1797 3197 3406 3278; baseline -0.007 -15"><span class='ocrx_word' id='word_1_589' title='bbox 1797 3209 1888 3278; x_wconf 88' lang='lat' dir='ltr'><strong>(ne</strong></span> <span class='ocrx_word' id='word_1_590' title='bbox 1916 3225 2031 3263; x_wconf 88' lang='lat' dir='ltr'><strong>eum</strong></span> <span class='ocrx_word' id='word_1_591' title='bbox 2055 3208 2167 3262; x_wconf 87' lang='lat' dir='ltr'><strong>sine</strong></span> <span class='ocrx_word' id='word_1_592' title='bbox 2194 3215 2407 3261; x_wconf 88' lang='lat' dir='ltr'><strong>auctore</strong></span> <span class='ocrx_word' id='word_1_593' title='bbox 2429 3205 2570 3275; x_wconf 90' lang='lat' dir='ltr'><strong>loqui</strong></span> <span class='ocrx_word' id='word_1_594' title='bbox 2601 3203 2771 3275; x_wconf 88' lang='lat' dir='ltr'><strong>putes)</strong></span> <span class='ocrx_word' id='word_1_595' title='bbox 2803 3201 3022 3256; x_wconf 83' lang='lat' dir='ltr'><strong>Hesiodi</strong></span> <span class='ocrx_word' id='word_1_596' title='bbox 3051 3197 3220 3254; x_wconf 73' lang='lat' dir='ltr'><strong>Gra&#39;ci</strong></span> <span class='ocrx_word' id='word_1_597' title='bbox 3241 3205 3406 3268; x_wconf 78' lang='lat' dir='ltr'><strong>poeta:</strong></span> 
     </span>
    </p>
   </div>
   <div class='ocr_carea' id='block_1_78' title="bbox 1799 3287 3402 3369">
    <p class='ocr_par' dir='ltr' id='par_1_78' title="bbox 1799 3287 3402 3369">
     <span class='ocr_line' id='line_1_78' title="bbox 1799 3287 3402 3369; baseline -0.008 -14"><span class='ocrx_word' id='word_1_598' title='bbox 1799 3301 2090 3356; x_wconf 86' lang='lat' dir='ltr'><strong>testimonio</strong></span> <span class='ocrx_word' id='word_1_599' title='bbox 2139 3299 2332 3369; x_wconf 80' lang='lat' dir='ltr'><strong>ﬁrmat,</strong></span> <span class='ocrx_word' id='word_1_600' title='bbox 2363 3297 2607 3368; x_wconf 89' lang='lat' dir='ltr'><strong>Paganos</strong></span> <span class='ocrx_word' id='word_1_601' title='bbox 2634 3296 2709 3348; x_wconf 87' lang='lat' dir='ltr'><strong>ita</strong></span> <span class='ocrx_word' id='word_1_602' title='bbox 2755 3293 2920 3347; x_wconf 85' lang='lat' dir='ltr'><strong>dictos</strong></span> <span class='ocrx_word' id='word_1_603' title='bbox 2965 3306 3074 3346; x_wconf 73' lang='lat' dir='ltr'><strong>esse</strong></span> <span class='ocrx_word' id='word_1_604' title='bbox 3103 3308 3135 3344; x_wconf 90' lang='lat' dir='ltr'><strong>a</strong></span> <span class='ocrx_word' id='word_1_605' title='bbox 3181 3287 3402 3359; x_wconf 87' lang='lat' dir='ltr'><strong>Pagano</strong></span> 
     </span>
    </p>
   </div>
   <div class='ocr_carea' id='block_1_79' title="bbox 1796 3383 3406 3467">
    <p class='ocr_par' dir='ltr' id='par_1_79' title="bbox 1796 3383 3406 3467">
     <span class='ocr_line' id='line_1_79' title="bbox 1796 3383 3406 3467; baseline -0.009 -19"><span class='ocrx_word' id='word_1_606' title='bbox 1796 3409 1918 3467; x_wconf 84' lang='lat' dir='ltr'><strong>rege</strong></span> <span class='ocrx_word' id='word_1_607' title='bbox 1961 3392 2297 3447; x_wconf 87' lang='lat' dir='ltr'><strong>Deucalionis</strong></span> <span class='ocrx_word' id='word_1_608' title='bbox 2337 3399 2384 3445; x_wconf 91' lang='lat' dir='ltr'><strong>et</strong></span> <span class='ocrx_word' id='word_1_609' title='bbox 2429 3389 2653 3461; x_wconf 78' lang='lat' dir='ltr'><strong>Pgrrhte</strong></span> <span class='ocrx_word' id='word_1_610' title='bbox 2695 3387 2806 3457; x_wconf 82' lang='lat' dir='ltr'><strong>[ilio</strong></span> <span class='ocrx_word' id='word_1_611' title='bbox 2841 3401 3002 3455; x_wconf 76' lang='lat' dir='ltr'><strong>:qua:</strong></span> <span class='ocrx_word' id='word_1_612' title='bbox 3044 3383 3258 3437; x_wconf 89' lang='lat' dir='ltr'><strong>totidem</strong></span> <span class='ocrx_word' id='word_1_613' title='bbox 3287 3389 3406 3435; x_wconf 85' lang='lat' dir='ltr'><strong>sunt</strong></span> 
     </span>
    </p>
   </div>
   <div class='ocr_carea' id='block_1_80' title="bbox 1797 3473 3400 3548">
    <p class='ocr_par' dir='ltr' id='par_1_80' title="bbox 1797 3473 3400 3548">
     <span class='ocr_line' id='line_1_80' title="bbox 1797 3473 3400 3548; baseline -0.009 -8"><span class='ocrx_word' id='word_1_614' title='bbox 1797 3486 1999 3540; x_wconf 89' lang='lat' dir='ltr'><strong>somnia</strong></span> <span class='ocrx_word' id='word_1_615' title='bbox 2018 3494 2065 3539; x_wconf 90' lang='lat' dir='ltr'><strong>et</strong></span> <span class='ocrx_word' id='word_1_616' title='bbox 2089 3483 2342 3548; x_wconf 85' lang='lat' dir='ltr'><strong>Hesiodo,</strong></span> <span class='ocrx_word' id='word_1_617' title='bbox 2392 3492 2438 3535; x_wconf 89' lang='lat' dir='ltr'><strong>et</strong></span> <span class='ocrx_word' id='word_1_618' title='bbox 2483 3480 2718 3535; x_wconf 86' lang='lat' dir='ltr'><strong>omnibus</strong></span> <span class='ocrx_word' id='word_1_619' title='bbox 2749 3477 2963 3531; x_wconf 86' lang='lat' dir='ltr'><strong>eruditis</strong></span> <span class='ocrx_word' id='word_1_620' title='bbox 3010 3473 3252 3528; x_wconf 88' lang='lat' dir='ltr'><strong>inaudita</strong></span> <span class='ocrx_word' id='word_1_621' title='bbox 3278 3473 3400 3544; x_wconf 77' lang='grc' dir='ltr'><strong>(ιιι).</strong></span> 
     </span>
    </p>
   </div>
   <div class='ocr_carea' id='block_1_81' title="bbox 1798 3563 3403 3644">
    <p class='ocr_par' dir='ltr' id='par_1_81' title="bbox 1798 3563 3403 3644">
     <span class='ocr_line' id='line_1_81' title="bbox 1798 3563 3403 3644; baseline -0.01 -11"><span class='ocrx_word' id='word_1_622' title='bbox 1798 3576 2001 3633; x_wconf 86' lang='lat' dir='ltr'><strong>Locum</strong></span> <span class='ocrx_word' id='word_1_623' title='bbox 2049 3575 2293 3641; x_wconf 86' lang='lat' dir='ltr'><strong>Hesiodi,</strong></span> <span class='ocrx_word' id='word_1_624' title='bbox 2351 3573 2444 3644; x_wconf 90' lang='lat' dir='ltr'><strong>qui</strong></span> <span class='ocrx_word' id='word_1_625' title='bbox 2492 3587 2522 3626; x_wconf 90' lang='lat' dir='ltr'><strong>a</strong></span> <span class='ocrx_word' id='word_1_626' title='bbox 2569 3569 2860 3626; x_wconf 88' lang='lat' dir='ltr'><strong>Philastrio</strong></span> <span class='ocrx_word' id='word_1_627' title='bbox 2909 3566 3186 3630; x_wconf 87' lang='lat' dir='ltr'><strong>laudatur,</strong></span> <span class='ocrx_word' id='word_1_628' title='bbox 3239 3563 3403 3619; x_wconf 91' lang='lat' dir='ltr'><strong>hodie</strong></span> 
     </span>
    </p>
   </div>
   <div class='ocr_carea' id='block_1_82' title="bbox 1796 3658 3404 3733">
    <p class='ocr_par' dir='ltr' id='par_1_82' title="bbox 1796 3658 3404 3733">
     <span class='ocr_line' id='line_1_82' title="bbox 1796 3658 3404 3733; baseline -0.008 -8"><span class='ocrx_word' id='word_1_629' title='bbox 1796 3687 1904 3726; x_wconf 93' lang='lat' dir='ltr'><strong>non</strong></span> <span class='ocrx_word' id='word_1_630' title='bbox 1951 3677 2191 3733; x_wconf 80' lang='lat' dir='ltr'><strong>exstare,</strong></span> <span class='ocrx_word' id='word_1_631' title='bbox 2242 3669 2530 3722; x_wconf 85' lang='lat' dir='ltr'><strong>notaverat</strong></span> <span class='ocrx_word' id='word_1_632' title='bbox 2557 3663 2724 3719; x_wconf 83' lang='lat' dir='ltr'><strong>etiam</strong></span> <span class='ocrx_word' id='word_1_633' title='bbox 2776 3661 3065 3716; x_wconf 86' lang='lat' dir='ltr'><strong>Fabricius</strong></span> <span class='ocrx_word' id='word_1_634' title='bbox 3109 3659 3224 3731; x_wconf 82' lang='grc' dir='ltr'><strong>(η),</strong></span> <span class='ocrx_word' id='word_1_635' title='bbox 3275 3658 3404 3714; x_wconf 89' lang='lat' dir='ltr'><strong>licet</strong></span> 
     </span>
    </p>
   </div>
   <div class='ocr_carea' id='block_1_83' title="bbox 1798 3750 3406 3826">
    <p class='ocr_par' dir='ltr' id='par_1_83' title="bbox 1798 3750 3406 3826">
     <span class='ocr_line' id='line_1_83' title="bbox 1798 3750 3406 3826; baseline -0.009 -9"><span class='ocrx_word' id='word_1_636' title='bbox 1798 3763 1998 3817; x_wconf 89' lang='lat' dir='ltr'><strong>somnia</strong></span> <span class='ocrx_word' id='word_1_637' title='bbox 2021 3761 2111 3816; x_wconf 87' lang='lat' dir='ltr'><strong>illa</strong></span> <span class='ocrx_word' id='word_1_638' title='bbox 2134 3759 2390 3825; x_wconf 86' lang='lat' dir='ltr'><strong>Hesiodo,</strong></span> <span class='ocrx_word' id='word_1_639' title='bbox 2414 3757 2756 3826; x_wconf 89' lang='lat' dir='ltr'><strong>omnibusque</strong></span> <span class='ocrx_word' id='word_1_640' title='bbox 2777 3752 2998 3808; x_wconf 88' lang='lat' dir='ltr'><strong>eruditis</strong></span> <span class='ocrx_word' id='word_1_641' title='bbox 3019 3751 3280 3815; x_wconf 87' lang='lat' dir='ltr'><strong>inaudita,</strong></span> <span class='ocrx_word' id='word_1_642' title='bbox 3303 3750 3406 3805; x_wconf 90' lang='lat' dir='ltr'><strong>mi-</strong></span> 
     </span>
    </p>
   </div>
   <div class='ocr_carea' id='block_1_84' title="bbox 1799 3845 3401 3924">
    <p class='ocr_par' dir='ltr' id='par_1_84' title="bbox 1799 3845 3401 3924">
     <span class='ocr_line' id='line_1_84' title="bbox 1799 3845 3401 3924; baseline -0.01 -13"><span class='ocrx_word' id='word_1_643' title='bbox 1799 3857 1945 3911; x_wconf 91' lang='lat' dir='ltr'><strong>nime</strong></span> <span class='ocrx_word' id='word_1_644' title='bbox 1970 3857 2088 3923; x_wconf 90' lang='lat' dir='ltr'><strong>ipse</strong></span> <span class='ocrx_word' id='word_1_645' title='bbox 2117 3852 2444 3924; x_wconf 81' lang='lat' dir='ltr'><strong>perviderit.</strong></span> <span class='ocrx_word' id='word_1_646' title='bbox 2463 3850 2603 3918; x_wconf 84' lang='lat' dir='ltr'><strong>Quid</strong></span> <span class='ocrx_word' id='word_1_647' title='bbox 2635 3850 2680 3905; x_wconf 91' lang='lat' dir='ltr'><strong>si</strong></span> <span class='ocrx_word' id='word_1_648' title='bbox 2709 3847 3033 3903; x_wconf 88' lang='lat' dir='ltr'><strong>Philastrius</strong></span> <span class='ocrx_word' id='word_1_649' title='bbox 3065 3845 3229 3916; x_wconf 88' lang='lat' dir='ltr'><strong>paulo</strong></span> <span class='ocrx_word' id='word_1_650' title='bbox 3258 3851 3401 3912; x_wconf 89' lang='lat' dir='ltr'><strong>post,</strong></span> 
     </span>
    </p>
   </div>
   <div class='ocr_carea' id='block_1_85' title="bbox 1797 3934 3402 4019">
    <p class='ocr_par' dir='ltr' id='par_1_85' title="bbox 1797 3934 3402 4019">
     <span class='ocr_line' id='line_1_85' title="bbox 1797 3934 3402 4019; baseline -0.009 -17"><span class='ocrx_word' id='word_1_651' title='bbox 1797 3948 2046 4019; x_wconf 88' lang='lat' dir='ltr'><strong>quisnam</strong></span> <span class='ocrx_word' id='word_1_652' title='bbox 2095 3946 2261 4000; x_wconf 92' lang='lat' dir='ltr'><strong>fuerit</strong></span> <span class='ocrx_word' id='word_1_653' title='bbox 2302 3960 2395 3999; x_wconf 88' lang='lat' dir='ltr'><strong>rex</strong></span> <span class='ocrx_word' id='word_1_654' title='bbox 2433 3943 2526 3998; x_wconf 90' lang='lat' dir='ltr'><strong>ille</strong></span> <span class='ocrx_word' id='word_1_655' title='bbox 2554 3934 2828 4010; x_wconf 83' lang='lat' dir='ltr'><strong>Paganus,</strong></span> <span class='ocrx_word' id='word_1_656' title='bbox 2877 3937 3084 3992; x_wconf 91' lang='lat' dir='ltr'><strong>clarius</strong></span> <span class='ocrx_word' id='word_1_657' title='bbox 3132 3934 3402 3999; x_wconf 90' lang='lat' dir='ltr'><strong>enuntiet,</strong></span> 
     </span>
    </p>
   </div>
   <div class='ocr_carea' id='block_1_86' title="bbox 1798 4026 3404 4108">
    <p class='ocr_par' dir='ltr' id='par_1_86' title="bbox 1798 4026 3404 4108">
     <span class='ocr_line' id='line_1_86' title="bbox 1798 4026 3404 4108; baseline -0.009 -14"><span class='ocrx_word' id='word_1_658' title='bbox 1798 4053 1995 4108; x_wconf 84' lang='lat' dir='ltr'><strong>nempe</strong></span> <span class='ocrx_word' id='word_1_659' title='bbox 2024 4035 2364 4091; x_wconf 89' lang='lat' dir='ltr'><strong>Deucalionis</strong></span> <span class='ocrx_word' id='word_1_660' title='bbox 2396 4041 2452 4088; x_wconf 89' lang='lat' dir='ltr'><strong>et</strong></span> <span class='ocrx_word' id='word_1_661' title='bbox 2476 4031 2703 4102; x_wconf 68' lang='lat' dir='ltr'><strong>Pyrrha:</strong></span> <span class='ocrx_word' id='word_1_662' title='bbox 2735 4030 2901 4093; x_wconf 81' lang='lat' dir='ltr'><strong>filius,</strong></span> <span class='ocrx_word' id='word_1_663' title='bbox 2947 4027 3128 4082; x_wconf 87' lang='lat' dir='ltr'><strong>Ilelles</strong></span> <span class='ocrx_word' id='word_1_664' title='bbox 3159 4026 3404 4086; x_wconf 88' lang='lat' dir='ltr'><strong>nomine.</strong></span> 
     </span>
    </p>
   </div>
   <div class='ocr_carea' id='block_1_87' title="bbox 1797 4118 3404 4202">
    <p class='ocr_par' dir='ltr' id='par_1_87' title="bbox 1797 4118 3404 4202">
     <span class='ocr_line' id='line_1_87' title="bbox 1797 4118 3404 4202; baseline -0.01 -14"><span class='ocrx_word' id='word_1_665' title='bbox 1797 4147 1828 4188; x_wconf 92' lang='lat' dir='ltr'><strong>a</strong></span> <span class='ocrx_word' id='word_1_666' title='bbox 1855 4147 1962 4202; x_wconf 90' lang='lat' dir='ltr'><strong>quo</strong></span> <span class='ocrx_word' id='word_1_667' title='bbox 1992 4129 2166 4186; x_wconf 63' lang='lat' dir='ltr'><strong>Graeci</strong></span> <span class='ocrx_word' id='word_1_668' title='bbox 2211 4127 2441 4187; x_wconf 75' lang='grc' dir='ltr'><strong>Ἕλληνες</strong></span> <span class='ocrx_word' id='word_1_669' title='bbox 2472 4124 2679 4180; x_wconf 89' lang='lat' dir='ltr'><strong>fuerint</strong></span> <span class='ocrx_word' id='word_1_670' title='bbox 2729 4120 3071 4193; x_wconf 88' lang='lat' dir='ltr'><strong>postmodum</strong></span> <span class='ocrx_word' id='word_1_671' title='bbox 3101 4118 3404 4188; x_wconf 87' lang='lat' dir='ltr'><strong>appellati?</strong></span> 
     </span>
    </p>
   </div>
   <div class='ocr_carea' id='block_1_88' title="bbox 1798 4213 3400 4279">
    <p class='ocr_par' dir='ltr' id='par_1_88' title="bbox 1798 4213 3400 4279">
     <span class='ocr_line' id='line_1_88' title="bbox 1798 4213 3400 4279; baseline -0.009 0"><span class='ocrx_word' id='word_1_672' title='bbox 1798 4223 1974 4279; x_wconf 82' lang='lat' dir='ltr'><strong>Habet</strong></span> <span class='ocrx_word' id='word_1_673' title='bbox 2017 4221 2075 4278; x_wconf 86' lang='lat' dir='ltr'><strong>in</strong></span> <span class='ocrx_word' id='word_1_674' title='bbox 2114 4219 2219 4275; x_wconf 87' lang='lat' dir='ltr'><strong>hoc</strong></span> <span class='ocrx_word' id='word_1_675' title='bbox 2267 4217 2594 4273; x_wconf 87' lang='lat' dir='ltr'><strong>Pbilastrius</strong></span> <span class='ocrx_word' id='word_1_676' title='bbox 2649 4213 2986 4270; x_wconf 89' lang='lat' dir='ltr'><strong>eruditorum</strong></span> <span class='ocrx_word' id='word_1_677' title='bbox 3041 4226 3400 4277; x_wconf 89' lang='lat' dir='ltr'><strong>consensum,</strong></span> 
     </span>
    </p>
   </div>
   <div class='ocr_carea' id='block_1_89' title="bbox 1799 4303 3404 4374">
    <p class='ocr_par' dir='ltr' id='par_1_89' title="bbox 1799 4303 3404 4374">
     <span class='ocr_line' id='line_1_89' title="bbox 1799 4303 3404 4374; baseline -0.01 -3"><span class='ocrx_word' id='word_1_678' title='bbox 1799 4325 1946 4371; x_wconf 89' lang='lat' dir='ltr'><strong>recte</strong></span> <span class='ocrx_word' id='word_1_679' title='bbox 1986 4315 2055 4368; x_wconf 88' lang='lat' dir='ltr'><strong>ab</strong></span> <span class='ocrx_word' id='word_1_680' title='bbox 2085 4311 2280 4368; x_wconf 91' lang='lat' dir='ltr'><strong>eodem</strong></span> <span class='ocrx_word' id='word_1_681' title='bbox 2325 4307 2583 4365; x_wconf 87' lang='lat' dir='ltr'><strong>Fabricio</strong></span> <span class='ocrx_word' id='word_1_682' title='bbox 2630 4313 2948 4362; x_wconf 87' lang='lat' dir='ltr'><strong>annotatum</strong></span> <span class='ocrx_word' id='word_1_683' title='bbox 2976 4303 3080 4374; x_wconf 89' lang='grc' dir='ltr'><strong>(ο);</strong></span> <span class='ocrx_word' id='word_1_684' title='bbox 3115 4304 3282 4358; x_wconf 92' lang='lat' dir='ltr'><strong>immo</strong></span> <span class='ocrx_word' id='word_1_685' title='bbox 3307 4318 3404 4356; x_wconf 81' lang='lat' dir='ltr'><strong>ex-</strong></span> 
     </span>
    </p>
   </div>
   <div class='ocr_carea' id='block_1_90' title="bbox 1800 4392 3406 4477">
    <p class='ocr_par' dir='ltr' id='par_1_90' title="bbox 1800 4392 3406 4477">
     <span class='ocr_line' id='line_1_90' title="bbox 1800 4392 3406 4477; baseline -0.009 -14"><span class='ocrx_word' id='word_1_686' title='bbox 1800 4421 1988 4477; x_wconf 90' lang='lat' dir='ltr'><strong>presse</strong></span> <span class='ocrx_word' id='word_1_687' title='bbox 2019 4405 2252 4474; x_wconf 91' lang='lat' dir='ltr'><strong>idipsum</strong></span> <span class='ocrx_word' id='word_1_688' title='bbox 2275 4399 2604 4458; x_wconf 88' lang='lat' dir='ltr'><strong>Philastrius</strong></span> <span class='ocrx_word' id='word_1_689' title='bbox 2632 4399 2768 4454; x_wconf 87' lang='lat' dir='ltr'><strong>dicit</strong></span> <span class='ocrx_word' id='word_1_690' title='bbox 2796 4396 2898 4467; x_wconf 87' lang='lat' dir='ltr'><strong>(p),</strong></span> <span class='ocrx_word' id='word_1_691' title='bbox 2925 4395 3136 4452; x_wconf 91' lang='lat' dir='ltr'><strong>scilicet</strong></span> <span class='ocrx_word' id='word_1_692' title='bbox 3155 4411 3186 4448; x_wconf 91' lang='lat' dir='ltr'><strong>a</strong></span> <span class='ocrx_word' id='word_1_693' title='bbox 3223 4392 3406 4448; x_wconf 63' lang='lat' dir='ltr'><strong>Graeco</strong></span> 
     </span>
    </p>
   </div>
   <div class='ocr_carea' id='block_1_91' title="bbox 119 4488 3403 4573">
    <p class='ocr_par' dir='ltr' id='par_1_91' title="bbox 119 4488 3403 4573">
     <span class='ocr_line' id='line_1_91' title="bbox 119 4488 3403 4573; baseline -0.004 -20"><span class='ocrx_word' id='word_1_694' title='bbox 119 4505 186 4550; x_wconf 80' lang='lat' dir='ltr'><strong>ter</strong></span> <span class='ocrx_word' id='word_1_695' title='bbox 210 4502 491 4572; x_wconf 84' lang='lat' dir='ltr'><strong>cognitione</strong></span> <span class='ocrx_word' id='word_1_696' title='bbox 511 4503 669 4573; x_wconf 84' lang='lat' dir='ltr'><strong>digna</strong></span> <span class='ocrx_word' id='word_1_697' title='bbox 690 4501 956 4555; x_wconf 87' lang='lat' dir='ltr'><strong>admiscet.</strong></span> <span class='ocrx_word' id='word_1_698' title='bbox 991 4499 1083 4554; x_wconf 89' lang='lat' dir='ltr'><strong>Sic</strong></span> <span class='ocrx_word' id='word_1_699' title='bbox 1112 4498 1276 4569; x_wconf 91' lang='lat' dir='ltr'><strong>paulo</strong></span> <span class='ocrx_word' id='word_1_700' title='bbox 1305 4506 1426 4568; x_wconf 89' lang='lat' dir='ltr'><strong>post</strong></span> <span class='ocrx_word' id='word_1_701' title='bbox 1459 4513 1472 4550; x_wconf 89' lang='lat'>:</span> <span class='ocrx_word' id='word_1_702' title='bbox 1499 4495 1694 4550; x_wconf 78' lang='lat' dir='ltr'><strong>Grtecte</strong></span> <span class='ocrx_word' id='word_1_703' title='bbox 1720 4489 1774 4549; x_wconf 91' lang='lat' dir='ltr'><strong>D</strong></span> <span class='ocrx_word' id='word_1_704' title='bbox 1797 4515 1943 4568; x_wconf 88' lang='lat' dir='ltr'><strong>rege,</strong></span> <span class='ocrx_word' id='word_1_705' title='bbox 2001 4497 2106 4552; x_wconf 89' lang='lat' dir='ltr'><strong>hoc</strong></span> <span class='ocrx_word' id='word_1_706' title='bbox 2161 4506 2247 4551; x_wconf 88' lang='lat' dir='ltr'><strong>est</strong></span> <span class='ocrx_word' id='word_1_707' title='bbox 2293 4493 2544 4557; x_wconf 90' lang='lat' dir='ltr'><strong>Hellene,</strong></span> <span class='ocrx_word' id='word_1_708' title='bbox 2592 4491 2751 4563; x_wconf 77' lang='lat' dir='ltr'><strong>fuisse</strong></span> <span class='ocrx_word' id='word_1_709' title='bbox 2806 4490 3015 4544; x_wconf 75' lang='lat' dir='ltr'><strong>ercos</strong></span> <span class='ocrx_word' id='word_1_710' title='bbox 3073 4488 3403 4560; x_wconf 87' lang='lat' dir='ltr'><strong>appellatos;</strong></span> 
     </span>
    </p>
   </div>
   <div class='ocr_carea' id='block_1_92' title="bbox 121 4588 1692 4666">
    <p class='ocr_par' dir='ltr' id='par_1_92' title="bbox 121 4588 1692 4666">
     <span class='ocr_line' id='line_1_92' title="bbox 121 4588 1692 4666; baseline 0.002 -27"><span class='ocrx_word' id='word_1_711' title='bbox 121 4588 296 4662; x_wconf 78' lang='lat' dir='ltr'><strong>lingua:</strong></span> <span class='ocrx_word' id='word_1_712' title='bbox 329 4598 422 4665; x_wconf 74' lang='lat' dir='ltr'><strong>fuit</strong></span> <span class='ocrx_word' id='word_1_713' title='bbox 451 4597 667 4666; x_wconf 87' lang='lat' dir='ltr'><strong>peritus,</strong></span> <span class='ocrx_word' id='word_1_714' title='bbox 698 4610 818 4648; x_wconf 87' lang='lat' dir='ltr'><strong>nam</strong></span> <span class='ocrx_word' id='word_1_715' title='bbox 857 4590 1064 4647; x_wconf 72' lang='lat' dir='ltr'><strong>Greecos</strong></span> <span class='ocrx_word' id='word_1_716' title='bbox 1091 4602 1326 4645; x_wconf 89' lang='lat' dir='ltr'><strong>auctores</strong></span> <span class='ocrx_word' id='word_1_717' title='bbox 1347 4591 1470 4644; x_wconf 89' lang='lat' dir='ltr'><strong>citat</strong></span> <span class='ocrx_word' id='word_1_718' title='bbox 1493 4606 1513 4655; x_wconf 90' lang='lat'><em>;</em></span> <span class='ocrx_word' id='word_1_719' title='bbox 1534 4589 1692 4645; x_wconf 84' lang='lat' dir='ltr'><strong>Solo-</strong></span> 
     </span>
    </p>
   </div>
   <div class='ocr_carea' id='block_1_93' title="bbox 120 4685 1694 4752">
    <p class='ocr_par' dir='ltr' id='par_1_93' title="bbox 120 4685 1694 4752">
     <span class='ocr_line' id='line_1_93' title="bbox 120 4685 1694 4752; baseline 0.004 -18"><span class='ocrx_word' id='word_1_720' title='bbox 120 4697 239 4750; x_wconf 88' lang='lat' dir='ltr'><strong>nem,</strong></span> <span class='ocrx_word' id='word_1_721' title='bbox 282 4686 554 4745; x_wconf 88' lang='lat' dir='ltr'><strong>Platonem</strong></span> <span class='ocrx_word' id='word_1_722' title='bbox 591 4688 902 4752; x_wconf 74' lang='lat' dir='ltr'><strong>inTimxo,</strong></span> <span class='ocrx_word' id='word_1_723' title='bbox 933 4685 1247 4750; x_wconf 88' lang='lat' dir='ltr'><strong>Hesiodum,</strong></span> <span class='ocrx_word' id='word_1_724' title='bbox 1278 4685 1507 4740; x_wconf 89' lang='lat' dir='ltr'><strong>Hermen</strong></span> <span class='ocrx_word' id='word_1_725' title='bbox 1549 4685 1694 4740; x_wconf 82' lang='lat' dir='ltr'><strong>Tris—</strong></span> 
     </span>
    </p>
   </div>
   <div class='ocr_carea' id='block_1_94' title="bbox 121 4777 1694 4851">
    <p class='ocr_par' dir='ltr' id='par_1_94' title="bbox 121 4777 1694 4851">
     <span class='ocr_line' id='line_1_94' title="bbox 121 4777 1694 4851; baseline 0.004 -24"><span class='ocrx_word' id='word_1_726' title='bbox 121 4778 390 4848; x_wconf 79' lang='lat' dir='ltr'><strong>megislum,</strong></span> <span class='ocrx_word' id='word_1_727' title='bbox 421 4780 773 4837; x_wconf 87' lang='lat' dir='ltr'><strong>Democritum</strong></span> <span class='ocrx_word' id='word_1_728' title='bbox 796 4798 816 4847; x_wconf 87' lang='lat'><strong><em>;</em></strong></span> <span class='ocrx_word' id='word_1_729' title='bbox 846 4780 1083 4851; x_wconf 87' lang='lat' dir='ltr'><strong>denique</strong></span> <span class='ocrx_word' id='word_1_730' title='bbox 1103 4777 1308 4834; x_wconf 87' lang='lat' dir='ltr'><strong>addunt</strong></span> <span class='ocrx_word' id='word_1_731' title='bbox 1333 4795 1348 4830; x_wconf 87' lang='lat'><strong>:</strong></span> <span class='ocrx_word' id='word_1_732' title='bbox 1381 4777 1448 4833; x_wconf 86' lang='lat' dir='ltr'><strong>In</strong></span> <span class='ocrx_word' id='word_1_733' title='bbox 1475 4779 1570 4834; x_wconf 93' lang='lat' dir='ltr'><strong>illo</strong></span> <span class='ocrx_word' id='word_1_734' title='bbox 1599 4795 1694 4834; x_wconf 87' lang='lat' dir='ltr'><strong>suo</strong></span> 
     </span>
    </p>
   </div>
   <div class='ocr_carea' id='block_1_95' title="bbox 186 4936 586 5078">
    <p class='ocr_par' dir='ltr' id='par_1_95' title="bbox 186 4936 586 5078">
     <span class='ocr_line' id='line_1_95' title="bbox 186 4936 586 5078; baseline 0.005 -82"><span class='ocrx_word' id='word_1_735' title='bbox 186 4936 258 5078; x_wconf 48' lang='grc' dir='ltr'><strong>(αξ</strong></span> <span class='ocrx_word' id='word_1_736' title='bbox 294 4941 418 5014; x_wconf 81' lang='lat' dir='ltr'><strong>Pag.</strong></span> <span class='ocrx_word' id='word_1_737' title='bbox 458 4942 586 4999; x_wconf 68' lang='grc'><strong>182.</strong></span> 
     </span>
     <span class='ocr_line' id='line_1_96' title="bbox 186 5009 586 5078; baseline -0.01 -7"><span class='ocrx_word' id='word_1_738' title='bbox 186 5009 236 5071; x_wconf 70' lang='lat' dir='ltr'><strong>lb</strong></span> <span class='ocrx_word' id='word_1_739' title='bbox 295 5012 419 5078; x_wconf 75' lang='lat' dir='ltr'><strong>Pag.</strong></span> <span class='ocrx_word' id='word_1_740' title='bbox 463 5013 586 5070; x_wconf 71' lang='grc'><strong>192.</strong></span> 
     </span>
    </p>
   </div>
   <div class='ocr_carea' id='block_1_96' title="bbox 186 5009 588 5084">
    <p class='ocr_par' dir='ltr' id='par_1_96' title="bbox 186 5009 588 5084">
     <span class='ocr_line' id='line_1_97' title="bbox 186 5009 588 5084; baseline -0.01 -13"><span class='ocrx_word' id='word_1_741' title='bbox 186 5009 258 5084; x_wconf 36' lang='grc' dir='ltr'><strong>(ιδ)</strong></span> <span class='ocrx_word' id='word_1_742' title='bbox 295 5009 419 5084; x_wconf 59' lang='lat' dir='ltr'><strong>Pas}.</strong></span> <span class='ocrx_word' id='word_1_743' title='bbox 463 5013 588 5070; x_wconf 71' lang='grc'><strong>192.</strong></span> 
     </span>
    </p>
   </div>
   <div class='ocr_carea' id='block_1_97' title="bbox 189 5078 768 5154">
    <p class='ocr_par' dir='ltr' id='par_1_97' title="bbox 189 5078 768 5154">
     <span class='ocr_line' id='line_1_98' title="bbox 189 5078 768 5154; baseline -0.024 -5"><span class='ocrx_word' id='word_1_744' title='bbox 189 5078 260 5154; x_wconf 73' lang='lat' dir='ltr'><strong>(c)</strong></span> <span class='ocrx_word' id='word_1_745' title='bbox 291 5078 426 5154; x_wconf 76' lang='lat' dir='ltr'><strong>_Cap.</strong></span> <span class='ocrx_word' id='word_1_746' title='bbox 467 5086 523 5151; x_wconf 84' lang='lat'><strong>5,</strong></span> <span class='ocrx_word' id='word_1_747' title='bbox 556 5099 610 5154; x_wconf 89' lang='lat' dir='ltr'><strong>p.</strong></span> <span class='ocrx_word' id='word_1_748' title='bbox 642 5083 768 5154; x_wconf 73' lang='lat'><strong>202.</strong></span> 
     </span>
    </p>
   </div>
   <div class='ocr_carea' id='block_1_98' title="bbox 187 5151 815 5266">
    <p class='ocr_par' dir='ltr' id='par_1_98' title="bbox 187 5151 815 5266">
     <span class='ocr_line' id='line_1_99' title="bbox 187 5151 815 5266; baseline -0.014 -50"><span class='ocrx_word' id='word_1_749' title='bbox 187 5151 264 5266; x_wconf 45' lang='grc' dir='ltr'><strong>βά)</strong></span> <span class='ocrx_word' id='word_1_750' title='bbox 291 5151 539 5210; x_wconf 79' lang='lat' dir='ltr'><strong>Philastr.</strong></span> <span class='ocrx_word' id='word_1_751' title='bbox 560 5151 694 5223; x_wconf 42' lang='lat' dir='ltr'><strong>&#39;cap.</strong></span> <span class='ocrx_word' id='word_1_752' title='bbox 723 5153 815 5208; x_wconf 87' lang='lat'><strong>67.</strong></span> 
     </span>
     <span class='ocr_line' id='line_1_100' title="bbox 207 5221 559 5266; baseline 0 0"><span class='ocrx_word' id='word_1_753' title='bbox 207 5221 252 5266; x_wconf 83' lang='lat' dir='ltr'><strong>el</strong></span> <span class='ocrx_word' id='word_1_754' title='bbox 293 5223 395 5266; x_wconf 72' lang='lat' dir='ltr'><strong>Pan</strong></span> <span class='ocrx_word' id='word_1_755' title='bbox 453 5225 559 5266; x_wconf 68' lang='lat' dir='ltr'><strong>x&#39;m</strong></span> 
     </span>
    </p>
   </div>
   <div class='ocr_carea' id='block_1_99' title="bbox 192 5223 580 5292">
    <p class='ocr_par' dir='ltr' id='par_1_99' title="bbox 192 5223 580 5292">
     <span class='ocr_line' id='line_1_101' title="bbox 192 5223 580 5292; baseline 0.013 -15"><span class='ocrx_word' id='word_1_756' title='bbox 192 5223 252 5292; x_wconf 75' lang='lat' dir='ltr'><strong>[ej</strong></span> <span class='ocrx_word' id='word_1_757' title='bbox 293 5223 415 5292; x_wconf 64' lang='lat' dir='ltr'><strong>Patr.</strong></span> <span class='ocrx_word' id='word_1_758' title='bbox 453 5225 580 5282; x_wconf 78' lang='lat'><strong>370.</strong></span> 
     </span>
    </p>
   </div>
   <div class='ocr_carea' id='block_1_100' title="bbox 213 5291 817 5366">
    <p class='ocr_par' dir='ltr' id='par_1_100' title="bbox 213 5291 817 5366">
     <span class='ocr_line' id='line_1_102' title="bbox 213 5291 817 5366; baseline -0.005 -15"><span class='ocrx_word' id='word_1_759' title='bbox 213 5291 256 5361; x_wconf 82' lang='lat' dir='ltr'><strong>f)</strong></span> <span class='ocrx_word' id='word_1_760' title='bbox 293 5291 540 5366; x_wconf 74' lang='lat' dir='ltr'><strong>Philastr.</strong></span> <span class='ocrx_word' id='word_1_761' title='bbox 573 5309 695 5366; x_wconf 89' lang='lat' dir='ltr'><strong>cap.</strong></span> <span class='ocrx_word' id='word_1_762' title='bbox 722 5293 817 5349; x_wconf 72' lang='lat'><strong>29.</strong></span> 
     </span>
    </p>
   </div>
   <div class='ocr_carea' id='block_1_101' title="bbox 299 5547 565 5647">
    <p class='ocr_par' dir='ltr' id='par_1_101' title="bbox 299 5547 565 5647">
     <span class='ocr_line' id='line_1_103' title="bbox 299 5547 565 5647; baseline 0.019 -20"><span class='ocrx_word' id='word_1_763' title='bbox 299 5547 422 5647; x_wconf 64' lang='grc' dir='ltr'><strong>ῥέἕξ</strong></span> <span class='ocrx_word' id='word_1_764' title='bbox 453 5547 565 5632; x_wconf 64' lang='grc' dir='ltr'><strong>ἶίὶ</strong></span> 
     </span>
    </p>
   </div>
   <div class='ocr_carea' id='block_1_102' title="bbox 193 5573 593 5776">
    <p class='ocr_par' dir='ltr' id='par_1_102' title="bbox 193 5573 593 5776">
     <span class='ocr_line' id='line_1_104' title="bbox 227 5573 585 5647; baseline 0.02 -22"><span class='ocrx_word' id='word_1_765' title='bbox 227 5573 260 5640; x_wconf 93' lang='grc'><strong>·)</strong></span> <span class='ocrx_word' id='word_1_766' title='bbox 299 5573 420 5647; x_wconf 68' lang='lat' dir='ltr'><strong>pag.</strong></span> <span class='ocrx_word' id='word_1_767' title='bbox 461 5577 585 5632; x_wconf 74' lang='lat' dir='ltr'><strong>ut.</strong></span> 
     </span>
     <span class='ocr_line' id='line_1_105' title="bbox 193 5573 593 5776; baseline -0.003 0"><span class='ocrx_word' id='word_1_768' title='bbox 193 5573 266 5776; x_wconf 42' lang='lat' dir='ltr'><strong>ll),</strong></span> <span class='ocrx_word' id='word_1_769' title='bbox 296 5641 425 5776; x_wconf 57' lang='grc' dir='ltr'><strong>ἕῗῖ</strong></span> <span class='ocrx_word' id='word_1_770' title='bbox 445 5649 593 5776; x_wconf 49' lang='grc' dir='ltr'><strong>ἕξεθ’</strong></span> 
     </span>
    </p>
   </div>
   <div class='ocr_carea' id='block_1_103' title="bbox 223 5710 568 5789">
    <p class='ocr_par' dir='ltr' id='par_1_103' title="bbox 223 5710 568 5789">
     <span class='ocr_line' id='line_1_106' title="bbox 223 5710 568 5789; baseline 0 -13"><span class='ocrx_word' id='word_1_771' title='bbox 223 5710 258 5776; x_wconf 68' lang='grc' dir='ltr'><strong>ι)</strong></span> <span class='ocrx_word' id='word_1_772' title='bbox 296 5710 418 5789; x_wconf 68' lang='grc' dir='ltr'><strong>Ρδέ.</strong></span> <span class='ocrx_word' id='word_1_773' title='bbox 445 5710 568 5776; x_wconf 65' lang='grc' dir='ltr'><strong>ὶιόξ</strong></span> 
     </span>
    </p>
   </div>
   <div class='ocr_carea' id='block_1_104' title="bbox 1797 4576 3398 4662">
    <p class='ocr_par' dir='ltr' id='par_1_104' title="bbox 1797 4576 3398 4662">
     <span class='ocr_line' id='line_1_107' title="bbox 1797 4576 3398 4662; baseline -0.008 -19"><span class='ocrx_word' id='word_1_774' title='bbox 1797 4605 1956 4662; x_wconf 92' lang='lat' dir='ltr'><strong>quem</strong></span> <span class='ocrx_word' id='word_1_775' title='bbox 1979 4603 2141 4658; x_wconf 90' lang='lat' dir='ltr'><strong>supra</strong></span> <span class='ocrx_word' id='word_1_776' title='bbox 2163 4585 2434 4658; x_wconf 86' lang='lat' dir='ltr'><strong>Paganum</strong></span> <span class='ocrx_word' id='word_1_777' title='bbox 2457 4598 2627 4656; x_wconf 82' lang='lat' dir='ltr'><strong>regem</strong></span> <span class='ocrx_word' id='word_1_778' title='bbox 2648 4582 2883 4647; x_wconf 81' lang='lat' dir='ltr'><strong>vocavit,</strong></span> <span class='ocrx_word' id='word_1_779' title='bbox 2907 4595 2936 4634; x_wconf 92' lang='lat' dir='ltr'><strong>a</strong></span> <span class='ocrx_word' id='word_1_780' title='bbox 2951 4595 3057 4650; x_wconf 93' lang='lat' dir='ltr'><strong>quo</strong></span> <span class='ocrx_word' id='word_1_781' title='bbox 3071 4578 3279 4650; x_wconf 84' lang='lat' dir='ltr'><strong>Pagani</strong></span> <span class='ocrx_word' id='word_1_782' title='bbox 3300 4576 3398 4649; x_wconf 74' lang='grc' dir='ltr'><strong>(ιι).</strong></span> 
     </span>
    </p>
   </div>
   <div class='ocr_carea' id='block_1_105' title="bbox 1800 4670 3402 4746">
    <p class='ocr_par' dir='ltr' id='par_1_105' title="bbox 1800 4670 3402 4746">
     <span class='ocr_line' id='line_1_108' title="bbox 1800 4670 3402 4746; baseline -0.009 -8"><span class='ocrx_word' id='word_1_783' title='bbox 1800 4681 2094 4738; x_wconf 79' lang='lat' dir='ltr'><strong>Modestius</strong></span> <span class='ocrx_word' id='word_1_784' title='bbox 2146 4678 2398 4746; x_wconf 90' lang='lat' dir='ltr'><strong>quidem,</strong></span> <span class='ocrx_word' id='word_1_785' title='bbox 2457 4690 2521 4730; x_wconf 89' lang='lat' dir='ltr'><strong>ac</strong></span> <span class='ocrx_word' id='word_1_786' title='bbox 2574 4672 2940 4729; x_wconf 77' lang='lat' dir='ltr'><strong>verecundius</strong></span> <span class='ocrx_word' id='word_1_787' title='bbox 2986 4671 3055 4725; x_wconf 87' lang='lat' dir='ltr'><strong>de</strong></span> <span class='ocrx_word' id='word_1_788' title='bbox 3105 4670 3402 4724; x_wconf 89' lang='lat' dir='ltr'><strong>Philastrio</strong></span> 
     </span>
    </p>
   </div>
   <div class='ocr_carea' id='block_1_106' title="bbox 1800 4759 3402 4835">
    <p class='ocr_par' dir='ltr' id='par_1_106' title="bbox 1800 4759 3402 4835">
     <span class='ocr_line' id='line_1_109' title="bbox 1800 4759 3402 4835; baseline -0.01 -3"><span class='ocrx_word' id='word_1_789' title='bbox 1800 4772 1976 4833; x_wconf 89' lang='lat' dir='ltr'><strong>sensit</strong></span> <span class='ocrx_word' id='word_1_790' title='bbox 1998 4769 2326 4828; x_wconf 86' lang='lat' dir='ltr'><strong>Guillelmus</strong></span> <span class='ocrx_word' id='word_1_791' title='bbox 2356 4768 2592 4834; x_wconf 78' lang='lat' dir='ltr'><strong>Caveas,</strong></span> <span class='ocrx_word' id='word_1_792' title='bbox 2613 4766 2776 4835; x_wconf 90' lang='lat' dir='ltr'><strong>cujus</strong></span> <span class='ocrx_word' id='word_1_793' title='bbox 2813 4765 2930 4820; x_wconf 65' lang='lat' dir='ltr'><strong>haec</strong></span> <span class='ocrx_word' id='word_1_794' title='bbox 2961 4771 3090 4819; x_wconf 90' lang='lat' dir='ltr'><strong>sunt</strong></span> <span class='ocrx_word' id='word_1_795' title='bbox 3121 4762 3286 4818; x_wconf 78' lang='lat' dir='ltr'><strong>verba</strong></span> <span class='ocrx_word' id='word_1_796' title='bbox 3307 4759 3402 4832; x_wconf 89' lang='lat' dir='ltr'><strong>(r):</strong></span> 
     </span>
    </p>
   </div>
   <div class='ocr_carea' id='block_1_107' title="bbox 1880 4891 3408 5005">
    <p class='ocr_par' dir='ltr' id='par_1_107' title="bbox 1880 4891 3408 5005">
     <span class='ocr_line' id='line_1_110' title="bbox 1880 4891 3408 5005; baseline -0.007 -18"><span class='ocrx_word' id='word_1_797' title='bbox 1880 4931 2224 5005; x_wconf 17' lang='lat' dir='ltr'><strong>(m)7E_o_dem</strong></span> <span class='ocrx_word' id='word_1_798' title='bbox 2256 4927 2374 5005; x_wconf 74' lang='lat' dir='ltr'><strong>fere</strong></span> <span class='ocrx_word' id='word_1_799' title='bbox 2401 4891 2658 5005; x_wconf 56' lang='lat' dir='ltr'><strong>loquendi</strong></span> <span class='ocrx_word' id='word_1_800' title='bbox 2693 4923 2863 5005; x_wconf 65' lang='lat' dir='ltr'><strong>modo</strong></span> <span class='ocrx_word' id='word_1_801' title='bbox 2904 4907 3256 4979; x_wconf 80' lang='lat' dir='ltr'><strong>Philastrium</strong></span> <span class='ocrx_word' id='word_1_802' title='bbox 3287 4937 3408 5005; x_wconf 67' lang='lat' dir='ltr'><strong>cas-</strong></span> 
     </span>
    </p>
   </div>
   <div class='ocr_carea' id='block_1_108' title="bbox 1804 4994 3404 5080">
    <p class='ocr_par' dir='ltr' id='par_1_108' title="bbox 1804 4994 3404 5080">
     <span class='ocr_line' id='line_1_111' title="bbox 1804 4994 3404 5080; baseline -0.008 -19"><span class='ocrx_word' id='word_1_803' title='bbox 1804 4994 2248 5080; x_wconf 59' lang='lat' dir='ltr'><strong>tig_:‘tt&#39;S_eldenus</strong></span> <span class='ocrx_word' id='word_1_804' title='bbox 2300 4999 2368 5054; x_wconf 91' lang='lat' dir='ltr'><strong>de</strong></span> <span class='ocrx_word' id='word_1_805' title='bbox 2395 4994 2547 5080; x_wconf 60' lang='lat' dir='ltr'><strong>piis}~</strong></span> <span class='ocrx_word' id='word_1_806' title='bbox 2587 4996 2740 5080; x_wconf 73' lang='lat' dir='ltr'><strong>Syris</strong></span> <span class='ocrx_word' id='word_1_807' title='bbox 2788 4995 3076 5080; x_wconf 54' lang='grc' dir='ltr'><strong>ὃγιιιξξβηιἶ</strong></span> <span class='ocrx_word' id='word_1_808' title='bbox 3127 5010 3166 5060; x_wconf 86' lang='grc' dir='ltr'><strong>ι,</strong></span> <span class='ocrx_word' id='word_1_809' title='bbox 3209 5009 3264 5078; x_wconf 41' lang='grc' dir='ltr'><strong>ρ..</strong></span> <span class='ocrx_word' id='word_1_810' title='bbox 3311 4994 3404 5080; x_wconf 68' lang='grc' dir='ltr'><strong>θξὸ,</strong></span> 
     </span>
    </p>
   </div>
   <div class='ocr_carea' id='block_1_109' title="bbox 1801 5065 3407 5159">
    <p class='ocr_par' dir='ltr' id='par_1_109' title="bbox 1801 5065 3407 5159">
     <span class='ocr_line' id='line_1_112' title="bbox 1801 5065 3407 5159; baseline -0.007 -28"><span class='ocrx_word' id='word_1_811' title='bbox 1801 5065 1957 5159; x_wconf 58' lang='lat' dir='ltr'><strong>cuius</strong></span> <span class='ocrx_word' id='word_1_812' title='bbox 2001 5074 2178 5156; x_wconf 80' lang='lat' dir='ltr'><strong>locum</strong></span> <span class='ocrx_word' id='word_1_813' title='bbox 2234 5068 2456 5142; x_wconf 88' lang='lat' dir='ltr'><strong>protulit</strong></span> <span class='ocrx_word' id='word_1_814' title='bbox 2505 5065 2789 5124; x_wconf 80' lang='lat' dir='ltr'><strong>Fabricius</strong></span> <span class='ocrx_word' id='word_1_815' title='bbox 2832 5065 2886 5122; x_wconf 94' lang='lat' dir='ltr'><strong>in</strong></span> <span class='ocrx_word' id='word_1_816' title='bbox 2927 5065 3283 5121; x_wconf 88' lang='lat' dir='ltr'><strong>Testimoniis</strong></span> <span class='ocrx_word' id='word_1_817' title='bbox 3337 5065 3407 5120; x_wconf 91' lang='lat' dir='ltr'><strong>de</strong></span> 
     </span>
    </p>
   </div>
   <div class='ocr_carea' id='block_1_110' title="bbox 1800 5147 3402 5424">
    <p class='ocr_par' dir='ltr' id='par_1_110' title="bbox 1800 5147 3402 5424">
     <span class='ocr_line' id='line_1_113' title="bbox 1800 5147 3402 5288; baseline -0.007 -17"><span class='ocrx_word' id='word_1_818' title='bbox 1800 5147 2118 5288; x_wconf 50' lang='lat' dir='ltr'><strong>Pll&#39;rlssggt</strong></span> <span class='ocrx_word' id='word_1_819' title='bbox 2137 5213 2204 5268; x_wconf 90' lang='lat' dir='ltr'><strong>ad</strong></span> <span class='ocrx_word' id='word_1_820' title='bbox 2225 5212 2488 5268; x_wconf 88' lang='lat' dir='ltr'><strong>Philastr.</strong></span> <span class='ocrx_word' id='word_1_821' title='bbox 2511 5225 2632 5281; x_wconf 90' lang='lat' dir='ltr'><strong>cap.</strong></span> <span class='ocrx_word' id='word_1_822' title='bbox 2652 5211 2676 5263; x_wconf 89' lang='grc'><strong>1</strong></span> <span class='ocrx_word' id='word_1_823' title='bbox 2691 5209 2750 5264; x_wconf 92' lang='grc'><strong>11</strong></span> <span class='ocrx_word' id='word_1_824' title='bbox 2771 5217 2886 5262; x_wconf 85' lang='grc' dir='ltr'><strong>ιιοι.</strong></span> <span class='ocrx_word' id='word_1_825' title='bbox 2909 5206 2977 5262; x_wconf 88' lang='lat' dir='ltr'><strong>Ut</strong></span> <span class='ocrx_word' id='word_1_826' title='bbox 2999 5208 3072 5260; x_wconf 85' lang='lat' dir='ltr'><strong>ait</strong></span> <span class='ocrx_word' id='word_1_827' title='bbox 3119 5205 3402 5261; x_wconf 85' lang='lat' dir='ltr'><strong>Hesiodus.</strong></span> 
     </span>
     <span class='ocr_line' id='line_1_114' title="bbox 1867 5220 3322 5424; baseline -0.008 -82"><span class='ocrx_word' id='word_1_828' title='bbox 1867 5220 1949 5424; x_wconf 49' lang='lat' dir='ltr'><strong>go;</strong></span> <span class='ocrx_word' id='word_1_829' title='bbox 1990 5285 2110 5340; x_wconf 80' lang='lat' dir='ltr'><strong>Vid.</strong></span> <span class='ocrx_word' id='word_1_830' title='bbox 2143 5284 2215 5366; x_wconf 32' lang='lat' dir='ltr'><strong>ad.</strong></span> <span class='ocrx_word' id='word_1_831' title='bbox 2233 5299 2353 5353; x_wconf 89' lang='lat' dir='ltr'><strong>cap.</strong></span> <span class='ocrx_word' id='word_1_832' title='bbox 2379 5283 2473 5337; x_wconf 88' lang='grc'><strong>111</strong></span> <span class='ocrx_word' id='word_1_833' title='bbox 2509 5291 2624 5336; x_wconf 90' lang='lat' dir='ltr'><strong>not.</strong></span> <span class='ocrx_word' id='word_1_834' title='bbox 2654 5278 2740 5335; x_wconf 86' lang='lat' dir='ltr'><strong>Ex</strong></span> <span class='ocrx_word' id='word_1_835' title='bbox 2765 5295 2884 5352; x_wconf 87' lang='lat' dir='ltr'><strong>rege</strong></span> <span class='ocrx_word' id='word_1_836' title='bbox 2909 5295 3134 5351; x_wconf 89' lang='lat' dir='ltr'><strong>pagano.</strong></span> <span class='ocrx_word' id='word_1_837' title='bbox 3169 5279 3322 5333; x_wconf 75' lang='lat' dir='ltr'><strong>Em&#39;r.</strong></span> 
     </span>
     <span class='ocr_line' id='line_1_115' title="bbox 1893 5353 3268 5424; baseline -0.007 -12"><span class='ocrx_word' id='word_1_838' title='bbox 1893 5377 1926 5424; x_wconf 89' lang='lat' dir='ltr'><strong>p</strong></span> <span class='ocrx_word' id='word_1_839' title='bbox 1988 5355 2310 5424; x_wconf 81' lang='lat' dir='ltr'><strong>Supradicto</strong></span> <span class='ocrx_word' id='word_1_840' title='bbox 2339 5368 2460 5424; x_wconf 89' lang='lat' dir='ltr'><strong>cap.</strong></span> <span class='ocrx_word' id='word_1_841' title='bbox 2495 5353 2620 5408; x_wconf 88' lang='grc'><strong>111.</strong></span> <span class='ocrx_word' id='word_1_842' title='bbox 2718 5423 2747 5424; x_wconf 30' lang='grc' dir='ltr'><em>η</em></span> <span class='ocrx_word' id='word_1_843' title='bbox 2816 5421 2827 5424; x_wconf 92' lang='lat'>_</span> <span class='ocrx_word' id='word_1_844' title='bbox 2899 5418 2959 5424; x_wconf 88' lang='lat'><strong>__</strong></span> <span class='ocrx_word' id='word_1_845' title='bbox 2986 5419 3019 5424; x_wconf 43' lang='grc' dir='ltr'><strong>η</strong></span> <span class='ocrx_word' id='word_1_846' title='bbox 3143 5420 3154 5424; x_wconf 87' lang='lat'>_</span> <span class='ocrx_word' id='word_1_847' title='bbox 3255 5419 3268 5424; x_wconf 94' lang='lat'><em>_</em></span> 
     </span>
    </p>
   </div>
   <div class='ocr_carea' id='block_1_111' title="bbox 1895 5287 1949 5499">
    <p class='ocr_par' dir='ltr' id='par_1_111' title="bbox 1895 5287 1949 5499">
     <span class='ocr_line' id='line_1_116' title="bbox 1895 5287 1949 5499; baseline 0 0"><span class='ocrx_word' id='word_1_848' title='bbox 1895 5287 1949 5499; x_wconf 54' lang='grc' dir='ltr'><em>οξ</em></span> 
     </span>
     <span class='ocr_line' id='line_1_117' title="bbox 1895 5377 1926 5429; baseline 0 0"><span class='ocrx_word' id='word_1_849' title='bbox 1895 5377 1926 5429; x_wconf 81' lang='grc' dir='ltr'><strong>Ρ</strong></span> 
     </span>
     <span class='ocr_line' id='line_1_118' title="bbox 1895 5446 1926 5499; baseline 0 -17"><span class='ocrx_word' id='word_1_850' title='bbox 1895 5446 1926 5499; x_wconf 88' lang='lat' dir='ltr'><strong>q</strong></span> 
     </span>
    </p>
   </div>
   <div class='ocr_carea' id='block_1_112' title="bbox 1990 5278 3322 5353">
    <p class='ocr_par' dir='ltr' id='par_1_112' title="bbox 1990 5278 3322 5353">
     <span class='ocr_line' id='line_1_119' title="bbox 1990 5278 3322 5353; baseline -0.007 -13"><span class='ocrx_word' id='word_1_851' title='bbox 1990 5285 2110 5340; x_wconf 80' lang='lat' dir='ltr'><strong>Vid.</strong></span> <span class='ocrx_word' id='word_1_852' title='bbox 2143 5284 2210 5338; x_wconf 92' lang='lat' dir='ltr'><strong>ad</strong></span> <span class='ocrx_word' id='word_1_853' title='bbox 2233 5299 2353 5353; x_wconf 89' lang='lat' dir='ltr'><strong>cap.</strong></span> <span class='ocrx_word' id='word_1_854' title='bbox 2379 5283 2473 5337; x_wconf 88' lang='grc'><strong>111</strong></span> <span class='ocrx_word' id='word_1_855' title='bbox 2509 5278 2624 5336; x_wconf 79' lang='lat' dir='ltr'><strong>not.</strong></span> <span class='ocrx_word' id='word_1_856' title='bbox 2654 5278 2740 5335; x_wconf 86' lang='lat' dir='ltr'><strong>Ex</strong></span> <span class='ocrx_word' id='word_1_857' title='bbox 2765 5295 2884 5352; x_wconf 87' lang='lat' dir='ltr'><strong>rege</strong></span> <span class='ocrx_word' id='word_1_858' title='bbox 2909 5295 3134 5351; x_wconf 87' lang='lat' dir='ltr'><strong>pagano.</strong></span> <span class='ocrx_word' id='word_1_859' title='bbox 3169 5279 3322 5333; x_wconf 75' lang='lat' dir='ltr'><strong>Em&#39;r.</strong></span> 
     </span>
    </p>
   </div>
   <div class='ocr_carea' id='block_1_113' title="bbox 1893 5353 2620 5429">
    <p class='ocr_par' dir='ltr' id='par_1_113' title="bbox 1893 5353 2620 5429">
     <span class='ocr_line' id='line_1_120' title="bbox 1893 5353 2620 5429; baseline -0.008 -17"><span class='ocrx_word' id='word_1_860' title='bbox 1893 5353 1949 5429; x_wconf 91' lang='lat' dir='ltr'><strong>p)</strong></span> <span class='ocrx_word' id='word_1_861' title='bbox 1988 5355 2310 5429; x_wconf 73' lang='lat' dir='ltr'><strong>Supradicto</strong></span> <span class='ocrx_word' id='word_1_862' title='bbox 2339 5368 2460 5429; x_wconf 77' lang='lat' dir='ltr'><strong>cap.</strong></span> <span class='ocrx_word' id='word_1_863' title='bbox 2495 5353 2620 5429; x_wconf 78' lang='grc'><strong>111.</strong></span> 
     </span>
    </p>
   </div>
   <div class='ocr_carea' id='block_1_114' title="bbox 1871 5418 3404 5546">
    <p class='ocr_par' dir='ltr' id='par_1_114' title="bbox 1871 5418 3404 5546">
     <span class='ocr_line' id='line_1_121' title="bbox 1871 5418 3404 5546; baseline -0.006 -66"><span class='ocrx_word' id='word_1_864' title='bbox 1990 5418 2232 5499; x_wconf 75' lang='lat' dir='ltr'><strong>Paganos</strong></span> <span class='ocrx_word' id='word_1_865' title='bbox 2257 5441 2356 5498; x_wconf 86' lang='lat' dir='ltr'><strong>pro</strong></span> <span class='ocrx_word' id='word_1_866' title='bbox 2379 5423 2574 5479; x_wconf 72' lang='lat' dir='ltr'><strong>ercis</strong></span> <span class='ocrx_word' id='word_1_867' title='bbox 2600 5421 2830 5546; x_wconf 43' lang='lat' dir='ltr'><strong>intelligi</strong></span> <span class='ocrx_word' id='word_1_868' title='bbox 2853 5418 3195 5474; x_wconf 87' lang='lat' dir='ltr'><strong>aPhiIastrio</strong></span> <span class='ocrx_word' id='word_1_869' title='bbox 3217 5419 3404 5474; x_wconf 83' lang='lat' dir='ltr'><strong>obser-</strong></span> 
     </span>
     <span class='ocr_line' id='line_1_122' title="bbox 1871 5489 3403 5546; baseline -0.005 0"><span class='ocrx_word' id='word_1_870' title='bbox 1871 5501 2096 5546; x_wconf 77' lang='lat' dir='ltr'><strong>vitidem</strong></span> <span class='ocrx_word' id='word_1_871' title='bbox 2150 5495 2432 5546; x_wconf 81' lang='lat' dir='ltr'><strong>Fabricius</strong></span> <span class='ocrx_word' id='word_1_872' title='bbox 2451 5495 2517 5546; x_wconf 84' lang='lat' dir='ltr'><strong>ad</strong></span> <span class='ocrx_word' id='word_1_873' title='bbox 2563 5509 2684 5546; x_wconf 86' lang='lat' dir='ltr'><strong>can.</strong></span> <span class='ocrx_word' id='word_1_874' title='bbox 2743 5495 2766 5546; x_wconf 88' lang='grc'><strong>1</strong></span> <span class='ocrx_word' id='word_1_875' title='bbox 2815 5494 2870 5546; x_wconf 81' lang='lat'><strong>5.</strong></span> <span class='ocrx_word' id='word_1_876' title='bbox 2915 5505 3026 5544; x_wconf 87' lang='lat' dir='ltr'><strong>nm.</strong></span> <span class='ocrx_word' id='word_1_877' title='bbox 3073 5489 3155 5542; x_wconf 82' lang='lat' dir='ltr'><strong>Ad</strong></span> <span class='ocrx_word' id='word_1_878' title='bbox 3189 5503 3403 5546; x_wconf 73' lang='lat' dir='ltr'><strong>amcos,</strong></span> 
     </span>
    </p>
   </div>
   <div class='ocr_carea' id='block_1_115' title="bbox 1797 5489 3403 5564">
    <p class='ocr_par' dir='ltr' id='par_1_115' title="bbox 1797 5489 3403 5564">
     <span class='ocr_line' id='line_1_123' title="bbox 1797 5489 3403 5564; baseline -0.011 -9"><span class='ocrx_word' id='word_1_879' title='bbox 1797 5489 2096 5555; x_wconf 69' lang='lat' dir='ltr'><strong>vavitidem</strong></span> <span class='ocrx_word' id='word_1_880' title='bbox 2149 5489 2432 5552; x_wconf 65' lang='lat' dir='ltr'><strong>Fabricius</strong></span> <span class='ocrx_word' id='word_1_881' title='bbox 2451 5495 2517 5549; x_wconf 84' lang='lat' dir='ltr'><strong>ad</strong></span> <span class='ocrx_word' id='word_1_882' title='bbox 2563 5509 2684 5564; x_wconf 85' lang='lat' dir='ltr'><strong>cap.</strong></span> <span class='ocrx_word' id='word_1_883' title='bbox 2743 5489 2870 5558; x_wconf 79' lang='grc'><strong>115,</strong></span> <span class='ocrx_word' id='word_1_884' title='bbox 2908 5505 3026 5564; x_wconf 68' lang='lat' dir='ltr'><strong>nm.</strong></span> <span class='ocrx_word' id='word_1_885' title='bbox 3073 5489 3155 5542; x_wconf 82' lang='lat' dir='ltr'><strong>Ad</strong></span> <span class='ocrx_word' id='word_1_886' title='bbox 3188 5503 3403 5564; x_wconf 55' lang='lat' dir='ltr'><strong>grgcos,</strong></span> 
     </span>
    </p>
   </div>
   <div class='ocr_carea' id='block_1_116' title="bbox 1801 5557 3411 5636">
    <p class='ocr_par' dir='ltr' id='par_1_116' title="bbox 1801 5557 3411 5636">
     <span class='ocr_line' id='line_1_124' title="bbox 1801 5557 3411 5636; baseline -0.012 -9"><span class='ocrx_word' id='word_1_887' title='bbox 1801 5569 1894 5627; x_wconf 89' lang='lat' dir='ltr'><strong>ubi</strong></span> <span class='ocrx_word' id='word_1_888' title='bbox 1907 5571 2088 5636; x_wconf 87' lang='lat' dir='ltr'><strong>docet,</strong></span> <span class='ocrx_word' id='word_1_889' title='bbox 2109 5569 2188 5624; x_wconf 89' lang='lat' dir='ltr'><strong>sic</strong></span> <span class='ocrx_word' id='word_1_890' title='bbox 2210 5566 2284 5622; x_wconf 90' lang='lat' dir='ltr'><strong>ibi</strong></span> <span class='ocrx_word' id='word_1_891' title='bbox 2301 5557 2647 5622; x_wconf 78' lang='lat' dir='ltr'><strong>Pbilastrium</strong></span> <span class='ocrx_word' id='word_1_892' title='bbox 2663 5577 2882 5636; x_wconf 67' lang='lat' dir='ltr'><strong>sumere</strong></span> <span class='ocrx_word' id='word_1_893' title='bbox 2897 5559 3105 5636; x_wconf 62' lang='lat' dir='ltr'><strong>Grecae</strong></span> <span class='ocrx_word' id='word_1_894' title='bbox 3117 5557 3411 5636; x_wconf 53' lang='lat' dir='ltr'><strong>propaga-</strong></span> 
     </span>
    </p>
   </div>
   <div class='ocr_carea' id='block_1_117' title="bbox 1801 5625 3413 5774">
    <p class='ocr_par' dir='ltr' id='par_1_117' title="bbox 1801 5625 3413 5774">
     <span class='ocr_line' id='line_1_125' title="bbox 1801 5625 3413 5722; baseline -0.011 -25"><span class='ocrx_word' id='word_1_895' title='bbox 1801 5625 2192 5722; x_wconf 56' lang='lat' dir='ltr'><strong>nis,uom&#39;odo</strong></span> <span class='ocrx_word' id='word_1_896' title='bbox 2204 5653 2266 5692; x_wconf 87' lang='lat' dir='ltr'><strong>su</strong></span> <span class='ocrx_word' id='word_1_897' title='bbox 2311 5651 2372 5692; x_wconf 85' lang='lat' dir='ltr'><strong>ra</strong></span> <span class='ocrx_word' id='word_1_898' title='bbox 2389 5651 2449 5690; x_wconf 85' lang='lat' dir='ltr'><strong>ea</strong></span> <span class='ocrx_word' id='word_1_899' title='bbox 2497 5630 2746 5700; x_wconf 66' lang='grc' dir='ltr'><strong>.111,Ρα,</strong></span> <span class='ocrx_word' id='word_1_900' title='bbox 2772 5645 2900 5709; x_wconf 78' lang='lat' dir='ltr'><strong>auos</strong></span> <span class='ocrx_word' id='word_1_901' title='bbox 2915 5629 3055 5686; x_wconf 77' lang='lat' dir='ltr'><strong>dixit</strong></span> <span class='ocrx_word' id='word_1_902' title='bbox 3072 5642 3171 5695; x_wconf 88' lang='lat' dir='ltr'><strong>pro</strong></span> <span class='ocrx_word' id='word_1_903' title='bbox 3191 5625 3413 5683; x_wconf 67' lang='lat' dir='ltr'><strong>Gratis.</strong></span> 
     </span>
     <span class='ocr_line' id='line_1_126' title="bbox 1877 5649 2818 5774; baseline -0.02 -1"><span class='ocrx_word' id='word_1_904' title='bbox 1877 5656 1948 5774; x_wconf 56' lang='lat'><strong>(3</strong></span> <span class='ocrx_word' id='word_1_905' title='bbox 1991 5707 2128 5768; x_wconf 73' lang='lat' dir='ltr'><strong>Hist.</strong></span> <span class='ocrx_word' id='word_1_906' title='bbox 2165 5655 2312 5764; x_wconf 49' lang='lat' dir='ltr'><strong>Eccl).</strong></span> <span class='ocrx_word' id='word_1_907' title='bbox 2345 5650 2546 5774; x_wconf 52' lang='lat' dir='ltr'><strong>Scrt‘pt.</strong></span> <span class='ocrx_word' id='word_1_908' title='bbox 2577 5709 2630 5774; x_wconf 83' lang='lat' dir='ltr'><strong>p.</strong></span> <span class='ocrx_word' id='word_1_909' title='bbox 2665 5649 2818 5772; x_wconf 53' lang='grc' dir='ltr'><strong>υἷι,</strong></span> 
     </span>
    </p>
   </div>
   <div class='ocr_carea' id='block_1_118' title="bbox 1877 5694 2729 5783">
    <p class='ocr_par' dir='ltr' id='par_1_118' title="bbox 1877 5694 2729 5783">
     <span class='ocr_line' id='line_1_127' title="bbox 1877 5694 2729 5783; baseline -0.025 -10"><span class='ocrx_word' id='word_1_910' title='bbox 1877 5694 1968 5783; x_wconf 54' lang='lat' dir='ltr'><strong>(&#39;er</strong></span> <span class='ocrx_word' id='word_1_911' title='bbox 1991 5694 2136 5768; x_wconf 62' lang='grc' dir='ltr'><strong>ἣξει.</strong></span> <span class='ocrx_word' id='word_1_912' title='bbox 2165 5694 2312 5764; x_wconf 75' lang='lat' dir='ltr'><strong>Eccl.</strong></span> <span class='ocrx_word' id='word_1_913' title='bbox 2345 5694 2546 5774; x_wconf 74' lang='lat' dir='ltr'><strong>Script.</strong></span> <span class='ocrx_word' id='word_1_914' title='bbox 2577 5694 2643 5774; x_wconf 60' lang='lat' dir='ltr'><strong>pi</strong></span> <span class='ocrx_word' id='word_1_915' title='bbox 2665 5694 2729 5754; x_wconf 72' lang='grc' dir='ltr'><strong><em>Π</em></strong></span> 
     </span>
    </p>
   </div>
  </div>
