3992 6204
572 189 717 246 1095

1791 193 2108 253 SANC‘I‘US
2144 195 2623 255 PHILASTBIUS.

3762 203 3892 261 ιοδι

572 304 791 368 Scripsit
824 304 1012 357 librum
1044 304 1106 358 de
1158 305 1471 372 Iltrresibus,
1515 309 1567 362 in
1599 326 1700 379 quo
1748 309 2032 366 Catholica;
2078 328 2166 373 ue-
2196 316 2245 373 Α
2271 312 2451 378 deicis,
2506 314 2768 369 BARNABJ—S
2808 318 3013 370 nomine
3056 316 3355 389 insignitam
3399 318 3753 385 Eetsroul,
3796 337 3895 373 sua

570 396 737 449 ritatis
789 413 1015 451 umorem
1049 399 1231 466 ubique
1279 400 1483 467 spirat;
1522 402 1783 469 judicium
1836 418 1956 457 vero
2002 406 2171 463 mima

569 499 873 543 accuratum
911 491 1099 559 swpius
1126 491 1317 561 prodit,
1354 490 1479 544 dum
1528 493 1806 547 Itatt'esibus
1833 508 2066 555 accensa
2112 512 2171 552 ea

567 583 829 651 dogmata,
866 600 981 655 quae
1036 601 1092 637 eo
1120 587 1329 639 nomine
1358 588 1529 639 notari
1579 589 1790 642 minime
1822 590 2166 647 merebantur.

571 676 700 731 Haec
746 676 936 730 eadem
992 687 1075 730 est
1106 680 1404 745 accusatio,
1459 680 1613 750 Cujus
1659 681 2008 737 Philastrium
2042 685 2174 739 insi-

574 767 740 819 mulat
800 767 1084 835 Dupiuius,
1139 776 1198 823 ut
1248 785 1413 839 supra
1463 772 1697 827 vidimus
1748 775 1845 844 (rt);
1882 786 2169 844 propterea

572 874 678 912 nou
701 872 837 926 Opus
867 871 969 927 est,
1004 877 1127 930 quae
1154 862 1225 917 ibi
1275 863 1531 928 diximus,
1576 868 1675 922 hoc
1705 869 1825 923 loco
1855 870 2049 925 iterum
2086 888 2173 928 re-

575 966 800 1021 ponere.
852 952 1079 1009 Constat
1117 964 1297 1010 autem
1328 970 1514 1027 aperte
1559 976 1622 1015 ex
1654 960 1935 1033 hucusque
1985 964 2168 1031 dictis,

568 1058 732 1112 quam
775 1046 1068 1109 immerito,
1106 1065 1170 1101 uc
1217 1049 1391 1103 dicam
1430 1061 1701 1120 proterve,
1734 1054 2006 1125 Josephus
2040 1058 2171 1113 Sca-

571 1136 707 1203 liger
740 1138 883 1190 inter
899 1152 958 1191 ea
975 1138 1139 1205 dicta,
1167 1157 1285 1209 qua:
1303 1142 1644 1214 Sculigeruna
1675 1157 1939 1202 vocantur
1973 1151 2072 1219 (li),
2097 1152 2168 1206 ita

571 1226 638 1281 de
695 1228 984 1283 Philastrio
1022 1234 1335 1299 pronuntiet
1380 1252 1392 1288 :
1444 1234 1757 1293 Philastrius
1808 1241 1941 1296 nihil
1993 1245 2169 1309 valet;

573 1335 694 1375 cum
729 1331 805 1376 lui
846 1322 1025 1379 ductis
1057 1327 1207 1393 viris,
1251 1328 1418 1384 immo
1443 1332 1540 1400 ipsi
1572 1334 1872 1402 Augustino
1896 1335 2171 1392 Philastrii

575 1415 714 1468 liber
748 1428 894 1469 tanto
920 1422 1040 1472 usui
1074 1420 1256 1475 fuerit.
1299 1421 1565 1481 C:eterum
1590 1427 1831 1497 Scaliger
1852 1430 2169 1499 jamdudum

575 1506 865 1561 Philastrio
894 1521 1087 1578 Sponte
1116 1530 1234 1579 sua,
1263 1524 1357 1568 aut
1388 1518 1563 1584 potius
1585 1521 1818 1587 quodam
1843 1522 2009 1575 animi
2042 1525 2172 1578 vitio

573 1613 690 1656 erat
724 1603 996 1668 infensus,
1029 1616 1085 1660 ιιι
1113 1609 1311 1676 cuique
1360 1608 1648 1664 Elenclmm
1694 1613 1990 1670 Trihrrresii
2030 1618 2171 1673 illius

2277 420 2392 458 cum
2412 404 2594 459 JACOBI
2628 409 2891 467 Aeosrom
2913 407 3177 463 EPISTOLA
3201 412 3569 480 deprehendit.
3592 412 3751 465 Sane
3780 426 3893 464 cum

2278 496 2392 550 haec
2428 498 2698 567 legissem,
2744 499 3028 554 confestim
3076 516 3180 555 ms.
3224 502 3580 557 Philastrinm
3642 502 3897 559 Corbeiz

2275 591 2669 660 deprehensum
2694 594 2754 646 iri
2784 608 2881 661 pro
2903 605 3055 649 certo
3076 594 3235 649 habui
3261 611 3415 660 ;eum
3441 599 3592 652 enim
3623 598 3679 651 in
3714 612 3791 651 eo
3815 614 3899 651 ro-

2276 683 2479 738 Iumine
2519 694 2715 752 praeter
2744 685 2990 740 Latinam
3023 686 3278 740 Barnabu:
3314 687 3575 757 Epistola:
3618 686 3902 755 Interpre-

2275 777 2707 845 tationem,quam
2732 793 2797 833 ex
2826 779 3142 837 Corbeieusi
3161 780 3287 836 eod.
3314 781 3541 836 Parisiis
3570 797 3731 836 anno
3766 782 3901 837 1645

2274 867 2503 936 vulgavit
2524 867 2835 935 Menardus,
2857 870 3113 924 nonnulla
3131 871 3234 923 alia
3248 870 3451 926 diversi
3467 873 3705 941 generis
3719 873 3899 941 Opus-

2273 960 2396 1012 cula
2424 960 2774 1020 haberentur,
2806 961 2963 1017 facile
2992 962 3233 1018 intellexi
3291 965 3433 1018 inter
3457 979 3525 1020 ea
3554 966 3737 1021 etiam
3780 966 3901 1021 Phi-

2274 1053 2448 1107 lastrii
2498 1054 2696 1107 librum
2739 1054 2803 1107 de
2859 1053 3155 1109 Iliensibus
3209 1056 3556 1113 delitescere.
3622 1058 3900 1114 Videbam

2275 1154 2536 1214 praeterea
2598 1154 2708 1200 tum
2754 1162 2784 1201 a
2842 1146 3214 1217 Papebrocltio
3270 1149 3323 1204 in
3373 1151 3529 1205 Actis
3579 1150 3694 1207 SS.
3749 1151 3903 1207 Junii

2274 1246 2407 1290 tom.
2435 1236 2497 1302 ll,
2528 1253 2581 1306 p.
2610 1238 2739 1302 457,
2774 1248 2885 1292 tum
2916 1240 3082 1294 etiam
3112 1254 3140 1291 a
3174 1239 3426 1296 Fabricio
3463 1242 3519 1295 in
3555 1242 3904 1299 Praefatione

2274 1328 2340 1382 ad
2394 1328 2762 1392 Philastrium,
2819 1329 3211 1385 Corbeiensem
3250 1330 3499 1386 codicem
3547 1332 3799 1395 laudari.
3850 1346 3903 1388 ut

2276 1432 2437 1486 supra
2460 1418 2697 1472 diximus
2714 1417 2819 1489 (It),
2842 1429 3115 1489 tamquam
3140 1421 3192 1474 in
3221 1435 3289 1475 eo
3311 1422 3479 1476 latina
3506 1423 3602 1477 illa
3630 1423 3904 1488 Barnqbe

2280 1508 2531 1580 Epistolas
2585 1508 2978 1579 lnterpretatio,
3033 1511 3274 1567 auctoris
3327 1516 3553 1567 nomine
3601 1515 3899 1579 destituta,

2278 1599 2572 1658 Philastrio
2609 1603 2976 1670 tribueretur;
3020 1605 3071 1658 in
3097 1620 3203 1675 quo
3245 1606 3372 1660 licet
3416 1617 3662 1677 uterque
3690 1622 3723 1659 a
3769 1623 3900 1663 vero

572 1694 810 1747 auctmis
870 1697 1089 1750 adeunti
1126 1702 1413 1753 manifeste
1462 1703 1688 1771 patebit,
1747 1708 1797 1759 in
1860 1724 1965 1776 quo
2016 1711 2168 1779 plura
2207 1712 2246 1769 Β
2277 1696 3062 1765 “hermi”quamplurimum:
3091 1705 3253 1767 “W'e
3278 1696 3420 1751 διίυά
3457 1714 3559 1766 Ρΐο
3591 1698 3713 1753 alio
3742 1700 3897 1779 ξιοὺίδ

2276 1788 2613 1851 obtruderet,
2641 1802 2765 1842 cum
2801 1803 2900 1842 nec
2931 1788 3220 1843 Menardus
3246 1788 3336 1858 qui
3376 1789 3637 1845 codicem
3693 1794 3748 1845 in
3780 1806 3895 1846 ma-
3990 1828 3992 1855 ς

2276 1883 2435 1935 nibus
2463 1882 2667 1944 habuit,
2716 1897 2816 1937 nec
2848 1882 3092 1947 Vossius,
3132 1894 3223 1937 aut
3267 1882 3586 1938 Cotelerius
3626 1885 3895 1939 Barnabz
3990 1896 3992 1947 ξ

574 1782 865 1838 Philastrio
892 1786 1079 1851 objicit
1108 1804 1210 1856 qua
1255 1790 1401 1857 jure,
1429 1807 1531 1861 qua
1566 1793 1799 1863 injuria;
1842 1807 2001 1867 atque
2030 1801 2172 1855 inter

575 1876 705 1942 alia,
736 1879 878 1947 quod
906 1882 1046 1935 nulla
1070 1884 1209 1950 apud
1238 1900 1360 1938 cum
1391 1887 1595 1941 mentio
1616 1890 1681 1942 sit
1713 1899 1813 1944 τῶν
1834 1892 1966 1969 ὑπὲρ
1985 1903 2173 1972 νεκρῶν

579 1972 993 2045 βαπτιζομένων,
1032 1988 1263 2032 marluos
1296 1979 1668 2048 baptizantium
1700 1983 1802 2053 (c);
1838 1999 1959 2037 cum
1992 1996 2170 2041 tamen

574 2066 779 2121 diserte
803 2068 1147 2135 Philastrius,
1180 2073 1269 2126 ubi
1300 2076 1424 2143 agit.
1439 2076 1506 2128 de
1526 2077 1717 2130 haeresi
1742 2077 2169 2151 Cataphrygum,

578 2158 695 2211 lure
729 2158 924 2213 habeat
956 2162 1034 2232 (ά)
1062 2180 1075 2215 :
1106 2162 1179 2215 Hi
1200 2174 1430 2221 mortuos
1453 2167 1746 2235 baptiznnt;
1780 2172 1922 2239 quod
1952 2173 2169 2241 quidem

576 2252 854 2305 annotavit
886 2252 1168 2308 Fabricius
1200 2256 1288 2326 (ρ),
1338 2271 1389 2310 et
1420 2269 1545 2312 ante
1570 2260 1879 2315 Fabricium
1910 2263 2171 2318 observa-

580 2352 708 2397 runt
739 2346 1231 2417 Magdeburgenses
1262 2352 1355 2420 (f).
1388 2352 1493 2407 Sed
1524 2365 1808 2424 postquam
1856 2357 1922 2411 de
1962 2357 2172 2414 Philas-

581 2436 685 2488 trio
713 2439 863 2502 satis,
892 2439 1003 2507 jam
1042 2441 1115 2512 de
1166 2442 1483 2499 Corbeieusi
1523 2446 1802 2502 Philastrii
1852 2465 1955 2504 ms.
2015 2451 2171 2506 nobis

572 2531 842 2599 agendum
903 2543 1026 2597 est,
1089 2536 1243 2603 cujus
1299 2540 1463 2591 varize
1518 2540 1826 2607 lectiones,
1888 2553 2167 2614 tamquam

578 2626 813 2692 pretiosa
865 2629 1148 2695 mantissa,
1203 2630 1327 2686 huic
1380 2642 1581 2688 nostra:
1635 2636 1859 2690 editioni
1913 2651 2164 2693 accesse-

578 2728 725 2771 runt.

651 2850 677 2922 §
717 2850 802 2907 Ill.
846 2852 922 2908 De
949 2873 1044 2911 ms.
1074 2857 1387 2925 Corbeiensi,
1419 2871 1466 2914 et
1494 2864 1929 2935 emendationibus
1952 2883 2015 2920 ea:
2041 2883 2099 2920 eo

1216 2952 1387 3005 desum
1395 2956 1496 3022 ptis
1513 2994 1525 3007 .

2279 1972 2535 2041 Epistulae
2562 1973 2835 2036 editores,
2864 1972 3373 2044 Interpretationem
3408 1976 3559 2029 illam
3597 1976 3895 2031 Philastrio

2276 2064 2514 2119 tribuere
2544 2079 2776 2132 unquam
2806 2066 3192 2133 cogitaverim;
3216 2076 3395 2123 tamen
3418 2069 3592 2122 etiam
3618 2070 3747 2124 lucc
3768 2085 3892 2139 qua-

2275 2156 2574 2223 liscuutque
2600 2156 2818 2210 demum
2858 2158 3213 2226 Papebrochii
3253 2169 3307 2213 et
3355 2158 3597 2214 Fabricii
3632 2164 3888 2227 assertio,

2274 2247 2476 2316 aliquid
2508 2248 2560 2299 iu
2591 2263 2656 2301 co
2685 2248 2871 2301 codice
2901 2260 3125 2304 exstare
3152 2250 3459 2311 indicabat.
3494 2254 3648 2321 quod
3688 2254 3895 2308 Philas-

2276 2343 2433 2395 trium
2472 2350 2748 2395 auctorem
2795 2352 3141 2410 agnosceret.
3185 2342 3370 2412 Itaque
3398 2354 3524 2397 vota
3570 2361 3729 2407 mea,
3762 2348 3896 2415 peti-

2273 2434 2553 2502 tionesque
2574 2436 2834 2488 continuo
2857 2434 3144 2489 Corbeiam
3168 2436 3372 2499 direxi,
3396 2446 3458 2489 ut
3482 2449 3590 2490 ms.
3617 2437 3785 2491 illius
3804 2453 3897 2493 no-

2275 2526 2391 2579 titia
2423 2526 2551 2578 mihi
2583 2526 2805 2582 certior.
2841 2541 2905 2578 ac
2932 2525 3088 2595 copia
3122 2529 3301 2591 tieret,
3330 2541 3519 2580 verum
3554 2527 3899 2584 Philastrius

2275 2616 2474 2670 frustra
2494 2615 2743 2670 Corbeim
2771 2617 3135 2685 quaerebatur,
3156 2616 3475 2685 jamdudum
3503 2618 3660 2672 enim
3690 2619 3750 2673 in
3786 2620 3897 2674 Mo-
3990 2658 3992 2691 ε

2277 2709 2571 2763 nasterium
2602 2708 2909 2764 Parisiense
2936 2706 2994 2763 S.
3020 2708 3274 2763 Germani
3300 2723 3327 2760 a
3356 2708 3534 2763 Pratis
3550 2712 3897 2779 commigra-

2274 2812 2445 2867 verat,
2478 2801 2633 2869 cujus
2669 2801 2903 2855 cmnobii
2931 2799 3175 2854 Monacbi
3220 2800 3415 2853 librum
3453 2814 3484 2854 a
3524 2798 3897 2859 Corbeiensi-

2277 2895 2375 2949 bus
2431 2895 2601 2948 multo
2655 2904 2814 2947 antea
2864 2893 3209 2947 commodato
3263 2902 3612 2959 acceperant.
3677 2894 3897 2949 Monuit

2274 2987 2490 3056 quidem
2539 2990 2609 3041 cl.
2662 2988 2746 3042 vir
2776 2988 2959 3057 Scipio
2996 2987 3259 3051 Madeius,
3285 2987 3524 3056 Epistula
3554 2987 3622 3041 ad
3660 3006 3763 3045 me
3797 2992 3895 3045 Pa-

646 3083 1145 3142 90.Ms.Philastrii
1174 3090 1416 3145 codicem
1444 3092 1650 3161 jamdiu
1678 3094 2014 3149 eruditorum
2040 3105 2161 3149 vota
2191 3088 2234 3148 C
2272 3082 2395 3135 τίείε
2422 3082 2545 3135 dam
2592 3098 2680 3136 ³η·
2716 3082 2857 3137 1755
2886 3083 3042 3137 “onis
3088 3080 3368 3135 Februarii
3418 3084 3518 3152 (ἢν
3576 3083 3787 3139 haberi
3836 3085 3887 3138 in

575 3179 920 3246 expetebant,
949 3197 1182 3251 eumque
1205 3197 1265 3237 se
1286 3195 1532 3253 rogante,
1564 3185 1615 3239 in
1641 3186 1788 3240 italia
1815 3191 2010 3241 frustra
2031 3203 2166 3243 eon-

573 3270 829 3336 quisitmn
848 3272 913 3322 ab
931 3273 1124 3326 illustri
1146 3276 2039 3346 viroGisbertoCuperoFabricius
2054 3282 2169 3348 ipse

572 3366 947 3423 testatur,cum
966 3362 1234 3418 Philastrii
1250 3367 1543 3422 editionem
1567 3369 2168 3439 moliretur,qua3llam-

574 3451 725 3519 burgi
750 3453 941 3519 prodiit
960 3460 1103 3509 anno
1120 3460 1138 3509 1
1154 3457 1247 3510 721
1264 3475 1277 3521 ;
1297 3474 1465 3525 quare
1478 3465 1722 3528 speomni
1748 3463 2058 3529 frustratus,
2079 3480 2169 3520 so-

572 3544 636 3597 lis
658 3546 988 3602 etlitionibus
1005 3551 1103 3602 sibi
1126 3552 1380 3605 standum
1401 3553 1590 3618 fuisse,
1614 3558 1821 3610 monuit
1843 3558 2168 3614 Praefatioue

569 3634 745 3687 eidem
798 3636 1019 3689 editioni
1069 3640 1465 3711 Hatnburgettsi
1517 3647 1817 3712 praemissa.
1875 3648 1985 3717 Ego
2031 3664 2167 3704 vero

572 3728 661 3796 qui
695 3729 776 3781 vix
808 3729 933 3783 dum
963 3731 1109 3785 edito
1140 3732 1477 3799 Gaudentio,
1506 3752 1700 3792 novam
1735 3739 2010 3794 Philastrii
2053 3743 2168 3796 edi-

574 3820 774 3872 tionem
805 3820 914 3888 jam
952 3830 1064 3875 tum
1114 3824 1297 3878 animo
1331 3840 1719 3894 conceperam;
1764 3845 2091 3901 quamquam
2133 3849 2164 3888 a

571 3913 641 3967 cl.
685 3913 938 3969 Fabricio
975 3926 1303 3985 praeventus,
1355 3921 1685 3986 propositum
1730 3934 1957 3985 mutare,
2003 3937 2165 3995 atque

570 4006 677 4060 alio
698 4020 858 4060 curas
894 4008 1188 4063 transferre
1218 4026 1365 4064 meas
1397 4012 1723 4081 cogitabam,
1754 4031 1860 4068 non
1885 4024 2065 4071 tamen
2092 4017 2168 4071 id-

570 4101 715 4155 circo
738 4101 805 4155 de
830 4102 1106 4156 Philastrii
1126 4118 1228 4157 ms.
1246 4104 1579 4179 inveniendo
1602 4121 1825 4175 prorsus
1846 4108 2162 4177 desperare,

569 4204 661 4247 aut
690 4195 759 4248 ab
793 4208 860 4248 eo
889 4196 1119 4249 ulterius
1157 4196 1333 4251 adhuc
1372 4197 1746 4267 conquirendo
1786 4202 2011 4254 omnino
2044 4218 2163 4257 ces-

568 4300 690 4339 sare
722 4295 988 4353 poteram.
1025 4290 1221 4342 Verum
1244 4304 1344 4343 ms.
1381 4289 1652 4345 Philastrii
1684 4292 1851 4347 codex
1881 4301 1992 4347 tum
2020 4294 2160 4362 apud

570 4375 797 4438 Italicas,
815 4386 928 4430 tum
944 4379 1088 4446 apud
1106 4380 1490 4449 Transalpinas
1506 4383 1872 4439 Bibliotltecas
1887 4385 2156 4440 incassum

2276 3175 2595 3229 bibliotheca
2627 3175 2686 3229 S.
2719 3174 2973 3230 Germani
3002 3190 3029 3225 a
3061 3174 3265 3229 Pratris
3290 3190 3393 3227 ms.
3422 3174 3711 3230 Philastrii
3736 3178 3891 3232 codi-

2271 3282 2389 3322 cem
2426 3284 2480 3321 n.
2511 3267 2637 3331 625,
2662 3281 2764 3335 qua
2798 3281 2857 3320 re
2879 3281 3029 3336 spem
3058 3266 3213 3320 nobis
3238 3270 3389 3335 quasi
3414 3276 3622 3322 certam
3647 3268 3885 3337 fecerat,

2270 3361 2498 3415 alterius
2523 3378 2622 3414 ms.
2653 3360 3003 3416 l’ltilasu'iani
3049 3358 3241 3427 Operis
3271 3360 3323 3413 in
3366 3360 3715 3417 Bibliotheca
3750 3364 3885 3417 San-

2264 3455 2607 3522 germanensi
2638 3452 2970 3506 inveniendi.
3016 3453 3087 3505 At
3126 3450 3214 3505 hic
3276 3450 3419 3505 idem
3450 3452 3546 3507 ille
3588 3465 3717 3509 erat
3753 3458 3883 3511 Cor-

2271 3547 2509 3601 beiensis
2562 3546 2735 3601 codex
2795 3545 2895 3615 (ut
2936 3561 3063 3599 mox
3124 3544 3469 3615 videbimus)
3518 3562 3689 3617 quem
3739 3550 3878 3604 adeo

2268 3639 2584 3708 expetebant
2610 3653 2815 3707 ;ueque
2840 3637 3368 3692 interitusciscitauti
3402 3640 3529 3691 mihi
3562 3640 3717 3694 aliud
3740 3658 3880 3709 pra:-

2269 3739 2413 3785 terea
2447 3730 2693 3799 responsi
2740 3730 2991 3795 dabatur,
3035 3746 3143 3799 quo
3180 3730 3384 3783 certius
3412 3730 3618 3799 aliquid
3666 3732 3745 3807 de
3779 3734 3879 3787 hoc

2270 3825 2562 3878 Parisiensi
2591 3821 2780 3877 codice
2803 3822 2944 3875 scire
2974 3836 3212 3891 possem.
3241 3821 3409 3890 igitur
3432 3838 3553 3875 cum
3577 3824 3717 3877 nihil
3751 3840 3879 3894 pro.

2264 3918 2502 3979 licerem,
2529 3932 2627 3971 uec
2656 3915 2946 3985 quidquam
2983 3916 3111 3968 mihi
3138 3915 3411 3975 subolerct
3426 3916 3493 3983 de
3512 3915 3871 3972 Curbeiensis

2265 4011 2387 4065 cod.
2418 4012 2469 4064 in
2502 4011 2888 4065 Monasterium
2918 4009 3221 4063 Parisiense
3251 4010 3666 4063 trausmissione
3695 4027 3712 4073 ;
3744 4028 3873 4081 sup-

2269 4104 2436 4173 plices
2491 4104 2700 4158 libellos
2751 4103 2920 4157 detuli
2976 4102 3042 4156 ad
3095 4102 3453 4159 Euiiuentiss.
3518 4103 3873 4169 Cardinalem

2264 4198 2571 4265 Quirinum,
2605 4198 2802 4252 Brixiae
2825 4200 3164 4267 episcopum,
3188 4199 3255 4251 ab
3295 4213 3362 4252 eo
3393 4207 3617 4267 petens,
3661 4210 3725 4251 ut
3776 4216 3876 4270 pro

2265 4306 2478 4346 summa
2503 4306 2599 4345 sua
2636 4290 2690 4345 in
2726 4305 2937 4355 omnes,
2974 4292 3278 4359 praesertim
3309 4306 3439 4351 vero
3476 4306 3603 4361 erga
3632 4290 3872 4353 litteras,

2264 4385 2638 4453 litteratusque
2660 4385 2809 4438 viros
2847 4383 3202 4454 benignitate,
3237 4385 3446 4438 litteras
3478 4384 3713 4438 Parisios
3746 4386 3871 4438 mit-

568 4466 849 4533 qutesitus,
885 4484 1146 4539 nusquam
1180 4476 1472 4542 apparebat
1502 4492 1515 4527 :
1548 4491 1669 4529 cum
1705 4478 1847 4531 inter
1875 4477 2158 4547 legendum
2187 4473 2241 4532 D
2269 4477 2728 4545 teredignaretur,
2749 4474 3189 4545 atqueindecod.
3208 4473 3869 4543 hujusCorbciensiscer-

568 4557 709 4620 aliud
733 4560 907 4627 agenti
930 4564 1081 4628 mihi,
1099 4567 1338 4619 occurrit
1354 4567 1647 4621 Admonitio
1665 4568 1884 4624 Lirim:
1908 4568 2161 4625 Barnalue

484 4668 487 4669 ν
570 4648 1261 4727 Epistolrelnlerpretationi
1297 4660 1513 4726 praefixa
1543 4669 1691 4714 tomo
1722 4662 1767 4716 ll
1808 4663 2159 4719 Bibliotheca:

569 4742 671 4796 PP.
715 4744 848 4798 edit.
882 4746 1129 4817 Lugdun.
1168 4764 1289 4820 pag.
1325 4752 1413 4815 16,
1440 4753 1529 4807 tibi
1551 4770 1617 4808 cx
1648 4755 1878 4822 quadam
1909 4757 2162 4812 Dacherii

542 4836 791 4901 epistola
817 4837 893 4907 (g)
908 4852 1155 4909 excerpta
1178 4841 1292 4898 hare
1310 4843 1575 4899 habentur
1596 4865 1606 4899 :
1624 4846 1751 4899 Cum
1770 4851 1821 4901 in
1853 4850 2161 4905 PHILASTnll

567 4941 798 4981 EPISCOI'I
830 4928 1126 4986 BBIHENSIS
1155 4937 1387 4992 volumen
1427 4954 1522 4991 ms.
1554 4956 1579 4991 e
1625 4938 1914 5013 Corbeiensi
1955 4959 2161 4995 monas-

565 5020 694 5071 terio
733 5020 995 5076 incidisset
1032 5024 1309 5094 aliquando
1336 5029 1402 5084 Π.
1442 5029 1505 5085 Ι).
1540 5028 1690 5102 Ilugo
1726 5031 2032 5099 Menardus,
2062 5034 2158 5088 ibi-

563 5108 677 5162 dem
705 5111 937 5177 proxime
964 5123 1077 5178 post
1112 5115 1413 5173 limsrouu
1441 5119 1806 5177 Tauruuaam
1830 5124 1893 5176 de
1912 5124 2038 5177 cibis
2064 5122 2159 5177 Ju-

636 5311 717 5384 (n)
757 5312 914 5371 Num.
949 5316 1033 5372 is.

658 5385 709 5450 ιη
752 5385 876 5456 Pag.
919 5389 1044 5453 sto,
1075 5390 1204 5446 edit.
1236 5390 1428 5447 Colon.

658 5460 707 5534 ε)
747 5458 978 5534 Eleoch.
1006 5460 1236 5517 Tribtcr.
1264 5479 1384 5534 cap.
1413 5466 1464 5517 1.

634 5529 717 5598 (τι)
754 5527 886 5595 Cap.
917 5531 1008 5587 to.

634 5598 709 5671 (ι)
751 5600 1053 5671 Τοειὶηιθη.
1086 5605 1153 5659 de
1180 5605 1440 5662 Philastr.

637 5669 705 5741 (fi
744 5669 900 5733 Cent.
932 5672 988 5738 2,
1013 5689 1132 5744 cap.
1160 5678 1214 5743 5,
1246 5678 1412 5746 p.78.

2262 4568 2450 4622 tiorcm
2518 4568 2675 4621 nobis
2721 4568 3087 4637 cognitionem
3150 4568 3513 4636 notitiamque
3561 4578 3866 4637 expeteret.

2262 4658 2521 4713 Praestitit
2542 4659 2814 4713 cumulate
2845 4659 2928 4713 vir
2953 4675 3197 4723 summus
3219 4700 3233 4723 ,
3266 4669 3431 4727 atque
3458 4661 3872 4715 immortalitate

2262 4754 2476 4821 dignus.
2508 4754 2648 4823 quod
2699 4756 3017 4823 petebatur;
3065 4769 3128 4807 ac
3168 4754 3310 4819 binis
3346 4755 3576 4809 subinde
3617 4755 3869 4823 epistolis

2259 4848 2324 4900 arl
2376 4863 2496 4901 eum
2549 4848 2747 4910 missis,
2800 4848 3185 4901 Curbcicnsem
3239 4848 3363 4901 eod.
3416 4849 3468 4899 in
3525 4847 3863 4901 Bibliotheca

2265 4938 2718 5007 Sangermanensi
2750 4938 2967 5002 haberi,
2994 4938 3231 5008 atquein
3259 4954 3325 4991 eo
3356 4938 3628 4992 Philastrii
3664 4938 3861 4992 librum

2260 5031 2321 5082 de
2352 5029 2649 5083 lIwresibus
2673 5042 2911 5095 exstare,
2944 5045 3134 5098 magna
3166 5030 3334 5095 animi
3371 5028 3645 5096 Voluptate
3670 5046 3863 5099 perce-

2264 5126 2459 5194 pimus.
2509 5123 2667 5177 Prior
2707 5137 2771 5176 ex
2829 5123 2912 5176 bis
2962 5123 3205 5192 epistolis
3247 5122 3314 5175 ad
3354 5122 3858 5177 Eminentissimum

2331 5326 2408 5397 (gl
2434 5325 2814 5397 Habeturhzec
2839 5323 3340 5397 Dagcheriicpislola
3366 5327 3529 5380 etiam
3553 5324 3709 5381 Tom.
3737 5325 3853 5381 XVI

2258 5395 2611 5451 Bibliotheca:
2640 5396 2870 5451 Maxime
2898 5395 3054 5450 Joan.
3083 5395 3151 5449 de
3182 5400 3227 5449 Ia
3263 5397 3411 5467 llayc
3440 5410 3566 5453 ante
3595 5398 3853 5453 Barnabm

2260 5469 2584 5537 Epistolam,
2620 5483 2743 5537 pag.
2778 5468 2904 5522 θοι.

2334 5540 2415 5611 (li)
2446 5540 2606 5593 Num.
2639 5540 2726 5592 l5.

2330 5611 2396 5680 (ἰ)
2432 5610 2622 5664 Exstat
2654 5611 2796 5664 inter
2821 5610 3201 5687 Atiliqtﬁlates
3232 5607 3493 5687 Gallicas,
3527 5627 3583 5681 p.
3632 5610 3701 5667 76
3724 5652 3742 5681 ,
3768 5613 3855 5667 ubi

2264 5695 2362 5753 per
2390 5696 2655 5747 errorem,
2687 5696 2786 5752 pro
2814 5681 2971 5747 1755,
3003 5680 3197 5749 legitur
3226 5681 3389 5737 1750.
