3992 6204
589 203 726 259 1087

1834 204 2147 263 SANCTUS
2178 204 2631 265 PHILASTRIUS

3772 215 3893 269 iis:
3962 242 3963 289 ἢ

584 318 762 387 major
784 317 963 373 adhuc
988 319 1195 372 utilius
1223 332 1289 372 ex
1317 332 1385 372 eo
1411 318 1765 375 nihilominus
1793 329 2051 389 percepta
2075 328 2181 383 est,
2211 337 2265 400 Δ
2289 335 2507 385 unm
2538 320 2791 376 subditur
2818 322 3017 377 ibidem
3035 366 3049 385 ,
3086 324 3191 380 sub
3220 340 3277 379 n.
3308 340 3509 380 Lxxxvt
3529 366 3547 389 ,
3584 325 3820 381 haeresis
3844 330 3897 381 de

588 412 734 483 quod
774 412 1123 468 Pbilastrium
1168 412 1431 468 hactenus
1476 413 1894 483 imperfectum.
1934 424 1991 468 et
2028 415 2189 468 muti-

588 509 725 573 lum,
776 508 1072 577 perfectum
1115 516 1277 577 atque
1323 509 1592 578 integrum
1640 510 1798 564 nobis
1838 509 2007 563 dedit.
2050 508 2186 562 Cum

592 605 736 659 enim
770 603 1124 669 Philastrius,
1150 603 1456 671 Augustino
1487 612 1653 668 teste,
1688 605 1741 657 in
1774 614 1993 657 centum
2033 604 2190 672 quin-

593 698 847 767 quaginta
888 710 983 749 sex
1029 696 1207 766 capita
1250 696 1399 764 Opus
1425 711 1581 750 suum
1619 696 1991 761 distinxisset,
2025 710 2092 750 ex
2123 694 2190 749 iis

592 797 809 843 centum
837 788 1119 842 dumtaxat
1148 798 1203 842 et
1235 788 1621 857 quinquaginta
1650 789 1701 841 in
1732 787 2061 843 editionibus
2095 801 2192 855 ap-

591 880 873 950 parebant.
899 878 1078 934 Locus
1100 881 1386 948 Augustini
1412 890 1558 950 patet
1586 882 1638 935 in
1663 880 1890 949 epistola
1915 879 1981 933 ad
2009 879 2193 947 Quod—

587 972 870 1027 vultdeum
898 974 1018 1041 ejus
1047 974 1294 1041 catalogo
1321 972 1389 1027 de
1420 973 1729 1029 Hazresibus
1762 975 2037 1043 przemissa
2063 974 2141 1044 (a)
2173 989 2187 1024 :

592 1063 911 1118 Philaslrius
955 1066 1167 1133 quidam
1214 1062 1497 1117 Brixiensis
1544 1066 1850 1135 episcopus,
1882 1080 2032 1133 quem
2077 1081 2192 1117 cum

596 1161 661 1215 S.
698 1160 965 1213 Ambrosio
1005 1158 1291 1213 Mediolani
1328 1162 1484 1213 etiam
1522 1162 1632 1230 ipse
1663 1160 1796 1223 vidi,
1829 1160 2032 1229 scripsit
2072 1160 2192 1211 hinc

591 1253 799 1319 librum,
832 1270 923 1307 nec
953 1253 1074 1307 illas
1099 1253 1315 1307 htrreses
1331 1255 1741 1324 pratermittens
1770 1269 1884 1321 quin
1916 1254 1969 1305 in
1998 1254 2191 1321 papula

592 1344 783 1399 Judazo
823 1350 1031 1413 fuerunt
1076 1355 1194 1399 ante
1220 1348 1494 1399 adventum
1526 1344 1773 1409 Domini,
1802 1362 1985 1414 easque
2018 1360 2191 1398 xxvttt

592 1439 1050 1502 commemoravit;
1079 1447 1127 1491 et
1154 1448 1271 1509 post
1301 1436 1510 1490 Domini
1540 1439 1814 1491 adventum
1850 1452 2074 1491 cxxvttt.
2111 1436 2190 1490 Ex

593 1539 827 1600 utroque
850 1529 1019 1600 igitur
1040 1544 1270 1583 numero
1297 1529 1661 1584 conficiuntur
1683 1539 1901 1584 centum
1931 1530 2194 1598 quinqua-

585 1622 735 1692 ginta
767 1636 862 1675 sex
904 1621 1143 1676 haereses
1184 1636 1281 1676 seu
1308 1632 1526 1675 centum
1554 1622 1941 1691 quinquaginta
1972 1635 2067 1675 sex
2104 1635 2193 1673 ca-

2289 413 2492 484 duplici
2512 414 2646 479 Dea,
2669 425 2725 469 et
2740 418 3013 471 sententia
3036 417 3263 481 diaboli;
3284 434 3408 489 cap.
3438 420 3547 474 ιη
3583 421 3760 487 (nobis
3790 422 3893 479 lle,

2289 507 2430 575 quod
2458 518 2541 561 est
2564 508 2628 560 de
2654 509 2783 561 Ade
2807 520 2857 562 et
2893 509 3013 563 Eae
3036 513 3286 576 caecitate,
3311 513 3366 565 in
3396 528 3504 566 ms.
3536 528 3596 566 n.
3641 529 3899 575 Lxxxm.

2289 601 2595 655 occurritin
2624 602 2817 656 eodem
2851 619 2952 657 ms.
2983 622 3037 658 n.
3064 622 3326 671 cxxxvtu,
3351 608 3455 661 alia
3492 608 3737 662 haeresis
3765 611 3904 663 circa

2290 693 2503 746 tunicas
2527 694 2807 764 pelliceas,
2837 711 2971 766 quas
2988 697 3250 752 Dominus
3283 698 3407 754 fecit
3434 702 3639 769 primis
3668 702 3906 769 parenti-

2292 784 2393 840 bus
2423 797 2544 855 post
2571 789 3068 855 pravaricationem
3093 807 3108 855 ;
3136 800 3193 845 et
3221 807 3340 862 cap.
3398 793 3504 848 1‘56
3544 794 3729 864 (nobis
3760 796 3905 861 139}.

2294 879 2348 933 in
2407 896 2515 949 quo
2565 882 2743 950 agitur
2768 884 2831 935 de
2885 893 3104 951 quatuor
3141 885 3454 938 animalibus
3495 886 3551 937 in
3604 884 3907 954 Prophetas.

2294 984 2623 1043 notaturque
2663 976 2717 1028 in
2762 991 2863 1029 ms.
2905 993 2959 1030 n.
3009 992 3166 1037 cvm,
3212 994 3268 1031 n.
3310 994 3418 1039 cu.
3463 979 3726 1047 ejusdem
3778 980 3911 1034 Cor-

2293 1065 2532 1120 beiensis
2559 1082 2662 1121 ms.
2692 1066 2924 1121 habetur
2953 1068 3181 1124 haeresis
3208 1069 3275 1124 de
3301 1070 3391 1124 die
3420 1070 3879 1141 Epiphaniorum
3898 1115 3910 1129 .

2292 1173 2414 1225 qum
2440 1159 2623 1212 omnia
2663 1159 2717 1212 in
2759 1160 2921 1213 editis
2951 1160 3167 1215 desunt.
3211 1161 3303 1216 Sic
3346 1161 3401 1215 in
3431 1162 3601 1217 editis
3635 1174 3766 1233 post
3792 1179 3909 1232 cap.

2294 1248 2746 1319 156(nabis150),
2776 1252 2827 1303 in
2850 1268 2951 1305 ms.
2978 1267 3124 1316 cur,
3155 1252 3298 1322 quod
3320 1264 3403 1307 est
3431 1254 3501 1308 de
3517 1256 3785 1307 mribus
3815 1256 3915 1309 Sc-

2295 1341 2536 1406 lamanis,
2565 1343 2807 1395 succedit
2834 1357 2957 1412 cap.
3002 1342 3105 1397 η’]
3133 1344 3305 1413 (nobis
3333 1344 3495 1413 £52),
3528 1346 3599 1399 de
3630 1347 3914 1416 spiramine

2293 1434 2432 1500 quod
2459 1433 2622 1483 Adam
2643 1434 2874 1501 accepit;
2896 1444 2949 1487 at
2972 1435 3024 1488 in
3052 1449 3155 1489 ms.
3182 1436 3542 1491 iuterseritur
3563 1454 3624 1491 ιι.
3669 1454 3774 1493 cxx
3804 1439 3917 1492 lue—

2296 1524 2432 1578 resis‘
2461 1524 2529 1578 de
2550 1524 2738 1578 cultris
2756 1526 2988 1596 lapideis
3027 1539 3082 1581 et
3111 1528 3538 1584 circumcisione
3559 1530 3907 1589 Judmorum;

2296 1627 2459 1685 prout
2488 1616 2651 1671 etiam
2670 1632 2791 1687 cap.
2827 1618 2929 1673 148
2951 1619 3119 1688 (nobis
3142 1618 3287 1689 155),
3311 1621 3405 1674 ubi
3424 1622 3479 1675 in
3502 1622 3676 1677 editis
3699 1624 3909 1691 ponitur

586 1714 721 1779 pita,
750 1727 819 1764 ex
843 1711 1041 1781 quibus
1069 1711 1390 1766 Philastrius
1418 1712 1612 1766 librum
1643 1712 1706 1765 de
1737 1710 2037 1766 Iliensibus
2062 1726 2194 1766 con-
2225 1714 2269 1773 Β
2299 1708 2521 1762 bmresis
2549 1708 2619 1762 de
2662 1709 2896 1779 funiculo
2938 1712 3197 1765 memoria
3236 1712 3288 1763 in
3319 1710 3591 1766 Zacharia
3628 1713 3907 1783 Propheta,

586 1806 942 1868 cinuaverat;
974 1804 1119 1875 quod
1162 1804 1382 1873 quidem
1420 1805 1773 1860 conﬁrmatur
1810 1807 1974 1860 etiam
2014 1820 2081 1861 ex
2128 1821 2193 1861 eo

584 1896 730 1967 quod
758 1895 1038 1967 Catalagus
1063 1912 1239 1950 eorum
1258 1898 1349 1964 qui
1370 1906 1491 1950 ante
1517 1897 1791 1951 adventum
1818 1897 2010 1950 Christi
2032 1898 2194 1951 luere-

584 2007 701 2046 seas
742 2000 1055 2061 arguuntur,
1103 2006 1132 2044 a
1178 1990 1471 2046 Philastrio
1520 1992 1675 2045 initio
1724 1990 1916 2060 Operis
1960 1989 2194 2045 colloca-

586 2096 708 2150 tus,
740 2100 805 2140 ac
846 2085 1105 2140 desinens
1157 2086 1210 2139 in
1259 2084 1603 2147 Herodianis,
1663 2083 1847 2152 viginti
1889 2092 2016 2137 octo
2045 2083 2195 2151 capi-

588 2176 763 2239 tibus,
820 2188 916 2231 seu
977 2175 1279 2230 haeresibus
1330 2184 1583 2241 constet,
1632 2183 1690 2228 ut
1723 2175 1885 2229 etiam
1943 2175 2195 2241 Augusti-

587 2282 692 2321 nus
727 2267 991 2331 aflirmat;
1020 2267 1245 2337 reliqua:
1274 2282 1403 2321 vero
1435 2267 1674 2322 haereses
1703 2274 1815 2321 tum
1846 2276 1966 2336 post
1992 2266 2193 2321 Christi

587 2361 904 2424 adventum,
934 2374 1046 2413 tum
1075 2360 1237 2414 etiam
1265 2375 1386 2429 qua:
1414 2360 1515 2413 sub
1539 2359 1817 2429 Apostolls
1844 2360 2190 2425 exstiterunt,

586 2462 943 2507 numerentur
964 2453 1018 2507 in
1040 2452 1201 2507 editis
1221 2462 1444 2507 centum
1464 2453 1745 2507 dumtaxat
1765 2464 1819 2508 et
1837 2454 2022 2523 viginti
2046 2454 2189 2523 duze,

586 2558 708 2599 cum
742 2553 924 2599 tamen
956 2545 1260 2615 Augustino
1296 2545 1543 2598 dicantur
1569 2554 1787 2600 centttm
1820 2545 2011 2615 viginti
2043 2555 2189 2613 octo,

586 2638 679 2706 qui
712 2636 955 2705 profecto
981 2652 1244 2691 numerus
1269 2637 1549 2706 reponitur
1574 2638 1642 2690 ab
1667 2636 1861 2691 eodem
1887 2638 2192 2707 Augustino

584 2730 753 2784 etiam
787 2744 907 2799 cap.
937 2730 1001 2784 ll
1042 2729 1164 2783 libri
1205 2745 1300 2784 seu
1332 2731 1563 2800 catalogi
1594 2746 1754 2799 quem
1783 2731 1851 2785 de
1883 2731 2192 2787 llaaresibus

586 2822 934 2890 conscripsit.
982 2823 1285 2892 Augustino
1332 2824 1680 2877 consentiunt
1725 2825 2059 2890 posteriores
2100 2825 2189 2892 qui

588 2912 934 2969 Philastriani
965 2914 1159 2984 Operis
1191 2916 1555 2971 meminerunt
1588 2934 1600 2967 :
1640 2926 1831 2971 auctor
1860 2918 2191 2986 Appeudicis

584 3006 651 3059 ad
693 3006 1022 3062 lldefonsum
1055 3008 1123 3062 de
1152 3008 1525 3077 Scriptoribus
1548 3008 1949 3064 Ecclesiasticis
1976 3025 2095 3078 cap.
2132 3012 2187 3077 5,

2295 1818 2416 1873 qua:
2448 1804 2500 1857 in
2534 1818 2635 1857 ms.
2668 1804 2899 1858 habetur
2926 1819 2979 1858 n.
3006 1818 3180 1869 cxxn,
3212 1804 3353 1859 idem
3390 1821 3500 1859 ms.
3531 1808 3714 1861 codex
3729 1808 3825 1861 sub
3858 1825 3907 1859 η.

2295 1912 2461 1951 cum
2475 1897 2863 1967 subjicitaliam
2879 1899 3133 1952 barresim
3147 1897 3216 1953 de
3231 1898 3423 1952 avibus
3439 1898 3585 1953 Elia:
3602 1900 3909 1955 ministrau-

2298 1990 2463 2053 tibus;
2482 1989 2681 2058 quibus
2699 1990 3095 2059 supplementis
3108 1991 3352 2045 delectus
3391 2005 3489 2045 sex
3514 1993 3769 2062 capitum
3790 1993 3907 2046 Phi-

2297 2080 2543 2133 lastriani
2566 2080 2762 2149 Operis
2789 2081 3007 2150 penitus
3023 2083 3420 2146 restituitur,ac
3445 2084 3695 2153 proinde
3718 2085 3907 2138 beneﬁ.

2295 2174 2383 2228 cio
2426 2172 2770 2229 Corbciensis
2800 2175 3027 2241 codicis,
3058 2174 3410 2229 Pbilastrium
3457 2175 3743 2233 hactenus
3772 2192 3908 2229 utan-

2294 2280 2417 2321 eum
2434 2277 2488 2322 et
2503 2268 2902 2336 imperfectum,
2924 2268 3194 2338 integrum
3208 2284 3270 2323 ac
3288 2268 3607 2337 perfectum
3627 2270 3906 2325 habemns.

2365 2358 2455 2412 23.
2498 2358 2768 2426 Quoniam
2795 2374 2925 2415 vero
2952 2360 3022 2414 de
3052 2360 3118 2414 iis
3148 2376 3269 2430 qua:
3299 2362 3352 2414 in
3392 2375 3496 2415 sex
3541 2362 3673 2416 istis
3706 2362 3907 2416 Philas-

2294 2451 2489 2505 trianis
2517 2452 2783 2521 capitibus
2817 2462 3216 2522 proponuntur,
3248 2468 3422 2523 pauca
3452 2454 3771 2510 admodum
3791 2498 3805 2520 ,
3834 2457 3909 2509 vel

2294 2543 2427 2597 nihil
2458 2546 2680 2598 omnino
2709 2544 3074 2599 delibavimus
3104 2545 3159 2598 in
3190 2544 3486 2615 Spicilegio
3519 2556 3748 2609 nostro,
3778 2546 3907 2616 quod

2294 2635 2629 2690 variantibus
2673 2636 2998 2690 lectionibus
3035 2635 3386 2692 Corbeiensis
3429 2652 3540 2691 ms.
3583 2638 3908 2708 subjicitur;

2293 2744 2402 2783 non
2444 2730 2547 2782 erit
2577 2740 2706 2798 puto
2746 2730 3167 2799 inopportunum
3199 2730 3458 2784 nonnulla
3487 2730 3584 2785 hic
3613 2740 3908 2791 annotare.

2294 2834 2414 2890 qua:
2444 2830 2555 2873 tum
2588 2820 2721 2889 ipsis
2750 2822 3019 2891 capitibus
3061 2820 3324 2890 majorem
3361 2823 3548 2878 lucem
3582 2824 3905 2883 aﬂ'undant,

2295 2922 2406 2965 tum
2438 2912 2603 2966 etiam
2647 2912 2922 2967 Philastrii
2964 2928 3185 2968 sensum
3207 2956 3223 2979 ,
3264 2914 3332 2969 de
3372 2916 3438 2970 iis
3468 2930 3595 2985 qua:
3628 2925 3773 2970 tunc
3801 2915 3908 2969 lor-

2292 3011 2438 3058 tasse
2468 3005 2639 3075 magis
2668 3005 2991 3060 obtinebant
3020 3007 3327 3069 sententiis,
3359 3007 3608 3075 aperiant
3637 3015 3703 3060 et
3764 3018 3905 3077 pate-

582 3096 675 3163 qui
717 3099 791 3152 ait
818 3115 832 3151 :
868 3097 1187 3153 Pliilastrius
1212 3098 1501 3153 Brixiensis
1526 3102 1797 3169 episcopus
1821 3101 1982 3155 edidit
2005 3102 2191 3155 librum
2218 3094 2262 3154 C
2295 3095 2515 3151 faciant.
2546 3097 2715 3165 Igitur
2744 3099 2797 3152 in
2829 3114 2930 3153 ms.
2962 3097 3276 3154 Corbeiensi
3300 3140 3315 3163 ,
3348 3115 3401 3152 η.
3430 3114 3613 3153 LXXVII
3634 3141 3650 3159 .
3694 3101 3905 3169 ponitur

583 3189 655 3243 de
684 3189 1013 3256 Hmresibus,
1041 3191 1278 3261 singulas
1304 3208 1531 3261 quasque
1558 3194 1912 3245 demonstrans
1941 3194 2046 3247 sive
2072 3209 2188 3260 quae

582 3280 639 3333 in
686 3281 880 3350 papula
912 3280 1214 3335 Judwarum
1253 3293 1371 3336 ante
1411 3283 1827 3338 Incarnationem
1856 3282 2049 3337 Christi
2078 3285 2189 3352 fue-

584 3384 733 3441 runt,
769 3392 897 3443 quas
930 3375 1111 3445 viginti
1138 3386 1251 3430 acto
1278 3388 1541 3431 enumerat
1577 3395 1595 3431 :
1630 3379 1733 3433 sive
1773 3394 1887 3447 qua:
1931 3387 2044 3447 post
2076 3375 2187 3431 Do-

584 3469 712 3521 mini
754 3468 1039 3522 Saluatoris
1086 3468 1359 3523 adventum
1403 3473 1647 3525 adversus
1684 3474 1989 3526 catholicam
2030 3472 2188 3540 [idem

581 3570 776 3613 exorta:
802 3568 949 3625 sunt,
987 3576 1116 3629 quas
1154 3572 1358 3614 centum
1397 3563 1577 3633 viginti
1615 3574 1729 3617 acta
1771 3580 1880 3617 esse
1916 3564 2187 3631 describit;

582 3651 823 3719 itemque
849 3650 1091 3705 Joannes
1120 3651 1451 3706 Tritltemius
1477 3654 1543 3708 de
1575 3654 1943 3724 Scriptoribus
1974 3657 2183 3712 Eccles.

582 3757 705 3811 cap.
740 3740 840 3809 84,
870 3742 959 3798 ubi
1000 3743 1069 3797 de
1108 3743 1398 3799 Philastrio
1427 3746 1655 3814 loquens
1689 3765 1700 3799 :
1739 3746 1946 3812 Fertur,
1981 3750 2186 3819 inquit,

580 3833 726 3887 beata
753 3834 1037 3905 Augustino
1061 3844 1300 3901 testante,
1327 3839 1440 3908 ejus
1468 3838 1670 3906 insigne
1694 3838 1839 3907 Opus
1864 3842 2001 3909 quod
2023 3843 2188 3909 scrip-

578 3928 646 3982 sit
676 3929 741 3981 de
775 3939 977 3983 centum
1008 3930 1381 4001 quinquaginta
1410 3948 1500 3984 sea:
1537 3931 1841 3986 hieresibus.
1874 3932 1957 3987 Cl.
2000 3934 2185 3989 Fabri-

576 4022 699 4077 cius
726 4023 779 4076 in
807 4023 1159 4078 Testimoniis
1201 4023 1266 4078 de
1305 4023 1628 4092 Pbilastrio,
1662 4026 1751 4081 ubi
1781 4028 2067 4097 Augustini
2102 4029 2184 4083 lo-

576 4127 700 4168 cum
735 4115 979 4183 protulit,
1006 4130 1070 4169 es
1094 4130 1202 4186 quo
1233 4130 1491 4171 numerus
1520 4115 1801 4172 hmreseon
1828 4134 1949 4188 quze
1991 4134 2020 4173 a
2060 4120 2187 4174 Phi-

574 4205 765 4261 lastrio
804 4219 1183 4275 recensentur,
1212 4210 1514 4280 colligitur,
1544 4210 1844 4267 desiderari
1877 4228 1976 4269 sex
2008 4214 2184 4283 capita

574 4298 1044 4364 animadvertetis,
1076 4302 1312 4368 conjecit
1341 4317 1404 4356 ea
1441 4310 1719 4371 postremo
1748 4303 1943 4373 Operis
1975 4304 2187 4359 Philas-

577 4388 739 4442 trinni
783 4392 903 4445 loco
933 4392 1127 4445 deesse
1155 4409 1168 4444 :
1201 4390 1457 4447 Credibile
1485 4404 1557 4448 est
1584 4397 1754 4467 capita
1781 4405 2037 4465 postrema
2068 4396 2185 4451 libri

2289 3187 2514 3245 haeresis
2551 3190 2618 3244 de
2660 3192 2766 3246 line
2802 3191 2989 3245 mundi
3040 3200 3095 3245 et
3137 3192 3613 3246 consummatione
3677 3193 3900 3253 seculi,

2288 3297 2395 3351 qua
2440 3283 2686 3337 nonnulli
2744 3284 3099 3337 autumabant
3130 3292 3418 3351 temporum
3475 3282 3900 3352 deﬁnitionems

2290 3374 2402 3429 Dea
2432 3375 2638 3430 Christo
2670 3376 2944 3431 Saluatore
2970 3378 3134 3447 fuisse
3159 3385 3422 3429 statutam.
3460 3375 3537 3428 At
3572 3375 3898 3430 Philastrius

2290 3467 2542 3537 rejiciens
2586 3470 2915 3524 sententiam
2964 3470 3159 3533 istam,
3201 3484 3323 3539 qua:
3364 3478 3575 3523 certum
3620 3483 3893 3523 annorum

2290 3574 2578 3613 numerant
2615 3559 3132 3624 consummationis,
3175 3569 3229 3614 et
3270 3575 3373 3612 non
3401 3561 3547 3631 plus,
3579 3577 3691 3614 nan
3736 3563 3893 3613 autem

2291 3649 2529 3705 futurum
2562 3652 2905 3721 apinabatur,
2937 3652 3014 3705 ait
3038 3652 3175 3721 quod
3202 3652 3466 3722 propheta:
3493 3652 3737 3720 undique
3770 3669 3895 3705 m-

2290 3744 2523 3798 tiaverint
2545 3745 2681 3797 circa
2702 3744 2806 3801 500
2825 3762 3016 3798 annum
3036 3744 3150 3813 ﬁeri
3173 3744 3672 3797 consummationem
3696 3745 3894 3807 attuli,

2290 3846 2338 3890 et
2364 3837 2439 3890 sic
2464 3835 2741 3890 Dominum
2771 3838 2834 3890 de
2866 3838 3003 3891 (telis
3032 3838 3217 3889 iterum
3250 3836 3510 3890 advenire.
3549 3834 3679 3889 llzuc
3715 3843 3895 3888 autem

2291 3926 2567 3981 Philastrii
2595 3927 2864 3982 sententia
2892 3942 2959 3981 eo
2983 3927 3248 3997 principio
3279 3927 3577 3991 nitebatur,
3604 3927 3759 3995 quod
3788 3926 3894 3994 pri-

2290 4016 2392 4071 mis
2439 4017 2697 4095 Ecclesiae
2744 4018 2960 4072 smculis
3006 4018 3256 4072 omnibus
3306 4017 3420 4072 fere
3475 4016 3735 4071 Palribus
3780 4028 3896 4071 erat

2288 4125 2612 4176 commune;
2658 4111 2916 4166 mundum
2953 4112 3164 4167 scilicet
3202 4127 3300 4166 sex
3343 4111 3582 4166 millibus
3618 4124 3893 4165 annorum

2288 4218 2319 4258 a
2358 4204 2636 4258 creatione
2672 4202 3157 4258 consummandam
3199 4217 3359 4266 esse,
3388 4202 3457 4256 de
3491 4215 3599 4271 quo
3641 4201 3892 4271 Epistola

2288 4294 2552 4350 Barnaba:
2585 4297 2805 4351 nomine
2848 4296 3106 4365 inscripta
3146 4309 3266 4364 cap.
3300 4292 3388 4359 l5,
3417 4293 3656 4349 Ireuazus
3686 4294 3893 4350 adver-

2287 4405 2381 4445 sus
2413 4389 2650 4444 haereses
2677 4389 2771 4444 lib.
2803 4405 2834 4440 v
2863 4403 2983 4457 cap.
3014 4389 3106 4455 28,
3138 4387 3449 4442 Lactantius
3479 4388 3573 4441 lib.
3598 4403 3669 4441 vtt
3708 4387 3889 4441 Divin.

580 4476 859 4533 Philostrii
882 4521 899 4547 ,
930 4482 983 4535 in
1010 4498 1113 4549 quo
1141 4483 1347 4538 nullum
1380 4486 1626 4541 clausula:
1654 4488 1941 4559 vestigium,
1976 4490 2184 4544 interci-
2210 4480 2263 4541 D
2286 4482 2462 4537 lnSlil.
2515 4495 2635 4552 cap.
2684 4481 2751 4535 M
2793 4489 2848 4535 et
2891 4479 2983 4542 25,
3029 4479 3367 4535 Gaudentius
3410 4488 3612 4543 noster,
3651 4478 3889 4548 aliique.

576 4570 734 4625 disse.
759 4572 830 4627 At
871 4588 1058 4643 parum
1083 4575 1311 4631 feliciter
1326 4578 1763 4633 clarissimovira
1783 4580 1948 4634 cessit
1966 4582 2183 4650 conjec-

578 4676 702 4722 tura
733 4682 850 4733 sna,
872 4684 994 4724 nam
1020 4669 1072 4725 in
1097 4670 1413 4727 Corbeiensi
1444 4688 1571 4739 ms.,
1595 4689 1624 4728 a
1648 4690 1755 4745 qua
1779 4674 2023 4733 defectus
2048 4679 2181 4733 isto-

574 4773 693 4813 rum
749 4774 844 4815 sex
891 4762 1127 4831 capitum
1169 4763 1387 4834 egregie
1424 4765 1729 4834 suppletur,
1766 4766 1955 4821 eadem
2004 4769 2181 4838 capita

547 4846 741 4906 ‘variis
774 4853 828 4907 in
862 4854 1016 4917 locis,
1048 4855 1393 4926 diversisque
1423 4860 1524 4912 sub
1550 4860 1789 4913 numeris
1817 4861 2175 4916 collocantur.

576 4943 735 4997 Enim
755 4959 886 5000 vero
910 4956 1027 5014 post
1050 4962 1169 5017 cap.
1192 4947 1298 5003 106
1318 4948 1448 5005 edit.
1469 4949 1917 5019 Hamburgensis,
1938 4962 1997 5008 ut
2014 4954 2176 5007 etiam

576 5043 778 5089 nostra:
799 5077 815 5102 ,
847 5038 992 5105 quod
1026 5038 1077 5091 in
1110 5055 1209 5093 ms.
1244 5050 1462 5097 notatur
1490 5060 1545 5099 n.
1578 5060 1763 5099 Lxxvu
1786 5087 1800 5111 ,
1829 5045 1916 5099 ubi
1960 5046 2179 5115 ponitur

577 5124 807 5180 haeresis
827 5128 891 5181 de
911 5130 1061 5183 annis
1085 5129 1296 5199 Christi,
1314 5144 1362 5188 et
1388 5144 1612 5206 tempore
1638 5137 1911 5205 dubitans;
1933 5130 2183 5209 sequitur

574 5216 630 5271 in
663 5216 858 5272 eodem
892 5234 1019 5284 ms.,
1050 5224 1286 5291 repetito
1315 5227 1507 5282 eodem
1548 5244 1776 5283 numero
1820 5245 2033 5295 Lxxvu,
2073 5232 2177 5285 alia

2289 4576 2423 4630 Cum
2453 4584 2631 4628 autem
2674 4588 2739 4628 ex
2784 4575 3165 4644 supputatione
3193 4587 3311 4641 qua:
3354 4571 3724 4626 communiter
3762 4583 3890 4625 tunc

2289 4671 2588 4735 obtinebat,
2618 4685 2648 4723 a
2676 4671 2857 4726 Mundi
2881 4673 3157 4727 creatione
3184 4672 3253 4725 ad
3280 4670 3553 4726 Christum
3581 4672 3761 4741 elapsi
3793 4689 3891 4741 pn-

2287 4770 2535 4817 tarentur
2560 4763 2797 4832 quinque
2827 4764 2976 4818 mille
3017 4772 3073 4818 ct
3099 4762 3332 4831 amplius
3356 4763 3484 4817 anui
3505 4804 3521 4828 ,
3560 4762 3687 4816 hinc
3719 4762 3888 4817 (iebat

2288 4862 2348 4909 ut
2381 4856 2775 4909 consummatio
2809 4855 3023 4917 surculi,
3058 4864 3114 4910 et
3146 4854 3348 4909 Christi
3386 4855 3582 4910 iterum
3613 4855 3680 4909 de
3726 4856 3885 4910 caelis

2285 4949 2568 5011 adventus,
2598 4962 2704 5001 non
2734 4948 2897 5018 longo
2922 4949 3182 5017 temporis
3213 4948 3498 5003 intervallo
3522 4946 3885 5003 crederentur

2284 5040 2510 5095 distare.
2534 5040 2674 5108 Quin
2703 5042 2865 5096 etiam
2891 5041 3209 5112 Hippolytus
3234 5049 3456 5111 martyr,
3488 5042 3713 5095 testibus
3742 5041 3877 5095 Pho.

2282 5134 2360 5188 tio
2399 5134 2521 5189 cod.
2550 5133 2659 5188 202
2688 5144 2741 5190 et
2784 5135 3043 5205 Syncello
3074 5151 3125 5202 p.
3153 5134 3296 5201 315,
3337 5134 3665 5188 existimavit
3691 5132 3879 5187 Chris-

2281 5234 2394 5280 tum
2440 5235 2624 5281 natum
2676 5228 2899 5282 ineunte
2940 5242 3083 5282 anno
3119 5224 3252 5281 5501
3302 5240 3331 5279 a
3377 5224 3581 5280 mundo
3623 5225 3873 5284 condito:

579 5309 802 5365 hmresis
816 5311 885 5367 de
908 5310 1015 5367 line
1038 5314 1249 5385 mundi,
1269 5328 1322 5372 et
1340 5322 1811 5376 consummatione
1826 5323 2032 5383 saeculi,
2056 5338 2178 5392 quae
2275 5321 2540 5392 judicium
2561 5336 2693 5376 vero
2723 5320 2962 5377 futurum
2992 5320 3098 5376 500
3124 5321 3281 5375 annis
3306 5329 3429 5389 post
3450 5318 3651 5375 Christi
3673 5330 3869 5383 ortum,

575 5419 630 5459 tn
645 5401 807 5458 editis
830 5404 1005 5471 deest;
1024 5404 1224 5463 deinde
1239 5418 1493 5481 postcap.
1512 5412 1793 5484 “2(nabis
1819 5412 1960 5485 115),
1993 5415 2047 5470 in
2070 5431 2177 5485 quo

573 5508 658 5556 est
684 5497 912 5557 hieresis
941 5501 1006 5556 de
1029 5510 1224 5572 septem
1256 5506 1509 5575 planetis,
1538 5514 1864 5577 notaturque
1893 5509 1946 5563 in
1979 5524 2080 5566 ms.
2116 5525 2172 5566 η.

649 5690 727 5760 (a)
765 5688 921 5748 Tom.
951 5689 1020 5750 Vl
1049 5658 1187 5764 Opp.
1220 5697 1325 5753 col.

2279 5414 2424 5485 quod
2453 5415 2562 5470 fere
2585 5415 2838 5470 convenit
2862 5430 2986 5469 cum
3015 5413 3291 5468 Pbilastrii
3317 5412 3613 5467 sententia.
3638 5412 3875 5467 Fuerunt

2281 5506 2377 5577 qui
2408 5520 2688 5561 numerum
2720 5503 2826 5561 500
2854 5519 3142 5572 annorum,
3170 5519 3277 5575 quo
3308 5503 3496 5559 mundi
3525 5518 3869 5559 consumma-
