3992 6204
58 301 86 355 1
103 300 232 357 089
1341 301 1396 355 Ρ.
1450 299 1704 357 GALEAI

1842 302 2238 361 PREFATIO.
3265 313 3406 370 1090

56 417 180 476 tio,
222 421 283 468 ct
317 411 522 468 Christi
553 414 744 470 iterum
772 413 840 470 de
866 414 1020 471 caelis
1049 414 1316 472 adventus
1347 417 1559 475 futurus
1590 427 1702 474 sta-
1725 423 1775 481 Λ
1803 423 2093 494 ἐπιθυμίαις
2131 424 2157 479 ὀ
2191 432 2348 486 παῖς,
2380 423 2617 478 seductus
2656 425 2756 494 fuit
2797 443 2827 478 ιι
2864 425 3229 499 cupiditatibus
3261 445 3410 499 puer;

54 507 377 572 tuebatur,
407 517 530 577 post
560 517 772 562 sextum
804 508 1164 564 millenarium
1191 512 1519 581 completum
1547 527 1706 583 repo-
1805 513 2044 585 itemque
2083 516 2418 585 TheOphilus
2451 516 2822 574 Antiochenus
2862 520 2956 576 lib.
2999 537 3036 575 ιι
3077 523 3144 576 ad
3185 521 3412 592 Autoly-

53 611 318 666 nerent,
351 611 406 656 et
441 601 522 656 sic
549 616 693 657 anno
719 617 751 657 a
777 603 1054 658 creatione
1091 603 1276 658 mundi
1309 611 1464 659 sexto
1492 613 1548 659 et
1578 605 1704 659 mil-
1804 619 1927 660 cum
1961 624 2013 677 p.
2047 607 2176 675 514,
2211 608 2265 663 in
2301 607 2607 674 Orthodox,
2639 609 2862 678 dicens,
2897 611 3040 681 quod
3084 613 3206 667 ideo
3235 613 3408 668 Adam

50 693 330 760 lesimo,
361 693 690 764 quingentos
734 693 834 750 hos
878 709 1053 750 annos
1096 694 1401 763 adderent;
1447 705 1505 750 ut
1543 696 1704 751 docet
1802 697 1953 768 ligno
1991 700 2413 772 scientizejvesci
2463 701 2801 772 nequiverit,
2842 702 2969 772 quia
3007 701 3083 758 ἔτι
3124 707 3299 765 νήπιος
3328 703 3406 770 ἦν,

52 787 404 843 Cotelerius
433 786 502 842 ad
533 786 830 856 Epistolam
861 784 1122 844 Barnabas
1151 804 1204 859 p.
1234 788 1328 854 44,
1367 798 1546 845 ιιιιιιιιι
1570 804 1703 846 vero
1804 790 1975 844 adhuc
2002 792 2208 862 infans,
2239 808 2329 846 seu
2365 809 2492 863 puer
2526 803 2656 848 erat.
2689 794 2772 848 Ad
2803 793 2856 849 id
2893 794 3036 865 quod
3070 796 3314 866 sequitur
3339 797 3408 852 de

53 880 426 936 Philastrius
452 879 615 936 fuerit
644 879 696 935 in
731 881 933 950 priori,
957 896 1026 936 an
1053 881 1106 935 in
1132 882 1421 952 posteriori
1450 882 1548 939 hac
1576 899 1702 940 sen-
1803 885 2073 939 sententia
2126 893 2183 940 et
2214 884 2423 953 judicio
2458 885 2701 952 diaboli,
2743 901 2852 956 quo
2889 886 3104 942 videtur
3130 887 3409 944 insinuare

56 972 261 1028 tentia
310 987 420 1027 non
472 973 605 1027 satis
652 971 841 1043 liquet.
891 971 1117 1027 Videndi
1166 987 1330 1042 porro
1367 971 1702 1043 Augustinus
1805 974 2147 1042 Philastrius,
2177 976 2396 1032 diabolo
2438 987 2559 1048 post
2601 979 2815 1050 lapsum
2845 981 3183 1050 paenitentia:
3226 982 3404 1038 locum

58 1064 177 1119 lib.
200 1078 346 1118 xvm
368 1062 437 1118 de
452 1061 567 1117 Civ.
589 1062 814 1131 cap.55,
833 1059 1139 1118 Cotelerius
1159 1061 1228 1116 ad
1254 1063 1548 1132 Epistolam
1571 1065 1703 1118 Bar-
1804 1070 2170 1139 superfuisse;
2203 1072 2432 1128 fortasse
2464 1072 2719 1129 collineat
2747 1073 2871 1128 trita
2899 1072 2993 1128 illa
3021 1083 3264 1130 veterum
3297 1091 3403 1132 non

62 1158 250 1213 naba:
296 1172 354 1228 p.
387 1154 479 1222 44,
524 1155 614 1210 ubi
651 1154 818 1209 alium
865 1155 1030 1210 etiam
1072 1153 1350 1209 Philastrii
1380 1155 1560 1210 locum
1598 1170 1697 1211 ει·
1805 1165 1992 1233 paucis
2015 1165 2307 1234 sententia,
2331 1166 2604 1222 diabolum
2635 1166 2875 1222 nondum
2900 1167 3269 1224 damnationis
3293 1185 3408 1225 sua:

63 1251 307 1321 pendit,
336 1250 425 1319 qui
457 1262 579 1318 cap.
607 1247 710 1302 106
735 1248 812 1302 ait
861 1246 975 1301 falli
1003 1261 1097 1302 cos
1119 1247 1209 1317 qui
1242 1257 1435 1316 putant
1463 1262 1494 1300 a
1524 1247 1700 1317 primo
1803 1253 2082 1323 accepisse
2113 1258 2462 1324 sententiam,
2497 1272 2674 1328 neque
2702 1259 3049 1329 sempiternis
3075 1261 3407 1317 cruciatibus

64 1342 304 1398 Christi
335 1341 573 1396 adventu
602 1340 668 1394 ad
699 1338 1022 1404 secundum,
1053 1337 1106 1392 id
1134 1348 1220 1394 est
1259 1338 1326 1393 ad
1355 1352 1700 1393 consumma-
1802 1345 2100 1415 addictum,
2145 1348 2242 1404 sed
2282 1349 2337 1404 in
2378 1359 2632 1406 extremo
2661 1351 2867 1420 judicio
2898 1353 2950 1406 id
2983 1369 3105 1408 eum
3134 1368 3256 1410 esse
3285 1369 3407 1423 pag-

68 1435 302 1490 tionem
332 1431 554 1496 saeculi,
589 1439 864 1487 trecentos
904 1429 1184 1499 sexaginta
1225 1429 1462 1500 quinque
1503 1444 1694 1498 annos,

68 1545 182 1583 nec
216 1528 360 1597 plus,
386 1543 478 1580 nec
501 1526 693 1592 minus,
711 1525 912 1580 debere
934 1523 1247 1588 numerari;
1282 1524 1530 1578 Clemens
1570 1523 1697 1579 item

68 1623 500 1678 Alexandrinus
529 1619 662 1676 edit.
695 1619 900 1675 Potteri
939 1635 992 1690 p.
1023 1617 1147 1684 407,
1189 1618 1243 1672 ἱιι
1272 1617 1416 1672 notis
1444 1617 1699 1672 collecta-

73 1717 209 1772 neis
250 1714 324 1769 ad
362 1714 456 1768 lib.
495 1729 512 1768 ι
557 1711 760 1769 Strom.
798 1726 919 1781 cap.
963 1711 1056 1774 21,
1101 1718 1157 1765 et
1194 1708 1589 1764 Feuardentius
1629 1707 1698 1762 ad

1801 1453 2025 1506 surum;
2055 1439 2188 1496 dicit
2217 1439 2716 1499 enitn‘Philastrius
2749 1461 2762 1498 :
2796 1441 3048 1500 Diabolus
3077 1462 3193 1500 cum
3222 1445 3406 1501 durior

1800 1531 1870 1585 ad
1909 1533 2255 1602 paenitentiam
2299 1535 2614 1605 pervidetur,
2647 1536 2898 1606 maiorem
2944 1539 3108 1607 futuri
3145 1537 3338 1607 judicii
3375 1555 3408 1592 a

1802 1623 2005 1679 Christo
2030 1624 2258 1681 Domino
2284 1628 2576 1682 servitutem
2599 1628 2870 1699 (fortasse
2895 1630 3180 1699 legendum
3219 1633 3406 1687 seueri-

1801 1715 1977 1788 tatem)
2001 1725 2294 1790 exspectat;
2323 1719 2392 1775 de
2419 1736 2525 1790 quo
2554 1721 2822 1777 videndus
2850 1721 3152 1779 Massuetus
3187 1725 3254 1779 ad
3293 1725 3406 1782 Ire-

75 1809 367 1863 lreuaaum
400 1805 496 1861 lib.
526 1821 561 1860 v
587 1820 708 1876 cap.
737 1803 830 1871 28,
855 1802 986 1858 edit.
1010 1801 1264 1856 Massueti
1297 1815 1350 1870 p.
1378 1799 1506 1866 199,
1531 1807 1590 1854 ιιι
1617 1799 1697 1853 ἱιι-
1726 1814 1776 1873 Β
1803 1823 1978 1862 uagum
2028 1809 2119 1865 lib.
2152 1826 2205 1878 v,
2236 1825 2358 1882 cap.
2398 1811 2469 1867 26
2489 1853 2504 1880 ,
2539 1830 2594 1882 p.
2627 1813 2730 1869 521
2757 1830 2772 1879 ;
2817 1814 3055 1885 itemque
3094 1816 3314 1873 dissert.
3349 1818 3407 1885 5,

75 1908 368 1970 terpretes
393 1909 504 1954 tum
527 1907 760 1962 veteres,
787 1902 902 1949 tum
931 1893 1288 1958 recentiores,
1310 1891 1696 1958 transmittam,

77 1996 184 2066 qui
235 1994 306 2050 ad
347 2008 471 2063 cap.
520 2007 644 2046 xxrv
691 1989 932 2046 Matthcei
966 2003 1112 2044 vers.
1164 1987 1232 2044 56
1273 1995 1330 2042 et
1377 1987 1396 2041 l
1443 1984 1696 2042 'l‘hessal.

78 2104 218 2158 cap.
243 2104 300 2154 ν,
325 2100 466 2142 vers.
488 2087 538 2151 1,
566 2085 672 2140 late
697 2083 750 2138 in
774 2082 878 2138 hoc
899 2088 1222 2153 argumento
1242 2079 1527 2148 exspatiati
1548 2085 1696 2131 sunt.

162 2180 264 2236 24.
307 2179 390 2235 Ad
421 2193 710 2234 numerum
747 2192 946 2232 unvr
979 2176 1034 2230 in
1065 2189 1170 2229 ms.
1204 2172 1520 2229 Corbeiensi
1548 2169 1702 2226 addi-

84 2285 184 2330 tur
208 2274 437 2329 haeresis
464 2272 532 2328 de
559 2271 764 2342 duplici
804 2270 940 2336 Deo,
965 2283 1126 2339 quam
1157 2267 1345 2322 tribuit
1376 2265 1702 2322 Philastrius

84 2369 171 2424 ibi
207 2366 532 2431 Manictueis,
591 2362 872 2429 Gnosticis,
905 2361 1184 2416 Nicolaitis
1224 2367 1274 2415 et
1315 2359 1434 2414 aliis
1467 2358 1699 2428 perditis,

84 2461 187 2533 qui
223 2461 277 2516 in
311 2461 454 2516 hunc
481 2473 724 2515 errorem
748 2455 1128 2520 consentiunt,
1154 2455 1382 2509 dicentes
1407 2452 1546 2523 quod
1571 2454 1704 2506 alter

88 2555 311 2626 quidem
336 2553 500 2607 bonus
520 2551 661 2606 Deus
682 2559 776 2618 est,
801 2549 932 2610 alter
953 2557 1124 2602 autem
1153 2547 1342 2600 malus.
1366 2546 1510 2600 Alibi
1538 2545 1700 2600 etiam

92 2647 426 2703 Philastrius
461 2645 531 2701 de
561 2644 664 2700 hoc
690 2657 879 2700 errore
911 2641 1239 2697 Manichmos
1265 2640 1478 2711 arguit,
1509 2652 1705 2708 nempe

93 2756 224 2808 cap.
252 2739 343 2804 6|,
377 2725 630 2808 ad'quem
659 2736 840 2790 locum
870 2734 1126 2790 nonnulla
1157 2732 1456 2804 adiecimus
1487 2733 1539 2787 in
1572 2732 1702 2802 Spi-

95 2833 342 2901 cilegio;
395 2834 557 2900 hujus
606 2837 785 2884 autem
840 2827 1046 2883 erroris
1097 2827 1252 2897 origo
1296 2824 1588 2880 aseribitur
1635 2825 1704 2879 ab

96 2927 299 2982 eodem
341 2922 628 2979 Pbilastrio
680 2936 802 2991 cap.
835 2918 905 2975 44
942 2929 998 2975 et
1039 2918 1145 2986 45,
1181 2917 1415 2974 Cerdoni
1466 2927 1522 2973 et
1560 2918 1702 2972 Mar-

97 3018 249 3073 cioni
275 3015 539 3073 Cerdonis
560 3014 863 3084 discipulo;
893 3027 1031 3084 quos
1061 3013 1131 3068 de
1167 3013 1269 3066 hoc
1301 3026 1488 3067 errore
1521 3010 1707 3067 redar-

97 3111 222 3181 guit
241 3117 349 3164 tum
364 3106 696 3178 Epiphanius
713 3116 846 3161 tom.
860 3105 904 3171 l,
918 3104 1109 3176 p.500,
1126 3105 1253 3169 505,
1268 3103 1361 3158 ubi
1378 3103 1705 3159 Marcionem

1802 1917 1924 1971 quae
1967 1911 2052 1958 est
2092 1903 2160 1960 de
2208 1904 2399 1960 lrenaei
2443 1905 2692 1962 doctrina
2739 1916 2842 1962 art.
2877 1907 2940 1974 9,
2983 1925 3039 1964 ιι.
3090 1910 3218 1978 108,
3268 1911 3405 1978 109;

1803 1991 2200 2049 Feuardentius
2251 1995 2454 2051 Annot.
2510 1997 2578 2052 ad
2626 1981 2900 2054 ’lrenaeum
2956 2000 3090 2054 edit.
3151 2001 3412 2057 Massucti

1803 2100 1858 2152 p.
1893 2085 1955 2138 11
1989 2093 2045 2140 et
2082 2085 2220 2152 198,
2255 2088 2332 2142 uti
2371 2089 2535 2144 etiam
2575 2089 2830 2147 Petavius
2877 2100 3008 2147 tom.
3047 2093 3117 2149 lll
3154 2093 3404 2166 Dogmat.

1801 2177 2064 2248 Theolog.
2106 2179 2142 2234 l.
2176 2197 2226 2248 ι,
2256 2180 2326 2237 de
2354 2182 2598 2252 Angelis,
2633 2200 2682 2239 c.
2709 2184 2744 2239 8
2774 2193 2830 2240 et
2859 2185 2896 2240 l.
2929 2201 3016 2252 ιιι,
3055 2201 3104 2242 c.
3135 2189 3190 2243 4.

1837 2279 1841 2292 ‘
1873 2269 1967 2324 25.
2007 2269 2139 2338 Quae
2169 2272 2237 2325 dc
2262 2272 2508 2342 pelliceis
2540 2273 2742 2330 tunicis
2787 2275 3088 2346 primorum
3120 2288 3410 2349 parentum

1807 2361 1972 2417 tradit
1999 2362 2334 2420 Philastrius
2359 2382 2413 2420 n.
2447 2382 2688 2424 Lxxxvut
2707 2369 2918 2426 codicis
2947 2371 3324 2441 Corheiensis,
3348 2391 3414 2432 ea

1804 2455 2033 2511 tendunt
2054 2456 2119 2511 ad
2149 2457 2512 2513 refellendam
2542 2460 2760 2516 illorum
2811 2461 3092 2530 haeresim,
3121 2465 3213 2534 qui
3242 2465 3416 2521 homi-

1804 2565 1920 2604 nem
1941 2554 2058 2622 jam
2089 2553 2349 2619 choicum,
2380 2559 2443 2608 ut
2468 2554 2541 2607 ait
2567 2552 2807 2610 Irenzeus
2841 2555 2941 2629 (c),
2966 2557 3019 2612 id
3039 2568 3213 2614 estex
3245 2568 3418 2616 mate-

1803 2640 1884 2695 ria
1913 2653 2255 2708 concrelum,
2282 2659 2386 2698 non
2418 2655 2588 2698 tanten
2623 2645 2686 2698 ab
2715 2645 2813 2700 hac
2840 2647 2992 2701 arida
3039 2657 3202 2714 terra,
3233 2652 3322 2705 sed
3352 2650 3416 2706 ab

1804 2735 2053 2790 invisibili
2074 2737 2360 2791 substantia
2379 2736 2608 2792 formam
2637 2740 2917 2808 accepisse
2937 2743 3228 2810 putabant;
3259 2742 3417 2798 dein-

1806 2827 1876 2883 de
1905 2829 2179 2883 carualem
2215 2830 2562 2900 superliciem
2590 2843 2654 2884 ac
2676 2830 2992 2885 sensibilem
3021 2833 3276 2902 corporis
3305 2832 3412 2887 lor-

1807 2937 1949 2974 mam
1982 2928 2110 2975 tune
2135 2919 2399 2988 induisse,
2431 2936 2552 2976 cum
2578 2922 2631 2976 in
2655 2921 2856 2978 Genesi
2887 2922 3107 2993 legitur,
3137 2924 3282 2995 quod
3313 2926 3417 2980 Do-

1807 3010 1988 3065 minus
2015 3010 2274 3078 pelliceas
2307 3012 2517 3066 tunicas
2541 3011 2732 3082 primis
2757 3013 3076 3082 parentibus
3093 3013 3224 3070 fecit
3252 3015 3412 3088 (Gen.

1808 3119 1889 3170 ιιι,
1917 3103 2034 3173 21).
2059 3103 2174 3158 Hoc
2204 3112 2386 3159 autem
2419 3104 2640 3159 nomine
2669 3105 3039 3175 arguebantur
3070 3108 3416 3177 potissimum

57 3239 71 3264 ι
101 3219 215 3258 non
239 3202 346 3256 duo
374 3209 580 3256 tantum
604 3196 1004 3270 principia,sed
1035 3197 1133 3251 tria
1152 3194 1500 3250 constituisse
1531 3195 1703 3249 anim-
1727 3195 1773 3258 C
1808 3193 2200 3260 Valentiniani,
2251 3205 2309 3249 ut
2354 3203 2572 3250 constat
2597 3211 2661 3252 ex
2693 3196 3037 3253 Tertulliano
3055 3200 3272 3256 advers.
3309 3201 3417 3256 Va-

101 3294 357 3360 advertit,
411 3293 554 3364 quod
605 3299 849 3347 notatum
879 3291 1040 3347 etiam
1071 3289 1271 3345 Grabio
1301 3288 1368 3342 ad
1411 3287 1697 3354 Irenmum,

105 3391 148 3446 ι.
181 3405 260 3453 ιιι,
287 3403 334 3442 c.
358 3386 450 3454 45,
477 3385 610 3441 edit.
635 3384 888 3440 Massueti
916 3398 972 3453 p.
1003 3380 1140 3447 144;
1171 3391 1281 3436 ιιιιιι
1310 3387 1436 3435 ante
1467 3378 1702 3449 Epipha-

101 3481 260 3537 nium
285 3480 538 3546 lrenaeus,
571 3479 686 3548 ipse
716 3478 754 3532 l.
784 3490 831 3544 ι,
860 3491 910 3531 c.
941 3475 1034 3539 27,
1063 3473 1314 3530 eumdem
1344 3487 1585 3528 errorem
1617 3486 1702 3527 re-

107 3576 326 3640 futans,
355 3573 390 3628 Ι.
424 3588 517 3640 ιιι,
549 3587 598 3626 c.
636 3571 669 3626 9
698 3580 753 3627 et
779 3570 881 3638 45,
913 3571 1080 3624 immo
1118 3568 1234 3624 fere
1273 3576 1388 3622 toto
1416 3567 1453 3621 l.
1485 3583 1579 3633 ιιι,
1624 3567 1700 3622 uti

108 3672 365 3728 observat
392 3665 782 3723 Feuardentius
821 3663 886 3718 ad
925 3663 1023 3718 lib.
1063 3678 1081 3718 ι
1125 3660 1314 3717 [renati
1352 3676 1402 3716 c.
1434 3659 1536 3726 29,
1567 3659 1700 3714 edit.

112 3760 365 3818 Massueti
407 3775 458 3828 p.
493 3759 585 3826 77,
615 3771 680 3812 ac
720 3764 832 3811 toto
873 3755 965 3810 lib.
1005 3770 1080 3820 tv,
1113 3763 1271 3824 prout
1298 3752 1532 3808 advertit
1557 3752 1702 3807 Mas-

111 3864 298 3912 suetus
323 3853 538 3908 dissert.
568 3854 625 3919 5,
654 3851 708 3906 in
736 3843 1020 3916 lrcnmum’,
1056 3865 1112 3904 n.
1137 3848 1230 3915 55,
1261 3864 1314 3918 p.
1344 3863 1506 3903 cxxx.
1547 3846 1702 3915 Quod

113 3945 297 4002 subdit
322 3944 642 3999 Philastrius
675 3961 688 3996 :
724 3942 847 3996 Non
872 3942 1046 4010 itaque
1077 3939 1314 3994 invidens
1343 3937 1486 3993 Deus
1515 3940 1704 4006 repulit

111 4049 310 4110 patrem
346 4044 578 4092 nostrum
607 4035 670 4088 de
697 4033 973 4105 paradiso,
1006 4033 1096 4086 sed
1127 4033 1292 4102 magis
1321 4031 1487 4084 eidem
1514 4047 1702 4085 consu-

112 4134 223 4187 lens
264 4130 315 4183 in
358 4143 514 4197 parvo
558 4126 790 4197 peccanti
827 4142 930 4180 non
961 4123 1185 4194 pepercit
1216 4120 1323 4194 (a).
1357 4138 1421 4176 ne
1449 4122 1706 4192 parcendo

113 4223 182 4278 ad
220 4224 416 4293 majora
459 4220 611 4274 etiam
650 4219 844 4272 crimen
883 4217 990 4270 alia
1028 4216 1185 4286 (lege
1214 4213 1283 4266 ad
1320 4216 1520 4284 majora
1559 4213 1707 4266 etiam

115 4313 372 4386 crimina),
392 4313 639 4367 inveniret
668 4328 782 4366 eum
805 4310 1088 4381 prodeunte
1113 4317 1262 4363 aetate
1283 4308 1536 4378 ampliore
1559 4307 1708 4380 (sup-

117 4409 204 4479 ple
233 4406 567 4478 processisse)
596 4415 870 4476 posteaque
907 4402 1165 4458 criminati
1199 4400 1392 4469 iudicio
1418 4416 1561 4454 reum
1598 4405 1711 4471 {ac-

119 4511 224 4554 tum
251 4499 468 4571 amplius
495 4498 897 4563 condemnaret,
940 4493 1117 4550 simile
1159 4502 1244 4549 est
1273 4493 1323 4549 ei
1363 4493 1507 4563 quod
1547 4491 1711 4547 habet

1802 3288 2132 3344 lcntinianos
2160 3303 2278 3358 cap.
2295 3289 2367 3342 24
2388 3308 2400 3343 :
2419 3289 2642 3344 Interim
2661 3291 2923 3346 carnalem
2943 3295 3274 3363 superficiem
3296 3313 3418 3365 pos-

1803 3393 1886 3436 tea
1914 3381 2059 3435 aiunt
2104 3381 2518 3453 (Valentiniani)
2550 3384 2731 3438 choice
2776 3395 3154 3456 supertextam,
3195 3399 3244 3443 et
3281 3393 3416 3444 hanc

1804 3489 1913 3528 esse
1937 3473 2203 3543 pelliceam
2235 3475 2461 3529 tunicam
2490 3475 2763 3530 obnoxiam
2809 3479 3008 3532 sensui.
3049 3479 3116 3534 Et
3147 3481 3321 3551 cap.7
3348 3481 3420 3537 de

1806 3566 2120 3624 Resurrect.
2169 3569 2396 3624 carnis:
2433 3567 2616 3640 Neque
2668 3571 2827 3639 enim,
2863 3582 2920 3626 ut
2961 3573 3176 3643 quidam
3216 3576 3420 3644 uolunt,

1803 3661 1912 3714 illa:
1924 3661 2144 3726 pellicia:
2167 3661 2378 3728 tunicte,
2399 3678 2528 3732 quas
2541 3662 2707 3716 Adam
2729 3673 2776 3718 et
2804 3662 2917 3718 Eva
2940 3667 3247 3735 paradisum
3274 3670 3421 3724 exuti

1805 3752 2122 3820 induerunt,
2152 3754 2279 3826 ipsa:
2309 3763 2460 3808 erunt
2485 3756 2656 3810 carnis
2686 3772 2750 3811 ea:
2777 3756 2900 3811 limo
2927 3761 3224 3829 reformatio
3246 3802 3261 3827 ,
3301 3777 3419 3817 cum

1754 3926 1761 3931 _
1807 3847 2078 3916 aliquanto
2116 3849 2262 3917 prius
2285 3858 2333 3902 et
2371 3848 2539 3901 Adam
2583 3849 2887 3904 substantia:
2933 3868 3042 3906 sua:
3070 3854 3335 3909 traducem
3363 3856 3419 3910 in

1809 3941 2004 4010 femina
2017 3940 2136 4010 jam
2158 3957 2334 4005 carne,
2361 3944 2713 4012 recognoverit
2735 3959 2754 3997 :
2775 3943 2893 3999 Hoc
2923 3960 3068 4000 nunc
3095 3961 3158 4002 os
3179 3963 3247 4002 ex
3272 3949 3415 4003 ossi-

1809 4034 1910 4089 bus
1931 4032 2090 4098 meis;
2122 4039 2178 4087 et
2207 4047 2338 4088 caro
2370 4049 2438 4088 ex
2463 4049 2629 4089 carne
2657 4051 2779 4090 mea
2811 4034 2967 4106 (Gen.
2999 4053 3058 4104 ιι,
3082 4037 3198 4108 25),
3229 4049 3275 4092 et
3301 4039 3418 4110 ipsa

1809 4126 2058 4180 delibatio
2087 4126 2307 4180 masculi
2345 4127 2399 4180 in
2437 4127 2689 4195 feminam
2715 4144 2871 4183 carne
2897 4131 3137 4201 suppleta
3160 4133 3260 4200 sit,
3291 4133 3416 4188 limo

1810 4218 1999 4287 opinor
2027 4217 2340 4288 supplenda,
2369 4217 2414 4271 si
2435 4218 2603 4271 Adam
2629 4217 2803 4272 adhuc
2826 4220 3167 4288 limus.Quas
3185 4223 3419 4292 pellicias

1813 4309 2018 4363 tunicas
2065 4308 2287 4365 vocavit
2341 4308 2713 4365 Tertullianus
2740 4351 2754 4375 ,
2809 4311 3153 4367 dermatinam
3193 4315 3420 4369 tunicam

1812 4399 1948 4455 dixit
1970 4401 2231 4468 lreua-us,
2255 4401 2397 4457 hunc
2419 4401 2926 4459 Valentinianorum
2954 4419 3198 4462 errorem
3226 4423 3421 4463 recen-

1815 4493 2038 4564 sens(d)
2072 4509 2084 4546 :
2114 4491 2244 4548 Post
2276 4491 2849 4549 deindecircumdatam
2875 4496 3055 4550 dicunt
3087 4500 3138 4552 ei
3157 4499 3417 4555 dermati-

117 4606 237 4662 cap.
267 4589 390 4656 l29,
420 4588 488 4644 de
523 4588 654 4644 Cain
688 4596 928 4658 peccato,
962 4587 1053 4640 ubi
1080 4585 1212 4641 dicit
1246 4599 1370 4639 eum
1401 4592 1709 4654 correptum
1738 4584 1793 4645 D
1819 4599 1940 4639 nam
1974 4584 2208 4639 tunicam
2236 4602 2250 4637 :
2281 4584 2416 4639 hanc
2442 4595 2616 4640 autem
2643 4587 2938 4642 sensibilem
2967 4605 3173 4645 carnem
3198 4608 3310 4645 esse
3331 4607 3417 4647 vo-

119 4697 148 4738 a
181 4669 408 4736 Domino
429 4720 444 4746 ,
476 4688 529 4733 ut
570 4679 614 4733 si
656 4680 856 4749 fructus
897 4676 1146 4731 bonorum
1179 4691 1390 4746 operum
1429 4675 1494 4729 de
1529 4685 1713 4730 caetero

119 4791 234 4830 eum
273 4780 586 4844 sequeretur,
627 4771 978 4826 remissionem
1022 4769 1149 4823 tanti
1195 4768 1400 4822 sceleris
1439 4777 1570 4822 esset
1603 4768 1714 4824 sine

119 4867 269 4922 dubio
311 4874 632 4936 accepturus.
676 4863 850 4919 Verba
900 4877 1062 4933 porro
1111 4862 1202 4916 illa
1250 4861 1534 4932 prodeunte
1562 4872 1714 4918 (etate

119 4959 385 5029 ampliore,
410 4956 649 5012 indicare
675 4956 949 5020 videntur,
980 4954 1324 5010 Philastrium
1360 4957 1414 5010 in
1447 4970 1510 5010 ea
1543 4953 1711 5012 fuisse

121 5051 414 5118 sententia,
459 5065 581 5120 quas
625 5049 825 5105 asserit
872 5049 1073 5119 primos
1122 5056 1376 5120 parentes
1424 5049 1479 5104 in
1525 5049 1708 5105 adulta

122 5153 278 5200 :etate
327 5141 485 5197 haud.
516 5149 770 5206 creatos;
831 5142 970 5197 hanc
1021 5149 1204 5197 autem
1257 5140 1420 5196 tradit
1472 5139 1711 5198 lrenaaus

124 5236 164 5291 l.
190 5250 274 5303 ιιι,
308 5249 358 5290 c.
385 5234 478 5301 22,
509 5251 564 5288 ιι.
590 5235 648 5301 4,
678 5233 767 5290 cui
803 5233 934 5291 licet
961 5249 1070 5290 non
1108 5235 1307 5290 multos
1335 5235 1708 5305 patrocinatu-

124 5343 214 5384 ros
253 5329 364 5383 fore
408 5327 718 5398 pronuntiet
759 5327 1063 5383 Massuetus
1105 5327 1172 5382 ad
1212 5327 1358 5382 hunc
1396 5327 1586 5383 lrentei
1633 5327 1713 5383 lo-

127 5434 244 5475 cum
267 5417 364 5491 (b),
389 5432 507 5475 eam
539 5427 716 5473 tamen
739 5432 998 5489 expresse
1019 5418 1177 5475 docet
1201 5416 1454 5475 Clemens
1475 5417 1712 5475 Alexan-

128 5511 306 5569 drinus
327 5512 596 5582 Protrept.
623 5525 742 5581 cap.
768 5511 860 5578 11,
889 5511 980 5567 ubi
1004 5510 1074 5568 de
1097 5512 1269 5569 Adam
1299 5513 1376 5567 ait
1405 5530 1419 5568 :
1451 5518 1711 5591 παρήγετο

193 5671 264 5742 (a)
303 5669 592 5742 Sim_iliter_
612 5667 692 5742 de
730 5668 1192 5742 Adamiloquitur
1235 5669 1470 5726 lrenaus
1513 5669 1552 5724 l.
1609 5684 1684 5736 ιιι,

130 5761 178 5800 c.
201 5737 284 5809 25,
309 5758 368 5797 ιι.
402 5740 457 5810 6,
491 5757 544 5809 p.
567 5737 698 5812 222,
723 5739 857 5797 edit.
889 5737 1204 5812 Mass'ueti”

200 5812 268 5889 (b)
304 5813 436 5885 Pag.
463 5811 612 5874 219.1

1817 4677 1951 4731 lunt.
1985 4675 2172 4732 Sixtus
2204 4676 2467 4732 Senensis
2487 4677 2583 4732 lib.
2617 4693 2648 4731 ν
2671 4677 2933 4734 Biblioth.
2966 4690 3189 4748 sanctae,
3225 4691 3412 4736 annot.

1814 4770 1906 4836 55,
1934 4769 2102 4824 refert
2119 4783 2363 4824 errorem
2399 4767 2545 4824 hunc
2564 4783 2597 4823 a
2623 4768 2898 4824 Methodio
2926 4772 3222 4840 ascriptum
3246 4773 3416 4828 fuisse

1813 4861 2030 4932 Origeni
2056 4877 2071 4926 ;
2097 4861 2255 4932 quasi
2281 4861 2326 4916 is
2379 4861 2723 4916 existimaret
2748 4878 2856 4919 rem
2887 4864 3172 4918 admodum
3212 4864 3415 4921 ridicu-

1813 4958 1917 5011 tam
1937 4972 2066 5022 esse,
2097 4955 2236 5026 quod
2282 4953 2426 5010 Deus
2470 4954 2746 5012 decoriatis
2801 4957 3019 5012 mortuis
3065 4957 3415 5017 animantibus

1816 5049 1979 5120 pelles
2003 5056 2234 5119 pararet,
2257 5057 2304 5102 et
2336 5047 2578 5117 pelliceas
2606 5047 2806 5102 tunicas
2831 5058 3123 5118 consueret,
3147 5068 3210 5105 ac
3228 5051 3273 5106 si
3289 5061 3415 5107 esset

1811 5141 2089 5207 coriarius,
2112 5140 2191 5194 uel
2223 5139 2438 5209 pellium
2462 5147 2627 5195 sutor.
2660 5138 2708 5195 A
2734 5154 2844 5212 quo
2872 5147 3052 5195 tamen
3077 5155 3266 5199 errore
3293 5142 3414 5199 Ori-

1811 5247 2004 5304 genetn
2034 5239 2226 5302 purgat
2251 5230 2512 5288 Senensis
2553 5231 2746 5288 eadem
2783 5241 2974 5288 annot.
3007 5234 3080 5290 55
3117 5234 3358 5291 subdens
3394 5254 3409 5292 :

1814 5326 2063 5396 Suspicor
2082 5325 2218 5380 hunc
2238 5326 2409 5380 locum
2432 5325 2593 5396 fuisse
2618 5335 2921 5398 corruptum
2949 5326 3012 5380 ab
3042 5329 3244 5384 cemulis
3287 5328 3413 5383 Ori-

1811 5419 1991 5491 genis;
2013 5418 2056 5472 is
2102 5417 2239 5472 enim
2267 5418 2320 5472 in
2351 5417 2449 5473 hac
2477 5434 2533 5472 re
2562 5427 2779 5474 mentem
2795 5434 2941 5472 sttam
2964 5419 3216 5474 catholice
3245 5423 3412 5488 aperit

1814 5511 2026 5567 homilia
2049 5509 2083 5567 6
2103 5511 2156 5566 in
2182 5509 2488 5580 Leuiticum,
2511 5512 2598 5566 ubi
2627 5512 2701 5565 sic
2719 5511 2936 5567 scribit:
2967 5510 3118 5568 Fecit
3147 5511 3294 5566 Deus
3320 5520 3408 5567 tu-

1871 5667 1951 5742 (c)_
1984 5668 2102 5742 Lib.
2127 5683 2177 5732 ι,
2206 5681 2257 5723 c.
2287 5668 2342 5742 ξ,
2375 5683 2429 5721 ιι.
2455 5667 2508 5742 ξ,
2536 5667 2714 5738 p.37.

1882 5737 1961 5809 id)
2001 5739 2119 5794 Lib.
2144 5753 2183 5806 ι,
2213 5753 2264 5793 c.
2288 5737 2344 5805 5,
2369 5754 2422 5791 ιι.
2457 5737 2512 5792 5.
