  <div class='ocr_page' id='page_1' title='image "/cluster/home/n/w/nwhite01/storage/ocr_20150623/12/uva.x000826551/588.png"; bbox 0 0 3992 6204; ppageno 0'>
   <div class='ocr_carea' id='block_1_1' title="bbox 89 289 1726 384">
    <p class='ocr_par' dir='ltr' id='par_1_1' title="bbox 89 289 1726 369">
     <span class='ocr_line' id='line_1_1' title="bbox 89 289 1726 369; baseline 0.003 -18"><span class='ocrx_word' id='word_1_1' title='bbox 89 289 260 351; x_wconf 74' lang='lat' dir='ltr'><strong>suos</strong></span> <span class='ocrx_word' id='word_1_2' title='bbox 403 367 406 369; x_wconf 97' lang='lat'><em>_</em></span> <span class='ocrx_word' id='word_1_3' title='bbox 1268 294 1329 354; x_wconf 72' lang='grc' dir='ltr'><strong>Ρ.</strong></span> <span class='ocrx_word' id='word_1_4' title='bbox 1370 290 1726 356; x_wconf 75' lang='lat' dir='ltr'><strong>GALEARDI</strong></span> 
     </span>
    </p>
   </div>
   <div class='ocr_carea' id='block_1_2' title="bbox 1830 289 3427 384">
    <p class='ocr_par' dir='ltr' id='par_1_2' title="bbox 1879 289 3427 384">
     <span class='ocr_line' id='line_1_2' title="bbox 1879 289 3427 384; baseline 0.01 -30"><span class='ocrx_word' id='word_1_5' title='bbox 1879 289 2272 384; x_wconf 62' lang='lat' dir='ltr'><strong>summa.</strong></span> <span class='ocrx_word' id='word_1_6' title='bbox 3287 307 3427 369; x_wconf 77' lang='lat' dir='ltr'><strong>toat</strong></span> 
     </span>
    </p>
   </div>
   <div class='ocr_carea' id='block_1_3' title="bbox 85 405 3434 482">
    <p class='ocr_par' dir='ltr' id='par_1_3' title="bbox 85 405 3434 482">
     <span class='ocr_line' id='line_1_3' title="bbox 85 405 3434 482; baseline 0.005 -24"><span class='ocrx_word' id='word_1_7' title='bbox 85 405 350 460; x_wconf 82' lang='lat' dir='ltr'><strong>Domino</strong></span> <span class='ocrx_word' id='word_1_8' title='bbox 380 406 538 461; x_wconf 70' lang='lat' dir='ltr'><strong>facta:</strong></span> <span class='ocrx_word' id='word_1_9' title='bbox 564 415 691 462; x_wconf 85' lang='lat' dir='ltr'><strong>sunt</strong></span> <span class='ocrx_word' id='word_1_10' title='bbox 716 446 730 473; x_wconf 94' lang='lat'><strong>,</strong></span> <span class='ocrx_word' id='word_1_11' title='bbox 767 407 957 461; x_wconf 83' lang='lat' dir='ltr'><strong>amissa</strong></span> <span class='ocrx_word' id='word_1_12' title='bbox 997 413 1164 461; x_wconf 73' lang='lat' dir='ltr'><strong>mante</strong></span> <span class='ocrx_word' id='word_1_13' title='bbox 1201 406 1410 476; x_wconf 76' lang='lat' dir='ltr'><strong>lapidea</strong></span> <span class='ocrx_word' id='word_1_14' title='bbox 1433 449 1446 473; x_wconf 88' lang='lat'><strong>,</strong></span> <span class='ocrx_word' id='word_1_15' title='bbox 1485 408 1728 478; x_wconf 79' lang='lat' dir='ltr'><strong>quotidie</strong></span> <span class='ocrx_word' id='word_1_16' title='bbox 1755 413 1804 472; x_wconf 84' lang='lat' dir='ltr'><strong>A</strong></span> <span class='ocrx_word' id='word_1_17' title='bbox 1832 409 2085 466; x_wconf 91' lang='lat' dir='ltr'><strong>librarios</strong></span> <span class='ocrx_word' id='word_1_18' title='bbox 2107 453 2120 477; x_wconf 96' lang='lat'><strong>,</strong></span> <span class='ocrx_word' id='word_1_19' title='bbox 2162 411 2287 482; x_wconf 92' lang='lat' dir='ltr'><strong>quia</strong></span> <span class='ocrx_word' id='word_1_20' title='bbox 2335 425 2556 466; x_wconf 79' lang='lat' dir='ltr'><strong>exesam</strong></span> <span class='ocrx_word' id='word_1_21' title='bbox 2609 415 2896 482; x_wconf 76' lang='lat' dir='ltr'><strong>posteriori</strong></span> <span class='ocrx_word' id='word_1_22' title='bbox 2943 425 3101 473; x_wconf 72' lang='lat' dir='ltr'><strong>astate</strong></span> <span class='ocrx_word' id='word_1_23' title='bbox 3147 419 3434 477; x_wconf 84' lang='lat' dir='ltr'><strong>Miiienarii</strong></span> 
     </span>
    </p>
   </div>
   <div class='ocr_carea' id='block_1_4' title="bbox 85 497 3432 574">
    <p class='ocr_par' dir='ltr' id='par_1_4' title="bbox 85 497 3432 574">
     <span class='ocr_line' id='line_1_4' title="bbox 85 497 3432 574; baseline 0.005 -22"><span class='ocrx_word' id='word_1_24' title='bbox 85 497 692 564; x_wconf 65' lang='lat' dir='ltr'><strong>circumcidiludaeos,</strong></span> <span class='ocrx_word' id='word_1_25' title='bbox 715 499 769 552; x_wconf 90' lang='lat' dir='ltr'><strong>id</strong></span> <span class='ocrx_word' id='word_1_26' title='bbox 792 511 863 554; x_wconf 84' lang='lat' dir='ltr'><strong>est</strong></span> <span class='ocrx_word' id='word_1_27' title='bbox 883 499 1075 554; x_wconf 83' lang='lat' dir='ltr'><strong>Christi</strong></span> <span class='ocrx_word' id='word_1_28' title='bbox 1095 502 1165 554; x_wconf 86' lang='lat' dir='ltr'><strong>eis</strong></span> <span class='ocrx_word' id='word_1_29' title='bbox 1190 501 1442 554; x_wconf 72' lang='lat' dir='ltr'><strong>insinuari</strong></span> <span class='ocrx_word' id='word_1_30' title='bbox 1464 502 1730 556; x_wconf 85' lang='lat' dir='ltr'><strong>scientiam</strong></span> <span class='ocrx_word' id='word_1_31' title='bbox 1832 503 1983 572; x_wconf 83' lang='lat' dir='ltr'><strong>regni</strong></span> <span class='ocrx_word' id='word_1_32' title='bbox 2010 503 2314 558; x_wconf 87' lang='lat' dir='ltr'><strong>doctrinam</strong></span> <span class='ocrx_word' id='word_1_33' title='bbox 2348 505 2572 562; x_wconf 86' lang='lat' dir='ltr'><strong>ulterius</strong></span> <span class='ocrx_word' id='word_1_34' title='bbox 2600 506 2910 564; x_wconf 82' lang='lat' dir='ltr'><strong>describere</strong></span> <span class='ocrx_word' id='word_1_35' title='bbox 2952 511 3190 574; x_wconf 84' lang='lat' dir='ltr'><strong>nollent,</strong></span> <span class='ocrx_word' id='word_1_36' title='bbox 3229 513 3432 569; x_wconf 90' lang='lat' dir='ltr'><strong>idcirco</strong></span> 
     </span>
    </p>
   </div>
   <div class='ocr_carea' id='block_1_5' title="bbox 85 590 3433 668">
    <p class='ocr_par' dir='ltr' id='par_1_5' title="bbox 85 590 3433 668">
     <span class='ocr_line' id='line_1_5' title="bbox 85 590 3433 668; baseline 0.005 -28"><span class='ocrx_word' id='word_1_37' title='bbox 85 590 442 654; x_wconf 79' lang='lat' dir='ltr'><strong>salutarent;</strong></span> <span class='ocrx_word' id='word_1_38' title='bbox 492 604 603 659; x_wconf 92' lang='lat' dir='ltr'><strong>quo</strong></span> <span class='ocrx_word' id='word_1_39' title='bbox 632 591 684 644; x_wconf 91' lang='lat' dir='ltr'><strong>in</strong></span> <span class='ocrx_word' id='word_1_40' title='bbox 717 598 872 660; x_wconf 90' lang='lat' dir='ltr'><strong>tropo</strong></span> <span class='ocrx_word' id='word_1_41' title='bbox 902 591 1225 646; x_wconf 82' lang='lat' dir='ltr'><strong>Philastritts</strong></span> <span class='ocrx_word' id='word_1_42' title='bbox 1256 592 1356 646; x_wconf 87' lang='lat' dir='ltr'><strong>sibi</strong></span> <span class='ocrx_word' id='word_1_43' title='bbox 1385 594 1733 648; x_wconf 89' lang='lat' dir='ltr'><strong>consenticu-</strong></span> <span class='ocrx_word' id='word_1_44' title='bbox 1833 592 1983 649; x_wconf 77' lang='lat' dir='ltr'><strong>filum</strong></span> <span class='ocrx_word' id='word_1_45' title='bbox 2010 595 2294 664; x_wconf 85' lang='lat' dir='ltr'><strong>abrupisse</strong></span> <span class='ocrx_word' id='word_1_46' title='bbox 2321 613 2334 648; x_wconf 87' lang='lat'>:</span> <span class='ocrx_word' id='word_1_47' title='bbox 2357 610 2478 649; x_wconf 88' lang='lat' dir='ltr'><strong>cum</strong></span> <span class='ocrx_word' id='word_1_48' title='bbox 2513 606 2712 662; x_wconf 86' lang='lat' dir='ltr'><strong>tamen,</strong></span> <span class='ocrx_word' id='word_1_49' title='bbox 2739 610 2794 652; x_wconf 92' lang='lat' dir='ltr'><strong>ut</strong></span> <span class='ocrx_word' id='word_1_50' title='bbox 2818 609 2966 655; x_wconf 85' lang='lat' dir='ltr'><strong>recte</strong></span> <span class='ocrx_word' id='word_1_51' title='bbox 2989 603 3088 668; x_wconf 88' lang='lat' dir='ltr'><strong>ait,</strong></span> <span class='ocrx_word' id='word_1_52' title='bbox 3124 603 3433 660; x_wconf 87' lang='lat' dir='ltr'><strong>Fenardcn-</strong></span> 
     </span>
    </p>
   </div>
   <div class='ocr_carea' id='block_1_6' title="bbox 89 680 3434 763">
    <p class='ocr_par' dir='ltr' id='par_1_6' title="bbox 89 680 3434 763">
     <span class='ocr_line' id='line_1_6' title="bbox 89 680 3434 763; baseline 0.006 -29"><span class='ocrx_word' id='word_1_53' title='bbox 89 689 224 736; x_wconf 85' lang='lat' dir='ltr'><strong>tem</strong></span> <span class='ocrx_word' id='word_1_54' title='bbox 282 680 453 735; x_wconf 91' lang='lat' dir='ltr'><strong>habet</strong></span> <span class='ocrx_word' id='word_1_55' title='bbox 498 680 897 748; x_wconf 85' lang='lat' dir='ltr'><strong>Gaudentium,</strong></span> <span class='ocrx_word' id='word_1_56' title='bbox 948 684 1040 752; x_wconf 82' lang='lat' dir='ltr'><strong>qui</strong></span> <span class='ocrx_word' id='word_1_57' title='bbox 1093 683 1276 738; x_wconf 89' lang='lat' dir='ltr'><strong>Tract.</strong></span> <span class='ocrx_word' id='word_1_58' title='bbox 1330 684 1366 736; x_wconf 69' lang='grc'><strong>2</strong></span> <span class='ocrx_word' id='word_1_59' title='bbox 1419 685 1620 739; x_wconf 81' lang='lat' dir='ltr'><strong>Gentes</strong></span> <span class='ocrx_word' id='word_1_60' title='bbox 1661 685 1728 739; x_wconf 91' lang='lat' dir='ltr'><strong>ad</strong></span> <span class='ocrx_word' id='word_1_61' title='bbox 1831 687 1970 752; x_wconf 88' lang='lat' dir='ltr'><strong>tius,</strong></span> <span class='ocrx_word' id='word_1_62' title='bbox 2005 689 2149 741; x_wconf 91' lang='lat' dir='ltr'><strong>maio</strong></span> <span class='ocrx_word' id='word_1_63' title='bbox 2183 690 2303 743; x_wconf 83' lang='lat' dir='ltr'><strong>huic</strong></span> <span class='ocrx_word' id='word_1_64' title='bbox 2342 690 2668 746; x_wconf 87' lang='lat' dir='ltr'><strong>medendum</strong></span> <span class='ocrx_word' id='word_1_65' title='bbox 2697 703 2840 748; x_wconf 86' lang='lat' dir='ltr'><strong>esset</strong></span> <span class='ocrx_word' id='word_1_66' title='bbox 2883 696 3296 763; x_wconf 73' lang='lat' dir='ltr'><strong>praemunitione</strong></span> <span class='ocrx_word' id='word_1_67' title='bbox 3335 701 3434 754; x_wconf 87' lang='lat' dir='ltr'><strong>aii-</strong></span> 
     </span>
    </p>
   </div>
   <div class='ocr_carea' id='block_1_7' title="bbox 82 773 3354 858">
    <p class='ocr_par' dir='ltr' id='par_1_7' title="bbox 82 773 3354 858">
     <span class='ocr_line' id='line_1_7' title="bbox 82 773 3354 858; baseline 0.005 -31"><span class='ocrx_word' id='word_1_68' title='bbox 82 773 394 828; x_wconf 81' lang='lat' dir='ltr'><strong>Christum</strong></span> <span class='ocrx_word' id='word_1_69' title='bbox 416 777 925 845; x_wconf 83' lang='lat' dir='ltr'><strong>conversaslapides</strong></span> <span class='ocrx_word' id='word_1_70' title='bbox 941 776 1202 846; x_wconf 83' lang='lat' dir='ltr'><strong>quondam</strong></span> <span class='ocrx_word' id='word_1_71' title='bbox 1225 777 1529 831; x_wconf 82' lang='lat' dir='ltr'><strong>durissimos</strong></span> <span class='ocrx_word' id='word_1_72' title='bbox 1551 788 1726 832; x_wconf 76' lang='lat' dir='ltr'><strong>vocat.</strong></span> <span class='ocrx_word' id='word_1_73' title='bbox 1831 793 1956 848; x_wconf 85' lang='lat' dir='ltr'><strong>qua,</strong></span> <span class='ocrx_word' id='word_1_74' title='bbox 1991 794 2094 833; x_wconf 89' lang='lat' dir='ltr'><strong>non</strong></span> <span class='ocrx_word' id='word_1_75' title='bbox 2128 780 2321 848; x_wconf 88' lang='lat' dir='ltr'><strong>litura;</strong></span> <span class='ocrx_word' id='word_1_76' title='bbox 2357 791 2520 852; x_wconf 82' lang='lat' dir='ltr'><strong>atque</strong></span> <span class='ocrx_word' id='word_1_77' title='bbox 2541 783 2676 838; x_wconf 78' lang='lat' dir='ltr'><strong>adeo</strong></span> <span class='ocrx_word' id='word_1_78' title='bbox 2701 786 2925 852; x_wconf 84' lang='lat' dir='ltr'><strong>calamo,</strong></span> <span class='ocrx_word' id='word_1_79' title='bbox 2957 804 3058 842; x_wconf 85' lang='lat' dir='ltr'><strong>non</strong></span> <span class='ocrx_word' id='word_1_80' title='bbox 3086 790 3354 858; x_wconf 85' lang='lat' dir='ltr'><strong>scalpello.</strong></span> 
     </span>
    </p>
   </div>
   <div class='ocr_carea' id='block_1_8' title="bbox 86 867 1732 937">
    <p class='ocr_par' dir='ltr' id='par_1_8' title="bbox 86 867 1732 937">
     <span class='ocr_line' id='line_1_8' title="bbox 86 867 1732 937; baseline 0.001 -15"><span class='ocrx_word' id='word_1_81' title='bbox 86 867 290 922; x_wconf 89' lang='lat' dir='ltr'><strong>Porro</strong></span> <span class='ocrx_word' id='word_1_82' title='bbox 322 883 432 937; x_wconf 89' lang='lat' dir='ltr'><strong>quo</strong></span> <span class='ocrx_word' id='word_1_83' title='bbox 475 879 629 937; x_wconf 88' lang='lat' dir='ltr'><strong>pacto</strong></span> <span class='ocrx_word' id='word_1_84' title='bbox 661 884 829 924; x_wconf 80' lang='lat' dir='ltr'><strong>saxeo</strong></span> <span class='ocrx_word' id='word_1_85' title='bbox 863 869 1041 924; x_wconf 88' lang='lat' dir='ltr'><strong>cultro</strong></span> <span class='ocrx_word' id='word_1_86' title='bbox 1071 878 1282 924; x_wconf 90' lang='lat' dir='ltr'><strong>utentes</strong></span> <span class='ocrx_word' id='word_1_87' title='bbox 1318 870 1491 925; x_wconf 83' lang='lat' dir='ltr'><strong>Judaei</strong></span> <span class='ocrx_word' id='word_1_88' title='bbox 1525 871 1594 927; x_wconf 82' lang='lat' dir='ltr'><strong>ad</strong></span> <span class='ocrx_word' id='word_1_89' title='bbox 1621 871 1732 925; x_wconf 90' lang='lat' dir='ltr'><strong>cir—</strong></span> 
     </span>
    </p>
   </div>
   <div class='ocr_carea' id='block_1_9' title="bbox 83 961 1727 1032">
    <p class='ocr_par' dir='ltr' id='par_1_9' title="bbox 83 961 1727 1032">
     <span class='ocr_line' id='line_1_9' title="bbox 83 961 1727 1032; baseline 0 -18"><span class='ocrx_word' id='word_1_90' title='bbox 83 961 528 1027; x_wconf 81' lang='lat' dir='ltr'><strong>cumeisionem,</strong></span> <span class='ocrx_word' id='word_1_91' title='bbox 550 961 835 1032; x_wconf 82' lang='lat' dir='ltr'><strong>periclitari</strong></span> <span class='ocrx_word' id='word_1_92' title='bbox 851 961 1057 1030; x_wconf 83' lang='lat' dir='ltr'><strong>{acilius</strong></span> <span class='ocrx_word' id='word_1_93' title='bbox 1082 962 1341 1030; x_wconf 88' lang='lat' dir='ltr'><strong>potuerint</strong></span> <span class='ocrx_word' id='word_1_94' title='bbox 1362 977 1518 1031; x_wconf 85' lang='lat' dir='ltr'><strong>quam</strong></span> <span class='ocrx_word' id='word_1_95' title='bbox 1537 963 1727 1028; x_wconf 82' lang='lat' dir='ltr'><strong>curari,</strong></span> 
     </span>
    </p>
   </div>
   <div class='ocr_carea' id='block_1_10' title="bbox 84 1051 1730 1124">
    <p class='ocr_par' dir='ltr' id='par_1_10' title="bbox 84 1051 1730 1124">
     <span class='ocr_line' id='line_1_10' title="bbox 84 1051 1730 1124; baseline 0.001 -15"><span class='ocrx_word' id='word_1_96' title='bbox 84 1067 161 1109; x_wconf 82' lang='lat' dir='ltr'><strong>ut</strong></span> <span class='ocrx_word' id='word_1_97' title='bbox 195 1051 293 1108; x_wconf 84' lang='lat' dir='ltr'><strong>hic</strong></span> <span class='ocrx_word' id='word_1_98' title='bbox 322 1053 558 1106; x_wconf 74' lang='lat' dir='ltr'><strong>aﬂirmat</strong></span> <span class='ocrx_word' id='word_1_99' title='bbox 599 1052 925 1107; x_wconf 83' lang='lat' dir='ltr'><strong>Pbilastrius</strong></span> <span class='ocrx_word' id='word_1_100' title='bbox 945 1094 959 1116; x_wconf 90' lang='lat'><strong>,</strong></span> <span class='ocrx_word' id='word_1_101' title='bbox 998 1053 1171 1108; x_wconf 84' lang='lat' dir='ltr'><strong>fateor</strong></span> <span class='ocrx_word' id='word_1_102' title='bbox 1205 1069 1291 1109; x_wconf 87' lang='lat' dir='ltr'><strong>me</strong></span> <span class='ocrx_word' id='word_1_103' title='bbox 1323 1069 1548 1124; x_wconf 87' lang='lat' dir='ltr'><strong>prorsus</strong></span> <span class='ocrx_word' id='word_1_104' title='bbox 1577 1054 1730 1122; x_wconf 84' lang='lat' dir='ltr'><strong>igno-</strong></span> 
     </span>
    </p>
   </div>
   <div class='ocr_carea' id='block_1_11' title="bbox 87 1143 1729 1214">
    <p class='ocr_par' dir='ltr' id='par_1_11' title="bbox 87 1143 1729 1214">
     <span class='ocr_line' id='line_1_11' title="bbox 87 1143 1729 1214; baseline 0.001 -16"><span class='ocrx_word' id='word_1_105' title='bbox 87 1159 239 1200; x_wconf 85' lang='lat' dir='ltr'><strong>rare</strong></span> <span class='ocrx_word' id='word_1_106' title='bbox 259 1159 382 1198; x_wconf 88' lang='lat' dir='ltr'><strong>eunt</strong></span> <span class='ocrx_word' id='word_1_107' title='bbox 410 1143 622 1209; x_wconf 89' lang='lat' dir='ltr'><strong>multis;</strong></span> <span class='ocrx_word' id='word_1_108' title='bbox 647 1145 774 1213; x_wconf 85' lang='lat' dir='ltr'><strong>quin</strong></span> <span class='ocrx_word' id='word_1_109' title='bbox 806 1145 983 1212; x_wconf 88' lang='lat' dir='ltr'><strong>potius</strong></span> <span class='ocrx_word' id='word_1_110' title='bbox 1005 1144 1136 1199; x_wconf 78' lang='lat' dir='ltr'><strong>ferri</strong></span> <span class='ocrx_word' id='word_1_111' title='bbox 1160 1145 1360 1200; x_wconf 83' lang='lat' dir='ltr'><strong>vulnus</strong></span> <span class='ocrx_word' id='word_1_112' title='bbox 1379 1158 1535 1200; x_wconf 77' lang='lat' dir='ltr'><strong>atrox</strong></span> <span class='ocrx_word' id='word_1_113' title='bbox 1560 1145 1729 1214; x_wconf 85' lang='lat' dir='ltr'><strong>magis</strong></span> 
     </span>
    </p>
   </div>
   <div class='ocr_carea' id='block_1_12' title="bbox 88 1237 1724 1308">
    <p class='ocr_par' dir='ltr' id='par_1_12' title="bbox 88 1237 1724 1308">
     <span class='ocr_line' id='line_1_12' title="bbox 88 1237 1724 1308; baseline -0.001 -15"><span class='ocrx_word' id='word_1_114' title='bbox 88 1252 238 1293; x_wconf 83' lang='lat' dir='ltr'><strong>esse</strong></span> <span class='ocrx_word' id='word_1_115' title='bbox 265 1252 427 1307; x_wconf 81' lang='lat' dir='ltr'><strong>quam</strong></span> <span class='ocrx_word' id='word_1_116' title='bbox 464 1238 660 1308; x_wconf 85' lang='lat' dir='ltr'><strong>lapidis</strong></span> <span class='ocrx_word' id='word_1_117' title='bbox 681 1275 696 1303; x_wconf 94' lang='lat'><strong>,</strong></span> <span class='ocrx_word' id='word_1_118' title='bbox 737 1237 869 1293; x_wconf 93' lang='lat' dir='ltr'><strong>illud</strong></span> <span class='ocrx_word' id='word_1_119' title='bbox 897 1239 1137 1294; x_wconf 88' lang='lat' dir='ltr'><strong>indicare</strong></span> <span class='ocrx_word' id='word_1_120' title='bbox 1165 1239 1378 1295; x_wconf 82' lang='lat' dir='ltr'><strong>videtur</strong></span> <span class='ocrx_word' id='word_1_121' title='bbox 1398 1280 1412 1303; x_wconf 93' lang='lat'><strong>,</strong></span> <span class='ocrx_word' id='word_1_122' title='bbox 1443 1239 1583 1308; x_wconf 86' lang='lat' dir='ltr'><strong>quod</strong></span> <span class='ocrx_word' id='word_1_123' title='bbox 1613 1239 1724 1292; x_wconf 88' lang='lat' dir='ltr'><strong>sili-</strong></span> 
     </span>
    </p>
   </div>
   <div class='ocr_carea' id='block_1_13' title="bbox 91 1328 1731 1400">
    <p class='ocr_par' dir='ltr' id='par_1_13' title="bbox 91 1328 1731 1400">
     <span class='ocr_line' id='line_1_13' title="bbox 91 1328 1731 1400; baseline -0.002 -15"><span class='ocrx_word' id='word_1_124' title='bbox 91 1331 324 1385; x_wconf 88' lang='lat' dir='ltr'><strong>ciorum</strong></span> <span class='ocrx_word' id='word_1_125' title='bbox 358 1331 656 1385; x_wconf 88' lang='lat' dir='ltr'><strong>cultrorum</strong></span> <span class='ocrx_word' id='word_1_126' title='bbox 685 1329 750 1383; x_wconf 90' lang='lat' dir='ltr'><strong>ad</strong></span> <span class='ocrx_word' id='word_1_127' title='bbox 783 1328 1125 1386; x_wconf 78' lang='lat' dir='ltr'><strong>difﬁciliores</strong></span> <span class='ocrx_word' id='word_1_128' title='bbox 1153 1331 1426 1386; x_wconf 83' lang='lat' dir='ltr'><strong>sectiones</strong></span> <span class='ocrx_word' id='word_1_129' title='bbox 1449 1344 1640 1400; x_wconf 83' lang='lat' dir='ltr'><strong>magna</strong></span> <span class='ocrx_word' id='word_1_130' title='bbox 1662 1329 1731 1384; x_wconf 85' lang='lat' dir='ltr'><strong>sit</strong></span> 
     </span>
    </p>
   </div>
   <div class='ocr_carea' id='block_1_14' title="bbox 94 1422 1726 1492">
    <p class='ocr_par' dir='ltr' id='par_1_14' title="bbox 94 1422 1726 1492">
     <span class='ocr_line' id='line_1_14' title="bbox 94 1422 1726 1492; baseline -0.001 -14"><span class='ocrx_word' id='word_1_131' title='bbox 94 1424 506 1488; x_wconf 86' lang='lat' dir='ltr'><strong>commoditas,</strong></span> <span class='ocrx_word' id='word_1_132' title='bbox 537 1433 592 1477; x_wconf 85' lang='lat' dir='ltr'><strong>et</strong></span> <span class='ocrx_word' id='word_1_133' title='bbox 616 1423 892 1492; x_wconf 87' lang='lat' dir='ltr'><strong>aptitudo,</strong></span> <span class='ocrx_word' id='word_1_134' title='bbox 921 1435 978 1477; x_wconf 90' lang='lat' dir='ltr'><strong>ut</strong></span> <span class='ocrx_word' id='word_1_135' title='bbox 1015 1423 1258 1492; x_wconf 82' lang='lat' dir='ltr'><strong>pluribus</strong></span> <span class='ocrx_word' id='word_1_136' title='bbox 1299 1423 1462 1477; x_wconf 89' lang='lat' dir='ltr'><strong>tradit</strong></span> <span class='ocrx_word' id='word_1_137' title='bbox 1493 1422 1726 1491; x_wconf 86' lang='lat' dir='ltr'><strong>Stepha-</strong></span> 
     </span>
    </p>
   </div>
   <div class='ocr_carea' id='block_1_15' title="bbox 96 1515 1724 1585">
    <p class='ocr_par' dir='ltr' id='par_1_15' title="bbox 96 1515 1724 1585">
     <span class='ocr_line' id='line_1_15' title="bbox 96 1515 1724 1585; baseline -0.002 -13"><span class='ocrx_word' id='word_1_138' title='bbox 96 1533 216 1572; x_wconf 81' lang='lat' dir='ltr'><strong>nus</strong></span> <span class='ocrx_word' id='word_1_139' title='bbox 273 1517 515 1572; x_wconf 77' lang='lat' dir='ltr'><strong>Moribus</strong></span> <span class='ocrx_word' id='word_1_140' title='bbox 565 1516 800 1570; x_wconf 84' lang='lat' dir='ltr'><strong>Exercit.</strong></span> <span class='ocrx_word' id='word_1_141' title='bbox 851 1515 919 1571; x_wconf 90' lang='lat' dir='ltr'><strong>de</strong></span> <span class='ocrx_word' id='word_1_142' title='bbox 961 1515 1182 1584; x_wconf 83' lang='lat' dir='ltr'><strong>Linguis</strong></span> <span class='ocrx_word' id='word_1_143' title='bbox 1232 1524 1370 1585; x_wconf 88' lang='lat' dir='ltr'><strong>part.</strong></span> <span class='ocrx_word' id='word_1_144' title='bbox 1421 1531 1476 1581; x_wconf 88' lang='lat' dir='ltr'><strong>tt,</strong></span> <span class='ocrx_word' id='word_1_145' title='bbox 1514 1529 1633 1584; x_wconf 83' lang='lat' dir='ltr'><strong>cap.</strong></span> <span class='ocrx_word' id='word_1_146' title='bbox 1670 1515 1724 1581; x_wconf 87' lang='lat'><strong>9,</strong></span> 
     </span>
    </p>
   </div>
   <div class='ocr_carea' id='block_1_16' title="bbox 95 1609 3429 1690">
    <p class='ocr_par' dir='ltr' id='par_1_16' title="bbox 95 1609 3429 1690">
     <span class='ocr_line' id='line_1_16' title="bbox 95 1609 3429 1690; baseline 0.006 -26"><span class='ocrx_word' id='word_1_147' title='bbox 95 1626 163 1681; x_wconf 79' lang='grc' dir='ltr'><strong>ι).</strong></span> <span class='ocrx_word' id='word_1_148' title='bbox 196 1611 347 1678; x_wconf 71' lang='grc'><strong>290,</strong></span> <span class='ocrx_word' id='word_1_149' title='bbox 380 1611 754 1679; x_wconf 78' lang='lat' dir='ltr'><strong>etferroltedi</strong></span> <span class='ocrx_word' id='word_1_150' title='bbox 793 1610 1011 1665; x_wconf 82' lang='lat' dir='ltr'><strong>horreat</strong></span> <span class='ocrx_word' id='word_1_151' title='bbox 1048 1611 1387 1677; x_wconf 82' lang='lat' dir='ltr'><strong>balsamum,</strong></span> <span class='ocrx_word' id='word_1_152' title='bbox 1419 1612 1496 1666; x_wconf 86' lang='lat' dir='ltr'><strong>ait</strong></span> <span class='ocrx_word' id='word_1_153' title='bbox 1523 1609 1729 1664; x_wconf 80' lang='lat' dir='ltr'><strong>Plinius</strong></span> <span class='ocrx_word' id='word_1_154' title='bbox 1831 1630 1948 1681; x_wconf 88' lang='lat' dir='ltr'><strong>nes,</strong></span> <span class='ocrx_word' id='word_1_155' title='bbox 1995 1616 2088 1670; x_wconf 83' lang='lat' dir='ltr'><strong>sed</strong></span> <span class='ocrx_word' id='word_1_156' title='bbox 2143 1617 2287 1670; x_wconf 86' lang='lat' dir='ltr'><strong>nulla</strong></span> <span class='ocrx_word' id='word_1_157' title='bbox 2330 1633 2394 1673; x_wconf 82' lang='lat' dir='ltr'><strong>ex</strong></span> <span class='ocrx_word' id='word_1_158' title='bbox 2445 1619 2512 1672; x_wconf 89' lang='lat' dir='ltr'><strong>iis</strong></span> <span class='ocrx_word' id='word_1_159' title='bbox 2564 1623 2849 1675; x_wconf 85' lang='lat' dir='ltr'><strong>emendata</strong></span> <span class='ocrx_word' id='word_1_160' title='bbox 2897 1625 3052 1689; x_wconf 87' lang='lat' dir='ltr'><strong>satis,</strong></span> <span class='ocrx_word' id='word_1_161' title='bbox 3101 1635 3192 1681; x_wconf 90' lang='lat' dir='ltr'><strong>aut</strong></span> <span class='ocrx_word' id='word_1_162' title='bbox 3242 1642 3429 1690; x_wconf 68' lang='lat' dir='ltr'><strong>exacta</strong></span> 
     </span>
    </p>
   </div>
   <div class='ocr_carea' id='block_1_17' title="bbox 97 1699 3429 1787">
    <p class='ocr_par' dir='ltr' id='par_1_17' title="bbox 97 1699 3429 1787">
     <span class='ocr_line' id='line_1_17' title="bbox 97 1699 3429 1787; baseline 0.004 -29"><span class='ocrx_word' id='word_1_163' title='bbox 97 1719 210 1767; x_wconf 81' lang='lat' dir='ltr'><strong>xu,</strong></span> <span class='ocrx_word' id='word_1_164' title='bbox 237 1703 334 1770; x_wconf 70' lang='lat'><strong>25,</strong></span> <span class='ocrx_word' id='word_1_165' title='bbox 363 1717 532 1772; x_wconf 84' lang='lat' dir='ltr'><strong>quare</strong></span> <span class='ocrx_word' id='word_1_166' title='bbox 557 1702 806 1757; x_wconf 77' lang='lat' dir='ltr'><strong>inciditur</strong></span> <span class='ocrx_word' id='word_1_167' title='bbox 828 1703 978 1762; x_wconf 73' lang='lat' dir='ltr'><strong>uitro.</strong></span> <span class='ocrx_word' id='word_1_168' title='bbox 1009 1701 1210 1771; x_wconf 90' lang='lat' dir='ltr'><strong>lapide,</strong></span> <span class='ocrx_word' id='word_1_169' title='bbox 1244 1701 1461 1756; x_wconf 82' lang='lat' dir='ltr'><strong>osseisue</strong></span> <span class='ocrx_word' id='word_1_170' title='bbox 1483 1699 1724 1766; x_wconf 83' lang='lat' dir='ltr'><strong>cultellis,</strong></span> <span class='ocrx_word' id='word_1_171' title='bbox 1830 1707 2176 1773; x_wconf 83' lang='lat' dir='ltr'><strong>occurrebat,</strong></span> <span class='ocrx_word' id='word_1_172' title='bbox 2209 1709 2340 1775; x_wconf 91' lang='lat' dir='ltr'><strong>quin</strong></span> <span class='ocrx_word' id='word_1_173' title='bbox 2370 1710 2556 1764; x_wconf 87' lang='lat' dir='ltr'><strong>multis</strong></span> <span class='ocrx_word' id='word_1_174' title='bbox 2586 1721 2822 1768; x_wconf 87' lang='lat' dir='ltr'><strong>scateret</strong></span> <span class='ocrx_word' id='word_1_175' title='bbox 2861 1717 3070 1770; x_wconf 54' lang='lat' dir='ltr'><strong>mendis</strong></span> <span class='ocrx_word' id='word_1_176' title='bbox 3097 1734 3110 1782; x_wconf 92' lang='lat'><strong>;</strong></span> <span class='ocrx_word' id='word_1_177' title='bbox 3141 1735 3307 1787; x_wconf 78' lang='lat' dir='ltr'><strong>quare</strong></span> <span class='ocrx_word' id='word_1_178' title='bbox 3337 1739 3429 1774; x_wconf 68' lang='lat' dir='ltr'><strong>nr-</strong></span> 
     </span>
    </p>
   </div>
   <div class='ocr_carea' id='block_1_18' title="bbox 95 1794 3426 1878">
    <p class='ocr_par' dir='ltr' id='par_1_18' title="bbox 95 1794 3426 1878">
     <span class='ocr_line' id='line_1_18' title="bbox 95 1794 3426 1878; baseline 0.005 -29"><span class='ocrx_word' id='word_1_179' title='bbox 95 1795 259 1866; x_wconf 84' lang='lat' dir='ltr'><strong>quod</strong></span> <span class='ocrx_word' id='word_1_180' title='bbox 278 1796 565 1851; x_wconf 81' lang='lat' dir='ltr'><strong>conﬁrmat</strong></span> <span class='ocrx_word' id='word_1_181' title='bbox 582 1803 638 1851; x_wconf 88' lang='lat' dir='ltr'><strong>et</strong></span> <span class='ocrx_word' id='word_1_182' title='bbox 659 1796 895 1850; x_wconf 87' lang='lat' dir='ltr'><strong>illustrat</strong></span> <span class='ocrx_word' id='word_1_183' title='bbox 912 1795 1211 1851; x_wconf 86' lang='lat' dir='ltr'><strong>Salmasius</strong></span> <span class='ocrx_word' id='word_1_184' title='bbox 1233 1795 1466 1851; x_wconf 78' lang='lat' dir='ltr'><strong>Exercit.</strong></span> <span class='ocrx_word' id='word_1_185' title='bbox 1493 1794 1723 1849; x_wconf 80' lang='lat' dir='ltr'><strong>Piinian.</strong></span> <span class='ocrx_word' id='word_1_186' title='bbox 1759 1795 1806 1854; x_wconf 89' lang='lat' dir='ltr'><strong>B</strong></span> <span class='ocrx_word' id='word_1_187' title='bbox 1831 1801 2129 1854; x_wconf 86' lang='lat' dir='ltr'><strong>eessarium</strong></span> <span class='ocrx_word' id='word_1_188' title='bbox 2174 1802 2397 1856; x_wconf 91' lang='lat' dir='ltr'><strong>omnino</strong></span> <span class='ocrx_word' id='word_1_189' title='bbox 2435 1805 2724 1859; x_wconf 87' lang='lat' dir='ltr'><strong>videbat-ur</strong></span> <span class='ocrx_word' id='word_1_190' title='bbox 2758 1823 2857 1861; x_wconf 90' lang='lat' dir='ltr'><strong>ms.</strong></span> <span class='ocrx_word' id='word_1_191' title='bbox 2889 1809 3116 1878; x_wconf 88' lang='lat' dir='ltr'><strong>alicujus</strong></span> <span class='ocrx_word' id='word_1_192' title='bbox 3144 1813 3266 1868; x_wconf 91' lang='lat' dir='ltr'><strong>eod.</strong></span> <span class='ocrx_word' id='word_1_193' title='bbox 3297 1817 3426 1869; x_wconf 64' lang='lat' dir='ltr'><strong>solt-</strong></span> 
     </span>
    </p>
   </div>
   <div class='ocr_carea' id='block_1_19' title="bbox 1977 939 3282 1016">
    <p class='ocr_par' dir='ltr' id='par_1_19' title="bbox 1977 939 3282 1016">
     <span class='ocr_line' id='line_1_19' title="bbox 1977 939 3282 1016; baseline 0.003 -20"><span class='ocrx_word' id='word_1_194' title='bbox 1977 939 2005 1011; x_wconf 63' lang='grc' dir='ltr'>ᾗ</span> <span class='ocrx_word' id='word_1_195' title='bbox 2046 940 2112 998; x_wconf 76' lang='grc' dir='ltr'><strong>ν.</strong></span> <span class='ocrx_word' id='word_1_196' title='bbox 2146 939 2226 996; x_wconf 84' lang='lat' dir='ltr'><strong>De</strong></span> <span class='ocrx_word' id='word_1_197' title='bbox 2267 943 2484 998; x_wconf 78' lang='lat' dir='ltr'><strong>consilio</strong></span> <span class='ocrx_word' id='word_1_198' title='bbox 2522 951 2569 996; x_wconf 89' lang='lat' dir='ltr'><strong>et</strong></span> <span class='ocrx_word' id='word_1_199' title='bbox 2608 943 2790 1000; x_wconf 86' lang='lat' dir='ltr'><strong>ordine</strong></span> <span class='ocrx_word' id='word_1_200' title='bbox 2830 943 2988 1016; x_wconf 79' lang='lat' dir='ltr'><strong>hujus</strong></span> <span class='ocrx_word' id='word_1_201' title='bbox 3024 946 3282 1002; x_wconf 81' lang='lat' dir='ltr'><strong>editionis.</strong></span> 
     </span>
    </p>
   </div>
   <div class='ocr_carea' id='block_1_20' title="bbox 1901 1074 3430 1146">
    <p class='ocr_par' dir='ltr' id='par_1_20' title="bbox 1901 1074 3430 1146">
     <span class='ocr_line' id='line_1_20' title="bbox 1901 1074 3430 1146; baseline 0.005 -17"><span class='ocrx_word' id='word_1_202' title='bbox 1901 1074 1994 1130; x_wconf 74' lang='lat'><strong>29.</strong></span> <span class='ocrx_word' id='word_1_203' title='bbox 2021 1075 2280 1146; x_wconf 77' lang='lat' dir='ltr'><strong>Superest</strong></span> <span class='ocrx_word' id='word_1_204' title='bbox 2309 1091 2450 1130; x_wconf 91' lang='lat' dir='ltr'><strong>nunc</strong></span> <span class='ocrx_word' id='word_1_205' title='bbox 2478 1085 2536 1131; x_wconf 90' lang='lat' dir='ltr'><strong>ut</strong></span> <span class='ocrx_word' id='word_1_206' title='bbox 2555 1077 2623 1133; x_wconf 91' lang='lat' dir='ltr'><strong>de</strong></span> <span class='ocrx_word' id='word_1_207' title='bbox 2653 1079 2884 1133; x_wconf 90' lang='lat' dir='ltr'><strong>consilio</strong></span> <span class='ocrx_word' id='word_1_208' title='bbox 2926 1089 2981 1134; x_wconf 87' lang='lat' dir='ltr'><strong>et</strong></span> <span class='ocrx_word' id='word_1_209' title='bbox 3020 1081 3211 1137; x_wconf 89' lang='lat' dir='ltr'><strong>ordine</strong></span> <span class='ocrx_word' id='word_1_210' title='bbox 3236 1083 3430 1136; x_wconf 87' lang='lat' dir='ltr'><strong>editio-</strong></span> 
     </span>
    </p>
   </div>
   <div class='ocr_carea' id='block_1_21' title="bbox 1831 1165 3430 1240">
    <p class='ocr_par' dir='ltr' id='par_1_21' title="bbox 1831 1165 3430 1240">
     <span class='ocr_line' id='line_1_21' title="bbox 1831 1165 3430 1240; baseline 0.006 -21"><span class='ocrx_word' id='word_1_211' title='bbox 1831 1165 1916 1220; x_wconf 92' lang='lat' dir='ltr'><strong>nls</strong></span> <span class='ocrx_word' id='word_1_212' title='bbox 1957 1165 2117 1236; x_wconf 83' lang='lat' dir='ltr'><strong>hujus</strong></span> <span class='ocrx_word' id='word_1_213' title='bbox 2151 1182 2318 1236; x_wconf 89' lang='lat' dir='ltr'><strong>pauca</strong></span> <span class='ocrx_word' id='word_1_214' title='bbox 2350 1167 2616 1226; x_wconf 81' lang='lat' dir='ltr'><strong>dieamus.</strong></span> <span class='ocrx_word' id='word_1_215' title='bbox 2659 1170 2722 1224; x_wconf 65' lang='lat' dir='ltr'><strong>lit</strong></span> <span class='ocrx_word' id='word_1_216' title='bbox 2753 1170 3041 1225; x_wconf 81' lang='lat' dir='ltr'><strong>censiiium</strong></span> <span class='ocrx_word' id='word_1_217' title='bbox 3074 1173 3290 1240; x_wconf 83' lang='lat' dir='ltr'><strong>quidem</strong></span> <span class='ocrx_word' id='word_1_218' title='bbox 3335 1191 3430 1229; x_wconf 87' lang='lat' dir='ltr'><strong>no-</strong></span> 
     </span>
    </p>
   </div>
   <div class='ocr_carea' id='block_1_22' title="bbox 1831 1256 3431 1337">
    <p class='ocr_par' dir='ltr' id='par_1_22' title="bbox 1831 1256 3431 1337">
     <span class='ocr_line' id='line_1_22' title="bbox 1831 1256 3431 1337; baseline 0.008 -28"><span class='ocrx_word' id='word_1_219' title='bbox 1831 1265 2000 1310; x_wconf 87' lang='lat' dir='ltr'><strong>strum</strong></span> <span class='ocrx_word' id='word_1_220' title='bbox 2041 1256 2172 1312; x_wconf 87' lang='lat' dir='ltr'><strong>illttd</strong></span> <span class='ocrx_word' id='word_1_221' title='bbox 2208 1261 2258 1312; x_wconf 91' lang='lat' dir='ltr'><strong>in</strong></span> <span class='ocrx_word' id='word_1_222' title='bbox 2304 1259 2494 1328; x_wconf 87' lang='lat' dir='ltr'><strong>primis</strong></span> <span class='ocrx_word' id='word_1_223' title='bbox 2533 1261 2650 1326; x_wconf 77' lang='lat' dir='ltr'><strong>fuit,</strong></span> <span class='ocrx_word' id='word_1_224' title='bbox 2683 1269 2743 1314; x_wconf 83' lang='grc' dir='ltr'><strong>ιιι</strong></span> <span class='ocrx_word' id='word_1_225' title='bbox 2775 1261 3050 1317; x_wconf 86' lang='lat' dir='ltr'><strong>Philastrii</strong></span> <span class='ocrx_word' id='word_1_226' title='bbox 3083 1265 3305 1329; x_wconf 84' lang='lat' dir='ltr'><strong>librum,</strong></span> <span class='ocrx_word' id='word_1_227' title='bbox 3340 1268 3431 1337; x_wconf 89' lang='lat' dir='ltr'><strong>qui</strong></span> 
     </span>
    </p>
   </div>
   <div class='ocr_carea' id='block_1_23' title="bbox 1832 1346 3430 1424">
    <p class='ocr_par' dir='ltr' id='par_1_23' title="bbox 1832 1346 3430 1424">
     <span class='ocr_line' id='line_1_23' title="bbox 1832 1346 3430 1424; baseline 0.008 -24"><span class='ocrx_word' id='word_1_228' title='bbox 1832 1346 2036 1414; x_wconf 88' lang='lat' dir='ltr'><strong>primus</strong></span> <span class='ocrx_word' id='word_1_229' title='bbox 2060 1347 2112 1400; x_wconf 93' lang='lat' dir='ltr'><strong>in</strong></span> <span class='ocrx_word' id='word_1_230' title='bbox 2135 1346 2232 1400; x_wconf 82' lang='lat' dir='ltr'><strong>hae</strong></span> <span class='ocrx_word' id='word_1_231' title='bbox 2254 1349 2580 1405; x_wconf 87' lang='lat' dir='ltr'><strong>collectione</strong></span> <span class='ocrx_word' id='word_1_232' title='bbox 2604 1351 2779 1405; x_wconf 89' lang='lat' dir='ltr'><strong>locum</strong></span> <span class='ocrx_word' id='word_1_233' title='bbox 2806 1363 2974 1419; x_wconf 86' lang='lat' dir='ltr'><strong>tenet,</strong></span> <span class='ocrx_word' id='word_1_234' title='bbox 3005 1370 3165 1424; x_wconf 89' lang='lat' dir='ltr'><strong>quam</strong></span> <span class='ocrx_word' id='word_1_235' title='bbox 3195 1357 3430 1412; x_wconf 77' lang='lat' dir='ltr'><strong>maxime</strong></span> 
     </span>
    </p>
   </div>
   <div class='ocr_carea' id='block_1_24' title="bbox 1833 1435 3426 1511">
    <p class='ocr_par' dir='ltr' id='par_1_24' title="bbox 1833 1435 3426 1511">
     <span class='ocr_line' id='line_1_24' title="bbox 1833 1435 3426 1511; baseline 0.009 -22"><span class='ocrx_word' id='word_1_236' title='bbox 1833 1435 1948 1490; x_wconf 79' lang='lat' dir='ltr'><strong>ﬁeri</strong></span> <span class='ocrx_word' id='word_1_237' title='bbox 1999 1445 2202 1507; x_wconf 82' lang='lat' dir='ltr'><strong>posset,</strong></span> <span class='ocrx_word' id='word_1_238' title='bbox 2239 1439 2586 1494; x_wconf 86' lang='lat' dir='ltr'><strong>emendatum</strong></span> <span class='ocrx_word' id='word_1_239' title='bbox 2622 1453 2672 1496; x_wconf 90' lang='lat' dir='ltr'><strong>et</strong></span> <span class='ocrx_word' id='word_1_240' title='bbox 2706 1443 2976 1511; x_wconf 86' lang='lat' dir='ltr'><strong>integrum</strong></span> <span class='ocrx_word' id='word_1_241' title='bbox 3019 1446 3426 1504; x_wconf 66' lang='lat' dir='ltr'><strong>exhiberi-mus.</strong></span> 
     </span>
    </p>
   </div>
   <div class='ocr_carea' id='block_1_25' title="bbox 1832 1525 3431 1602">
    <p class='ocr_par' dir='ltr' id='par_1_25' title="bbox 1832 1525 3431 1602">
     <span class='ocr_line' id='line_1_25' title="bbox 1832 1525 3431 1602; baseline 0.009 -23"><span class='ocrx_word' id='word_1_242' title='bbox 1832 1525 2154 1582; x_wconf 85' lang='lat' dir='ltr'><strong>Prodierant</strong></span> <span class='ocrx_word' id='word_1_243' title='bbox 2198 1528 2398 1598; x_wconf 86' lang='lat' dir='ltr'><strong>quippe</strong></span> <span class='ocrx_word' id='word_1_244' title='bbox 2420 1530 2533 1600; x_wconf 90' lang='lat' dir='ltr'><strong>jam</strong></span> <span class='ocrx_word' id='word_1_245' title='bbox 2564 1531 2690 1587; x_wconf 90' lang='lat' dir='ltr'><strong>inde</strong></span> <span class='ocrx_word' id='word_1_246' title='bbox 2719 1533 2910 1602; x_wconf 80' lang='lat' dir='ltr'><strong>plures</strong></span> <span class='ocrx_word' id='word_1_247' title='bbox 2933 1534 3207 1592; x_wconf 85' lang='lat' dir='ltr'><strong>Philastrii</strong></span> <span class='ocrx_word' id='word_1_248' title='bbox 3238 1541 3431 1593; x_wconf 77' lang='lat' dir='ltr'><strong>editio-</strong></span> 
     </span>
    </p>
   </div>
   <div class='ocr_carea' id='block_1_26' title="bbox 100 1888 608 1958">
    <p class='ocr_par' dir='ltr' id='par_1_26' title="bbox 100 1888 608 1958">
     <span class='ocr_line' id='line_1_26' title="bbox 100 1888 608 1958; baseline -0.006 -15"><span class='ocrx_word' id='word_1_249' title='bbox 100 1903 235 1958; x_wconf 88' lang='lat' dir='ltr'><strong>cap.</strong></span> <span class='ocrx_word' id='word_1_250' title='bbox 266 1888 358 1949; x_wconf 71' lang='lat'><strong>55,</strong></span> <span class='ocrx_word' id='word_1_251' title='bbox 395 1904 447 1956; x_wconf 92' lang='lat' dir='ltr'><strong>p.</strong></span> <span class='ocrx_word' id='word_1_252' title='bbox 480 1889 608 1943; x_wconf 73' lang='lat' dir='ltr'><strong>M7.</strong></span> 
     </span>
    </p>
   </div>
   <div class='ocr_carea' id='block_1_27' title="bbox 180 1980 1723 2038">
    <p class='ocr_par' dir='ltr' id='par_1_27' title="bbox 180 1980 1723 2038">
     <span class='ocr_line' id='line_1_27' title="bbox 180 1980 1723 2038; baseline -0.001 -1"><span class='ocrx_word' id='word_1_253' title='bbox 180 1982 278 2038; x_wconf 69' lang='grc'><strong>28.</strong></span> <span class='ocrx_word' id='word_1_254' title='bbox 319 1983 513 2038; x_wconf 82' lang='lat' dir='ltr'><strong>Subdit</strong></span> <span class='ocrx_word' id='word_1_255' title='bbox 534 1983 754 2038; x_wconf 77' lang='lat' dir='ltr'><strong>demum</strong></span> <span class='ocrx_word' id='word_1_256' title='bbox 799 1983 1124 2038; x_wconf 84' lang='lat' dir='ltr'><strong>Philastrius</strong></span> <span class='ocrx_word' id='word_1_257' title='bbox 1151 1999 1206 2037; x_wconf 80' lang='grc' dir='ltr'><strong>η.</strong></span> <span class='ocrx_word' id='word_1_258' title='bbox 1237 1997 1404 2037; x_wconf 76' lang='lat' dir='ltr'><strong>cum</strong></span> <span class='ocrx_word' id='word_1_259' title='bbox 1427 1980 1723 2037; x_wconf 75' lang='lat' dir='ltr'><strong>Cos-beien—</strong></span> 
     </span>
    </p>
   </div>
   <div class='ocr_carea' id='block_1_28' title="bbox 99 2074 1722 2144">
    <p class='ocr_par' dir='ltr' id='par_1_28' title="bbox 99 2074 1722 2144">
     <span class='ocr_line' id='line_1_28' title="bbox 99 2074 1722 2144; baseline -0.002 -14"><span class='ocrx_word' id='word_1_260' title='bbox 99 2075 187 2130; x_wconf 82' lang='lat' dir='ltr'><strong>sis</strong></span> <span class='ocrx_word' id='word_1_261' title='bbox 211 2091 315 2131; x_wconf 87' lang='lat' dir='ltr'><strong>ms.</strong></span> <span class='ocrx_word' id='word_1_262' title='bbox 345 2075 504 2130; x_wconf 85' lang='lat' dir='ltr'><strong>aliam</strong></span> <span class='ocrx_word' id='word_1_263' title='bbox 533 2076 815 2141; x_wconf 72' lang='lat' dir='ltr'><strong>batrcsim,</strong></span> <span class='ocrx_word' id='word_1_264' title='bbox 847 2083 904 2128; x_wconf 86' lang='lat' dir='ltr'><strong>ut</strong></span> <span class='ocrx_word' id='word_1_265' title='bbox 933 2075 1049 2144; x_wconf 87' lang='lat' dir='ltr'><strong>ipse</strong></span> <span class='ocrx_word' id='word_1_266' title='bbox 1070 2082 1252 2139; x_wconf 88' lang='lat' dir='ltr'><strong>vocat,</strong></span> <span class='ocrx_word' id='word_1_267' title='bbox 1281 2074 1350 2129; x_wconf 88' lang='lat' dir='ltr'><strong>de</strong></span> <span class='ocrx_word' id='word_1_268' title='bbox 1381 2074 1571 2128; x_wconf 79' lang='lat' dir='ltr'><strong>avibus</strong></span> <span class='ocrx_word' id='word_1_269' title='bbox 1595 2074 1722 2126; x_wconf 75' lang='lat' dir='ltr'><strong>Elia:</strong></span> 
     </span>
    </p>
   </div>
   <div class='ocr_carea' id='block_1_29' title="bbox 102 2166 1724 2238">
    <p class='ocr_par' dir='ltr' id='par_1_29' title="bbox 102 2166 1724 2238">
     <span class='ocr_line' id='line_1_29' title="bbox 102 2166 1724 2238; baseline -0.001 -16"><span class='ocrx_word' id='word_1_270' title='bbox 102 2169 573 2234; x_wconf 75' lang='lat' dir='ltr'><strong>ministrantibus,</strong></span> <span class='ocrx_word' id='word_1_271' title='bbox 601 2184 704 2238; x_wconf 71' lang='lat' dir='ltr'><strong>qua</strong></span> <span class='ocrx_word' id='word_1_272' title='bbox 729 2169 939 2238; x_wconf 80' lang='lat' dir='ltr'><strong>quidam</strong></span> <span class='ocrx_word' id='word_1_273' title='bbox 969 2169 1269 2237; x_wconf 81' lang='lat' dir='ltr'><strong>opinantur,</strong></span> <span class='ocrx_word' id='word_1_274' title='bbox 1297 2166 1491 2238; x_wconf 86' lang='lat' dir='ltr'><strong>inquit,</strong></span> <span class='ocrx_word' id='word_1_275' title='bbox 1519 2166 1658 2235; x_wconf 76' lang='lat' dir='ltr'><strong>quod</strong></span> <span class='ocrx_word' id='word_1_276' title='bbox 1678 2167 1724 2221; x_wconf 80' lang='lat' dir='ltr'><strong>ei</strong></span> 
     </span>
    </p>
   </div>
   <div class='ocr_carea' id='block_1_30' title="bbox 99 2259 1718 2330">
    <p class='ocr_par' dir='ltr' id='par_1_30' title="bbox 99 2259 1718 2330">
     <span class='ocr_line' id='line_1_30' title="bbox 99 2259 1718 2330; baseline -0.003 -13"><span class='ocrx_word' id='word_1_277' title='bbox 99 2264 254 2317; x_wconf 79' lang='lat' dir='ltr'><strong>cerui</strong></span> <span class='ocrx_word' id='word_1_278' title='bbox 280 2277 398 2316; x_wconf 79' lang='lat' dir='ltr'><strong>sero</strong></span> <span class='ocrx_word' id='word_1_279' title='bbox 428 2279 612 2317; x_wconf 79' lang='lat' dir='ltr'><strong>carnes</strong></span> <span class='ocrx_word' id='word_1_280' title='bbox 650 2261 719 2315; x_wconf 81' lang='lat' dir='ltr'><strong>ad</strong></span> <span class='ocrx_word' id='word_1_281' title='bbox 759 2277 950 2326; x_wconf 76' lang='lat' dir='ltr'><strong>escam,</strong></span> <span class='ocrx_word' id='word_1_282' title='bbox 981 2269 1030 2314; x_wconf 85' lang='lat' dir='ltr'><strong>et</strong></span> <span class='ocrx_word' id='word_1_283' title='bbox 1060 2277 1212 2314; x_wconf 79' lang='lat' dir='ltr'><strong>mane</strong></span> <span class='ocrx_word' id='word_1_284' title='bbox 1240 2276 1399 2330; x_wconf 69' lang='lat' dir='ltr'><strong>partes</strong></span> <span class='ocrx_word' id='word_1_285' title='bbox 1434 2259 1718 2314; x_wconf 75' lang='lat' dir='ltr'><strong>attulerint.</strong></span> 
     </span>
    </p>
   </div>
   <div class='ocr_carea' id='block_1_31' title="bbox 102 2350 1723 2422">
    <p class='ocr_par' dir='ltr' id='par_1_31' title="bbox 102 2350 1723 2422">
     <span class='ocr_line' id='line_1_31' title="bbox 102 2350 1723 2422; baseline -0.004 -12"><span class='ocrx_word' id='word_1_286' title='bbox 102 2355 231 2410; x_wconf 77' lang='lat' dir='ltr'><strong>Hoc</strong></span> <span class='ocrx_word' id='word_1_287' title='bbox 282 2366 462 2410; x_wconf 82' lang='lat' dir='ltr'><strong>autem</strong></span> <span class='ocrx_word' id='word_1_288' title='bbox 511 2354 802 2409; x_wconf 83' lang='lat' dir='ltr'><strong>Philastrio</strong></span> <span class='ocrx_word' id='word_1_289' title='bbox 847 2353 1140 2422; x_wconf 80' lang='lat' dir='ltr'><strong>displicet;</strong></span> <span class='ocrx_word' id='word_1_290' title='bbox 1181 2351 1256 2406; x_wconf 88' lang='lat' dir='ltr'><strong>ait</strong></span> <span class='ocrx_word' id='word_1_291' title='bbox 1302 2351 1537 2422; x_wconf 83' lang='lat' dir='ltr'><strong>quippe,</strong></span> <span class='ocrx_word' id='word_1_292' title='bbox 1586 2350 1723 2420; x_wconf 82' lang='lat' dir='ltr'><strong>quod</strong></span> 
     </span>
    </p>
   </div>
   <div class='ocr_carea' id='block_1_32' title="bbox 100 2439 1724 2514">
    <p class='ocr_par' dir='ltr' id='par_1_32' title="bbox 100 2439 1724 2514">
     <span class='ocr_line' id='line_1_32' title="bbox 100 2439 1724 2514; baseline -0.005 -12"><span class='ocrx_word' id='word_1_293' title='bbox 100 2456 327 2502; x_wconf 65' lang='lat' dir='ltr'><strong>sanctas</strong></span> <span class='ocrx_word' id='word_1_294' title='bbox 365 2462 426 2500; x_wconf 82' lang='lat' dir='ltr'><strong>ac</strong></span> <span class='ocrx_word' id='word_1_295' title='bbox 469 2445 791 2500; x_wconf 76' lang='lat' dir='ltr'><strong>beatissimus</strong></span> <span class='ocrx_word' id='word_1_296' title='bbox 832 2444 1118 2514; x_wconf 73' lang='lat' dir='ltr'><strong>propheta,</strong></span> <span class='ocrx_word' id='word_1_297' title='bbox 1165 2459 1266 2496; x_wconf 84' lang='lat' dir='ltr'><strong>non</strong></span> <span class='ocrx_word' id='word_1_298' title='bbox 1313 2459 1496 2496; x_wconf 77' lang='lat' dir='ltr'><strong>carnes</strong></span> <span class='ocrx_word' id='word_1_299' title='bbox 1541 2439 1724 2495; x_wconf 71' lang='lat' dir='ltr'><strong>edebat</strong></span> 
     </span>
    </p>
   </div>
   <div class='ocr_carea' id='block_1_33' title="bbox 103 2531 1724 2608">
    <p class='ocr_par' dir='ltr' id='par_1_33' title="bbox 103 2531 1724 2608">
     <span class='ocr_line' id='line_1_33' title="bbox 103 2531 1724 2608; baseline -0.004 -16"><span class='ocrx_word' id='word_1_300' title='bbox 103 2537 418 2608; x_wconf 74' lang='lat' dir='ltr'><strong>aliquando,</strong></span> <span class='ocrx_word' id='word_1_301' title='bbox 443 2536 533 2607; x_wconf 72' lang='lat' dir='ltr'><strong>qui</strong></span> <span class='ocrx_word' id='word_1_302' title='bbox 564 2552 763 2590; x_wconf 74' lang='lat' dir='ltr'><strong>omnem</strong></span> <span class='ocrx_word' id='word_1_303' title='bbox 793 2538 945 2590; x_wconf 74' lang='lat' dir='ltr'><strong>talem</strong></span> <span class='ocrx_word' id='word_1_304' title='bbox 975 2549 1144 2588; x_wconf 72' lang='lat' dir='ltr'><strong>escam</strong></span> <span class='ocrx_word' id='word_1_305' title='bbox 1171 2541 1546 2600; x_wconf 75' lang='lat' dir='ltr'><strong>cotuesnpserat</strong></span> <span class='ocrx_word' id='word_1_306' title='bbox 1567 2531 1724 2586; x_wconf 76' lang='lat' dir='ltr'><strong>absti-</strong></span> 
     </span>
    </p>
   </div>
   <div class='ocr_carea' id='block_1_34' title="bbox 105 2624 1724 2699">
    <p class='ocr_par' dir='ltr' id='par_1_34' title="bbox 105 2624 1724 2699">
     <span class='ocr_line' id='line_1_34' title="bbox 105 2624 1724 2699; baseline -0.005 -13"><span class='ocrx_word' id='word_1_307' title='bbox 105 2632 286 2687; x_wconf 79' lang='lat' dir='ltr'><strong>nendo</strong></span> <span class='ocrx_word' id='word_1_308' title='bbox 311 2633 610 2695; x_wconf 69' lang='lat' dir='ltr'><strong>voluntate;</strong></span> <span class='ocrx_word' id='word_1_309' title='bbox 639 2632 792 2699; x_wconf 80' lang='lat' dir='ltr'><strong>cujus</strong></span> <span class='ocrx_word' id='word_1_310' title='bbox 817 2637 866 2681; x_wconf 87' lang='lat' dir='ltr'><strong>et</strong></span> <span class='ocrx_word' id='word_1_311' title='bbox 893 2643 1050 2681; x_wconf 86' lang='lat' dir='ltr'><strong>causa</strong></span> <span class='ocrx_word' id='word_1_312' title='bbox 1075 2637 1232 2681; x_wconf 75' lang='lat' dir='ltr'><strong>tanta:</strong></span> <span class='ocrx_word' id='word_1_313' title='bbox 1257 2627 1525 2698; x_wconf 76' lang='lat' dir='ltr'><strong>dignitatis</strong></span> <span class='ocrx_word' id='word_1_314' title='bbox 1554 2642 1585 2678; x_wconf 90' lang='lat' dir='ltr'><strong>a</strong></span> <span class='ocrx_word' id='word_1_315' title='bbox 1611 2624 1724 2679; x_wconf 85' lang='lat' dir='ltr'><strong>Deo</strong></span> 
     </span>
    </p>
   </div>
   <div class='ocr_carea' id='block_1_35' title="bbox 106 2719 1724 2788">
    <p class='ocr_par' dir='ltr' id='par_1_35' title="bbox 106 2719 1724 2788">
     <span class='ocr_line' id='line_1_35' title="bbox 106 2719 1724 2788; baseline -0.005 -10"><span class='ocrx_word' id='word_1_316' title='bbox 106 2723 366 2778; x_wconf 64' lang='lat' dir='ltr'><strong>honorent</strong></span> <span class='ocrx_word' id='word_1_317' title='bbox 407 2723 595 2777; x_wconf 82' lang='lat' dir='ltr'><strong>meruit</strong></span> <span class='ocrx_word' id='word_1_318' title='bbox 634 2720 892 2788; x_wconf 83' lang='lat' dir='ltr'><strong>adipisci,</strong></span> <span class='ocrx_word' id='word_1_319' title='bbox 933 2729 988 2772; x_wconf 82' lang='lat' dir='ltr'><strong>ut</strong></span> <span class='ocrx_word' id='word_1_320' title='bbox 1025 2719 1079 2772; x_wconf 86' lang='lat' dir='ltr'><strong>in</strong></span> <span class='ocrx_word' id='word_1_321' title='bbox 1115 2719 1416 2788; x_wconf 79' lang='lat' dir='ltr'><strong>paradisum</strong></span> <span class='ocrx_word' id='word_1_322' title='bbox 1457 2725 1724 2786; x_wconf 75' lang='lat' dir='ltr'><strong>raperetur</strong></span> 
     </span>
    </p>
   </div>
   <div class='ocr_carea' id='block_1_36' title="bbox 107 2809 1723 2881">
    <p class='ocr_par' dir='ltr' id='par_1_36' title="bbox 107 2809 1723 2881">
     <span class='ocr_line' id='line_1_36' title="bbox 107 2809 1723 2881; baseline -0.006 -10"><span class='ocrx_word' id='word_1_323' title='bbox 107 2816 350 2872; x_wconf 72' lang='lat' dir='ltr'><strong>sublimis</strong></span> <span class='ocrx_word' id='word_1_324' title='bbox 375 2857 390 2881; x_wconf 94' lang='lat'><strong>,</strong></span> <span class='ocrx_word' id='word_1_325' title='bbox 414 2816 498 2869; x_wconf 83' lang='lat' dir='ltr'><strong>ubi</strong></span> <span class='ocrx_word' id='word_1_326' title='bbox 520 2831 635 2868; x_wconf 67' lang='lat' dir='ltr'><strong>cum</strong></span> <span class='ocrx_word' id='word_1_327' title='bbox 664 2815 856 2868; x_wconf 73' lang='lat' dir='ltr'><strong>soractis</strong></span> <span class='ocrx_word' id='word_1_328' title='bbox 880 2812 1115 2866; x_wconf 80' lang='lat' dir='ltr'><strong>omnibus</strong></span> <span class='ocrx_word' id='word_1_329' title='bbox 1135 2811 1494 2865; x_wconf 79' lang='lat' dir='ltr'><strong>collocaretur.</strong></span> <span class='ocrx_word' id='word_1_330' title='bbox 1523 2809 1723 2877; x_wconf 82' lang='lat' dir='ltr'><strong>Adjicit</strong></span> 
     </span>
    </p>
   </div>
   <div class='ocr_carea' id='block_1_37' title="bbox 107 2903 1724 2975">
    <p class='ocr_par' dir='ltr' id='par_1_37' title="bbox 107 2903 1724 2975">
     <span class='ocr_line' id='line_1_37' title="bbox 107 2903 1724 2975; baseline -0.007 -10"><span class='ocrx_word' id='word_1_331' title='bbox 107 2909 317 2966; x_wconf 79' lang='lat' dir='ltr'><strong>deinde</strong></span> <span class='ocrx_word' id='word_1_332' title='bbox 345 2927 358 2963; x_wconf 91' lang='lat'><strong>:</strong></span> <span class='ocrx_word' id='word_1_333' title='bbox 394 2907 537 2963; x_wconf 74' lang='lat' dir='ltr'><strong>Nam</strong></span> <span class='ocrx_word' id='word_1_334' title='bbox 564 2909 609 2961; x_wconf 85' lang='lat' dir='ltr'><strong>si</strong></span> <span class='ocrx_word' id='word_1_335' title='bbox 639 2907 702 2960; x_wconf 84' lang='lat' dir='ltr'><strong>de</strong></span> <span class='ocrx_word' id='word_1_336' title='bbox 729 2922 858 2975; x_wconf 81' lang='lat' dir='ltr'><strong>pane</strong></span> <span class='ocrx_word' id='word_1_337' title='bbox 877 2906 1080 2975; x_wconf 73' lang='lat' dir='ltr'><strong>quidam</strong></span> <span class='ocrx_word' id='word_1_338' title='bbox 1111 2904 1300 2973; x_wconf 77' lang='lat' dir='ltr'><strong>aliquis</strong></span> <span class='ocrx_word' id='word_1_339' title='bbox 1325 2903 1535 2969; x_wconf 66' lang='lat' dir='ltr'><strong>dixerit,</strong></span> <span class='ocrx_word' id='word_1_340' title='bbox 1564 2903 1724 2956; x_wconf 83' lang='lat' dir='ltr'><strong>ratio-</strong></span> 
     </span>
    </p>
   </div>
   <div class='ocr_carea' id='block_1_38' title="bbox 111 2992 1724 3068">
    <p class='ocr_par' dir='ltr' id='par_1_38' title="bbox 111 2992 1724 3068">
     <span class='ocr_line' id='line_1_38' title="bbox 111 2992 1724 3068; baseline -0.006 -12"><span class='ocrx_word' id='word_1_341' title='bbox 111 3003 200 3056; x_wconf 86' lang='lat' dir='ltr'><strong>nis</strong></span> <span class='ocrx_word' id='word_1_342' title='bbox 223 3001 479 3056; x_wconf 77' lang='lat' dir='ltr'><strong>interdum</strong></span> <span class='ocrx_word' id='word_1_343' title='bbox 507 3008 584 3054; x_wconf 86' lang='lat' dir='ltr'><strong>est</strong></span> <span class='ocrx_word' id='word_1_344' title='bbox 607 2998 743 3068; x_wconf 82' lang='lat' dir='ltr'><strong>quod</strong></span> <span class='ocrx_word' id='word_1_345' title='bbox 784 2997 832 3051; x_wconf 88' lang='lat' dir='ltr'><strong>ei</strong></span> <span class='ocrx_word' id='word_1_346' title='bbox 859 2996 998 3050; x_wconf 75' lang='lat' dir='ltr'><strong>corvi</strong></span> <span class='ocrx_word' id='word_1_347' title='bbox 1039 2995 1309 3049; x_wconf 87' lang='lat' dir='ltr'><strong>attulerint</strong></span> <span class='ocrx_word' id='word_1_348' title='bbox 1345 3010 1363 3048; x_wconf 90' lang='lat'><strong><em>:</em></strong></span> <span class='ocrx_word' id='word_1_349' title='bbox 1391 2994 1456 3049; x_wconf 80' lang='lat' dir='ltr'><strong>de</strong></span> <span class='ocrx_word' id='word_1_350' title='bbox 1484 2992 1724 3046; x_wconf 78' lang='lat' dir='ltr'><strong>carnibus</strong></span> 
     </span>
    </p>
   </div>
   <div class='ocr_carea' id='block_1_39' title="bbox 109 3088 1721 3164">
    <p class='ocr_par' dir='ltr' id='par_1_39' title="bbox 109 3088 1721 3164">
     <span class='ocr_line' id='line_1_39' title="bbox 109 3088 1721 3164; baseline -0.006 -16"><span class='ocrx_word' id='word_1_351' title='bbox 109 3104 289 3148; x_wconf 84' lang='lat' dir='ltr'><strong>autem</strong></span> <span class='ocrx_word' id='word_1_352' title='bbox 322 3095 668 3164; x_wconf 76' lang='lat' dir='ltr'><strong>incongruum</strong></span> <span class='ocrx_word' id='word_1_353' title='bbox 713 3091 987 3162; x_wconf 70' lang='lat' dir='ltr'><strong>reperitur.</strong></span> <span class='ocrx_word' id='word_1_354' title='bbox 1033 3089 1283 3145; x_wconf 81' lang='lat' dir='ltr'><strong>Proiecto</strong></span> <span class='ocrx_word' id='word_1_355' title='bbox 1329 3088 1481 3142; x_wconf 82' lang='lat' dir='ltr'><strong>corvi</strong></span> <span class='ocrx_word' id='word_1_356' title='bbox 1527 3101 1721 3155; x_wconf 85' lang='lat' dir='ltr'><strong>panem</strong></span> 
     </span>
    </p>
   </div>
   <div class='ocr_carea' id='block_1_40' title="bbox 1825 1879 3428 1969">
    <p class='ocr_par' dir='ltr' id='par_1_40' title="bbox 1825 1879 3428 1969">
     <span class='ocr_line' id='line_1_40' title="bbox 1825 1879 3428 1969; baseline 0.011 -26"><span class='ocrx_word' id='word_1_357' title='bbox 1825 1879 2043 1957; x_wconf 77' lang='lat' dir='ltr'><strong>sidiam,</strong></span> <span class='ocrx_word' id='word_1_358' title='bbox 2071 1892 2226 1962; x_wconf 87' lang='lat' dir='ltr'><strong>cujus</strong></span> <span class='ocrx_word' id='word_1_359' title='bbox 2253 1908 2361 1961; x_wconf 84' lang='lat' dir='ltr'><strong>ope</strong></span> <span class='ocrx_word' id='word_1_360' title='bbox 2384 1896 2656 1950; x_wconf 81' lang='lat' dir='ltr'><strong>Philastrii</strong></span> <span class='ocrx_word' id='word_1_361' title='bbox 2686 1907 2868 1954; x_wconf 81' lang='lat' dir='ltr'><strong>textus</strong></span> <span class='ocrx_word' id='word_1_362' title='bbox 2894 1903 3127 1969; x_wconf 75' lang='lat' dir='ltr'><strong>restitui,</strong></span> <span class='ocrx_word' id='word_1_363' title='bbox 3158 1919 3218 1958; x_wconf 89' lang='lat' dir='ltr'><strong>ac</strong></span> <span class='ocrx_word' id='word_1_364' title='bbox 3249 1909 3428 1962; x_wconf 81' lang='lat' dir='ltr'><strong>sanari</strong></span> 
     </span>
    </p>
   </div>
   <div class='ocr_carea' id='block_1_41' title="bbox 1824 1983 3427 2061">
    <p class='ocr_par' dir='ltr' id='par_1_41' title="bbox 1824 1983 3427 2061">
     <span class='ocr_line' id='line_1_41' title="bbox 1824 1983 3427 2061; baseline 0.013 -27"><span class='ocrx_word' id='word_1_365' title='bbox 1824 1993 2030 2049; x_wconf 86' lang='lat' dir='ltr'><strong>posset.</strong></span> <span class='ocrx_word' id='word_1_366' title='bbox 2076 1983 2248 2040; x_wconf 85' lang='lat' dir='ltr'><strong>Porro</strong></span> <span class='ocrx_word' id='word_1_367' title='bbox 2291 1999 2418 2054; x_wconf 87' lang='lat' dir='ltr'><strong>spes</strong></span> <span class='ocrx_word' id='word_1_368' title='bbox 2468 1989 2624 2042; x_wconf 88' lang='lat' dir='ltr'><strong>nobis</strong></span> <span class='ocrx_word' id='word_1_369' title='bbox 2665 2001 2814 2044; x_wconf 84' lang='lat' dir='ltr'><strong>certa</strong></span> <span class='ocrx_word' id='word_1_370' title='bbox 2860 1995 3246 2061; x_wconf 88' lang='lat' dir='ltr'><strong>propemodum</strong></span> <span class='ocrx_word' id='word_1_371' title='bbox 3290 1998 3427 2055; x_wconf 73' lang='lat' dir='ltr'><strong>facta</strong></span> 
     </span>
    </p>
   </div>
   <div class='ocr_carea' id='block_1_42' title="bbox 1825 2072 3430 2144">
    <p class='ocr_par' dir='ltr' id='par_1_42' title="bbox 1825 2072 3430 2144">
     <span class='ocr_line' id='line_1_42' title="bbox 1825 2072 3430 2144; baseline 0.011 -16"><span class='ocrx_word' id='word_1_372' title='bbox 1825 2072 2003 2129; x_wconf 74' lang='lat' dir='ltr'><strong>fuerat</strong></span> <span class='ocrx_word' id='word_1_373' title='bbox 2046 2092 2113 2130; x_wconf 78' lang='lat' dir='ltr'><strong>ex</strong></span> <span class='ocrx_word' id='word_1_374' title='bbox 2158 2077 2372 2142; x_wconf 83' lang='lat' dir='ltr'><strong>Galliis,</strong></span> <span class='ocrx_word' id='word_1_375' title='bbox 2416 2078 2762 2136; x_wconf 87' lang='lat' dir='ltr'><strong>Corbeiensis</strong></span> <span class='ocrx_word' id='word_1_376' title='bbox 2808 2098 2908 2138; x_wconf 89' lang='lat' dir='ltr'><strong>tus.</strong></span> <span class='ocrx_word' id='word_1_377' title='bbox 2954 2089 3131 2141; x_wconf 86' lang='lat' dir='ltr'><strong>varias</strong></span> <span class='ocrx_word' id='word_1_378' title='bbox 3170 2089 3430 2144; x_wconf 82' lang='lat' dir='ltr'><strong>lectiones</strong></span> 
     </span>
    </p>
   </div>
   <div class='ocr_carea' id='block_1_43' title="bbox 1825 2167 3432 2247">
    <p class='ocr_par' dir='ltr' id='par_1_43' title="bbox 1825 2167 3432 2247">
     <span class='ocr_line' id='line_1_43' title="bbox 1825 2167 3432 2247; baseline 0.009 -25"><span class='ocrx_word' id='word_1_379' title='bbox 1825 2167 2147 2234; x_wconf 71' lang='lat' dir='ltr'><strong>obtinendi;</strong></span> <span class='ocrx_word' id='word_1_380' title='bbox 2190 2186 2312 2239; x_wconf 60' lang='lat' dir='ltr'><strong>qua</strong></span> <span class='ocrx_word' id='word_1_381' title='bbox 2341 2186 2464 2225; x_wconf 90' lang='lat' dir='ltr'><strong>eum</strong></span> <span class='ocrx_word' id='word_1_382' title='bbox 2493 2172 2698 2230; x_wconf 86' lang='lat' dir='ltr'><strong>diutius</strong></span> <span class='ocrx_word' id='word_1_383' title='bbox 2729 2176 2781 2228; x_wconf 87' lang='lat' dir='ltr'><strong>in</strong></span> <span class='ocrx_word' id='word_1_384' title='bbox 2811 2175 3028 2246; x_wconf 85' lang='lat' dir='ltr'><strong>longum</strong></span> <span class='ocrx_word' id='word_1_385' title='bbox 3060 2177 3344 2247; x_wconf 78' lang='lat' dir='ltr'><strong>ducerent,</strong></span> <span class='ocrx_word' id='word_1_386' title='bbox 3377 2190 3432 2237; x_wconf 89' lang='lat' dir='ltr'><strong>et</strong></span> 
     </span>
    </p>
   </div>
   <div class='ocr_carea' id='block_1_44' title="bbox 1827 2262 3429 2340">
    <p class='ocr_par' dir='ltr' id='par_1_44' title="bbox 1827 2262 3429 2340">
     <span class='ocr_line' id='line_1_44' title="bbox 1827 2262 3429 2340; baseline 0.009 -28"><span class='ocrx_word' id='word_1_387' title='bbox 1827 2262 2271 2330; x_wconf 88' lang='lat' dir='ltr'><strong>typographieum</strong></span> <span class='ocrx_word' id='word_1_388' title='bbox 2306 2264 2641 2332; x_wconf 89' lang='lat' dir='ltr'><strong>propositum</strong></span> <span class='ocrx_word' id='word_1_389' title='bbox 2667 2276 2814 2321; x_wconf 89' lang='lat' dir='ltr'><strong>esset</strong></span> <span class='ocrx_word' id='word_1_390' title='bbox 2854 2283 3022 2322; x_wconf 67' lang='lat' dir='ltr'><strong>morat</strong></span> <span class='ocrx_word' id='word_1_391' title='bbox 3051 2270 3304 2340; x_wconf 84' lang='lat' dir='ltr'><strong>longioris</strong></span> <span class='ocrx_word' id='word_1_392' title='bbox 3333 2275 3429 2326; x_wconf 84' lang='lat' dir='ltr'><strong>itit-</strong></span> 
     </span>
    </p>
   </div>
   <div class='ocr_carea' id='block_1_45' title="bbox 1826 2352 3431 2434">
    <p class='ocr_par' dir='ltr' id='par_1_45' title="bbox 1826 2352 3431 2434">
     <span class='ocr_line' id='line_1_45' title="bbox 1826 2352 3431 2434; baseline 0.011 -30"><span class='ocrx_word' id='word_1_393' title='bbox 1826 2353 2058 2419; x_wconf 82' lang='lat' dir='ltr'><strong>patiens,</strong></span> <span class='ocrx_word' id='word_1_394' title='bbox 2093 2352 2255 2408; x_wconf 86' lang='lat' dir='ltr'><strong>editis</strong></span> <span class='ocrx_word' id='word_1_395' title='bbox 2281 2356 2686 2424; x_wconf 81' lang='lat' dir='ltr'><strong>exemplaribus</strong></span> <span class='ocrx_word' id='word_1_396' title='bbox 2705 2358 2946 2413; x_wconf 85' lang='lat' dir='ltr'><strong>animum</strong></span> <span class='ocrx_word' id='word_1_397' title='bbox 2976 2362 3230 2430; x_wconf 83' lang='lat' dir='ltr'><strong>adjicere,</strong></span> <span class='ocrx_word' id='word_1_398' title='bbox 3258 2365 3431 2434; x_wconf 85' lang='lat' dir='ltr'><strong>iisque</strong></span> 
     </span>
    </p>
   </div>
   <div class='ocr_carea' id='block_1_46' title="bbox 1822 2442 3427 2526">
    <p class='ocr_par' dir='ltr' id='par_1_46' title="bbox 1822 2442 3427 2526">
     <span class='ocr_line' id='line_1_46' title="bbox 1822 2442 3427 2526; baseline 0.011 -30"><span class='ocrx_word' id='word_1_399' title='bbox 1822 2442 1890 2496; x_wconf 81' lang='lat' dir='ltr'><strong>ad</strong></span> <span class='ocrx_word' id='word_1_400' title='bbox 1928 2458 2042 2498; x_wconf 82' lang='lat' dir='ltr'><strong>rem</strong></span> <span class='ocrx_word' id='word_1_401' title='bbox 2083 2446 2507 2512; x_wconf 83' lang='lat' dir='ltr'><strong>promovendam</strong></span> <span class='ocrx_word' id='word_1_402' title='bbox 2541 2449 2618 2501; x_wconf 85' lang='lat' dir='ltr'><strong>uti</strong></span> <span class='ocrx_word' id='word_1_403' title='bbox 2658 2465 2794 2518; x_wconf 87' lang='lat' dir='ltr'><strong>opus</strong></span> <span class='ocrx_word' id='word_1_404' title='bbox 2823 2451 2944 2505; x_wconf 79' lang='lat' dir='ltr'><strong>fuit.</strong></span> <span class='ocrx_word' id='word_1_405' title='bbox 2995 2453 3171 2509; x_wconf 86' lang='lat' dir='ltr'><strong>Editio</strong></span> <span class='ocrx_word' id='word_1_406' title='bbox 3211 2459 3427 2526; x_wconf 90' lang='lat' dir='ltr'><strong>quidem</strong></span> 
     </span>
    </p>
   </div>
   <div class='ocr_carea' id='block_1_47' title="bbox 1825 2535 3434 2611">
    <p class='ocr_par' dir='ltr' id='par_1_47' title="bbox 1825 2535 3434 2611">
     <span class='ocr_line' id='line_1_47' title="bbox 1825 2535 3434 2611; baseline 0.011 -22"><span class='ocrx_word' id='word_1_407' title='bbox 1825 2535 2162 2592; x_wconf 83' lang='lat' dir='ltr'><strong>Basileensis</strong></span> <span class='ocrx_word' id='word_1_408' title='bbox 2177 2554 2204 2592; x_wconf 92' lang='lat' dir='ltr'><strong>a</strong></span> <span class='ocrx_word' id='word_1_409' title='bbox 2225 2539 2434 2595; x_wconf 79' lang='lat' dir='ltr'><strong>Joanne</strong></span> <span class='ocrx_word' id='word_1_410' title='bbox 2452 2541 2681 2597; x_wconf 86' lang='lat' dir='ltr'><strong>Sicardo</strong></span> <span class='ocrx_word' id='word_1_411' title='bbox 2702 2555 2988 2611; x_wconf 80' lang='lat' dir='ltr'><strong>procurata</strong></span> <span class='ocrx_word' id='word_1_412' title='bbox 3012 2563 3154 2603; x_wconf 85' lang='lat' dir='ltr'><strong>anno</strong></span> <span class='ocrx_word' id='word_1_413' title='bbox 3169 2564 3197 2602; x_wconf 93' lang='lat' dir='ltr'><strong>a</strong></span> <span class='ocrx_word' id='word_1_414' title='bbox 3215 2548 3434 2607; x_wconf 81' lang='lat' dir='ltr'><strong>Christo</strong></span> 
     </span>
    </p>
   </div>
   <div class='ocr_carea' id='block_1_48' title="bbox 1823 2628 3430 2712">
    <p class='ocr_par' dir='ltr' id='par_1_48' title="bbox 1823 2628 3430 2712">
     <span class='ocr_line' id='line_1_48' title="bbox 1823 2628 3430 2712; baseline 0.011 -31"><span class='ocrx_word' id='word_1_415' title='bbox 1823 2637 1952 2684; x_wconf 83' lang='lat' dir='ltr'><strong>nato</strong></span> <span class='ocrx_word' id='word_1_416' title='bbox 1974 2628 2133 2696; x_wconf 67' lang='lat'><strong>£598,</strong></span> <span class='ocrx_word' id='word_1_417' title='bbox 2147 2646 2251 2700; x_wconf 87' lang='lat' dir='ltr'><strong>qua</strong></span> <span class='ocrx_word' id='word_1_418' title='bbox 2276 2641 2403 2688; x_wconf 88' lang='lat' dir='ltr'><strong>tuttc</strong></span> <span class='ocrx_word' id='word_1_419' title='bbox 2423 2635 2652 2702; x_wconf 81' lang='lat' dir='ltr'><strong>primum</strong></span> <span class='ocrx_word' id='word_1_420' title='bbox 2672 2634 2990 2691; x_wconf 81' lang='lat' dir='ltr'><strong>Pliilastrins</strong></span> <span class='ocrx_word' id='word_1_421' title='bbox 3008 2638 3180 2694; x_wconf 84' lang='lat' dir='ltr'><strong>lucem</strong></span> <span class='ocrx_word' id='word_1_422' title='bbox 3200 2646 3430 2712; x_wconf 76' lang='lat' dir='ltr'><strong>aspexit,</strong></span> 
     </span>
    </p>
   </div>
   <div class='ocr_carea' id='block_1_49' title="bbox 1822 2722 3427 2797">
    <p class='ocr_par' dir='ltr' id='par_1_49' title="bbox 1822 2722 3427 2797">
     <span class='ocr_line' id='line_1_49' title="bbox 1822 2722 3427 2797; baseline 0.009 -23"><span class='ocrx_word' id='word_1_423' title='bbox 1822 2722 2034 2775; x_wconf 66' lang='lat' dir='ltr'><strong>caeteris</strong></span> <span class='ocrx_word' id='word_1_424' title='bbox 2069 2723 2262 2776; x_wconf 78' lang='lat' dir='ltr'><strong>melior</strong></span> <span class='ocrx_word' id='word_1_425' title='bbox 2291 2733 2455 2794; x_wconf 73' lang='lat' dir='ltr'><strong>atque</strong></span> <span class='ocrx_word' id='word_1_426' title='bbox 2489 2725 2827 2780; x_wconf 70' lang='lat' dir='ltr'><strong>emendation</strong></span> <span class='ocrx_word' id='word_1_427' title='bbox 2871 2730 3200 2797; x_wconf 74' lang='lat' dir='ltr'><strong>approbat;</strong></span> <span class='ocrx_word' id='word_1_428' title='bbox 3245 2734 3427 2789; x_wconf 52' lang='lat' dir='ltr'><strong>ilehn-</strong></span> 
     </span>
    </p>
   </div>
   <div class='ocr_carea' id='block_1_50' title="bbox 1823 2813 3430 2892">
    <p class='ocr_par' dir='ltr' id='par_1_50' title="bbox 1823 2813 3430 2892">
     <span class='ocr_line' id='line_1_50' title="bbox 1823 2813 3430 2892; baseline 0.008 -24"><span class='ocrx_word' id='word_1_429' title='bbox 1823 2813 2192 2869; x_wconf 78' lang='lat' dir='ltr'><strong>stadieusihus</strong></span> <span class='ocrx_word' id='word_1_430' title='bbox 2233 2830 2430 2884; x_wconf 84' lang='lat' dir='ltr'><strong>nempe</strong></span> <span class='ocrx_word' id='word_1_431' title='bbox 2469 2832 2589 2886; x_wconf 81' lang='lat' dir='ltr'><strong>quae</strong></span> <span class='ocrx_word' id='word_1_432' title='bbox 2625 2819 2783 2873; x_wconf 85' lang='lat' dir='ltr'><strong>annis</strong></span> <span class='ocrx_word' id='word_1_433' title='bbox 2821 2831 3005 2888; x_wconf 85' lang='lat' dir='ltr'><strong>postea</strong></span> <span class='ocrx_word' id='word_1_434' title='bbox 3051 2822 3181 2877; x_wconf 77' lang='lat' dir='ltr'><strong>16H</strong></span> <span class='ocrx_word' id='word_1_435' title='bbox 3207 2866 3220 2887; x_wconf 93' lang='lat'><strong>,</strong></span> <span class='ocrx_word' id='word_1_436' title='bbox 3270 2827 3430 2892; x_wconf 73' lang='lat'><strong>1621,</strong></span> 
     </span>
    </p>
   </div>
   <div class='ocr_carea' id='block_1_51' title="bbox 1824 2904 3435 2985">
    <p class='ocr_par' dir='ltr' id='par_1_51' title="bbox 1824 2904 3435 2985">
     <span class='ocr_line' id='line_1_51' title="bbox 1824 2904 3435 2985; baseline 0.007 -25"><span class='ocrx_word' id='word_1_437' title='bbox 1824 2919 2040 2960; x_wconf 59' lang='lat' dir='ltr'><strong>excusa</strong></span> <span class='ocrx_word' id='word_1_438' title='bbox 2067 2904 2316 2972; x_wconf 78' lang='lat' dir='ltr'><strong>fuerant,</strong></span> <span class='ocrx_word' id='word_1_439' title='bbox 2346 2923 2410 2962; x_wconf 87' lang='lat' dir='ltr'><strong>ac</strong></span> <span class='ocrx_word' id='word_1_440' title='bbox 2442 2908 2669 2978; x_wconf 82' lang='lat' dir='ltr'><strong>proinde</strong></span> <span class='ocrx_word' id='word_1_441' title='bbox 2707 2911 2770 2964; x_wconf 83' lang='lat' dir='ltr'><strong>iis</strong></span> <span class='ocrx_word' id='word_1_442' title='bbox 2791 2927 3006 2982; x_wconf 78' lang='lat' dir='ltr'><strong>quoque</strong></span> <span class='ocrx_word' id='word_1_443' title='bbox 3035 2930 3156 2984; x_wconf 77' lang='lat' dir='ltr'><strong>quae</strong></span> <span class='ocrx_word' id='word_1_444' title='bbox 3185 2930 3305 2985; x_wconf 88' lang='lat' dir='ltr'><strong>post</strong></span> <span class='ocrx_word' id='word_1_445' title='bbox 3336 2920 3435 2972; x_wconf 73' lang='lat' dir='ltr'><strong>lla-</strong></span> 
     </span>
    </p>
   </div>
   <div class='ocr_carea' id='block_1_52' title="bbox 1826 2999 3433 3078">
    <p class='ocr_par' dir='ltr' id='par_1_52' title="bbox 1826 2999 3433 3078">
     <span class='ocr_line' id='line_1_52' title="bbox 1826 2999 3433 3078; baseline 0.009 -26"><span class='ocrx_word' id='word_1_446' title='bbox 1826 2999 2116 3053; x_wconf 82' lang='lat' dir='ltr'><strong>sileensem</strong></span> <span class='ocrx_word' id='word_1_447' title='bbox 2142 3039 2156 3064; x_wconf 92' lang='lat'><strong>,</strong></span> <span class='ocrx_word' id='word_1_448' title='bbox 2209 3000 2268 3054; x_wconf 80' lang='lat' dir='ltr'><strong>in.</strong></span> <span class='ocrx_word' id='word_1_449' title='bbox 2319 3000 2670 3057; x_wconf 84' lang='lat' dir='ltr'><strong>Bibliothecis</strong></span> <span class='ocrx_word' id='word_1_450' title='bbox 2733 3003 2948 3059; x_wconf 84' lang='lat' dir='ltr'><strong>Patrum</strong></span> <span class='ocrx_word' id='word_1_451' title='bbox 3007 3007 3433 3078; x_wconf 77' lang='lat' dir='ltr'><strong>Parisiensibus,</strong></span> 
     </span>
    </p>
   </div>
   <div class='ocr_carea' id='block_1_53' title="bbox 1825 3091 3427 3166">
    <p class='ocr_par' dir='ltr' id='par_1_53' title="bbox 1825 3091 3427 3166">
     <span class='ocr_line' id='line_1_53' title="bbox 1825 3091 3427 3166; baseline 0.01 -20"><span class='ocrx_word' id='word_1_452' title='bbox 1825 3091 2169 3156; x_wconf 68' lang='lat' dir='ltr'><strong>Coloniensi,</strong></span> <span class='ocrx_word' id='word_1_453' title='bbox 2218 3108 2284 3148; x_wconf 80' lang='lat' dir='ltr'><strong>ac</strong></span> <span class='ocrx_word' id='word_1_454' title='bbox 2321 3094 2668 3164; x_wconf 76' lang='lat' dir='ltr'><strong>Lttgduneasi</strong></span> <span class='ocrx_word' id='word_1_455' title='bbox 2709 3099 3047 3166; x_wconf 83' lang='lat' dir='ltr'><strong>prostabant.</strong></span> <span class='ocrx_word' id='word_1_456' title='bbox 3087 3101 3158 3156; x_wconf 82' lang='lat' dir='ltr'><strong>At</strong></span> <span class='ocrx_word' id='word_1_457' title='bbox 3183 3120 3304 3159; x_wconf 86' lang='lat' dir='ltr'><strong>cum</strong></span> <span class='ocrx_word' id='word_1_458' title='bbox 3336 3123 3427 3162; x_wconf 85' lang='lat' dir='ltr'><strong>n0-</strong></span> 
     </span>
    </p>
   </div>
   <div class='ocr_carea' id='block_1_54' title="bbox 112 3175 3432 3254">
    <p class='ocr_par' dir='ltr' id='par_1_54' title="bbox 112 3175 3432 3254">
     <span class='ocr_line' id='line_1_54' title="bbox 112 3175 3432 3254; baseline -0.004 -12"><span class='ocrx_word' id='word_1_459' title='bbox 112 3187 402 3244; x_wconf 75' lang='lat' dir='ltr'><strong>dumtasat</strong></span> <span class='ocrx_word' id='word_1_460' title='bbox 428 3185 734 3241; x_wconf 64' lang='lat' dir='ltr'><strong>efferebant</strong></span> <span class='ocrx_word' id='word_1_461' title='bbox 762 3183 953 3247; x_wconf 71' lang='lat' dir='ltr'><strong>Paulo,</strong></span> <span class='ocrx_word' id='word_1_462' title='bbox 981 3189 1042 3236; x_wconf 87' lang='lat' dir='ltr'><strong>ut</strong></span> <span class='ocrx_word' id='word_1_463' title='bbox 1065 3191 1250 3236; x_wconf 75' lang='lat' dir='ltr'><strong>narrat</strong></span> <span class='ocrx_word' id='word_1_464' title='bbox 1274 3180 1641 3249; x_wconf 79' lang='lat' dir='ltr'><strong>Hieronymus</strong></span> <span class='ocrx_word' id='word_1_465' title='bbox 1672 3179 1725 3232; x_wconf 89' lang='lat' dir='ltr'><strong>in</strong></span> <span class='ocrx_word' id='word_1_466' title='bbox 1752 3175 1795 3236; x_wconf 92' lang='lat' dir='ltr'><strong>C</strong></span> <span class='ocrx_word' id='word_1_467' title='bbox 1830 3183 2104 3240; x_wconf 86' lang='lat' dir='ltr'><strong>vissimam</strong></span> <span class='ocrx_word' id='word_1_468' title='bbox 2148 3184 2389 3239; x_wconf 81' lang='lat' dir='ltr'><strong>omnium</strong></span> <span class='ocrx_word' id='word_1_469' title='bbox 2431 3202 2460 3239; x_wconf 81' lang='lat' dir='ltr'><strong>a</strong></span> <span class='ocrx_word' id='word_1_470' title='bbox 2491 3186 2562 3241; x_wconf 70' lang='lat' dir='ltr'><strong>ei.</strong></span> <span class='ocrx_word' id='word_1_471' title='bbox 2598 3188 2716 3241; x_wconf 72' lang='lat' dir='ltr'><strong>vim</strong></span> <span class='ocrx_word' id='word_1_472' title='bbox 2742 3188 2897 3244; x_wconf 57' lang='grc' dir='ltr'>δορυ,</span> <span class='ocrx_word' id='word_1_473' title='bbox 2930 3192 3154 3248; x_wconf 63' lang='lat' dir='ltr'><strong>Alpem,</strong></span> <span class='ocrx_word' id='word_1_474' title='bbox 3185 3195 3432 3254; x_wconf 48' lang='lat' dir='ltr'><strong>Famem</strong></span> 
     </span>
    </p>
   </div>
   <div class='ocr_carea' id='block_1_55' title="bbox 117 3271 1728 3344">
    <p class='ocr_par' dir='ltr' id='par_1_55' title="bbox 117 3271 1728 3344">
     <span class='ocr_line' id='line_1_55' title="bbox 117 3271 1728 3344; baseline -0.006 -10"><span class='ocrx_word' id='word_1_475' title='bbox 117 3280 243 3334; x_wconf 76' lang='lat' dir='ltr'><strong>V&#39;ita</strong></span> <span class='ocrx_word' id='word_1_476' title='bbox 266 3298 280 3344; x_wconf 89' lang='lat'><strong>;</strong></span> <span class='ocrx_word' id='word_1_477' title='bbox 315 3290 369 3334; x_wconf 91' lang='lat' dir='ltr'><strong>et</strong></span> <span class='ocrx_word' id='word_1_478' title='bbox 390 3279 672 3334; x_wconf 77' lang='lat' dir='ltr'><strong>Malvenda</strong></span> <span class='ocrx_word' id='word_1_479' title='bbox 695 3279 874 3331; x_wconf 91' lang='lat' dir='ltr'><strong>locum</strong></span> <span class='ocrx_word' id='word_1_480' title='bbox 897 3277 1060 3331; x_wconf 81' lang='lat' dir='ltr'><strong>istum</strong></span> <span class='ocrx_word' id='word_1_481' title='bbox 1085 3284 1325 3340; x_wconf 70' lang='lat' dir='ltr'><strong>vertens,</strong></span> <span class='ocrx_word' id='word_1_482' title='bbox 1352 3274 1441 3328; x_wconf 86' lang='lat' dir='ltr'><strong>ubi</strong></span> <span class='ocrx_word' id='word_1_483' title='bbox 1463 3273 1532 3328; x_wconf 88' lang='lat' dir='ltr'><strong>de</strong></span> <span class='ocrx_word' id='word_1_484' title='bbox 1548 3271 1728 3328; x_wconf 68' lang='lat' dir='ltr'><strong>corvis</strong></span> 
     </span>
    </p>
   </div>
   <div class='ocr_carea' id='block_1_56' title="bbox 118 3355 1728 3441">
    <p class='ocr_par' dir='ltr' id='par_1_56' title="bbox 118 3355 1728 3441">
     <span class='ocr_line' id='line_1_56' title="bbox 118 3355 1728 3441; baseline -0.006 -15"><span class='ocrx_word' id='word_1_485' title='bbox 118 3355 293 3426; x_wconf 86' lang='lat' dir='ltr'><strong>Eliam</strong></span> <span class='ocrx_word' id='word_1_486' title='bbox 307 3371 652 3441; x_wconf 87' lang='lat' dir='ltr'><strong>pascentibus</strong></span> <span class='ocrx_word' id='word_1_487' title='bbox 667 3369 843 3439; x_wconf 86' lang='lat' dir='ltr'><strong>agitur</strong></span> <span class='ocrx_word' id='word_1_488' title='bbox 861 3367 960 3439; x_wconf 76' lang='grc' dir='ltr'><strong>(α),</strong></span> <span class='ocrx_word' id='word_1_489' title='bbox 976 3366 1131 3436; x_wconf 84' lang='lat' dir='ltr'><strong>panis</strong></span> <span class='ocrx_word' id='word_1_490' title='bbox 1148 3375 1353 3420; x_wconf 88' lang='lat' dir='ltr'><strong>tantum</strong></span> <span class='ocrx_word' id='word_1_491' title='bbox 1376 3364 1642 3419; x_wconf 90' lang='lat' dir='ltr'><strong>meminit.</strong></span> <span class='ocrx_word' id='word_1_492' title='bbox 1661 3367 1728 3417; x_wconf 82' lang='lat' dir='ltr'><strong>At</strong></span> 
     </span>
    </p>
   </div>
   <div class='ocr_carea' id='block_1_57' title="bbox 119 3460 1725 3537">
    <p class='ocr_par' dir='ltr' id='par_1_57' title="bbox 119 3460 1725 3537">
     <span class='ocr_line' id='line_1_57' title="bbox 119 3460 1725 3537; baseline -0.005 -18"><span class='ocrx_word' id='word_1_493' title='bbox 119 3481 318 3537; x_wconf 83' lang='lat' dir='ltr'><strong>panem</strong></span> <span class='ocrx_word' id='word_1_494' title='bbox 340 3475 396 3520; x_wconf 89' lang='lat' dir='ltr'><strong>et</strong></span> <span class='ocrx_word' id='word_1_495' title='bbox 424 3481 645 3522; x_wconf 74' lang='lat' dir='ltr'><strong>Carnem</strong></span> <span class='ocrx_word' id='word_1_496' title='bbox 681 3465 888 3518; x_wconf 84' lang='lat' dir='ltr'><strong>habent</strong></span> <span class='ocrx_word' id='word_1_497' title='bbox 916 3473 1028 3516; x_wconf 90' lang='lat' dir='ltr'><strong>tum</strong></span> <span class='ocrx_word' id='word_1_498' title='bbox 1052 3460 1356 3515; x_wconf 72' lang='lat' dir='ltr'><strong>ﬂebt&#39;aieus</strong></span> <span class='ocrx_word' id='word_1_499' title='bbox 1388 3468 1588 3521; x_wconf 80' lang='lat' dir='ltr'><strong>textus,</strong></span> <span class='ocrx_word' id='word_1_500' title='bbox 1613 3468 1725 3512; x_wconf 91' lang='lat' dir='ltr'><strong>tum</strong></span> 
     </span>
    </p>
   </div>
   <div class='ocr_carea' id='block_1_58' title="bbox 115 3555 1729 3625">
    <p class='ocr_par' dir='ltr' id='par_1_58' title="bbox 115 3555 1729 3625">
     <span class='ocr_line' id='line_1_58' title="bbox 115 3555 1729 3625; baseline -0.006 -11"><span class='ocrx_word' id='word_1_501' title='bbox 115 3559 304 3614; x_wconf 82' lang='lat' dir='ltr'><strong>versio</strong></span> <span class='ocrx_word' id='word_1_502' title='bbox 331 3556 496 3622; x_wconf 73' lang='lat' dir='ltr'><strong>LXX,</strong></span> <span class='ocrx_word' id='word_1_503' title='bbox 528 3556 598 3610; x_wconf 91' lang='lat' dir='ltr'><strong>lll</strong></span> <span class='ocrx_word' id='word_1_504' title='bbox 621 3555 751 3625; x_wconf 78' lang='lat' dir='ltr'><strong>Reg.</strong></span> <span class='ocrx_word' id='word_1_505' title='bbox 784 3570 924 3617; x_wconf 79' lang='lat' dir='ltr'><strong>mi,</strong></span> <span class='ocrx_word' id='word_1_506' title='bbox 959 3567 1262 3622; x_wconf 78' lang='lat' dir='ltr'><strong>panemque</strong></span> <span class='ocrx_word' id='word_1_507' title='bbox 1287 3561 1342 3606; x_wconf 89' lang='lat' dir='ltr'><strong>et</strong></span> <span class='ocrx_word' id='word_1_508' title='bbox 1365 3566 1584 3606; x_wconf 77' lang='lat' dir='ltr'><strong>carnem</strong></span> <span class='ocrx_word' id='word_1_509' title='bbox 1615 3566 1729 3604; x_wconf 86' lang='lat' dir='ltr'><strong>mc-</strong></span> 
     </span>
    </p>
   </div>
   <div class='ocr_carea' id='block_1_59' title="bbox 120 3649 1728 3716">
    <p class='ocr_par' dir='ltr' id='par_1_59' title="bbox 120 3649 1728 3716">
     <span class='ocr_line' id='line_1_59' title="bbox 120 3649 1728 3716; baseline -0.004 -9"><span class='ocrx_word' id='word_1_510' title='bbox 120 3659 339 3707; x_wconf 69' lang='lat' dir='ltr'><strong>tnorant</strong></span> <span class='ocrx_word' id='word_1_511' title='bbox 375 3651 658 3706; x_wconf 70' lang='lat' dir='ltr'><strong>versioues</strong></span> <span class='ocrx_word' id='word_1_512' title='bbox 693 3661 907 3704; x_wconf 64' lang='lat' dir='ltr'><strong>cteterte</strong></span> <span class='ocrx_word' id='word_1_513' title='bbox 952 3663 1183 3712; x_wconf 82' lang='lat' dir='ltr'><strong>omnes;</strong></span> <span class='ocrx_word' id='word_1_514' title='bbox 1230 3649 1395 3703; x_wconf 84' lang='lat' dir='ltr'><strong>immo</strong></span> <span class='ocrx_word' id='word_1_515' title='bbox 1439 3662 1632 3716; x_wconf 82' lang='lat' dir='ltr'><strong>partem</strong></span> <span class='ocrx_word' id='word_1_516' title='bbox 1673 3655 1728 3700; x_wconf 89' lang='lat' dir='ltr'><strong>et</strong></span> 
     </span>
    </p>
   </div>
   <div class='ocr_carea' id='block_1_60' title="bbox 119 3740 1724 3812">
    <p class='ocr_par' dir='ltr' id='par_1_60' title="bbox 119 3740 1724 3812">
     <span class='ocr_line' id='line_1_60' title="bbox 119 3740 1724 3812; baseline -0.004 -12"><span class='ocrx_word' id='word_1_517' title='bbox 119 3761 318 3801; x_wconf 80' lang='lat' dir='ltr'><strong>carnes</strong></span> <span class='ocrx_word' id='word_1_518' title='bbox 341 3744 407 3798; x_wconf 83' lang='lat' dir='ltr'><strong>ad</strong></span> <span class='ocrx_word' id='word_1_519' title='bbox 447 3744 630 3798; x_wconf 83' lang='lat' dir='ltr'><strong>Etiam</strong></span> <span class='ocrx_word' id='word_1_520' title='bbox 663 3743 873 3798; x_wconf 76' lang='lat' dir='ltr'><strong>delauts</strong></span> <span class='ocrx_word' id='word_1_521' title='bbox 902 3743 1150 3812; x_wconf 77' lang='lat' dir='ltr'><strong>agnoscit</strong></span> <span class='ocrx_word' id='word_1_522' title='bbox 1179 3741 1343 3796; x_wconf 75' lang='lat' dir='ltr'><strong>etiam</strong></span> <span class='ocrx_word' id='word_1_523' title='bbox 1377 3741 1610 3795; x_wconf 80' lang='lat' dir='ltr'><strong>Basilius</strong></span> <span class='ocrx_word' id='word_1_524' title='bbox 1641 3740 1724 3793; x_wconf 87' lang='lat' dir='ltr'><strong>in-</strong></span> 
     </span>
    </p>
   </div>
   <div class='ocr_carea' id='block_1_61' title="bbox 123 3833 1724 3907">
    <p class='ocr_par' dir='ltr' id='par_1_61' title="bbox 123 3833 1724 3907">
     <span class='ocr_line' id='line_1_61' title="bbox 123 3833 1724 3907; baseline -0.005 -15"><span class='ocrx_word' id='word_1_525' title='bbox 123 3838 294 3907; x_wconf 80' lang='lat' dir='ltr'><strong>signis</strong></span> <span class='ocrx_word' id='word_1_526' title='bbox 318 3835 660 3890; x_wconf 87' lang='lat' dir='ltr'><strong>abstinentiae</strong></span> <span class='ocrx_word' id='word_1_527' title='bbox 687 3843 943 3904; x_wconf 86' lang='lat' dir='ltr'><strong>patronus</strong></span> <span class='ocrx_word' id='word_1_528' title='bbox 968 3833 1114 3887; x_wconf 91' lang='lat' dir='ltr'><strong>hom.</strong></span> <span class='ocrx_word' id='word_1_529' title='bbox 1149 3834 1205 3896; x_wconf 77' lang='grc'><strong>5,</strong></span> <span class='ocrx_word' id='word_1_530' title='bbox 1234 3833 1284 3884; x_wconf 83' lang='lat' dir='ltr'><strong>in</strong></span> <span class='ocrx_word' id='word_1_531' title='bbox 1317 3833 1494 3886; x_wconf 76' lang='lat' dir='ltr'><strong>divites</strong></span> <span class='ocrx_word' id='word_1_532' title='bbox 1519 3848 1724 3897; x_wconf 64' lang='lat' dir='ltr'><strong>auaros,</strong></span> 
     </span>
    </p>
   </div>
   <div class='ocr_carea' id='block_1_62' title="bbox 121 3921 1728 3995">
    <p class='ocr_par' dir='ltr' id='par_1_62' title="bbox 121 3921 1728 3995">
     <span class='ocr_line' id='line_1_62' title="bbox 121 3921 1728 3995; baseline -0.005 -12"><span class='ocrx_word' id='word_1_533' title='bbox 121 3937 180 3983; x_wconf 85' lang='lat' dir='ltr'><strong>et</strong></span> <span class='ocrx_word' id='word_1_534' title='bbox 210 3943 331 3982; x_wconf 84' lang='lat' dir='ltr'><strong>cum</strong></span> <span class='ocrx_word' id='word_1_535' title='bbox 358 3926 561 3982; x_wconf 87' lang='lat' dir='ltr'><strong>Basilio</strong></span> <span class='ocrx_word' id='word_1_536' title='bbox 587 3925 923 3995; x_wconf 78' lang='lat' dir='ltr'><strong>Augustinus</strong></span> <span class='ocrx_word' id='word_1_537' title='bbox 949 3923 1126 3979; x_wconf 81' lang='lat' dir='ltr'><strong>Serm.</strong></span> <span class='ocrx_word' id='word_1_538' title='bbox 1162 3921 1266 3977; x_wconf 67' lang='lat'><strong>“6</strong></span> <span class='ocrx_word' id='word_1_539' title='bbox 1293 3923 1359 3976; x_wconf 89' lang='lat' dir='ltr'><strong>de</strong></span> <span class='ocrx_word' id='word_1_540' title='bbox 1379 3922 1570 3991; x_wconf 87' lang='lat' dir='ltr'><strong>Temp.</strong></span> <span class='ocrx_word' id='word_1_541' title='bbox 1605 3921 1728 3975; x_wconf 81' lang='lat' dir='ltr'><strong>Fuit</strong></span> 
     </span>
    </p>
   </div>
   <div class='ocr_carea' id='block_1_63' title="bbox 123 4015 1722 4091">
    <p class='ocr_par' dir='ltr' id='par_1_63' title="bbox 123 4015 1722 4091">
     <span class='ocr_line' id='line_1_63' title="bbox 123 4015 1722 4091; baseline -0.005 -15"><span class='ocrx_word' id='word_1_542' title='bbox 123 4035 291 4091; x_wconf 85' lang='lat' dir='ltr'><strong>porro</strong></span> <span class='ocrx_word' id='word_1_543' title='bbox 327 4019 549 4075; x_wconf 83' lang='lat' dir='ltr'><strong>ludaica</strong></span> <span class='ocrx_word' id='word_1_544' title='bbox 593 4018 838 4083; x_wconf 80' lang='lat' dir='ltr'><strong>traditio,</strong></span> <span class='ocrx_word' id='word_1_545' title='bbox 872 4017 1024 4072; x_wconf 83' lang='lat' dir='ltr'><strong>cibos</strong></span> <span class='ocrx_word' id='word_1_546' title='bbox 1053 4031 1080 4069; x_wconf 89' lang='lat' dir='ltr'><strong>a</strong></span> <span class='ocrx_word' id='word_1_547' title='bbox 1111 4016 1291 4071; x_wconf 81' lang='lat' dir='ltr'><strong>corvis</strong></span> <span class='ocrx_word' id='word_1_548' title='bbox 1318 4015 1450 4070; x_wconf 78' lang='lat' dir='ltr'><strong>Elia:</strong></span> <span class='ocrx_word' id='word_1_549' title='bbox 1489 4016 1722 4079; x_wconf 76' lang='lat' dir='ltr'><strong>oblatos,</strong></span> 
     </span>
    </p>
   </div>
   <div class='ocr_carea' id='block_1_64' title="bbox 122 4107 1726 4182">
    <p class='ocr_par' dir='ltr' id='par_1_64' title="bbox 122 4107 1726 4182">
     <span class='ocr_line' id='line_1_64' title="bbox 122 4107 1726 4182; baseline -0.004 -14"><span class='ocrx_word' id='word_1_550' title='bbox 122 4127 192 4168; x_wconf 80' lang='lat' dir='ltr'><strong>ex</strong></span> <span class='ocrx_word' id='word_1_551' title='bbox 237 4113 345 4182; x_wconf 83' lang='lat' dir='ltr'><strong>ipsa</strong></span> <span class='ocrx_word' id='word_1_552' title='bbox 394 4111 598 4167; x_wconf 71' lang='lat' dir='ltr'><strong>Achabi</strong></span> <span class='ocrx_word' id='word_1_553' title='bbox 645 4126 828 4165; x_wconf 78' lang='lat' dir='ltr'><strong>mensa</strong></span> <span class='ocrx_word' id='word_1_554' title='bbox 858 4151 873 4176; x_wconf 87' lang='lat'><strong>,</strong></span> <span class='ocrx_word' id='word_1_555' title='bbox 920 4109 1240 4177; x_wconf 68' lang='lat' dir='ltr'><strong>angelorum</strong></span> <span class='ocrx_word' id='word_1_556' title='bbox 1281 4108 1588 4162; x_wconf 78' lang='lat' dir='ltr'><strong>ministerio</strong></span> <span class='ocrx_word' id='word_1_557' title='bbox 1631 4107 1726 4161; x_wconf 88' lang='lat' dir='ltr'><strong>de-</strong></span> 
     </span>
    </p>
   </div>
   <div class='ocr_carea' id='block_1_65' title="bbox 125 4198 1725 4274">
    <p class='ocr_par' dir='ltr' id='par_1_65' title="bbox 125 4198 1725 4274">
     <span class='ocr_line' id='line_1_65' title="bbox 125 4198 1725 4274; baseline -0.004 -12"><span class='ocrx_word' id='word_1_558' title='bbox 125 4216 374 4274; x_wconf 85' lang='lat' dir='ltr'><strong>sumptos</strong></span> <span class='ocrx_word' id='word_1_559' title='bbox 413 4203 620 4266; x_wconf 78' lang='lat' dir='ltr'><strong>fuisse;</strong></span> <span class='ocrx_word' id='word_1_560' title='bbox 676 4204 837 4272; x_wconf 86' lang='lat' dir='ltr'><strong>idque</strong></span> <span class='ocrx_word' id='word_1_561' title='bbox 881 4202 966 4256; x_wconf 84' lang='lat' dir='ltr'><strong>bis</strong></span> <span class='ocrx_word' id='word_1_562' title='bbox 1008 4202 1061 4256; x_wconf 93' lang='lat' dir='ltr'><strong>in</strong></span> <span class='ocrx_word' id='word_1_563' title='bbox 1101 4199 1190 4255; x_wconf 84' lang='lat' dir='ltr'><strong>die</strong></span> <span class='ocrx_word' id='word_1_564' title='bbox 1235 4198 1435 4254; x_wconf 73' lang='lat' dir='ltr'><strong>factum</strong></span> <span class='ocrx_word' id='word_1_565' title='bbox 1479 4213 1510 4252; x_wconf 84' lang='lat' dir='ltr'><strong>a</strong></span> <span class='ocrx_word' id='word_1_566' title='bbox 1548 4198 1725 4255; x_wconf 75' lang='lat' dir='ltr'><strong>corvis</strong></span> 
     </span>
    </p>
   </div>
   <div class='ocr_carea' id='block_1_66' title="bbox 129 4289 1728 4365">
    <p class='ocr_par' dir='ltr' id='par_1_66' title="bbox 129 4289 1728 4365">
     <span class='ocr_line' id='line_1_66' title="bbox 129 4289 1728 4365; baseline -0.004 -14"><span class='ocrx_word' id='word_1_567' title='bbox 129 4309 382 4365; x_wconf 79' lang='lat' dir='ltr'><strong>expresse</strong></span> <span class='ocrx_word' id='word_1_568' title='bbox 405 4304 590 4351; x_wconf 71' lang='lat' dir='ltr'><strong>narrat</strong></span> <span class='ocrx_word' id='word_1_569' title='bbox 608 4309 762 4349; x_wconf 82' lang='lat' dir='ltr'><strong>sacer</strong></span> <span class='ocrx_word' id='word_1_570' title='bbox 787 4304 967 4347; x_wconf 72' lang='lat' dir='ltr'><strong>textus</strong></span> <span class='ocrx_word' id='word_1_571' title='bbox 995 4307 1011 4346; x_wconf 91' lang='lat'><strong>:</strong></span> <span class='ocrx_word' id='word_1_572' title='bbox 1040 4291 1176 4345; x_wconf 72' lang='lat' dir='ltr'><strong>eoi-ui</strong></span> <span class='ocrx_word' id='word_1_573' title='bbox 1204 4307 1408 4359; x_wconf 65' lang='lat' dir='ltr'><strong>quoque</strong></span> <span class='ocrx_word' id='word_1_574' title='bbox 1432 4289 1728 4359; x_wconf 65' lang='lat' dir='ltr'><strong>deferebant</strong></span> 
     </span>
    </p>
   </div>
   <div class='ocr_carea' id='block_1_67' title="bbox 125 4385 1728 4457">
    <p class='ocr_par' dir='ltr' id='par_1_67' title="bbox 125 4385 1728 4457">
     <span class='ocr_line' id='line_1_67' title="bbox 125 4385 1728 4457; baseline -0.004 -12"><span class='ocrx_word' id='word_1_575' title='bbox 125 4392 173 4445; x_wconf 74' lang='lat' dir='ltr'><strong>ei</strong></span> <span class='ocrx_word' id='word_1_576' title='bbox 203 4405 386 4457; x_wconf 74' lang='lat' dir='ltr'><strong>ponent</strong></span> <span class='ocrx_word' id='word_1_577' title='bbox 426 4399 472 4444; x_wconf 84' lang='lat' dir='ltr'><strong>et</strong></span> <span class='ocrx_word' id='word_1_578' title='bbox 514 4405 692 4443; x_wconf 82' lang='lat' dir='ltr'><strong>carnes</strong></span> <span class='ocrx_word' id='word_1_579' title='bbox 722 4403 869 4440; x_wconf 82' lang='lat' dir='ltr'><strong>tuane</strong></span> <span class='ocrx_word' id='word_1_580' title='bbox 895 4427 912 4451; x_wconf 94' lang='lat'><strong>,</strong></span> <span class='ocrx_word' id='word_1_581' title='bbox 960 4385 1197 4440; x_wconf 73' lang='lat' dir='ltr'><strong>similiter</strong></span> <span class='ocrx_word' id='word_1_582' title='bbox 1238 4400 1419 4455; x_wconf 82' lang='lat' dir='ltr'><strong>panem</strong></span> <span class='ocrx_word' id='word_1_583' title='bbox 1461 4394 1506 4437; x_wconf 89' lang='lat' dir='ltr'><strong>et</strong></span> <span class='ocrx_word' id='word_1_584' title='bbox 1547 4399 1728 4439; x_wconf 81' lang='lat' dir='ltr'><strong>carnes</strong></span> 
     </span>
    </p>
   </div>
   <div class='ocr_carea' id='block_1_68' title="bbox 129 4475 1725 4552">
    <p class='ocr_par' dir='ltr' id='par_1_68' title="bbox 129 4475 1725 4552">
     <span class='ocr_line' id='line_1_68' title="bbox 129 4475 1725 4552; baseline -0.003 -17"><span class='ocrx_word' id='word_1_585' title='bbox 129 4481 322 4552; x_wconf 69' lang='lat' dir='ltr'><strong>vesperi</strong></span> <span class='ocrx_word' id='word_1_586' title='bbox 354 4479 446 4550; x_wconf 83' lang='lat' dir='ltr'><strong>(lli</strong></span> <span class='ocrx_word' id='word_1_587' title='bbox 473 4479 602 4550; x_wconf 82' lang='lat' dir='ltr'><strong>Reg.</strong></span> <span class='ocrx_word' id='word_1_588' title='bbox 629 4494 764 4541; x_wconf 77' lang='lat' dir='ltr'><strong>xm,</strong></span> <span class='ocrx_word' id='word_1_589' title='bbox 783 4478 873 4547; x_wconf 83' lang='lat'><strong>6);</strong></span> <span class='ocrx_word' id='word_1_590' title='bbox 900 4477 1146 4546; x_wconf 81' lang='lat' dir='ltr'><strong>quamvis</strong></span> <span class='ocrx_word' id='word_1_591' title='bbox 1171 4475 1502 4532; x_wconf 81' lang='lat' dir='ltr'><strong>Pbilastrius</strong></span> <span class='ocrx_word' id='word_1_592' title='bbox 1528 4489 1725 4530; x_wconf 79' lang='lat' dir='ltr'><strong>carnes</strong></span> 
     </span>
    </p>
   </div>
   <div class='ocr_carea' id='block_1_69' title="bbox 1827 3276 3433 3352">
    <p class='ocr_par' dir='ltr' id='par_1_69' title="bbox 1827 3276 3433 3352">
     <span class='ocr_line' id='line_1_69' title="bbox 1827 3276 3433 3352; baseline 0.011 -22"><span class='ocrx_word' id='word_1_593' title='bbox 1827 3291 1972 3330; x_wconf 79' lang='lat' dir='ltr'><strong>anno</strong></span> <span class='ocrx_word' id='word_1_594' title='bbox 2008 3276 2138 3331; x_wconf 68' lang='lat'><strong>17%!</strong></span> <span class='ocrx_word' id='word_1_595' title='bbox 2178 3277 2476 3347; x_wconf 67' lang='lat' dir='ltr'><strong>Hamburgi</strong></span> <span class='ocrx_word' id='word_1_596' title='bbox 2498 3280 2767 3349; x_wconf 78' lang='lat' dir='ltr'><strong>vulgatam</strong></span> <span class='ocrx_word' id='word_1_597' title='bbox 2794 3322 2808 3346; x_wconf 92' lang='lat'><strong>,</strong></span> <span class='ocrx_word' id='word_1_598' title='bbox 2844 3283 3086 3352; x_wconf 85' lang='lat' dir='ltr'><strong>pluribus</strong></span> <span class='ocrx_word' id='word_1_599' title='bbox 3117 3287 3169 3341; x_wconf 91' lang='lat' dir='ltr'><strong>in</strong></span> <span class='ocrx_word' id='word_1_600' title='bbox 3204 3289 3336 3345; x_wconf 77' lang='lat' dir='ltr'><strong>locis</strong></span> <span class='ocrx_word' id='word_1_601' title='bbox 3367 3293 3433 3348; x_wconf 86' lang='lat' dir='ltr'><strong>ab</strong></span> 
     </span>
    </p>
   </div>
   <div class='ocr_carea' id='block_1_70' title="bbox 1828 3367 3433 3440">
    <p class='ocr_par' dir='ltr' id='par_1_70' title="bbox 1828 3367 3433 3440">
     <span class='ocr_line' id='line_1_70' title="bbox 1828 3367 3433 3440; baseline 0.009 -16"><span class='ocrx_word' id='word_1_602' title='bbox 1828 3383 1895 3424; x_wconf 82' lang='lat' dir='ltr'><strong>eo</strong></span> <span class='ocrx_word' id='word_1_603' title='bbox 1935 3367 2275 3424; x_wconf 73' lang='lat' dir='ltr'><strong>emendatam</strong></span> <span class='ocrx_word' id='word_1_604' title='bbox 2301 3409 2316 3430; x_wconf 88' lang='lat'><strong>,</strong></span> <span class='ocrx_word' id='word_1_605' title='bbox 2347 3383 2411 3423; x_wconf 81' lang='lat' dir='ltr'><strong>se</strong></span> <span class='ocrx_word' id='word_1_606' title='bbox 2447 3371 2698 3439; x_wconf 65' lang='lat' dir='ltr'><strong>genuinae</strong></span> <span class='ocrx_word' id='word_1_607' title='bbox 2729 3372 2948 3428; x_wconf 84' lang='lat' dir='ltr'><strong>lectioni</strong></span> <span class='ocrx_word' id='word_1_608' title='bbox 2978 3377 3282 3434; x_wconf 82' lang='lat' dir='ltr'><strong>restitutam</strong></span> <span class='ocrx_word' id='word_1_609' title='bbox 3309 3397 3433 3440; x_wconf 88' lang='lat' dir='ltr'><strong>esse</strong></span> 
     </span>
    </p>
   </div>
   <div class='ocr_carea' id='block_1_71' title="bbox 1826 3463 3436 3535">
    <p class='ocr_par' dir='ltr' id='par_1_71' title="bbox 1826 3463 3436 3535">
     <span class='ocr_line' id='line_1_71' title="bbox 1826 3463 3436 3535; baseline 0.01 -20"><span class='ocrx_word' id='word_1_610' title='bbox 1826 3469 2130 3528; x_wconf 74' lang='lat' dir='ltr'><strong>constaret,</strong></span> <span class='ocrx_word' id='word_1_611' title='bbox 2167 3477 2288 3517; x_wconf 79' lang='lat' dir='ltr'><strong>eam</strong></span> <span class='ocrx_word' id='word_1_612' title='bbox 2316 3463 2472 3518; x_wconf 75' lang='lat' dir='ltr'><strong>nobis</strong></span> <span class='ocrx_word' id='word_1_613' title='bbox 2504 3473 2774 3535; x_wconf 87' lang='lat' dir='ltr'><strong>tamquam</strong></span> <span class='ocrx_word' id='word_1_614' title='bbox 2809 3469 3062 3525; x_wconf 87' lang='lat' dir='ltr'><strong>omnibus</strong></span> <span class='ocrx_word' id='word_1_615' title='bbox 3096 3475 3216 3528; x_wconf 86' lang='lat' dir='ltr'><strong>aliis</strong></span> <span class='ocrx_word' id='word_1_616' title='bbox 3244 3478 3436 3532; x_wconf 82' lang='lat' dir='ltr'><strong>tueiio-</strong></span> 
     </span>
    </p>
   </div>
   <div class='ocr_carea' id='block_1_72' title="bbox 1827 3556 3430 3635">
    <p class='ocr_par' dir='ltr' id='par_1_72' title="bbox 1827 3556 3430 3635">
     <span class='ocr_line' id='line_1_72' title="bbox 1827 3556 3430 3635; baseline 0.01 -28"><span class='ocrx_word' id='word_1_617' title='bbox 1827 3569 1944 3608; x_wconf 64' lang='lat' dir='ltr'><strong>rem</strong></span> <span class='ocrx_word' id='word_1_618' title='bbox 1988 3568 2051 3608; x_wconf 81' lang='lat' dir='ltr'><strong>ac</strong></span> <span class='ocrx_word' id='word_1_619' title='bbox 2083 3556 2515 3623; x_wconf 67' lang='lat' dir='ltr'><strong>praestantiorem</strong></span> <span class='ocrx_word' id='word_1_620' title='bbox 2540 3599 2552 3619; x_wconf 89' lang='lat'><strong>.</strong></span> <span class='ocrx_word' id='word_1_621' title='bbox 2587 3559 2996 3629; x_wconf 77' lang='lat' dir='ltr'><strong>exprimendam</strong></span> <span class='ocrx_word' id='word_1_622' title='bbox 3029 3569 3430 3635; x_wconf 85' lang='lat' dir='ltr'><strong>proposuimus.</strong></span> 
     </span>
    </p>
   </div>
   <div class='ocr_carea' id='block_1_73' title="bbox 1825 3644 3428 3730">
    <p class='ocr_par' dir='ltr' id='par_1_73' title="bbox 1825 3644 3428 3730">
     <span class='ocr_line' id='line_1_73' title="bbox 1825 3644 3428 3730; baseline 0.011 -29"><span class='ocrx_word' id='word_1_623' title='bbox 1825 3644 2135 3702; x_wconf 78' lang='lat' dir='ltr'><strong>Accedebat</strong></span> <span class='ocrx_word' id='word_1_624' title='bbox 2171 3648 2322 3717; x_wconf 87' lang='lat' dir='ltr'><strong>quod.</strong></span> <span class='ocrx_word' id='word_1_625' title='bbox 2363 3649 2644 3704; x_wconf 82' lang='lat' dir='ltr'><strong>Fabricius</strong></span> <span class='ocrx_word' id='word_1_626' title='bbox 2689 3653 2806 3720; x_wconf 85' lang='lat' dir='ltr'><strong>ipse</strong></span> <span class='ocrx_word' id='word_1_627' title='bbox 2851 3655 2916 3708; x_wconf 77' lang='lat' dir='ltr'><strong>ad</strong></span> <span class='ocrx_word' id='word_1_628' title='bbox 2967 3655 3428 3730; x_wconf 80' lang='lat' dir='ltr'><strong>llamburgensem</strong></span> 
     </span>
    </p>
   </div>
   <div class='ocr_carea' id='block_1_74' title="bbox 1826 3737 3431 3823">
    <p class='ocr_par' dir='ltr' id='par_1_74' title="bbox 1826 3737 3431 3823">
     <span class='ocr_line' id='line_1_74' title="bbox 1826 3737 3431 3823; baseline 0.011 -31"><span class='ocrx_word' id='word_1_629' title='bbox 1826 3737 2122 3794; x_wconf 87' lang='lat' dir='ltr'><strong>editionem</strong></span> <span class='ocrx_word' id='word_1_630' title='bbox 2150 3739 2220 3794; x_wconf 86' lang='lat' dir='ltr'><strong>ad</strong></span> <span class='ocrx_word' id='word_1_631' title='bbox 2251 3741 2574 3806; x_wconf 75' lang='lat' dir='ltr'><strong>ornandam,</strong></span> <span class='ocrx_word' id='word_1_632' title='bbox 2607 3741 2904 3800; x_wconf 74' lang='lat' dir='ltr'><strong>Basiieensi</strong></span> <span class='ocrx_word' id='word_1_633' title='bbox 2933 3747 3168 3806; x_wconf 82' lang='lat' dir='ltr'><strong>editione</strong></span> <span class='ocrx_word' id='word_1_634' title='bbox 3196 3768 3255 3807; x_wconf 87' lang='lat' dir='ltr'><strong>se</strong></span> <span class='ocrx_word' id='word_1_635' title='bbox 3291 3771 3431 3823; x_wconf 79' lang='lat' dir='ltr'><strong>pra:-</strong></span> 
     </span>
    </p>
   </div>
   <div class='ocr_carea' id='block_1_75' title="bbox 1825 3831 3435 3915">
    <p class='ocr_par' dir='ltr' id='par_1_75' title="bbox 1825 3831 3435 3915">
     <span class='ocr_line' id='line_1_75' title="bbox 1825 3831 3435 3915; baseline 0.01 -30"><span class='ocrx_word' id='word_1_636' title='bbox 1825 3831 1986 3900; x_wconf 82' lang='lat' dir='ltr'><strong>cipue</strong></span> <span class='ocrx_word' id='word_1_637' title='bbox 2034 3846 2194 3886; x_wconf 81' lang='lat' dir='ltr'><strong>usum</strong></span> <span class='ocrx_word' id='word_1_638' title='bbox 2239 3847 2362 3888; x_wconf 83' lang='lat' dir='ltr'><strong>esse</strong></span> <span class='ocrx_word' id='word_1_639' title='bbox 2413 3832 2722 3888; x_wconf 78' lang='lat' dir='ltr'><strong>aliirmabat</strong></span> <span class='ocrx_word' id='word_1_640' title='bbox 2765 3835 2884 3906; x_wconf 84' lang='lat' dir='ltr'><strong>(d);</strong></span> <span class='ocrx_word' id='word_1_641' title='bbox 2939 3855 3106 3908; x_wconf 66' lang='lat' dir='ltr'><strong>quare</strong></span> <span class='ocrx_word' id='word_1_642' title='bbox 3155 3846 3435 3915; x_wconf 79' lang='lat' dir='ltr'><strong>utriusque</strong></span> 
     </span>
    </p>
   </div>
   <div class='ocr_carea' id='block_1_76' title="bbox 1827 3925 3428 3994">
    <p class='ocr_par' dir='ltr' id='par_1_76' title="bbox 1827 3925 3428 3994">
     <span class='ocr_line' id='line_1_76' title="bbox 1827 3925 3428 3994; baseline 0.009 -16"><span class='ocrx_word' id='word_1_643' title='bbox 1827 3925 2090 3980; x_wconf 77' lang='lat' dir='ltr'><strong>editionis.</strong></span> <span class='ocrx_word' id='word_1_644' title='bbox 2123 3941 2450 3980; x_wconf 75' lang='lat' dir='ltr'><strong>wnseususn</strong></span> <span class='ocrx_word' id='word_1_645' title='bbox 2489 3925 2814 3983; x_wconf 78' lang='lat' dir='ltr'><strong>habentibus</strong></span> <span class='ocrx_word' id='word_1_646' title='bbox 2839 3971 2854 3994; x_wconf 91' lang='lat'><strong>,</strong></span> <span class='ocrx_word' id='word_1_647' title='bbox 2891 3930 2976 3984; x_wconf 89' lang='lat' dir='ltr'><strong>ubi</strong></span> <span class='ocrx_word' id='word_1_648' title='bbox 3017 3933 3272 3989; x_wconf 81' lang='lat' dir='ltr'><strong>deessent</strong></span> <span class='ocrx_word' id='word_1_649' title='bbox 3294 3954 3428 3992; x_wconf 88' lang='lat' dir='ltr'><strong>mss.</strong></span> 
     </span>
    </p>
   </div>
   <div class='ocr_carea' id='block_1_77' title="bbox 1823 4015 3433 4086">
    <p class='ocr_par' dir='ltr' id='par_1_77' title="bbox 1823 4015 3433 4086">
     <span class='ocr_line' id='line_1_77' title="bbox 1823 4015 3433 4086; baseline 0.011 -17"><span class='ocrx_word' id='word_1_650' title='bbox 1823 4015 2073 4080; x_wconf 78' lang='lat' dir='ltr'><strong>codices,</strong></span> <span class='ocrx_word' id='word_1_651' title='bbox 2109 4031 2298 4084; x_wconf 77' lang='lat' dir='ltr'><strong>parum</strong></span> <span class='ocrx_word' id='word_1_652' title='bbox 2321 4027 2412 4070; x_wconf 82' lang='lat' dir='ltr'><strong>aut</strong></span> <span class='ocrx_word' id='word_1_653' title='bbox 2433 4017 2564 4070; x_wconf 83' lang='lat' dir='ltr'><strong>nihil</strong></span> <span class='ocrx_word' id='word_1_654' title='bbox 2589 4031 2844 4084; x_wconf 69' lang='lat' dir='ltr'><strong>praeterea</strong></span> <span class='ocrx_word' id='word_1_655' title='bbox 2867 4021 3286 4080; x_wconf 78' lang='lat' dir='ltr'><strong>desiderandum</strong></span> <span class='ocrx_word' id='word_1_656' title='bbox 3310 4043 3433 4086; x_wconf 85' lang='lat' dir='ltr'><strong>esse</strong></span> 
     </span>
    </p>
   </div>
   <div class='ocr_carea' id='block_1_78' title="bbox 1826 4106 3435 4178">
    <p class='ocr_par' dir='ltr' id='par_1_78' title="bbox 1826 4106 3435 4178">
     <span class='ocr_line' id='line_1_78' title="bbox 1826 4106 3435 4178; baseline 0.01 -18"><span class='ocrx_word' id='word_1_657' title='bbox 1826 4106 2141 4173; x_wconf 74' lang='lat' dir='ltr'><strong>ridebatur,</strong></span> <span class='ocrx_word' id='word_1_658' title='bbox 2173 4122 2298 4162; x_wconf 87' lang='lat' dir='ltr'><strong>cum</strong></span> <span class='ocrx_word' id='word_1_659' title='bbox 2324 4109 2548 4178; x_wconf 87' lang='lat' dir='ltr'><strong>insuper</strong></span> <span class='ocrx_word' id='word_1_660' title='bbox 2585 4109 2905 4166; x_wconf 83' lang='lat' dir='ltr'><strong>Fabrieiana</strong></span> <span class='ocrx_word' id='word_1_661' title='bbox 2937 4114 3107 4170; x_wconf 88' lang='lat' dir='ltr'><strong>editio</strong></span> <span class='ocrx_word' id='word_1_662' title='bbox 3139 4128 3218 4172; x_wconf 86' lang='lat' dir='ltr'><strong>tot</strong></span> <span class='ocrx_word' id='word_1_663' title='bbox 3244 4123 3435 4176; x_wconf 79' lang='lat' dir='ltr'><strong>tantis-</strong></span> 
     </span>
    </p>
   </div>
   <div class='ocr_carea' id='block_1_79' title="bbox 1827 4199 3432 4271">
    <p class='ocr_par' dir='ltr' id='par_1_79' title="bbox 1827 4199 3432 4271">
     <span class='ocr_line' id='line_1_79' title="bbox 1827 4199 3432 4271; baseline 0.011 -20"><span class='ocrx_word' id='word_1_664' title='bbox 1827 4214 1931 4268; x_wconf 74' lang='lat' dir='ltr'><strong>que</strong></span> <span class='ocrx_word' id='word_1_665' title='bbox 1963 4208 2109 4254; x_wconf 82' lang='lat' dir='ltr'><strong>esset</strong></span> <span class='ocrx_word' id='word_1_666' title='bbox 2131 4213 2160 4252; x_wconf 87' lang='lat' dir='ltr'><strong>a</strong></span> <span class='ocrx_word' id='word_1_667' title='bbox 2189 4199 2507 4255; x_wconf 73' lang='lat' dir='ltr'><strong>doctissimo</strong></span> <span class='ocrx_word' id='word_1_668' title='bbox 2542 4201 2658 4255; x_wconf 74' lang='lat' dir='ltr'><strong>viro</strong></span> <span class='ocrx_word' id='word_1_669' title='bbox 2699 4205 3140 4262; x_wconf 76' lang='lat' dir='ltr'><strong>annotationibus</strong></span> <span class='ocrx_word' id='word_1_670' title='bbox 3169 4210 3432 4271; x_wconf 74' lang='lat' dir='ltr'><strong>itilstrata</strong></span> 
     </span>
    </p>
   </div>
   <div class='ocr_carea' id='block_1_80' title="bbox 1804 4289 3436 4360">
    <p class='ocr_par' dir='ltr' id='par_1_80' title="bbox 1804 4289 3436 4360">
     <span class='ocr_line' id='line_1_80' title="bbox 1804 4289 3436 4360; baseline 0.011 -18"><span class='ocrx_word' id='word_1_671' title='bbox 1804 4299 1884 4346; x_wconf 92' lang='lat' dir='ltr'><strong>.et</strong></span> <span class='ocrx_word' id='word_1_672' title='bbox 1903 4299 2083 4346; x_wconf 86' lang='lat' dir='ltr'><strong>aucta.</strong></span> <span class='ocrx_word' id='word_1_673' title='bbox 2109 4289 2408 4347; x_wconf 76' lang='lat' dir='ltr'><strong>Curarerat</strong></span> <span class='ocrx_word' id='word_1_674' title='bbox 2429 4291 2635 4348; x_wconf 78' lang='lat' dir='ltr'><strong>interea</strong></span> <span class='ocrx_word' id='word_1_675' title='bbox 2660 4294 3124 4354; x_wconf 80' lang='lat' dir='ltr'><strong>eminentissimus</strong></span> <span class='ocrx_word' id='word_1_676' title='bbox 3143 4303 3436 4360; x_wconf 83' lang='lat' dir='ltr'><strong>cardinalis</strong></span> 
     </span>
    </p>
   </div>
   <div class='ocr_carea' id='block_1_81' title="bbox 1827 4383 3437 4456">
    <p class='ocr_par' dir='ltr' id='par_1_81' title="bbox 1827 4383 3437 4456">
     <span class='ocr_line' id='line_1_81' title="bbox 1827 4383 3437 4456; baseline 0.011 -19"><span class='ocrx_word' id='word_1_677' title='bbox 1827 4383 2126 4448; x_wconf 76' lang='lat' dir='ltr'><strong>Quirinus,</strong></span> <span class='ocrx_word' id='word_1_678' title='bbox 2175 4393 2232 4437; x_wconf 82' lang='lat' dir='ltr'><strong>ut</strong></span> <span class='ocrx_word' id='word_1_679' title='bbox 2263 4385 2594 4453; x_wconf 77' lang='lat' dir='ltr'><strong>posteriores</strong></span> <span class='ocrx_word' id='word_1_680' title='bbox 2635 4386 2876 4456; x_wconf 75' lang='lat' dir='ltr'><strong>ejusdem</strong></span> <span class='ocrx_word' id='word_1_681' title='bbox 2909 4390 3140 4448; x_wconf 82' lang='lat' dir='ltr'><strong>Fabricii</strong></span> <span class='ocrx_word' id='word_1_682' title='bbox 3176 4397 3226 4450; x_wconf 89' lang='lat' dir='ltr'><strong>in</strong></span> <span class='ocrx_word' id='word_1_683' title='bbox 3257 4397 3437 4456; x_wconf 74' lang='lat' dir='ltr'><strong>Pinia-</strong></span> 
     </span>
    </p>
   </div>
   <div class='ocr_carea' id='block_1_82' title="bbox 1827 4475 3431 4563">
    <p class='ocr_par' dir='ltr' id='par_1_82' title="bbox 1827 4475 3431 4563">
     <span class='ocr_line' id='line_1_82' title="bbox 1827 4475 3431 4563; baseline 0.012 -33"><span class='ocrx_word' id='word_1_684' title='bbox 1827 4475 2019 4530; x_wconf 78' lang='lat' dir='ltr'><strong>atrium</strong></span> <span class='ocrx_word' id='word_1_685' title='bbox 2046 4476 2200 4531; x_wconf 74' lang='lat' dir='ltr'><strong>Curat</strong></span> <span class='ocrx_word' id='word_1_686' title='bbox 2227 4475 2506 4546; x_wconf 71' lang='lat' dir='ltr'><strong>Auburgo</strong></span> <span class='ocrx_word' id='word_1_687' title='bbox 2546 4479 2612 4532; x_wconf 83' lang='lat' dir='ltr'><strong>ad</strong></span> <span class='ocrx_word' id='word_1_688' title='bbox 2651 4495 2750 4536; x_wconf 79' lang='lat' dir='ltr'><strong>nos</strong></span> <span class='ocrx_word' id='word_1_689' title='bbox 2774 4483 3118 4542; x_wconf 81' lang='lat' dir='ltr'><strong>mitterentur</strong></span> <span class='ocrx_word' id='word_1_690' title='bbox 3143 4531 3156 4553; x_wconf 92' lang='lat'><strong>,</strong></span> <span class='ocrx_word' id='word_1_691' title='bbox 3191 4506 3258 4545; x_wconf 87' lang='lat' dir='ltr'><strong>ne</strong></span> <span class='ocrx_word' id='word_1_692' title='bbox 3288 4496 3431 4563; x_wconf 88' lang='lat' dir='ltr'><strong>quod</strong></span> 
     </span>
    </p>
   </div>
   <div class='ocr_carea' id='block_1_83' title="bbox 130 4555 3434 4643">
    <p class='ocr_par' dir='ltr' id='par_1_83' title="bbox 130 4555 3434 4643">
     <span class='ocr_line' id='line_1_83' title="bbox 130 4555 3434 4643; baseline 0.004 -14"><span class='ocrx_word' id='word_1_693' title='bbox 130 4589 354 4643; x_wconf 77' lang='lat' dir='ltr'><strong>vespere</strong></span> <span class='ocrx_word' id='word_1_694' title='bbox 393 4583 599 4629; x_wconf 71' lang='lat' dir='ltr'><strong>tantum</strong></span> <span class='ocrx_word' id='word_1_695' title='bbox 641 4572 712 4627; x_wconf 83' lang='lat' dir='ltr'><strong>ad</strong></span> <span class='ocrx_word' id='word_1_696' title='bbox 743 4569 917 4626; x_wconf 77' lang='lat' dir='ltr'><strong>Etiam</strong></span> <span class='ocrx_word' id='word_1_697' title='bbox 961 4571 1155 4625; x_wconf 81' lang='lat' dir='ltr'><strong>allatas</strong></span> <span class='ocrx_word' id='word_1_698' title='bbox 1195 4570 1506 4628; x_wconf 82' lang='lat' dir='ltr'><strong>meminerit</strong></span> <span class='ocrx_word' id='word_1_699' title='bbox 1540 4589 1555 4626; x_wconf 89' lang='lat'><strong>:</strong></span> <span class='ocrx_word' id='word_1_700' title='bbox 1591 4555 2028 4627; x_wconf 64' lang='grc' dir='ltr'><strong>διατινθαηωί</strong></span> <span class='ocrx_word' id='word_1_701' title='bbox 2094 4569 2198 4622; x_wconf 74' lang='lat' dir='ltr'><strong>viri</strong></span> <span class='ocrx_word' id='word_1_702' title='bbox 2269 4571 2703 4641; x_wconf 68' lang='grc' dir='ltr'><strong>ἀποσπασμάτιον</strong></span> <span class='ocrx_word' id='word_1_703' title='bbox 2762 4575 2984 4632; x_wconf 77' lang='lat' dir='ltr'><strong>editioni</strong></span> <span class='ocrx_word' id='word_1_704' title='bbox 3046 4582 3170 4636; x_wconf 84' lang='lat' dir='ltr'><strong>huic</strong></span> <span class='ocrx_word' id='word_1_705' title='bbox 3233 4555 3434 4643; x_wconf 75' lang='lat' dir='ltr'><strong>nostrae</strong></span> 
     </span>
    </p>
   </div>
   <div class='ocr_carea' id='block_1_84' title="bbox 129 4662 1734 4738">
    <p class='ocr_par' dir='ltr' id='par_1_84' title="bbox 129 4662 1734 4738">
     <span class='ocr_line' id='line_1_84' title="bbox 129 4662 1734 4738; baseline -0.002 -16"><span class='ocrx_word' id='word_1_706' title='bbox 129 4667 336 4738; x_wconf 83' lang='lat' dir='ltr'><strong>quidam</strong></span> <span class='ocrx_word' id='word_1_707' title='bbox 365 4663 622 4732; x_wconf 61' lang='lat' dir='ltr'><strong>heretici,</strong></span> <span class='ocrx_word' id='word_1_708' title='bbox 652 4665 739 4732; x_wconf 85' lang='lat' dir='ltr'><strong>qui</strong></span> <span class='ocrx_word' id='word_1_709' title='bbox 763 4663 826 4718; x_wconf 84' lang='lat' dir='ltr'><strong>de</strong></span> <span class='ocrx_word' id='word_1_710' title='bbox 857 4663 975 4719; x_wconf 80' lang='lat' dir='ltr'><strong>Elia</strong></span> <span class='ocrx_word' id='word_1_711' title='bbox 1002 4662 1147 4719; x_wconf 77' lang='lat' dir='ltr'><strong>beato</strong></span> <span class='ocrx_word' id='word_1_712' title='bbox 1169 4663 1456 4732; x_wconf 83' lang='lat' dir='ltr'><strong>opinantur</strong></span> <span class='ocrx_word' id='word_1_713' title='bbox 1475 4703 1490 4727; x_wconf 89' lang='lat'><strong>,</strong></span> <span class='ocrx_word' id='word_1_714' title='bbox 1518 4664 1659 4734; x_wconf 75' lang='lat' dir='ltr'><strong>quod</strong></span> <span class='ocrx_word' id='word_1_715' title='bbox 1688 4666 1734 4719; x_wconf 84' lang='lat' dir='ltr'><strong>ei</strong></span> 
     </span>
    </p>
   </div>
   <div class='ocr_carea' id='block_1_85' title="bbox 133 4758 1728 4827">
    <p class='ocr_par' dir='ltr' id='par_1_85' title="bbox 133 4758 1728 4827">
     <span class='ocr_line' id='line_1_85' title="bbox 133 4758 1728 4827; baseline -0.003 -12"><span class='ocrx_word' id='word_1_716' title='bbox 133 4762 270 4816; x_wconf 71' lang='lat' dir='ltr'><strong>carni</strong></span> <span class='ocrx_word' id='word_1_717' title='bbox 298 4775 416 4816; x_wconf 83' lang='lat' dir='ltr'><strong>sera</strong></span> <span class='ocrx_word' id='word_1_718' title='bbox 443 4775 622 4814; x_wconf 83' lang='lat' dir='ltr'><strong>carnes</strong></span> <span class='ocrx_word' id='word_1_719' title='bbox 651 4758 722 4812; x_wconf 85' lang='lat' dir='ltr'><strong>ad</strong></span> <span class='ocrx_word' id='word_1_720' title='bbox 749 4773 913 4812; x_wconf 80' lang='lat' dir='ltr'><strong>escam</strong></span> <span class='ocrx_word' id='word_1_721' title='bbox 934 4797 950 4822; x_wconf 94' lang='lat'><strong>,</strong></span> <span class='ocrx_word' id='word_1_722' title='bbox 987 4766 1038 4811; x_wconf 83' lang='lat' dir='ltr'><strong>et</strong></span> <span class='ocrx_word' id='word_1_723' title='bbox 1069 4772 1220 4811; x_wconf 80' lang='lat' dir='ltr'><strong>mane</strong></span> <span class='ocrx_word' id='word_1_724' title='bbox 1256 4774 1414 4827; x_wconf 84' lang='lat' dir='ltr'><strong>panes</strong></span> <span class='ocrx_word' id='word_1_725' title='bbox 1441 4759 1728 4814; x_wconf 76' lang='lat' dir='ltr'><strong>autdcrint.</strong></span> 
     </span>
    </p>
   </div>
   <div class='ocr_carea' id='block_1_86' title="bbox 131 4850 1733 4926">
    <p class='ocr_par' dir='ltr' id='par_1_86' title="bbox 131 4850 1733 4926">
     <span class='ocr_line' id='line_1_86' title="bbox 131 4850 1733 4926; baseline -0.001 -18"><span class='ocrx_word' id='word_1_726' title='bbox 131 4855 209 4926; x_wconf 71' lang='grc' dir='ltr'><strong>(ὁ)</strong></span> <span class='ocrx_word' id='word_1_727' title='bbox 236 4855 376 4910; x_wconf 84' lang='lat' dir='ltr'><strong>illud</strong></span> <span class='ocrx_word' id='word_1_728' title='bbox 391 4869 608 4924; x_wconf 79' lang='lat' dir='ltr'><strong>quoque</strong></span> <span class='ocrx_word' id='word_1_729' title='bbox 633 4850 1058 4916; x_wconf 69' lang='lat' dir='ltr'><strong>observandum,</strong></span> <span class='ocrx_word' id='word_1_730' title='bbox 1085 4858 1327 4905; x_wconf 71' lang='lat' dir='ltr'><strong>extrema</strong></span> <span class='ocrx_word' id='word_1_731' title='bbox 1354 4851 1516 4922; x_wconf 72' lang='lat' dir='ltr'><strong>hujus</strong></span> <span class='ocrx_word' id='word_1_732' title='bbox 1542 4853 1733 4920; x_wconf 84' lang='lat' dir='ltr'><strong>capitis</strong></span> 
     </span>
    </p>
   </div>
   <div class='ocr_carea' id='block_1_87' title="bbox 131 4943 1735 5012">
    <p class='ocr_par' dir='ltr' id='par_1_87' title="bbox 131 4943 1735 5012">
     <span class='ocr_line' id='line_1_87' title="bbox 131 4943 1735 5012; baseline -0.002 -9"><span class='ocrx_word' id='word_1_733' title='bbox 131 4949 296 5004; x_wconf 83' lang='lat' dir='ltr'><strong>luisse</strong></span> <span class='ocrx_word' id='word_1_734' title='bbox 322 4962 354 5002; x_wconf 70' lang='grc' dir='ltr'>ι</span> <span class='ocrx_word' id='word_1_735' title='bbox 383 4945 615 5004; x_wconf 74' lang='lat' dir='ltr'><strong>iibraaiis</strong></span> <span class='ocrx_word' id='word_1_736' title='bbox 642 4945 867 5010; x_wconf 71' lang='lat' dir='ltr'><strong>excisa,</strong></span> <span class='ocrx_word' id='word_1_737' title='bbox 901 4944 1152 5012; x_wconf 64' lang='lat' dir='ltr'><strong>pentaisis</strong></span> <span class='ocrx_word' id='word_1_738' title='bbox 1173 4943 1404 4998; x_wconf 76' lang='lat' dir='ltr'><strong>fortasse</strong></span> <span class='ocrx_word' id='word_1_739' title='bbox 1434 4944 1576 5012; x_wconf 73' lang='grc' dir='ltr'><strong>ψιοέ</strong></span> <span class='ocrx_word' id='word_1_740' title='bbox 1607 4944 1735 4999; x_wconf 77' lang='grc' dir='ltr'><strong>ΡΙιὶ-</strong></span> 
     </span>
    </p>
   </div>
   <div class='ocr_carea' id='block_1_88' title="bbox 135 5034 1729 5107">
    <p class='ocr_par' dir='ltr' id='par_1_88' title="bbox 135 5034 1729 5107">
     <span class='ocr_line' id='line_1_88' title="bbox 135 5034 1729 5107; baseline -0.004 -12"><span class='ocrx_word' id='word_1_741' title='bbox 135 5041 350 5095; x_wconf 87' lang='lat' dir='ltr'><strong>lastrius</strong></span> <span class='ocrx_word' id='word_1_742' title='bbox 377 5049 481 5092; x_wconf 91' lang='lat' dir='ltr'><strong>tam</strong></span> <span class='ocrx_word' id='word_1_743' title='bbox 506 5047 691 5107; x_wconf 86' lang='lat' dir='ltr'><strong>aperte</strong></span> <span class='ocrx_word' id='word_1_744' title='bbox 719 5052 746 5090; x_wconf 93' lang='lat' dir='ltr'><strong>a</strong></span> <span class='ocrx_word' id='word_1_745' title='bbox 778 5037 914 5090; x_wconf 90' lang='lat' dir='ltr'><strong>sacri</strong></span> <span class='ocrx_word' id='word_1_746' title='bbox 946 5045 1126 5090; x_wconf 79' lang='lat' dir='ltr'><strong>textus</strong></span> <span class='ocrx_word' id='word_1_747' title='bbox 1149 5034 1368 5088; x_wconf 85' lang='lat' dir='ltr'><strong>historia</strong></span> <span class='ocrx_word' id='word_1_748' title='bbox 1401 5035 1685 5091; x_wconf 88' lang='lat' dir='ltr'><strong>dissideret</strong></span> <span class='ocrx_word' id='word_1_749' title='bbox 1715 5051 1729 5098; x_wconf 88' lang='lat'>;</span> 
     </span>
    </p>
   </div>
   <div class='ocr_carea' id='block_1_89' title="bbox 137 5125 1727 5198">
    <p class='ocr_par' dir='ltr' id='par_1_89' title="bbox 137 5125 1727 5198">
     <span class='ocr_line' id='line_1_89' title="bbox 137 5125 1727 5198; baseline -0.001 -14"><span class='ocrx_word' id='word_1_750' title='bbox 137 5130 220 5184; x_wconf 91' lang='lat' dir='ltr'><strong>cui</strong></span> <span class='ocrx_word' id='word_1_751' title='bbox 264 5129 437 5184; x_wconf 88' lang='lat' dir='ltr'><strong>simile</strong></span> <span class='ocrx_word' id='word_1_752' title='bbox 476 5127 753 5198; x_wconf 87' lang='lat' dir='ltr'><strong>quidpiam</strong></span> <span class='ocrx_word' id='word_1_753' title='bbox 780 5168 793 5189; x_wconf 85' lang='lat'><strong>.</strong></span> <span class='ocrx_word' id='word_1_754' title='bbox 827 5142 932 5181; x_wconf 90' lang='lat' dir='ltr'><strong>non</strong></span> <span class='ocrx_word' id='word_1_755' title='bbox 976 5126 1132 5181; x_wconf 85' lang='lat' dir='ltr'><strong>valde</strong></span> <span class='ocrx_word' id='word_1_756' title='bbox 1162 5125 1398 5183; x_wconf 88' lang='lat' dir='ltr'><strong>absimili</strong></span> <span class='ocrx_word' id='word_1_757' title='bbox 1441 5127 1508 5182; x_wconf 90' lang='lat' dir='ltr'><strong>de</strong></span> <span class='ocrx_word' id='word_1_758' title='bbox 1544 5143 1727 5192; x_wconf 86' lang='lat' dir='ltr'><strong>causa,</strong></span> 
     </span>
    </p>
   </div>
   <div class='ocr_carea' id='block_1_90' title="bbox 139 5219 1729 5294">
    <p class='ocr_par' dir='ltr' id='par_1_90' title="bbox 139 5219 1729 5294">
     <span class='ocr_line' id='line_1_90' title="bbox 139 5219 1729 5294; baseline -0.003 -14"><span class='ocrx_word' id='word_1_759' title='bbox 139 5222 684 5294; x_wconf 63' lang='lat' dir='ltr'><strong>postremisquinque</strong></span> <span class='ocrx_word' id='word_1_760' title='bbox 720 5220 909 5276; x_wconf 71' lang='lat' dir='ltr'><strong>[renati</strong></span> <span class='ocrx_word' id='word_1_761' title='bbox 947 5219 1217 5290; x_wconf 75' lang='lat' dir='ltr'><strong>capitibus</strong></span> <span class='ocrx_word' id='word_1_762' title='bbox 1246 5221 1542 5285; x_wconf 84' lang='lat' dir='ltr'><strong>accidisse,</strong></span> <span class='ocrx_word' id='word_1_763' title='bbox 1575 5230 1729 5276; x_wconf 86' lang='lat' dir='ltr'><strong>nota-</strong></span> 
     </span>
    </p>
   </div>
   <div class='ocr_carea' id='block_1_91' title="bbox 137 5310 1734 5386">
    <p class='ocr_par' dir='ltr' id='par_1_91' title="bbox 137 5310 1734 5386">
     <span class='ocr_line' id='line_1_91' title="bbox 137 5310 1734 5386; baseline -0.003 -15"><span class='ocrx_word' id='word_1_764' title='bbox 137 5327 256 5372; x_wconf 86' lang='lat' dir='ltr'><strong>runt</strong></span> <span class='ocrx_word' id='word_1_765' title='bbox 303 5315 518 5386; x_wconf 78' lang='lat' dir='ltr'><strong>pridem-</strong></span> <span class='ocrx_word' id='word_1_766' title='bbox 558 5313 664 5368; x_wconf 80' lang='lat' dir='ltr'><strong>viri</strong></span> <span class='ocrx_word' id='word_1_767' title='bbox 715 5312 864 5368; x_wconf 84' lang='lat' dir='ltr'><strong>docti</strong></span> <span class='ocrx_word' id='word_1_768' title='bbox 917 5313 984 5366; x_wconf 89' lang='lat' dir='ltr'><strong>ad</strong></span> <span class='ocrx_word' id='word_1_769' title='bbox 1035 5312 1296 5368; x_wconf 72' lang='lat' dir='ltr'><strong>lreomum</strong></span> <span class='ocrx_word' id='word_1_770' title='bbox 1359 5310 1471 5382; x_wconf 87' lang='lat' dir='ltr'><strong>(c);</strong></span> <span class='ocrx_word' id='word_1_771' title='bbox 1523 5313 1734 5369; x_wconf 82' lang='lat' dir='ltr'><strong>scilicet</strong></span> 
     </span>
    </p>
   </div>
   <div class='ocr_carea' id='block_1_92' title="bbox 205 5498 1735 5578">
    <p class='ocr_par' dir='ltr' id='par_1_92' title="bbox 205 5498 1735 5578">
     <span class='ocr_line' id='line_1_92' title="bbox 205 5498 1735 5578; baseline 0 -23"><span class='ocrx_word' id='word_1_772' title='bbox 205 5504 284 5578; x_wconf 81' lang='grc' dir='ltr'><strong>(α)</strong></span> <span class='ocrx_word' id='word_1_773' title='bbox 317 5503 393 5578; x_wconf 71' lang='lat' dir='ltr'><strong>lli</strong></span> <span class='ocrx_word' id='word_1_774' title='bbox 413 5503 548 5578; x_wconf 66' lang='lat' dir='ltr'><strong>lteg.</strong></span> <span class='ocrx_word' id='word_1_775' title='bbox 576 5517 707 5578; x_wconf 64' lang='lat' dir='ltr'><strong>xvii,</strong></span> <span class='ocrx_word' id='word_1_776' title='bbox 741 5501 773 5560; x_wconf 80' lang='lat'><strong>6</strong></span> <span class='ocrx_word' id='word_1_777' title='bbox 803 5519 839 5578; x_wconf 83' lang='lat'><strong>:_</strong></span> <span class='ocrx_word' id='word_1_778' title='bbox 853 5498 919 5554; x_wconf 85' lang='lat' dir='ltr'><strong>Et</strong></span> <span class='ocrx_word' id='word_1_779' title='bbox 945 5501 1081 5578; x_wconf 66' lang='grc' dir='ltr'><strong>σοι’ῃὶ</strong></span> <span class='ocrx_word' id='word_1_780' title='bbox 1107 5499 1354 5578; x_wconf 59' lang='lat' dir='ltr'><strong>[adeptas</strong></span> <span class='ocrx_word' id='word_1_781' title='bbox 1377 5503 1424 5556; x_wconf 85' lang='lat' dir='ltr'><strong>ei</strong></span> <span class='ocrx_word' id='word_1_782' title='bbox 1451 5502 1618 5556; x_wconf 81' lang='lat' dir='ltr'><strong>venire</strong></span> <span class='ocrx_word' id='word_1_783' title='bbox 1643 5519 1735 5578; x_wconf 66' lang='lat' dir='ltr'><strong>pa-</strong></span> 
     </span>
    </p>
   </div>
   <div class='ocr_carea' id='block_1_93' title="bbox 140 5561 1730 5643">
    <p class='ocr_par' dir='ltr' id='par_1_93' title="bbox 140 5561 1730 5643">
     <span class='ocr_line' id='line_1_93' title="bbox 140 5561 1730 5643; baseline -0.002 -12"><span class='ocrx_word' id='word_1_784' title='bbox 140 5561 278 5631; x_wconf 48' lang='lat' dir='ltr'><strong>net‘n.’</strong></span> <span class='ocrx_word' id='word_1_785' title='bbox 316 5561 575 5628; x_wconf 56' lang='lat' dir='ltr'><strong>Bibiioih.</strong></span> <span class='ocrx_word' id='word_1_786' title='bbox 623 5561 764 5630; x_wconf 66' lang='lat' dir='ltr'><strong>Max.</strong></span> <span class='ocrx_word' id='word_1_787' title='bbox 811 5569 967 5628; x_wconf 76' lang='lat' dir='ltr'><strong>Joan.</strong></span> <span class='ocrx_word' id='word_1_788' title='bbox 1015 5561 1186 5630; x_wconf 51' lang='lat' dir='ltr'><strong>de&#39;la</strong></span> <span class='ocrx_word' id='word_1_789' title='bbox 1233 5561 1418 5643; x_wconf 73' lang='lat' dir='ltr'><strong>llaye,</strong></span> <span class='ocrx_word' id='word_1_790' title='bbox 1462 5583 1592 5630; x_wconf 76' lang='lat' dir='ltr'><strong>tum.</strong></span> <span class='ocrx_word' id='word_1_791' title='bbox 1637 5561 1730 5640; x_wconf 78' lang='lat' dir='ltr'><strong>iV,</strong></span> 
     </span>
    </p>
   </div>
   <div class='ocr_carea' id='block_1_94' title="bbox 207 5711 1728 5788">
    <p class='ocr_par' dir='ltr' id='par_1_94' title="bbox 207 5711 1728 5788">
     <span class='ocr_line' id='line_1_94' title="bbox 207 5711 1728 5788; baseline -0.003 -17"><span class='ocrx_word' id='word_1_792' title='bbox 207 5711 278 5788; x_wconf 66' lang='grc' dir='ltr'><strong>Π»)</strong></span> <span class='ocrx_word' id='word_1_793' title='bbox 306 5713 596 5788; x_wconf 13' lang='grc' dir='ltr'><strong>ιἰιὶιειεγίπίᾳ</strong></span> <span class='ocrx_word' id='word_1_794' title='bbox 619 5729 778 5788; x_wconf 60' lang='lat' dir='ltr'><strong>porro</strong></span> <span class='ocrx_word' id='word_1_795' title='bbox 801 5712 1072 5788; x_wconf 80' lang='lat' dir='ltr'><strong>consentit</strong></span> <span class='ocrx_word' id='word_1_796' title='bbox 1090 5711 1605 5788; x_wconf 68' lang='lat' dir='ltr'><strong>etiam_Augusti_nus</strong></span> <span class='ocrx_word' id='word_1_797' title='bbox 1621 5721 1728 5788; x_wconf 72' lang='lat' dir='ltr'><strong>tam</strong></span> 
     </span>
    </p>
   </div>
   <div class='ocr_carea' id='block_1_95' title="bbox 138 5779 1727 5854">
    <p class='ocr_par' dir='ltr' id='par_1_95' title="bbox 138 5779 1727 5854">
     <span class='ocr_line' id='line_1_95' title="bbox 138 5779 1727 5854; baseline -0.007 -8"><span class='ocrx_word' id='word_1_798' title='bbox 138 5779 226 5846; x_wconf 73' lang='lat' dir='ltr'><strong>cit.</strong></span> <span class='ocrx_word' id='word_1_799' title='bbox 241 5779 416 5847; x_wconf 77' lang='lat' dir='ltr'><strong>Serm.</strong></span> <span class='ocrx_word' id='word_1_800' title='bbox 439 5787 540 5842; x_wconf 74' lang='lat' dir='ltr'><strong>Mli</strong></span> <span class='ocrx_word' id='word_1_801' title='bbox 566 5779 835 5854; x_wconf 82' lang='lat' dir='ltr'><strong>(ieTetnp.</strong></span> <span class='ocrx_word' id='word_1_802' title='bbox 855 5799 1014 5854; x_wconf 89' lang='lat' dir='ltr'><strong>quam</strong></span> <span class='ocrx_word' id='word_1_803' title='bbox 1044 5784 1188 5838; x_wconf 90' lang='lat' dir='ltr'><strong>hom.</strong></span> <span class='ocrx_word' id='word_1_804' title='bbox 1213 5783 1296 5850; x_wconf 79' lang='grc'><strong>18,</strong></span> <span class='ocrx_word' id='word_1_805' title='bbox 1317 5779 1428 5836; x_wconf 74' lang='lat' dir='ltr'><strong>ulti.-</strong></span> <span class='ocrx_word' id='word_1_806' title='bbox 1451 5779 1727 5838; x_wconf 83' lang='lat' dir='ltr'><strong>Nonneilli</strong></span> 
     </span>
    </p>
   </div>
   <div class='ocr_carea' id='block_1_96' title="bbox 1832 4659 3434 4732">
    <p class='ocr_par' dir='ltr' id='par_1_96' title="bbox 1832 4659 3434 4732">
     <span class='ocr_line' id='line_1_96' title="bbox 1832 4659 3434 4732; baseline 0.004 -16"><span class='ocrx_word' id='word_1_807' title='bbox 1832 4659 2050 4716; x_wconf 75' lang='lat' dir='ltr'><strong>deesset</strong></span> <span class='ocrx_word' id='word_1_808' title='bbox 2073 4675 2088 4724; x_wconf 89' lang='lat'><strong>;</strong></span> <span class='ocrx_word' id='word_1_809' title='bbox 2121 4673 2243 4716; x_wconf 68' lang='lat' dir='ltr'><strong>cum</strong></span> <span class='ocrx_word' id='word_1_810' title='bbox 2273 4660 2495 4715; x_wconf 77' lang='lat' dir='ltr'><strong>domm</strong></span> <span class='ocrx_word' id='word_1_811' title='bbox 2523 4663 2792 4719; x_wconf 79' lang='lat' dir='ltr'><strong>variantes</strong></span> <span class='ocrx_word' id='word_1_812' title='bbox 2814 4668 2978 4722; x_wconf 78' lang='lat' dir='ltr'><strong>etiam</strong></span> <span class='ocrx_word' id='word_1_813' title='bbox 3011 4671 3274 4729; x_wconf 71' lang='lat' dir='ltr'><strong>lectiones</strong></span> <span class='ocrx_word' id='word_1_814' title='bbox 3299 4675 3434 4732; x_wconf 78' lang='lat' dir='ltr'><strong>Cor-</strong></span> 
     </span>
    </p>
   </div>
   <div class='ocr_carea' id='block_1_97' title="bbox 1835 4751 3431 4830">
    <p class='ocr_par' dir='ltr' id='par_1_97' title="bbox 1835 4751 3431 4830">
     <span class='ocr_line' id='line_1_97' title="bbox 1835 4751 3431 4830; baseline 0.014 -24"><span class='ocrx_word' id='word_1_815' title='bbox 1835 4751 2074 4809; x_wconf 65' lang='lat' dir='ltr'><strong>beluinis</strong></span> <span class='ocrx_word' id='word_1_816' title='bbox 2093 4751 2218 4808; x_wconf 74' lang='lat' dir='ltr'><strong>eod.</strong></span> <span class='ocrx_word' id='word_1_817' title='bbox 2249 4752 2485 4809; x_wconf 70' lang='lat' dir='ltr'><strong>Brittium</strong></span> <span class='ocrx_word' id='word_1_818' title='bbox 2537 4768 2936 4826; x_wconf 77' lang='lat' dir='ltr'><strong>pervenerunt,</strong></span> <span class='ocrx_word' id='word_1_819' title='bbox 2969 4779 3198 4830; x_wconf 67' lang='lat' dir='ltr'><strong>quorum</strong></span> <span class='ocrx_word' id='word_1_820' title='bbox 3238 4783 3431 4827; x_wconf 79' lang='lat' dir='ltr'><strong>eme-</strong></span> 
     </span>
    </p>
   </div>
   <div class='ocr_carea' id='block_1_98' title="bbox 1833 4845 3434 4923">
    <p class='ocr_par' dir='ltr' id='par_1_98' title="bbox 1833 4845 3434 4923">
     <span class='ocr_line' id='line_1_98' title="bbox 1833 4845 3434 4923; baseline 0.014 -23"><span class='ocrx_word' id='word_1_821' title='bbox 1833 4845 2086 4902; x_wconf 80' lang='lat' dir='ltr'><strong>dationes</strong></span> <span class='ocrx_word' id='word_1_822' title='bbox 2131 4845 2372 4915; x_wconf 79' lang='lat' dir='ltr'><strong>proiecto</strong></span> <span class='ocrx_word' id='word_1_823' title='bbox 2427 4848 2732 4917; x_wconf 62' lang='lat' dir='ltr'><strong>tiorimas,</strong></span> <span class='ocrx_word' id='word_1_824' title='bbox 2779 4867 2981 4923; x_wconf 74' lang='lat' dir='ltr'><strong>easque</strong></span> <span class='ocrx_word' id='word_1_825' title='bbox 3033 4859 3099 4912; x_wconf 76' lang='lat' dir='ltr'><strong>ad</strong></span> <span class='ocrx_word' id='word_1_826' title='bbox 3153 4860 3434 4922; x_wconf 68' lang='lat' dir='ltr'><strong>Philostrii</strong></span> 
     </span>
    </p>
   </div>
   <div class='ocr_carea' id='block_1_99' title="bbox 1831 4938 3435 5024">
    <p class='ocr_par' dir='ltr' id='par_1_99' title="bbox 1831 4938 3435 5024">
     <span class='ocr_line' id='line_1_99' title="bbox 1831 4938 3435 5024; baseline 0.014 -31"><span class='ocrx_word' id='word_1_827' title='bbox 1831 4944 2040 4994; x_wconf 67' lang='lat' dir='ltr'><strong>textum</strong></span> <span class='ocrx_word' id='word_1_828' title='bbox 2077 4938 2436 5008; x_wconf 76' lang='lat' dir='ltr'><strong>supplendum</strong></span> <span class='ocrx_word' id='word_1_829' title='bbox 2476 4956 2542 4997; x_wconf 86' lang='lat' dir='ltr'><strong>ac</strong></span> <span class='ocrx_word' id='word_1_830' title='bbox 2579 4945 2977 5003; x_wconf 66' lang='lat' dir='ltr'><strong>restituendum</strong></span> <span class='ocrx_word' id='word_1_831' title='bbox 3003 4966 3108 5007; x_wconf 84' lang='lat' dir='ltr'><strong>non</strong></span> <span class='ocrx_word' id='word_1_832' title='bbox 3137 4958 3288 5024; x_wconf 69' lang='lat' dir='ltr'><strong>parsi</strong></span> <span class='ocrx_word' id='word_1_833' title='bbox 3314 4977 3435 5018; x_wconf 85' lang='lat' dir='ltr'><strong>mo-</strong></span> 
     </span>
    </p>
   </div>
   <div class='ocr_carea' id='block_1_100' title="bbox 1834 5031 3146 5113">
    <p class='ocr_par' dir='ltr' id='par_1_100' title="bbox 1834 5031 3146 5113">
     <span class='ocr_line' id='line_1_100' title="bbox 1834 5031 3146 5113; baseline 0.015 -29"><span class='ocrx_word' id='word_1_834' title='bbox 1834 5031 2027 5097; x_wconf 90' lang='lat' dir='ltr'><strong>menti,</strong></span> <span class='ocrx_word' id='word_1_835' title='bbox 2061 5031 2113 5084; x_wconf 92' lang='lat' dir='ltr'><strong>iu</strong></span> <span class='ocrx_word' id='word_1_836' title='bbox 2144 5032 2481 5104; x_wconf 83' lang='lat' dir='ltr'><strong>Spiciiegium</strong></span> <span class='ocrx_word' id='word_1_837' title='bbox 2512 5044 2754 5092; x_wconf 89' lang='lat' dir='ltr'><strong>nostrum</strong></span> <span class='ocrx_word' id='word_1_838' title='bbox 2788 5042 3146 5113; x_wconf 83' lang='lat' dir='ltr'><strong>conjee&#39;uuus.</strong></span> 
     </span>
    </p>
   </div>
   <div class='ocr_carea' id='block_1_101' title="bbox 1907 5124 3438 5207">
    <p class='ocr_par' dir='ltr' id='par_1_101' title="bbox 1907 5124 3438 5207">
     <span class='ocr_line' id='line_1_101' title="bbox 1907 5124 3438 5207; baseline 0.016 -25"><span class='ocrx_word' id='word_1_839' title='bbox 1907 5125 1996 5182; x_wconf 79' lang='lat'><strong>50.</strong></span> <span class='ocrx_word' id='word_1_840' title='bbox 2037 5124 2184 5181; x_wconf 92' lang='lat' dir='ltr'><strong>Ordo</strong></span> <span class='ocrx_word' id='word_1_841' title='bbox 2207 5134 2386 5183; x_wconf 86' lang='lat' dir='ltr'><strong>autem</strong></span> <span class='ocrx_word' id='word_1_842' title='bbox 2416 5128 2576 5199; x_wconf 79' lang='lat' dir='ltr'><strong>hujus</strong></span> <span class='ocrx_word' id='word_1_843' title='bbox 2603 5131 2863 5190; x_wconf 84' lang='lat' dir='ltr'><strong>editionis</strong></span> <span class='ocrx_word' id='word_1_844' title='bbox 2885 5152 2914 5192; x_wconf 84' lang='lat' dir='ltr'><strong>a</strong></span> <span class='ocrx_word' id='word_1_845' title='bbox 2939 5141 3096 5202; x_wconf 81' lang='lat' dir='ltr'><strong>nobis</strong></span> <span class='ocrx_word' id='word_1_846' title='bbox 3125 5143 3202 5202; x_wconf 85' lang='lat' dir='ltr'><strong>ita</strong></span> <span class='ocrx_word' id='word_1_847' title='bbox 3232 5153 3438 5207; x_wconf 80' lang='lat' dir='ltr'><strong>consti-</strong></span> 
     </span>
    </p>
   </div>
   <div class='ocr_carea' id='block_1_102' title="bbox 1835 5221 3435 5298">
    <p class='ocr_par' dir='ltr' id='par_1_102' title="bbox 1835 5221 3435 5298">
     <span class='ocr_line' id='line_1_102' title="bbox 1835 5221 3435 5298; baseline 0.015 -24"><span class='ocrx_word' id='word_1_848' title='bbox 1835 5227 1984 5276; x_wconf 80' lang='lat' dir='ltr'><strong>tutus</strong></span> <span class='ocrx_word' id='word_1_849' title='bbox 2010 5228 2126 5287; x_wconf 70' lang='lat' dir='ltr'><strong>est,</strong></span> <span class='ocrx_word' id='word_1_850' title='bbox 2156 5229 2215 5276; x_wconf 80' lang='lat' dir='ltr'><strong>ut</strong></span> <span class='ocrx_word' id='word_1_851' title='bbox 2254 5221 2428 5290; x_wconf 77' lang='lat' dir='ltr'><strong>primo</strong></span> <span class='ocrx_word' id='word_1_852' title='bbox 2458 5223 2586 5280; x_wconf 81' lang='lat' dir='ltr'><strong>loco</strong></span> <span class='ocrx_word' id='word_1_853' title='bbox 2619 5225 2936 5286; x_wconf 65' lang='lat' dir='ltr'><strong>Pansam</strong></span> <span class='ocrx_word' id='word_1_854' title='bbox 2957 5249 3116 5289; x_wconf 75' lang='lat' dir='ltr'><strong>uasa</strong></span> <span class='ocrx_word' id='word_1_855' title='bbox 3143 5253 3210 5292; x_wconf 74' lang='lat' dir='ltr'><strong>os:</strong></span> <span class='ocrx_word' id='word_1_856' title='bbox 3243 5240 3435 5298; x_wconf 59' lang='lat' dir='ltr'><strong>Hiens-</strong></span> 
     </span>
    </p>
   </div>
   <div class='ocr_carea' id='block_1_103' title="bbox 1835 5327 3436 5393">
    <p class='ocr_par' dir='ltr' id='par_1_103' title="bbox 1835 5327 3436 5393">
     <span class='ocr_line' id='line_1_103' title="bbox 1835 5327 3436 5393; baseline 0.015 -24"><span class='ocrx_word' id='word_1_857' title='bbox 1835 5329 1981 5371; x_wconf 75' lang='lat' dir='ltr'><strong>sinos</strong></span> <span class='ocrx_word' id='word_1_858' title='bbox 2025 5329 2134 5371; x_wconf 79' lang='lat' dir='ltr'><strong>cett</strong></span> <span class='ocrx_word' id='word_1_859' title='bbox 2183 5331 2640 5376; x_wconf 68' lang='lat' dir='ltr'><strong>cumosrtomnos</strong></span> <span class='ocrx_word' id='word_1_860' title='bbox 2685 5337 2755 5376; x_wconf 73' lang='lat' dir='ltr'><strong>er</strong></span> <span class='ocrx_word' id='word_1_861' title='bbox 2801 5339 2960 5381; x_wconf 75' lang='lat' dir='ltr'><strong>noris</strong></span> <span class='ocrx_word' id='word_1_862' title='bbox 2998 5327 3153 5384; x_wconf 71' lang='lat' dir='ltr'><strong>JOAN.</strong></span> <span class='ocrx_word' id='word_1_863' title='bbox 3200 5334 3436 5393; x_wconf 66' lang='lat' dir='ltr'><strong>Aenean</strong></span> 
     </span>
    </p>
   </div>
   <div class='ocr_carea' id='block_1_104' title="bbox 1838 5503 3436 5584">
    <p class='ocr_par' dir='ltr' id='par_1_104' title="bbox 1838 5503 3436 5584">
     <span class='ocr_line' id='line_1_104' title="bbox 1838 5503 3436 5584; baseline 0.013 -30"><span class='ocrx_word' id='word_1_864' title='bbox 1838 5503 2302 5584; x_wconf 44' lang='lat' dir='ltr'><strong>pauemnoﬂerakat</strong></span> <span class='ocrx_word' id='word_1_865' title='bbox 2336 5525 2518 5584; x_wconf 67' lang='lat' dir='ltr'><strong>castou</strong></span> <span class='ocrx_word' id='word_1_866' title='bbox 2543 5527 2722 5578; x_wconf 71' lang='lat' dir='ltr'><strong>triane,</strong></span> <span class='ocrx_word' id='word_1_867' title='bbox 2741 5504 2800 5568; x_wconf 66' lang='grc' dir='ltr'><strong>’σε</strong></span> <span class='ocrx_word' id='word_1_868' title='bbox 2825 5517 2900 5568; x_wconf 69' lang='lat' dir='ltr'><strong>ad</strong></span> <span class='ocrx_word' id='word_1_869' title='bbox 2925 5533 3182 5584; x_wconf 70' lang='lat' dir='ltr'><strong>uesperam</strong></span> <span class='ocrx_word' id='word_1_870' title='bbox 3211 5537 3390 5582; x_wconf 72' lang='lat' dir='ltr'><strong>cat&#39;nes</strong></span> <span class='ocrx_word' id='word_1_871' title='bbox 3411 5525 3436 5574; x_wconf 71' lang='grc' dir='ltr'><strong><em>ἔ)</em></strong></span> 
     </span>
    </p>
   </div>
   <div class='ocr_carea' id='block_1_105' title="bbox 1837 5572 3431 5713">
    <p class='ocr_par' dir='ltr' id='par_1_105' title="bbox 1837 5572 3431 5713">
     <span class='ocr_line' id='line_1_105' title="bbox 1911 5572 3431 5662; baseline 0.014 -36"><span class='ocrx_word' id='word_1_872' title='bbox 1911 5572 1988 5644; x_wconf 87' lang='lat' dir='ltr'><strong>(c)</strong></span> <span class='ocrx_word' id='word_1_873' title='bbox 2029 5574 2353 5656; x_wconf 77' lang='lat' dir='ltr'><strong>Feuardcnt.</strong></span> <span class='ocrx_word' id='word_1_874' title='bbox 2403 5581 2602 5662; x_wconf 73' lang='lat' dir='ltr'><strong>Annot.</strong></span> <span class='ocrx_word' id='word_1_875' title='bbox 2648 5572 2767 5651; x_wconf 70' lang='lat' dir='ltr'><strong>pag.</strong></span> <span class='ocrx_word' id='word_1_876' title='bbox 2808 5586 2955 5652; x_wconf 64' lang='lat' dir='ltr'><strong>Q05,</strong></span> <span class='ocrx_word' id='word_1_877' title='bbox 2991 5572 3180 5643; x_wconf 60' lang='lat' dir='ltr'><strong>Gentii</strong></span> <span class='ocrx_word' id='word_1_878' title='bbox 3210 5572 3431 5662; x_wconf 33' lang='lat' dir='ltr'><strong>tiro&#39;ie&#39;g.</strong></span> 
     </span>
     <span class='ocr_line' id='line_1_106' title="bbox 1837 5645 2538 5713; baseline 0.004 -17"><span class='ocrx_word' id='word_1_879' title='bbox 1837 5658 1959 5713; x_wconf 85' lang='lat' dir='ltr'><strong>pag.</strong></span> <span class='ocrx_word' id='word_1_880' title='bbox 1994 5645 2060 5698; x_wconf 84' lang='grc'><strong>16</strong></span> <span class='ocrx_word' id='word_1_881' title='bbox 2088 5646 2216 5700; x_wconf 84' lang='lat' dir='ltr'><strong>edit.</strong></span> <span class='ocrx_word' id='word_1_882' title='bbox 2261 5649 2538 5704; x_wconf 80' lang='lat' dir='ltr'><strong>Massueu.</strong></span> 
     </span>
    </p>
   </div>
   <div class='ocr_carea' id='block_1_106' title="bbox 1931 5715 2560 5780">
    <p class='ocr_par' dir='ltr' id='par_1_106' title="bbox 1931 5715 2560 5780">
     <span class='ocr_line' id='line_1_107' title="bbox 1931 5715 2560 5780; baseline 0.006 -14"><span class='ocrx_word' id='word_1_883' title='bbox 1931 5715 1989 5780; x_wconf 77' lang='grc' dir='ltr'><strong>ά)</strong></span> <span class='ocrx_word' id='word_1_884' title='bbox 2028 5715 2183 5770; x_wconf 65' lang='lat' dir='ltr'><strong>Praef.</strong></span> <span class='ocrx_word' id='word_1_885' title='bbox 2209 5717 2276 5771; x_wconf 85' lang='lat' dir='ltr'><strong>ad</strong></span> <span class='ocrx_word' id='word_1_886' title='bbox 2301 5718 2560 5773; x_wconf 72' lang='lat' dir='ltr'><strong>Philostr.</strong></span> 
     </span>
    </p>
   </div>
  </div>
