3992 6204
597 279 735 338 1095

1837 272 2152 331 SANCTUS
2193 271 2650 332 PHILASTRIUS

3795 281 3898 336 llr?!

597 399 834 454 FABRICII
877 395 1245 461 exhiberetur,
1287 400 1434 448 textu
1472 391 1732 450 editionis
1773 392 2197 464 llamburgensis
2222 405 2276 464 Α
2301 394 2402 448 sim
2437 402 2724 464 utrumque
2765 393 3073 463 exemplar,
3121 393 3541 466 Hamburgense
3583 409 3819 466 nempe,
3861 415 3898 451 3r.-

599 493 798 562 ubique
826 505 1123 559 expresso;
1163 490 1213 542 in
1236 503 1344 558 quo
1381 488 1424 542 si
1459 488 1602 557 quod
1633 487 1823 542 vitium
1859 499 2195 554 occurreret,

597 584 739 654 quod
767 581 1113 638 Corbeiensis
1139 595 1241 635 ms.
1272 595 1374 649 ope
1401 580 1519 634 tolli
1545 589 1746 649 posset,
1771 579 1824 634 id
1847 580 2016 634 lector
2037 595 2195 634 cura-

599 687 708 730 tum
741 674 1010 728 inveniret
1037 673 1088 726 in
1121 671 1436 741 Spicilegio.

667 765 981 821 Subduntnr
1013 763 1261 833 ejusdem
1301 761 1456 816 Joan.
1490 761 1728 816 ALnnnrt
1760 761 1998 816 Fanmcn
2041 776 2194 815 nou;

512 878 515 882 '
594 860 899 916 POSTBUM£
931 875 1000 912 an
1052 857 1456 921 PHILASTBIUH;
1505 872 1570 911 ex
1619 857 1816 925 quibus
1862 866 2056 924 quanta
2085 896 2098 921 ,
2142 865 2196 908 et

592 968 752 1022 quam
783 951 1064 1021 multiplex
1090 949 1252 1004 fuerit
1279 949 1475 1003 sumini
1507 948 1665 1018 hujus
1688 949 1787 1001 viri
1817 947 1999 1014 lectio,
2026 946 2197 1002 lector

590 1045 746 1100 facile
771 1044 1088 1114 perSpicict.
1118 1043 1174 1095 In
1201 1042 1266 1096 iis
1292 1040 1672 1095 dcscribendis
1702 1048 1958 1094 notantur
1988 1037 2195 1108 pagina:

589 1137 870 1205 utriusque
891 1135 1146 1190 editionis
1168 1145 1276 1187 tam
1312 1132 1752 1202 llatnburgensis,
1783 1147 1942 1201 quam
1973 1143 2192 1194 nosnos,

592 1237 650 1283 ut
709 1228 920 1282 facilius
979 1228 1095 1281 loca
1154 1225 1389 1280 inveniri
1452 1224 1698 1294 possint;
1763 1238 1965 1292 easque
2030 1222 2195 1277 habes

591 1336 714 1392 pag.
747 1321 848 1375 H7
877 1318 1038 1389 hujus
1069 1319 1341 1373 Brixiana:
1364 1317 1645 1381 editionis,
1681 1332 1783 1370 una
1812 1331 1935 1370 cum
1964 1315 2192 1384 epistola

591 1415 884 1468 llermanni
945 1411 1218 1467 Samuelis
1278 1410 1514 1466 Reimari
1569 1409 1636 1464 ad
1701 1409 2192 1464 eminentissimum

590 1507 926 1562 cardinalem
957 1505 1244 1572 Quirinum
1279 1505 1464 1559 missa.

656 1599 939 1654 Accedunt
963 1597 1305 1669 postmodum
1327 1612 1447 1666 pag.
1482 1596 1796 1660 152,VAR|£
1819 1609 2112 1650 LECTIONES
2142 1609 2192 1648 IN

586 1707 936 1747 ratusratus:
961 1731 977 1756 ,
1008 1706 1074 1745 ex
1122 1705 1225 1744 ms.
1272 1687 1591 1743 Corbeiensi
1617 1727 1631 1752 ,
1675 1702 1780 1740 una
1809 1702 1931 1741 cum
1964 1685 2191 1754 epistola

2301 495 2551 541 nostrum
2579 486 2993 542 conferentibus
3021 490 3226 558 patebit
3259 505 3274 542 :
3303 489 3357 542 in
3391 489 3626 558 reliquis
3649 495 3906 558 expressi-

2301 594 2421 633 mus
2447 578 2562 633 fere
2589 594 2810 647 semper
2856 578 3156 635 editionem
3183 581 3669 652 Hamburgensem
3697 623 3715 646 ,
3751 586 3907 652 paucis

2299 669 2594 724 admodum
2651 671 2976 736 immutatis,
3023 673 3077 726 in
3107 673 3304 742 quibus
3358 673 3710 730 Basileensis
3769 675 3910 728 editis

2301 760 2696 831 llamhurgensi
2733 772 2992 832 praestare
3021 764 3133 818 visa
3164 776 3266 820 est.
3301 767 3734 835 Scripturarum
3766 767 3911 837 sylla-

2299 854 2430 910 bum
2456 871 2575 926 qua:
2611 871 2640 909 a
2688 856 2980 912 Philastrio
3017 858 3320 915 afferuntur
3343 901 3356 925 ,
3388 861 3763 916 concinnavit
3799 861 3909 914 Rev.

2297 947 2566 1001 Antonius
2589 947 2763 1002 Guelfi
2797 949 3082 1004 Bt'ixianus
3105 992 3120 1015 ,
3149 951 3590 1007 Eininentissimi
3626 953 3913 1009 cardinalis

2296 1041 2508 1109 Quirini
2539 1043 2999 1114 eleemosynarius
3025 1085 3039 1111 ,
3080 1046 3233 1115 cujus
3263 1062 3492 1116 operam
3521 1049 3578 1102 in
3625 1049 3913 1103 conferen-

2297 1133 2381 1189 dis
2423 1136 2585 1192 etiam
2615 1136 3172 1206 variis,lectionibus,
3205 1154 3267 1194 ac
3295 1142 3526 1211 proinde
3560 1142 3620 1196 in
3679 1142 3790 1197 hac
3822 1152 3913 1198 tota

2297 1227 2539 1283 editione
2586 1230 2942 1299 perpolicnda
2991 1249 3284 1304 numquam
3317 1234 3447 1291 mihi
3495 1235 3798 1304 defuisse,
3829 1237 3916 1292 hec

2297 1317 2419 1374 loco
2450 1320 2686 1377 libenter
2715 1331 2968 1379 testatum
2997 1326 3142 1381 volo.

2463 1478 2490 1548 ᾗ
2521 1478 2610 1533 VI.
2648 1478 2877 1549 Operum
2902 1481 2962 1535 S.
2996 1481 3273 1536 Philaslrii
3295 1483 3453 1539 varia:
3475 1485 3765 1541 editiones.

2369 1610 2606 1666 Primum
2643 1612 2966 1670 Philastrius
3007 1616 3182 1671 lucem
3230 1620 3439 1688 aspexit
3474 1635 3569 1674 an.
3603 1622 3786 1690 1528,
3820 1640 3909 1677 una

2296 1718 2417 1758 cum
2451 1703 2741 1761 Lanfranci
2771 1707 2954 1763 libello
2979 1709 3241 1766 adversus
3271 1711 3676 1784 Berengarium
3703 1733 3800 1786 per
3827 1719 3906 1771 le.

584 1784 647 1839 D.
675 1783 901 1838 Joannis
924 1781 1172 1852 Raverdy
1203 1780 1452 1835 monachi
1479 1778 1813 1833 BellediClini
1837 1779 1905 1832 ad
1937 1778 2186 1833 eumdem
2220 1790 2268 1851 B
2295 1793 2610 1849 Sichardum
2630 1797 2830 1852 editus.
2864 1798 3035 1865 Quam
3067 1801 3361 1858 editionem
3393 1778 3679 1862 insecutis
3705 1778 3906 1865 ilehns-

585 1875 1032 1930 Ementissitnum
1061 1871 1400 1929 cardinaletn
1437 1870 1757 1938 Quirinum;
1789 1873 1840 1924 in
1877 1871 2073 1939 quibus
2100 1886 2189 1926 re-

584 1967 980 2038 praesentandis
1010 1967 1294 2025 Lectorem
1329 1967 1592 2021 monitum
1637 1965 1918 2035 volumus,
1967 1981 2188 2036 expres-

581 2079 700 2119 sam
741 2062 1074 2117 adamussim
1123 2061 1290 2116 fuisse
1335 2076 1438 2115 ms.
1484 2061 1834 2116 Corbeiensis
1865 2062 2187 2128 lectionem,

579 2158 808 2212 retentis
852 2156 1016 2212 etiam
1046 2155 1328 2210 erroribus
1371 2155 1504 2226 ipsis
1550 2169 1614 2210 ac
1657 2154 1900 2219 mendis,
1939 2170 2009 2210 ne
2061 2154 2187 2224 quid

587 2249 836 2305 lidelitati
862 2249 1099 2305 deesset.

654 2343 746 2397 llis
789 2342 1135 2410 subjungitur
1164 2341 1506 2395 Sptcnzciuu
1538 2347 1782 2394 nostrum
1813 2337 1880 2392 ad
1917 2337 2084 2393 Notas
2113 2338 2184 2391 cl.

581 2437 684 2492 viri
725 2437 885 2491 Joan.
916 2436 1127 2490 Alberti
1160 2434 1436 2499 Fabricii,
1471 2434 1524 2486 in
1555 2448 1665 2503 quo
1707 2433 2074 2503 prteeipuum,
2124 2446 2188 2486 ac

581 2530 893 2586 uberiorem
925 2530 1103 2584 locum
1131 2528 1378 2583 obtinent
1399 2525 1806 2582 emendationes
1827 2540 1893 2581 ex
1923 2541 2025 2579 ms.
2051 2524 2188 2578 Cor-

579 2621 790 2679 beiensi
831 2622 1169 2692 desumptze;
1201 2636 1326 2675 cum
1358 2620 1502 2675 enim
1525 2659 1540 2684 ,
1576 2630 1632 2673 ut
1666 2619 1779 2688 jam
1826 2619 2029 2673 dictum
2067 2627 2184 2683 est,

578 2716 740 2771 varia:
790 2716 1049 2771 lectiones
1096 2714 1256 2784 hujus
1292 2712 1500 2767 codicis
1541 2714 1713 2767 serius
1742 2711 1808 2766 ad
1854 2726 1951 2766 nos
1990 2711 2187 2767 delata:

577 2810 816 2877 fuerint,
849 2825 915 2864 eo
944 2808 1151 2862 scilicet
1184 2815 1429 2875 tempore
1455 2820 1564 2874 quo
1590 2805 1768 2858 omnia
1795 2804 1862 2858 ad
1890 2803 2183 2858 editionem

577 2912 764 2973 parata
779 2909 960 2968 erant,
985 2901 1151 2954 immo
1171 2898 1352 2968 potius
1373 2913 1495 2952 cum
1514 2897 1682 2951 editio
1700 2896 1817 2951 hate
1839 2896 1954 2965 ipsa
1978 2896 2185 2965 increp-

577 3004 628 3050 ta
654 2997 766 3066 jam
813 3002 992 3060 esset;
1024 2993 1228 3048 idcirco
1271 2991 1428 3046 aliter
1467 2997 1581 3044 tum
1617 2990 1844 3060 publica:
1871 2987 2085 3043 utilitati
2113 2991 2182 3054 ,in

577 3087 916 3144 restituendo
960 3085 1236 3142 PhilaSIrii
1271 3095 1452 3149 textu,
1485 3093 1594 3137 tum
1639 3083 1802 3138 etiam
1848 3082 2070 3151 privatis
2101 3089 2186 3152 ty-

2297 1884 2651 1952 tadiensibus,
2675 1898 2728 1942 et
2746 1904 2864 1958 qua:
2885 1888 2940 1943 in
2966 1890 3318 1948 Bibliothecis
3347 1894 3447 1949 PP.
3477 1896 3900 1962 Parisiensibus,

2293 1975 2607 2032 Coloniensi
2662 1988 2718 2033 et
2765 1979 3112 2051 Lugdunensi
3167 1994 3454 2056 prostant,
3513 1991 3811 2046 meliorem
3857 2005 3900 2046 et

2293 2069 2725 2126 emendatiorem
2771 2071 3074 2131 Galeardus
3099 2076 3480 2146 deprehendit.
3513 2081 3794 2138 Prmsenti
3820 2087 3898 2139 de.

2291 2177 2439 2217 mum
2463 2163 2737 2234 sznculoja.
2767 2165 2931 2234 1721,
2955 2165 3043 2221 Jo.
3070 2169 3210 2223 Alb..
3241 2170 3519 2227 Fabricius
3543 2175 3599 2228 in
3626 2176 3721 2230 ed.
3757 2177 3894 2231 Ham-

2291 2251 2548 2324 burgensi
2571 2270 2680 2310 non
2702 2256 2985 2313 codicibus
3007 2259 3248 2330 quidem,
3271 2263 3366 2318 sed
3396 2264 3627 2334 ingenio
3655 2272 3900 2338 praeclare

2290 2346 2340 2403 ei
2367 2348 2663 2416 opitulatus
2689 2361 2774 2405 est
2813 2361 2868 2406 et
2900 2353 3273 2410 eruditissima
3315 2363 3688 2419 annotatione
3739 2365 3897 2420 lucem

2288 2437 2498 2495 aﬂ‘udit.
2531 2440 2959 2499 lnstructissima
2979 2446 3178 2504 deinde
3195 2465 3246 2502 a.
3267 2452 3405 2507 1738
3425 2455 3637 2522 prodiit
3667 2457 3899 2513 Galeardi

2288 2529 2454 2587 editio
2487 2540 2689 2587 textum
2723 2534 3099 2593 Fabricianum
3146 2541 3442 2610 exhibens,
3474 2547 3577 2602 sed
3607 2551 3763 2604 netis
3809 2551 3900 2604 Fa-

2289 2621 2547 2678 bricianis
2575 2626 2883 2695 posthumis
2920 2644 2977 2685 et
3016 2647 3117 2687 ms.
3152 2631 3510 2692 Corbeiensis
3541 2642 3818 2696 varietate
3857 2655 3902 2698 et

2288 2717 2761 2775 emendationibus
2807 2721 3168 2794 locupletata,
3211 2727 3265 2781 in
3315 2730 3714 2800 quaLprimum
3746 2736 3899 2790 etiam

2287 2823 2381 2862 sex
2403 2810 2692 2879 capitibus,
2716 2813 2914 2882 quibus
2937 2831 3106 2886 usque
3122 2817 3250 2872 dum
3271 2830 3534 2875 caruerat
3554 2823 3895 2884 l’hilastrius.

2287 2909 2481 2955 auctus
2507 2911 2561 2955 et
2587 2903 2872 2960 absolutus
2899 2915 3004 2960 est.
3037 2907 3270 2964 Fabricii
3303 2919 3511 2966 textum
3544 2914 3742 2970 itidem
3782 2921 3897 2973 reu-

2287 2992 2401 3047 nuit
2426 3034 2442 3061 ,
2473 2993 2682 3050 codicis
2711 2995 2874 3051 Corh.
2911 2998 3247 3056 variantibus
3275 3006 3444 3058 textui
3469 3009 3661 3061 statim
3686 3011 3895 3080 subjeco

2287 3082 2354 3136 tis
2383 3091 2440 3138 et
2469 3099 2564 3138 sex
2589 3086 2888 3155 capitibus,
2917 3105 3038 3158 quae
3069 3106 3137 3146 ex
3161 3092 3358 3148 eodem
3387 3110 3751 3155 accesserant
3774 3102 3892 3156 locis

576 3180 836 3250 pographi
867 3179 1166 3233 rationibus
1187 3177 1395 3233 consuli
1420 3192 1528 3231 non
1551 3177 1748 3246 potuit.
1774 3175 1941 3230 Porro
1963 3175 2180 3244 iniquus
2206 3173 2250 3234 C
2283 3176 2396 3230 suis
2425 3177 2644 3233 insertis
2663 3219 2676 3245 ,
2706 3179 2872 3234 Andr.
2902 3181 3212 3240 Gallandius
3237 3229 3252 3256 ,
3285 3189 3373 3243 cui
3403 3191 3713 3247 novissima
3743 3193 3892 3264 hujus

579 3272 825 3341 profecto
853 3271 992 3337 sim,
1024 3287 1182 3340 quem
1233 3283 1444 3338 aequum
1467 3268 1706 3338 judicent
1747 3266 2028 3322 industria:
2070 3282 2181 3322 suae

577 3366 630 3420 in
651 3363 988 3420 recensendo
1011 3363 1303 3417 Philastrio
1326 3361 1608 3416 Fabricius
1632 3361 1746 3430 ipse
1765 3360 2055 3430 appellavit
2079 3359 2175 3431 (a),

576 3459 620 3512 si
649 3456 940 3527 quidquam
968 3455 1163 3510 sutnmi
1189 3454 1327 3518 viri,
1351 3467 1415 3507 ac
1443 3453 1510 3508 de
1533 3451 1823 3507 Philastrio
1851 3467 1958 3506 non
1979 3452 2176 3518 solum,

572 3552 668 3607 sed
691 3552 758 3606 de
781 3550 975 3605 litteris
993 3549 1245 3604 omnibus
1266 3549 1468 3617 optime
1497 3547 1675 3601 meriti
1697 3548 1850 3601 fama:
1870 3587 1884 3613 ,
1911 3556 2001 3602 aut
2026 3547 2178 3602 labo-

573 3645 726 3698 ribus
755 3643 1060 3697 detractum
1101 3641 1260 3695 velim
1295 3640 1393 3709 (b).
1428 3640 1695 3694 Praeclara
1727 3649 1881 3704 sunt,
1918 3655 1981 3694 ac
2014 3655 2178 3710 prope

573 3736 856 3790 innumera
887 3732 1145 3803 qitzejipse
1167 3730 1462 3786 Pbilastrio
1491 3731 1767 3800 praestitit;
1800 3741 1856 3784 ut
1887 3747 1991 3785 non
2017 3747 2177 3801 prop-

573 3836 723 3882 terea
755 3826 800 3880 si
832 3824 958 3895 quid
991 3824 1250 3878 intactum
1281 3823 1457 3877 adhuc
1479 3863 1493 3886 ,
1532 3831 1624 3876 aut
1655 3838 1760 3877 non
1791 3824 1923 3878 satis
1952 3839 2173 3879 emacu-

571 3919 741 3973 latum
773 3915 993 3986 reliquit
1019 3956 1034 3981 ,
1067 3914 1171 3970 hoc
1199 3929 1356 3984 aequo
1381 3914 1504 3984 jure
1532 3914 1727 3984 aliquis
1749 3915 1797 3970 ei
1822 3916 1949 3970 vitio
1975 3925 2170 3971 vertat.

575 4011 772 4066 Verum
799 4025 921 4065 cum
953 4025 1016 4065 ea
1044 4010 1113 4064 sit
1141 4009 1229 4064 lex
1249 4050 1265 4076 ,
1296 4018 1354 4063 ut
1383 4009 1436 4063 in
1468 4010 1813 4079 antiquorum
1845 4011 2061 4080 scriptis
2087 4027 2173 4068 re-

565 4104 854 4160 censendis
899 4114 955 4158 et
992 4102 1348 4159 emendandis
1387 4117 1606 4172 semper
1656 4103 1852 4172 aliquis
1881 4105 2170 4172 posteriori

566 4197 861 4268 diligentia:
884 4197 1261 4266 pateatlocus;
1294 4195 1498 4249 idcirco
1517 4195 1728 4250 veniam
1752 4195 1890 4250 hanc
1916 4197 2166 4266 petimus,

564 4290 869 4359 damusque
898 4288 1138 4343 vicissim
1165 4329 1178 4353 ,
1213 4295 1274 4340 ut
1308 4287 1468 4342 liceat
1508 4287 1704 4356 cuique
1753 4287 1807 4341 in
1839 4288 2027 4342 eadem
2075 4305 2169 4360 pa-

565 4383 745 4436 laestra
776 4381 1046 4446 versanti,
1076 4379 1144 4432 de
1175 4379 1242 4432 iis
1279 4394 1398 4444 quae
1429 4394 1458 4432 a
1492 4378 1762 4448 prioribus
1792 4394 1948 4434 secus
1978 4382 2168 4437 obser-

565 4484 716 4540 vata,
752 4473 838 4526 vel
867 4471 1008 4526 dicta
1057 4481 1212 4538 sunt,
1261 4472 1585 4526 sententiam
1637 4487 1788 4527 suam
1830 4475 2058 4530 candide
2100 4491 2165 4530 ac

2283 3271 2520 3327 auctoris
2548 3272 2779 3329 debetur
2807 3275 2993 3330 editio.

2903 3384 3121 3426 SECULO
3167 3388 3276 3427 XVI.

2356 3458 2513 3513 1528.
2544 3457 2766 3514 Basitea:
2787 3501 2800 3526 ,
2834 3461 3000 3517 iri-8°.
3034 3461 3312 3519 Philastrii
3348 3467 3593 3538 episcopi
3644 3473 3884 3529 Brixien-

2280 3547 2355 3602 sis
2380 3548 2668 3604 llazreseaw
2688 3552 2986 3621 catalogus.
3006 3553 3364 3625 Cuiadjectus
3380 3569 3466 3614 est
3485 3561 3880 3619 eruditissimus

2281 3639 2498 3696 libellus
2521 3641 2812 3700 Lanfranci
2831 3645 3071 3715 episcopi
3102 3647 3551 3706 Canthauriensis
3591 3655 3664 3710 de
3698 3657 3881 3712 Sacra-

2277 3746 2462 3792 mento
2491 3737 2850 3795 Eucliaristia:
2877 3740 3138 3798 adversus
3165 3743 3574 3815 Berengarium.
3605 3748 3770 3807 Nunc
3808 3767 3880 3807 re-

2276 3847 2406 3887 cens
2434 3832 2588 3888 editi.

2347 3924 2672 3993 Sichardus,
2702 3943 2860 3997 quem
2905 3929 3003 3986 hos
3031 3931 3240 3987 libellos
3265 3935 3318 3989 in
3349 3935 3523 3991 lucem
3557 3939 3879 4007 produxisse

2273 4013 2540 4084 diximus,
2576 4018 2719 4073 idem
2747 4059 2763 4085 ,
2795 4019 2889 4089 qui
2924 4021 3223 4078 Antidotum
3250 4039 3433 4080 contra
3463 4045 3634 4083 omnes
3663 4033 3875 4086 limem

2272 4107 2460 4163 eodem
2494 4109 2655 4178 plane
2699 4125 2841 4166 anno
2874 4114 3091 4181 prodire
3116 4116 3319 4185 jussit,
3348 4120 3630 4188 epistolam
3665 4140 3874 4178 nuncu-

2272 4199 2536 4268 patoriam
2565 4201 2632 4256 ad
2661 4201 3036 4261 Balthasarem
3063 4208 3293 4264 electum
3326 4212 3699 4283 coadjutorem
3735 4217 3872 4273 Con-

2268 4290 2622 4347 stantiensem
2656 4291 3016 4365 (Postulatum
3055 4298 3615 4372 llildesheimensem,
3646 4308 3872 4377 Episco-

2271 4399 2397 4453 pum
2420 4385 2742 4441 Maltensem
2774 4387 3042 4446 Caesareae
3069 4393 3192 4447 Mai.
3218 4397 3502 4452 Oratorem
3532 4411 3587 4452 et
3624 4402 3873 4457 viwcan—

2267 4476 2589 4549 cellarium)
2648 4480 2761 4534 dat.
2822 4481 2988 4536 Basnl.
3052 4484 3122 4538 26
3185 4485 3476 4544 Novembr.
3527 4506 3673 4546 anno
3737 4495 3870 4550 152$

560 4565 887 4636 simpliciter
919 4562 1194 4633 proferre;
1223 4579 1342 4633 qua:
1382 4563 1598 4633 quidem
1630 4566 1899 4621 sentiendi
1939 4568 2162 4625 libertas
2187 4559 2243 4621 D
2268 4572 2614 4641 perscripsit,
2651 4573 2702 4627 in
2741 4589 2848 4643 qua
2875 4589 2936 4630 se
2957 4577 3174 4647 scriptis
3197 4579 3351 4636 hisce
3376 4591 3618 4640 veterum
3644 4589 3871 4644 edendis

558 4659 612 4713 in
638 4657 966 4713 deteriorem
994 4664 1202 4725 partem
1237 4655 1378 4709 trahi
1411 4672 1517 4711 non
1553 4656 1720 4722 solet,
1749 4657 1850 4713 nisi
1879 4659 1946 4714 ab
1987 4660 2164 4714 homi.

554 4754 715 4810 nibus
743 4767 933 4822 parum
961 4750 1210 4806 candidis
1259 4759 1315 4804 et
1341 4750 1585 4805 veritatis
1613 4766 1804 4821 parum
1834 4755 2160 4810 amantibus.

560 4846 618 4900 In
648 4846 749 4900 hac
774 4859 940 4914 porro
967 4843 1211 4898 editione
1253 4842 1384 4896 illud
1432 4841 1624 4897 sedulo
1661 4853 1908 4898 curatum
1950 4853 2072 4912 est,
2107 4857 2165 4902 ut

557 4937 806 4991 vitiosam
855 4935 1352 5005 interpunctionem
1383 4934 1800 4991 restitueremus
1821 4976 1835 5002 ,
1866 4938 2008 5006 quod
2040 4955 2164 5009 pas-

656 5075 707 5143 a)
741 5075 898 5129 Prref.
929 5074 995 5129 ad
1023 5075 1280 5128 Philastr.

656 5075 707 5143 a)
741 5075 898 5129 Prref.
929 5075 995 5129 ad
1023 5075 1280 5128 Philastr.

629 5075 703 5218 ib)
746 5146 804 5199 ln
847 5148 952 5218 Vhac
1001 5144 1295 5218 novissima
1325 5153 1417 5218 et_,
1448 5155 1507 5200 ut
1550 5162 1861 5216 speramus.
1905 5153 2150 5209 omnium

550 5215 947 5288 perfectissima
967 5216 1228 5282 editione,
1251 5215 1606 5273 eruditissimi
1629 5219 2153 5288 Galeardillucubra-

549 5289 725 5343 tiones
746 5289 824 5364 _ad
855 5288 1113 5341 unitatem
1147 5297 1223 5364 e_t_
1243 5288 1589 5364 methodum,
1620 5293 1744 5360 quia
1785 5291 1852 5344 ab
1881 5301 2113 5364 utraque
2137 5339 2151 5361 ,

544 5361 872 5415 necessitate
904 5358 1290 5429 typographica
1320 5400 1334 5422 ,
1364 5359 1619 5415 aberrare
1640 5358 1869 5416 coactus
1897 5376 1977 5418 est
2000 5358 2150 5431 [hoc

550 5430 716 5486 modo
742 5431 1071 5486 reducentur
1096 5447 1110 5481 :

614 5504 676 5557 1υ
700 5501 983 5572 Variantes
1006 5499 1270 5572 lectiones
1295 5499 1500 5572 codicis
1525 5501 2016 5572 Sangermanensis
2036 5510 2149 5562 sin-

539 5575 684 5644 gulis
722 5570 990 5628 columnis
1017 5570 1207 5644 ordine
1235 5570 1916 5644 subjacebunt,'litterulis
1951 5578 2018 5631 ad
2055 5593 2147 5636 eas

539 5642 804 5700 iectorem
831 5643 1211 5699 revocantibus
1239 5642 1661 5698 concordantes.

609 5715 676 5765 2°
697 5715 974 5782 Quotquot
993 5729 1064 5768 ex
1096 5727 1257 5781 supra
1278 5712 1424 5767 dicto
1447 5715 1636 5770 codice
1663 5714 2004 5774 Fabriciana:
2023 5721 2142 5776 edi-

543 5781 679 5839 tioni
701 5781 875 5852 capita
903 5797 1210 5849 accessere,
1259 5783 1427 5838 textui
1452 5798 1552 5842 suo
1570 5787 1694 5845 loco
1723 5787 2136 5860 interserentur,

2245 5725 2321 5782 ris
2350 5725 2546 5783 nomen
2576 5729 2900 5785 ascribetur.

2267 4666 2513 4722 dolorem
2537 4707 2552 4732 ,
2576 4683 2739 4736 quem
2764 4683 2830 4722 ex
2857 4661 3081 4736 smculi‘,
3115 4687 3213 4741 per
3232 4674 3438 4730 similes
3469 4676 3714 4734 haereses
3745 4697 3870 4735 cun~

2264 4759 2440 4825 cussi,
2481 4760 2794 4815 calamitate
2835 4763 3041 4834 capiat,
3075 4764 3266 4820 ulcisci
3314 4768 3601 4838 significat.
3643 4771 3865 4828 Interim

2265 4852 2507 4906 incertos
2548 4867 2648 4908 nos
2677 4852 2746 4908 de
2773 4854 2980 4910 chartis
2999 4897 3014 4924 ,
3039 4856 3181 4912 unde
3210 4857 3552 4916 Philastrium
3579 4875 3866 4934 protraxe-

2264 4945 2333 5000 rit
2357 4986 2371 5013 ,
2413 4946 2568 5013 sivit;
2591 4963 2921 5020 quamquam
2945 4952 3275 5021 conjectura:
3304 4954 3552 5012 fortassis
3580 4959 3737 5015 locus
3757 4977 3862 5018 non

2259 5086 2330 5160 ita
2363 5096 2420 5160 ut
2450 5101 2573 5142 cum
2605 5104 2785 5146 rerum
2826 5102 2938 5148 tum
2964 5110 3318 5154 numerorum
3343 5099 3507 5156 seriei
3535 5103 3858 5160 continuan-

2256 5158 2340 5211 da:
2396 5158 2723 5214 inserviant.

2325 5228 2851 5313 3°7NotzeuFabricii
2902 5236 3246 5308 posthumae,
3288 5242 3557 5311 prioribus
3610 5244 3853 5313 ejusdem

2254 5303 2697 5381 annotationibus
2737 5313 3003 5381 coaptatre
3047 5303 3615 5381 atque'iiitermixtm,
3640 5303 3853 5372 iextum

2253 5373 2600 5427 continenter
2629 5373 3012 5430 illustrandum
3035 5373 3458 5438 comitabuntur.

2322 5444 2386 5496 4ο
2440 5443 2718 5524 Quidquid
2745 5456 3022 5524 “notarum
3072 5450 3461 5524 in‘Spicilegio
3529 5455 3596 5510 ad
3644 5458 3849 5514 calcem

2251 5527 2364 5600 sua:
2390 5514 2648 5596 editionis
2673 5515 2896 5600 col-legit
2922 5514 3258 5600 Qaleardus',
3290 5514 3482 5581 eodem
3515 5529 3706 5583 ordine
3746 5547 3849 5600 quo

2252 5581 2718 5667 Fabricianarsub
2749 5581 2896 5667 tex'tu
2919 5591 3022 5645 rite
3042 5581 3424 5662 disponentur.

2321 5654 2383 5707 5°
2416 5655 2656 5726 Singulis
2685 5659 2858 5740 notis,
2888 5675 2958 5716 ne
2986 5678 3090 5731 qua
3115 5654 3363 5722 confusio
3396 5668 3638 5740 irrepat,
3665 5681 3844 5727 aucto-

3566 5741 3702 5796 Enn.
