3992 6204
152 238 311 299 1097

1448 226 1742 290 FABRICII
1778 227 2169 286 PRIEFATIO.

3345 233 3485 292 1098

149 351 351 417 desit,
400 361 526 406 cum
572 361 718 406 anno
771 347 1056 420 superiore
1104 346 1372 404 Trevirim
1429 346 1777 403 visendarum
1805 350 1859 410 Α
1886 344 2150 416 docteque
2172 353 2229 400 et
2255 343 2503 414 apposite
2525 343 2726 412 ubique
2745 343 3064 416 explicatus.
3091 345 3388 419 Superesse
3409 352 3489 408 fa-

151 451 419 500 veterum
464 441 916 498 bibliothecarum
947 440 1118 512 gratia
1160 439 1358 497 adiisse
1388 448 1620 496 testatur
1642 482 1656 506 ,
1689 438 1780 495 ubi

151 539 388 594 occasio
434 537 540 608 ipsi
581 543 704 592 nata
734 536 805 592 sit
836 536 890 592 in
918 535 1182 592 honorem
1216 535 1549 591 Balthasaris
1579 533 1782 606 przrfa-

150 631 319 686 tione
369 629 473 686 bac
499 629 714 685 litaudi.
756 629 959 685 Textus
997 628 1326 700 simpliciter
1371 627 1672 698 descriptus
1702 633 1786 682 est

151 720 415 778 indiculo
440 737 626 778 rerum
659 720 1093 778 memorabilium
1127 721 1434 793 praemisso.

235 815 406 872 1559.
455 814 805 881 Basilus"...
857 815 1026 872 iii—8°.
1069 815 1129 872 S.
1179 812 1450 870 Philastrii
1497 827 1587 884 ep.
1633 811 1782 866 Brix.

152 909 465 967 Haeresea'w
512 909 796 980 catalogus
822 923 945 964 cum
997 907 1189 964 incerti
1235 905 1519 977 scriptoris
1554 899 1790 959 recentis

155 1003 564 1075 supplemento
590 1012 645 1058 et
674 1017 798 1059 cxrv
829 1001 1119 1058 sententiis
1141 1000 1359 1056 Patrum
1390 998 1459 1054 de
1487 997 1666 1053 cilicio
1698 1009 1790 1051 ve-

155 1111 364 1153 rorum
394 1105 670 1153 rectorum
719 1094 980 1151 Ecclesiae
1022 1094 1148 1159 Dei,
1193 1101 1249 1148 ct
1292 1089 1697 1163 apospasmatio
1722 1103 1790 1144 ex

159 1188 408 1260 epistola
428 1185 724 1260 Nicephori
749 1186 1185 1256 ChartOphilacis
1206 1184 1272 1239 ad
1294 1181 1662 1239 Theodosium
1680 1180 1792 1236 Mo-

159 1281 410 1338 nachum
439 1280 509 1337 de
531 1278 733 1353 ligandi
764 1278 1122 1350 solvendique
1152 1283 1440 1348 potestate.

246 1381 413 1438 1575.
443 1379 644 1448 Paris.,
682 1396 770 1450 ap.
805 1378 968 1433 Mich.
1000 1375 1284 1442 Sannium,
1318 1374 1496 1445 iit-fol.
1525 1372 1583 1430 S.
1615 1370 1793 1427 Phila-

162 1475 296 1533 strii
319 1474 600 1546 catalogus
624 1472 1014 1529 [hereticorum
1036 1469 1090 1525 in
1114 1479 1262 1524 tomo
1286 1467 1327 1522 V
1351 1467 1493 1522 Bibl.
1509 1466 1613 1522 PP.
1632 1464 1789 1534 Bign.

249 1566 412 1625 1589.
445 1565 690 1633 Parisiis,
713 1564 895 1636 iii-fol.
922 1562 1197 1618 Philastrii
1224 1561 1394 1631 episc.
1413 1559 1560 1614 Brix.
1583 1557 1652 1613 de
1675 1556 1794 1610 llae-

168 1661 398 1720 resibus
433 1659 602 1727 liber,
653 1659 709 1715 in
765 1667 914 1715 torno
962 1655 1029 1712 IV
1075 1655 1195 1711 Bib.
1238 1653 1343 1711 PP.
1387 1652 1541 1724 Bign.
1573 1649 1662 1707 ed.
1708 1663 1796 1706 se-

169 1755 398 1813 cundia.

790 1857 1009 1900 ωερε]ιο
1047 1857 1177 1897 XVII.

253 1939 418 1996 1611.
452 1937 803 2003 Helmstadii,
828 1953 920 2008 per
943 1932 1062 1989 Jac.
1105 1932 1345 1987 Lucium.
1378 1931 1538 1986 ίη-ιο.
1581 1930 1637 1986 S.
1669 1927 1795 1984 Phi-

173 2031 358 2090 lastrii
390 2031 669 2102 catalogus
697 2029 998 2084 Hmresium
1034 2041 1175 2098 pene
1214 2025 1458 2081 omnium
1502 2038 1624 2078 cum
1668 2036 1796 2092 sup-

173 2128 456 2200 plemento
483 2125 680 2183 incerti
707 2123 972 2189 auctoris,
1005 2123 1235 2179 editore.
1265 2121 1353 2175 Jo.
1378 2139 1410 2174 a
1431 2117 1650 2174 Fuchte.

256 2221 419 2277 1618.
442 2219 625 2275 Colon.
644 2218 894 2290 Agripp.,
919 2214 1098 2286 iii-fol.
1125 2212 1408 2268 Philastrii
1430 2211 1568 2266 liber
1581 2210 1649 2266 de
1673 2209 1794 2264 Ha:-

175 2314 402 2372 resibus
423 2351 442 2378 ,
472 2313 528 2368 in
562 2321 710 2369 tomo
735 2310 802 2366 ιν
831 2310 971 2366 Bibl.
1005 2308 1110 2364 PP.

258 2405 417 2462 1621.
449 2403 794 2472 Helmstadii,
832 2419 924 2474 per
968 2399 1087 2456 Jac.
1128 2399 1368 2454 Lucium.
1414 2396 1588 2452 iii-4°.
1620 2395 1797 2466 Repe-

183 2499 282 2556 tita
310 2497 631 2554 Fuchtiana.

259 2593 420 2651 1644.
437 2592 682 2659 Parisiis,
700 2592 828 2662 imp.
853 2589 1007 2644 trium
1027 2587 1293 2658 bibliopol.
1316 2585 1497 2656 iii-fol.
1519 2583 1797 2640 Philastrii

1888 446 2030 493 tetur
2073 452 2242 507 pauca
2276 436 2452 493 adhuc
2492 437 2609 492 loca
2631 479 2645 504 ,
2676 438 2728 493 in
2765 439 2964 510 quibus
2992 449 3207 512 optaret
3248 442 3424 501 lucem
3455 461 3487 502 a

1886 530 2165 587 codicibus
2213 546 2341 586 mss.
2378 547 2391 584 :
2431 548 2450 582 ‹
2489 529 2558 584 Et
2602 544 2754 600 spem
2805 531 2937 587 mihi
2983 532 3276 605 aliquando
3326 553 3491 593 manu

1887 627 2092 681 exarati
2135 623 2462 696 exemplaris
2500 637 2569 679 ex
2602 622 2752 679 Italia
2784 624 3066 682 obtinendi
3096 627 3224 684 fecit
3263 629 3492 688 illustris

1889 715 2041 774 Gisb.
2071 715 2348 788 Cuperus,
2380 716 2574 788 inquit,
2595 716 2690 772 sed
2717 717 3001 788 interiecto
3031 728 3274 791 tempore
3294 721 3489 779 iterum

1892 811 2142 881 monuit,
2166 827 2317 882 spem
2357 811 2768 870 illam-omnem
2797 815 3099 872 evanuisse.
3140 815 3327 888 Itaque
3366 819 3496 875 solis

1891 905 2223 963 editionibus
2248 948 2264 974 ,
2309 906 2716 963 Basileensibus
2757 907 3024 980 imprimis
3061 908 3316 966 standum
3360 910 3493 968 mihi

1893 999 2021 1067 fuit,
2057 999 2198 1070 quod
2241 1009 2420 1056 tamen
2449 1000 2504 1056 in
2547 1001 2885 1058 recensendo
2910 1001 3013 1058 hoc
3043 1005 3311 1075 scriptore
3353 1021 3494 1076 prm-

1894 1092 2151 1161 stiterim,
2187 1093 2423 1150 libenter
2453 1094 2620 1150 feram
2665 1111 2848 1165 arquos
2877 1105 2929 1150 et
2953 1096 3196 1153 eruditos
3226 1098 3498 1156 zeSIimnrc

1889 1187 2123 1258 iudices,
2149 1185 2378 1241 Paulum
2420 1188 2688 1258 imprimis
2715 1187 3088 1263 Gagliardum,
3118 1206 3316 1246 canon.
3347 1192 3493 1249 Brix.

1896 1295 2056 1350 quem
2087 1279 2362 1335 Philastrii
2389 1290 2444 1336 et
2480 1280 2769 1336 Gaudentii
2799 1281 3097 1338 editionem
3129 1284 3308 1339 moliri
3341 1285 3502 1354 paulo

1896 1371 2073 1427 serius
2121 1387 2187 1428 ex
2239 1372 2422 1428 Diario
2447 1373 2659 1429 Veneto
2705 1373 3049 1430 Eruditorum
3100 1375 3266 1432 Italia:
3312 1376 3498 1432 didici.

1900 1463 2112 1520 Titulos
2157 1465 2425 1535 capitum,
2475 1463 2601 1521 licet
2631 1480 2659 1518 a
2701 1466 2893 1536 quovis
2923 1467 3030 1522 alio
3078 1483 3238 1539 quam
3287 1469 3354 1524 ab
3384 1469 3504 1539 ipso

1901 1555 2194 1613 Philastrio
2218 1557 2524 1629 appositus,
2557 1566 2612 1613 et
2633 1558 2904 1614 interdum
2937 1559 3116 1615 minus
3141 1571 3325 1632 aptos,
3355 1561 3505 1618 nolui

1901 1650 2158 1706 omittere
2190 1668 2203 1704 ε
2236 1660 2497 1706 czeterum
2528 1650 2886 1721 appendicem
2921 1652 3034 1708 sive
3063 1653 3504 1724 supplementum

1817 1753 1864 1813 Β
1891 1746 2130 1801 recentis
2151 1745 2467 1816 scriptoris,
2496 1760 2620 1800 cum
2649 1760 2840 1816 parum
2867 1757 3184 1804 accuratum
3215 1750 3288 1805 sit
3315 1758 3370 1806 et
3397 1751 3510 1806 nul-

1894 1834 2001 1891 lius
2052 1837 2425 1904 auctoritatis,
2481 1837 2847 1906 praetermisi,
2903 1838 3190 1898 additurus
3231 1841 3352 1913 ejus
3389 1843 3509 1900 loco

1894 1926 2137 1983 libellum
2165 1928 2234 1984 de
2264 1928 2595 1996 haeresibus,
2620 1945 2781 2000 quem
2805 1930 2908 1987 sub
2941 1932 3256 2006 llierouymi
3286 1935 3509 1992 nomine

1895 2016 2156 2076 Claudius
2178 2019 2469 2076 Menardus
2492 2019 2682 2076 edidit.
2709 2022 2814 2078 Sed
2838 2023 3096 2080 nundinis
3118 2028 3510 2097 occupantibus

1894 2123 2026 2184 opto
2053 2114 2208 2169 illum
2232 2113 2801 2186 Pseudo-llieronymi
2828 2115 3071 2172 libellum
3094 2130 3348 2191 separato
3376 2121 3511 2179 dare

1895 2205 2192 2277 volumine,
2217 2206 2462 2276 aliosque
2485 2205 2682 2262 breves
2707 2219 2924 2264 veteres
2944 2208 3013 2264 de
3037 2211 3308 2268 haereticis
3335 2215 3511 2284 scrip-

1898 2311 2044 2356 tores
2068 2297 2144 2352 illi
2159 2297 2461 2369 adjungere
2483 2299 2924 2372 praemittereque
2950 2301 3392 2362 dissertationem
3416 2323 3513 2378 op~

1895 2390 2128 2458 positam
2160 2389 2336 2447 errori
2363 2406 2429 2447 ac
2455 2391 2775 2463 praejudicio
2805 2411 3028 2462 eorum,
3061 2398 3152 2469 qui
3205 2399 3514 2458 hmresibus

1895 2477 2335 2538 Christianorum
2365 2498 2663 2557 earumque
2693 2488 3041 2546 multitudine
3061 2505 3125 2546 ac
3143 2494 3406 2551 varietate
3437 2495 3514 2551 ita

1896 2589 1958 2630 se
2008 2576 2283 2645 patiuntur
2315 2575 2553 2646 offendi,
2585 2588 2646 2634 ut
2688 2579 2758 2636 de
2808 2580 3038 2638 veritate
3070 2583 3186 2655 ipsa
3235 2587 3516 2658 religionis

183 2687 256 2744 de
286 2677 597 2744 Hieresibus
636 2685 798 2750 liber,
843 2684 896 2738 in
947 2691 1096 2738 tomo
1125 2679 1192 2736 ιν
1243 2678 1382 2735 Bibl.
1415 2677 1521 2734 PP.
1554 2675 1714 2747 hujus
1744 2682 1800 2732 et
1892 2665 2170 2739 indignius
2203 2667 2330 2724 hinc
2359 2670 2865 2742 irreverentiusque
2895 2676 3188 2730 sentiant.»
3213 2677 3342 2734 Post
3371 2697 3515 2751 pra:-

183 2796 311 2854 qua‘.
340 2796 430 2837 an.
465 2779 606 2837 1654
637 2778 692 2835 in
724 2777 883 2834 titulo
913 2775 1075 2847 gerit.

261 2875 423 2932 1676.
466 2873 889 2941 Helmstadii,...
921 2871 1087 2927 iii-4°.
1123 2868 1396 2940 Repetitio
1419 2868 1592 2924 altera
1619 2865 1799 2923 Fuch-

185 2968 441 3119 milii?
454 3060 728 3134 Lugduni,
775 3059 917 3131 apud
945 3057 1278 3122 Anissonios,
1309 3055 1489 3126 iit-fol.
1525 3055 1585 3112 S.
1616 3054 1798 3110 Phila-

1898 2758 2157 2814 fationem
2179 2759 2470 2831 subjicitur
2500 2761 2618 2817 Vita
2648 2763 2707 2819 S.
2735 2763 3012 2821 Philastrii
3041 2783 3136 2838 per
3163 2769 3220 2825 S.
3255 2769 3512 2829 Gauden-

1899 2851 2056 2917 tium,
2074 2851 2331 2908 nimirum
2359 2868 2542 2909 sermo
2567 2854 2711 2909 illius
2730 2855 2780 2910 in
2804 2857 3176 2914 anniversario
3200 2861 3288 2918 die
3307 2864 3511 2921 solem-

1897 2945 2084 3000 nitatis
2110 2946 2230 3016 ejus
2254 2946 2370 3016 (xxv
2388 2948 2548 3003 annis
2566 2956 2690 3018 post
2709 2949 2918 3005 obitum
2943 2951 3242 3027 Philastrii)
3263 2958 3510 3027 habitus;

1898 3046 1956 3093 et
1993 3038 2304 3093 testimonia
2334 3038 2581 3109 quaedam
2634 3041 2980 3111 superiorum
3013 3045 3279 3102 editorum
3310 3050 3379 3106 de
3420 3069 3517 3108 co-

186 3157 309 3213 Strii
338 3156 476 3213 liber
504 3132 573 3212 de
623 3153 955 3221 llaeresibus,
999 3153 1053 3208 in
1095 3159 1245 3208 tomo
1273 3149 1318 3207 v
1353 3147 1616 3207 BibliOth.
1649 3147 1842 3211 Max.(

1901 3133 2048 3190 dem.
2093 3132 2246 3190 Notae
2276 3135 2446 3192 textui
2500 3137 2784 3206 subjacent
2823 3138 3000 3194 multa
3047 3141 3114 3196 ad
3165 3141 3515 3205 illustrandas

188 3249 296 3308 PP.
321 3265 375 3322 p.
407 3246 667 3306 701-726.

782 3355 1002 3397 SKCULO
1038 3353 1193 3394 ινιιι.

264 3435 423 3492 1⁵121.
457 3433 781 3506 Hamburgi,
802 3441 1011 3502 sumptu
1037 3429 1238 3485 Theod.
1271 3427 1567 3499 Christoplt.
1603 3425 1793 3499 Feige-

1891 3229 2134 3286 auctoris
2146 3229 2448 3286 sententias
2469 3229 2704 3286 lectione
2717 3231 3081 3301 abundantes,
3103 3251 3508 3310 nonnumquam

1890 3321 2119 3380 criticte.

1963 3416 2352 3486 1758.Bria:iw,
2377 3434 2442 3473 ea:
2461 3428 2667 3492 typogr.
2683 3419 2776 3477 Jo.
2800 3420 2990 3479 Maria:
3009 3424 3280 3486 Rizzardi.
3305 3428 3362 3484 S.
3381 3429 3512 3492 Phi.

188 3528 324 3598 neri,
349 3528 516 3585 iit-8°.
542 3527 602 3585 S.
627 3525 902 3583 Philastrii
923 3540 1014 3595 ep.
1039 3522 1188 3578 Brix.
1219 3521 1287 3577 de
1317 3521 1627 3577 l-lteresibus
1656 3520 1794 3576 liber

1900 3510 2066 3567 lastrii
2103 3512 2296 3568 Brixiae
2332 3514 2579 3586 episcopi
2609 3514 2676 3570 de
2705 3515 3018 3574 llaeresibus
3044 3520 3182 3576 liber
3212 3538 3334 3580 cum
3367 3526 3512 3584 inte—

187 3633 312 3678 cum
338 3618 814 3676 emendationibus
841 3625 896 3672 et
924 3617 1066 3672 notis
1095 3614 1186 3670 ¹1ο.
1229 3614 1347 3669 Alb.
1379 3611 1614 3668 Fabricii
1641 3613 1796 3669 addi-

190 3713 367 3785 tisque
394 3711 669 3770 indicibus
699 3709 1167 3781 locupletissimis.

258 3806 600 3877 Quamquam
641 3803 774 3860 nulli
815 3801 1181 3872 suppetebant
1211 3799 1462 3856 Fabricio
1508 3799 1632 3856 libri
1663 3813 1795 3854 mss.

188 3899 430 3973 solisque
475 3897 751 3955 ﬁdendum
800 3904 920 3952 erat
965 3893 1295 3950 editionibus
1342 3892 1645 3960 veteribus,
1690 3905 1800 3946 non

190 4008 379 4066 parum
437 4002 624 4049 tamen
671 3988 1013 4048 emendatior
1064 3985 1151 4042 hic
1201 3994 1428 4057 apparet
1476 3984 1801 4041 Philastrius

1895 3606 2008 3676 gris
2051 3606 2194 3662 notis
2237 3605 2327 3662 Jo.
2374 3607 2571 3663 Alberti
2615 3607 2867 3665 Fabricii.
2922 3613 3289 3673 Accesserunt
3334 3619 3510 3679 Varia:
3601 3608 3615 3615 ”

1897 3698 2188 3756 Leotiones
2218 3715 2284 3757 ex
2319 3716 2424 3758 ms.
2456 3702 2579 3758 cod.
2611 3703 2932 3763 Corbeiensi
2969 3719 3024 3764 et
3063 3707 3221 3766 Pauli
3263 3712 3511 3770 Galeurdi

1897 3806 2095 3848 canon.
2125 3793 2275 3848 Brix.
2306 3793 2673 3868 Specilegium
2700 3815 2713 3852 :
2740 3798 2792 3853 in
2822 3797 2966 3871 Ang.
2997 3801 3131 3857 Mar.
3157 3803 3370 3872 Quirini
3391 3809 3509 3866 col-

1899 3887 2133 3947 lectione
2160 3898 2270 3948 vet.
2300 3891 2406 3948 PP.
2436 3891 2705 3949 Brixianae
2733 3893 2992 3952 Ecclesiae
3021 3911 3076 3967 p.
3103 3898 3288 3955 1-185.

189 4116 3491 4148 _-——_—————-—————_——-_————————_.

1094 4247 1424 4332 JOAN.
1500 4246 2002 4331 ALBERTI
2076 4247 2594 4334 FABRICII

857 4389 976 4452 AD
1024 4386 1376 4451 LIBRUM
1418 4385 1488 4449 S.
1542 4385 2082 4449 PHILASTRII
2125 4387 2240 4450 DE
2282 4387 2828 4457 HERESIBUS

1549 4551 2141 4628 PBAEFATIO

1066 4707 1238 4762 ANNO
1275 4707 1392 4762 1721
1428 4707 1718 4762 EDITIONI
1749 4709 2213 4765 HAMBURGENSI
2247 4714 2602 4773 PREMISSA.

259 4955 485 5012 Minime
539 4953 771 5046 poenitet
811 4966 925 5046 me
950 4951 1123 5046 horas
1152 4953 1412 5046 quasdam
1463 4954 1799 5012 recensendo
1824 4961 1880 5024 Ι)
1903 4961 2119 5034 μηνείαι,
2149 4961 2234 5017 vel
2264 4959 2718 5020 hallucinationes
2746 4965 3204 5046 qualescumque,
3237 4990 3330 5035 aut
3357 4997 3510 5042 erro-

189 5055 353 5118 atque
378 5042 705 5102 illustrando
727 5043 784 5098 S.
811 5043 1085 5099 Philastrii
1116 5045 1299 5101 libello
1323 5045 1680 5116 impendisse,
1702 5064 1800 5104 an-

191 5135 486 5209 tiquissimi
540 5145 663 5208 post
697 5133 1124 5201 Tertullianum,
1167 5151 1326 5207 quem
1381 5137 1450 5193 de
1497 5137 1799 5196 haeresibus

192 5229 334 5290 inter
362 5229 591 5287 Latinos
619 5228 884 5286 habemus
916 5230 1229 5300 Scriptoris.

263 5323 428 5380 Varia
453 5338 521 5380 ex
554 5322 648 5379 illo
671 5321 930 5379 didicisse
956 5339 1045 5379 me
1071 5324 1358 5394 proliteor,
1385 5327 1797 5400 doctrinamque

197 5424 251 5472 et
274 5417 453 5472 zelum
483 5414 735 5471 Doctoris
764 5415 836 5485 pii
875 5423 931 5472 et
959 5413 1235 5472 Christum
1265 5418 1497 5474 amantis
1541 5435 1647 5475 nou
1681 5435 1808 5491 pos-

196 5522 317 5566 sum
348 5523 458 5564 non
505 5508 762 5580 amplecti
809 5517 865 5564 et
891 5509 1280 5565 commendare
1315 5529 1328 5565 :
1364 5512 1493 5568 licet
1527 5512 1640 5584 jam
1678 5514 1806 5570 olim

196 5602 426 5676 pulchre
473 5602 820 5660 observatum
868 5621 896 5657 a
939 5606 998 5661 S.
1042 5605 1375 5677 Augustino,
1417 5615 1581 5681 atque
1607 5610 1732 5666 inde
1780 5625 1808 5665 a

197 5699 385 5756 multis
405 5707 524 5769 εει,
551 5698 696 5756 inter
723 5699 964 5757 haereses
994 5701 1061 5757 ab
1092 5702 1211 5773 ipso
1239 5702 1506 5774 proscribi
1533 5703 1660 5761 hinc
1683 5705 1809 5761 inde

199 5807 307 5853 non
350 5807 560 5868 pauca,
590 5808 716 5867 quae
755 5794 996 5852 haereses
1034 5809 1142 5852 non
1179 5804 1340 5864 sunt,
1373 5796 1468 5854 sed
1496 5797 1586 5855 vel
1613 5819 1811 5879 παρερ-

487 5889 768 5954 Pauor.
813 5889 960 5962 ΧΠ.

1904 5069 2016 5124 res,
2071 5055 2116 5110 si
2164 5054 2325 5112 modo
2369 5072 2620 5126 errores,
2667 5069 2796 5115 sunt
2843 5063 2988 5119 enim
3032 5069 3208 5138 capita
3260 5079 3506 5145 quaedam

1885 5146 2098 5229 .(pauca
2122 5156 2299 5204 tamen
2327 5149 2444 5220 illa)
2472 5150 2524 5206 in
2552 5151 2753 5222 quibus
2769 5153 2887 5212 haec
2909 5157 3027 5227 ipsa
3051 5177 3211 5232 quam
3237 5167 3511 5230 haereseos

1905 5241 2084 5311 arguit
2111 5242 2380 5298 sententia
2401 5284 2416 5309 ,
2443 5244 2631 5301 verior
2659 5246 2822 5304 ctiam
2853 5249 3086 5309 videtur.

1978 5335 2152 5391 Pauca
2197 5335 2382 5392 itidem
2414 5335 2592 5394 adhuc
2637 5350 2764 5396 sunt
2793 5341 2910 5420 loca
2957 5344 3010 5400 in
3043 5348 3237 5418 quibus
3267 5363 3508 5424 optarem

1912 5425 2085 5482 lucem
2111 5443 2137 5481 a
2162 5428 2442 5485 codicibus
2464 5445 2594 5487 mss.
2619 5441 2674 5488 et
2699 5449 2850 5505 spem
2873 5437 3003 5493 mihi
3031 5439 3320 5512 aliquando
3347 5463 3511 5504 manu

1911 5521 2118 5576 exarati
2156 5522 2481 5594 exemplaris
2512 5539 2580 5580 ex
2623 5525 2773 5581 Italia
2802 5529 3081 5587 obtinendi
3121 5532 3251 5590 fecit
3291 5537 3516 5597 illustris

1910 5612 1995 5668 vir
2015 5611 2299 5670 Gisbertus
2326 5613 2598 5685 Cuperus,
2627 5616 2722 5670 sed
2747 5618 3032 5688 interjecto
3056 5631 3304 5696 tempore
3324 5628 3518 5688 iterum

1913 5706 2124 5762 monuit
2165 5721 2316 5777 spem
2346 5706 2490 5762 illam
2535 5720 2752 5762 omnem
2796 5712 3102 5770 evanuisse.
3155 5715 3342 5790 itaque
3388 5724 3523 5784 solis

1914 5796 2279 5866 editionibus,
2322 5796 2728 5856 Basileensibus
2752 5799 3057 5874 imprimis,
3090 5810 3343 5870 standum
3387 5816 3524 5873 mihi

2875 5894 2955 5956 35
