3992 6204
464 202 601 259 1087

1708 203 1931 261 SANCT
1940 205 2021 263 US
2052 203 2505 265 PHILASTRIUS

459 317 637 387 major
658 316 837 372 adhuc
862 317 1068 371 utilitas
1097 331 1162 371 ex
1191 332 1258 371 eo
1285 317 1638 374 nihilominus
1668 327 1925 388 percepta
1950 327 2055 383 est,
2086 336 2139 399 Α
2164 334 2381 384 Lxxxtv,
2412 319 2663 375 subditur
2691 320 2921 386 ibidem,
2960 322 3062 378 sub
3092 338 3148 377 n.
3180 337 3375 378 uxxvn
3396 364 3412 389 ,
3446 323 3670 381 haeresis
3692 328 3748 383 de

464 411 609 482 quod
648 411 997 467 Philastrium
1041 411 1305 467 hactenus
1351 412 1767 483 imperfectum,
1809 423 1865 467 et
1902 414 2063 468 ntuli-

464 507 599 572 lum,
650 506 945 576 perfectum
990 514 1151 577 atque
1198 507 1465 577 integrum
1514 509 1672 563 nobis
1712 508 1881 562 dedit.
1925 508 2060 561 Cum

467 604 611 658 enim
645 601 998 667 Philastrius,
1025 600 1329 670 Augustino
1362 610 1527 667 teste,
1562 603 1615 657 in
1648 612 1866 657 centum
1906 602 2063 670 quin-

468 696 722 765 quaginta
762 708 857 748 sex
903 694 1081 764 capita
1124 694 1272 762 Opus
1299 709 1455 749 suum
1494 695 1865 759 distinxisset,
1899 708 1965 748 ex
1997 693 2064 747 iis

468 794 683 841 centum
712 785 994 840 dumtaxat
1023 795 1077 840 et
1110 786 1495 856 quinquaginta
1525 787 1575 840 in
1607 785 1935 841 editionibus
1969 799 2066 854 ap-

466 877 747 948 parebant.
774 876 952 932 Locus
974 879 1260 947 Augustini
1285 887 1433 948 patet
1459 879 1512 933 in
1538 878 1765 948 epistola
1789 877 1855 932 ad
1883 877 2066 945 Quod-

462 970 744 1025 vultdeum
772 970 891 1039 ejus
921 971 1167 1039 catalogo
1195 971 1263 1026 de
1294 970 1604 1027 Hmresibus
1636 973 1911 1041 praemissa
1937 972 2015 1044 (a)
2048 987 2061 1023 :

468 1061 786 1115 Philastrius
830 1063 1041 1131 quidam
1087 1061 1371 1116 Brixiensis
1418 1064 1725 1133 episcopus,
1756 1078 1907 1131 quem
1951 1080 2066 1116 cum

471 1159 535 1214 S.
572 1157 839 1212 Ambrosio
878 1156 1165 1211 Mediolani
1202 1159 1358 1212 etiam
1397 1159 1506 1230 ipse
1537 1158 1671 1221 vidi,
1703 1158 1905 1227 scripsit
1947 1158 2066 1210 hinc

466 1252 673 1317 librum,
706 1267 798 1305 nec
827 1251 948 1305 illas
974 1251 1615 1323 ltwreses-prmtermittens
1644 1268 1758 1321 qua:
1790 1252 1843 1304 in
1873 1251 2065 1320 populo

466 1342 656 1397 Iudaeo
698 1348 905 1411 fuerunt
951 1353 1068 1398 ante
1095 1345 1369 1397 adventum
1400 1342 1609 1397 Domini
1634 1386 1647 1409 ,
1677 1360 1859 1413 easque
1892 1358 2065 1397 xxvm

467 1437 925 1501 commemoravit;
954 1445 1001 1490 et
1029 1446 1145 1507 post
1176 1435 1385 1489 Domini
1415 1436 1688 1489 adventum
1724 1450 1948 1490 cxxvm.
1985 1435 2065 1489 Ex

467 1537 701 1598 tttroque
725 1528 893 1598 igitur
914 1542 1145 1582 numero
1172 1527 1535 1583 conﬁciuntur
1558 1537 1775 1582 centum
1805 1528 2068 1596 quinqua-

460 1620 609 1690 ginta
641 1634 736 1673 sex
779 1619 1017 1674 haereses
1058 1634 1155 1675 seu
1182 1630 1400 1674 centum
1429 1620 1814 1690 quinquaginta
1846 1633 1940 1673 sex
1978 1632 2066 1671 ea-

2163 410 2367 482 duplici
2388 413 2521 479 Deo,
2544 422 2599 469 et
2614 417 2884 471 sententia
2909 416 3135 480 diaboli;
3156 432 3278 486 cap.
3307 418 3413 472 lu
3446 418 3614 487 (nobis
3640 420 3747 493 116)

2162 505 2304 573 quod
2332 516 2415 560 est
2439 506 2502 559 de
2528 507 2654 561 Ade
2681 517 2730 561 et
2766 508 2884 562 Ευω
2908 510 3156 575 caecitate,
3183 510 3237 563 in
3268 525 3371 565 ms.
3404 526 3458 565 n.
3500 527 3748 581 Lxxxvu,

2163 599 2469 654 occurritin
2499 601 2689 655 eodem
2724 617 2824 656 ms.
2856 619 2909 657 n.
2936 619 3197 670 Lxxxvm,
3223 606 3325 660 alia
3361 605 3591 661 hazresis
3619 609 3752 664 circa

2165 691 2377 745 tunicas
2402 693 2680 763 pelliceas,
2711 710 2843 765 quas
2861 695 3121 750 Dominus
3155 696 3279 752 fecit
3307 700 3499 767 primis
3527 701 3754 768 parenti-

2166 782 2267 840 lius
2298 796 2418 855 post
2447 788 2979 855 praevaricationem;
3009 797 3064 843 et
3092 805 3211 859 cap.
3270 790 3372 846 l36
3412 792 3585 863 (nobis
3616 793 3753 863 l59).

2168 877 2221 932 in
2282 894 2388 948 quo
2440 880 2616 949 agitur
2642 882 2703 933 de
2758 890 2975 949 quatuor
3013 882 3325 936 animalibus
3364 884 3418 936 in
3466 882 3754 955 PrOphetis,

2168 981 2497 1041 notaturque
2537 974 2590 1027 in
2635 989 2735 1028 ms.
2778 990 2831 1028 n.
2881 990 3037 1037 cvm,
3084 992 3139 1029 n.
3183 991 3289 1039 etx,
3333 977 3581 1045 ejusdem
3631 978 3759 1033 Cor-

2167 1064 2405 1119 beiensis
2433 1080 2535 1119 ms.
2566 1064 2796 1119 habetur
2825 1064 3052 1121 haeresis
3081 1066 3148 1121 de
3174 1067 3262 1122 die
3293 1068 3726 1139 Epiphaniorum
3745 1112 3758 1133 ,

2167 1172 2288 1223 qua:
2315 1158 2496 1211 omnia
2536 1157 2589 1211 in
2632 1157 2793 1211 editis
2823 1158 3039 1212 desunt.
3084 1158 3175 1214 Sic
3219 1159 3273 1213 in
3304 1160 3462 1215 editis
3494 1171 3619 1231 post
3646 1177 3757 1232 cap.

2169 1246 2618 1318 “6(nobi3150),
2648 1248 2698 1301 in
2724 1265 2823 1303 ms.
2850 1264 2996 1315 cxtx,
3028 1250 3170 1321 quod
3194 1261 3275 1305 est
3304 1251 3369 1307 de
3385 1254 3641 1306 uxoribus
3668 1253 3762 1308 Sa-

2170 1339 2410 1405 lomonis,
2440 1340 2680 1394 succedit
2707 1355 2830 1411 cap.
2874 1340 2977 1395 M7
3006 1342 3177 1412 (nobis
3207 1342 3362 1413 152),
3394 1344 3460 1398 de
3488 1345 3763 1416 spiramine

2168 1431 2306 1498 quod
2334 1430 2496 1482 Adam
2517 1432 2745 1501 accepit;
2769 1442 2823 1486 at
2845 1433 2897 1487 in
2925 1448 3028 1488 ms.
3055 1434 3406 1489 interseritur
3428 1452 3481 1490 n.
3524 1454 3631 1492 cxx
3659 1437 3764 1491 ha:-

2170 1521 2307 1576 resis
2336 1522 2403 1576 de
2425 1523 2611 1577 cultris
2630 1524 2860 1595 lapideis
2900 1537 2954 1579 et
2984 1526 3402 1583 circumcisione
3423 1529 3757 1595 Judmorum;

2170 1624 2333 1684 prout
2363 1614 2525 1670 etiam
2544 1629 2665 1685 cap.
2700 1616 2802 1671 148
2824 1616 2992 1687 (nobis
3014 1616 3161 1687 153),
3185 1620 3276 1673 ubi
3297 1620 3347 1674 in
3368 1620 3529 1676 editis
3555 1622 3761 1690 ponitur

461 1712 595 1778 pila,
625 1725 693 1762 ex
717 1708 915 1779 quibus
944 1709 1264 1764 Philastrius
1292 1710 1485 1765 librum
1517 1711 1580 1764 de
1612 1709 1909 1764 Iliensibus
1935 1724 2067 1763 con-
2099 1712 2143 1771 Β
2172 1705 2395 1760 haeresis
2424 1706 2492 1761 de
2536 1707 2769 1777 funiculo
2811 1710 3070 1763 mensorio
3108 1711 3162 1763 in
3192 1709 3451 1765 Zacharia
3483 1710 3761 1780 Propheta,

461 1804 816 1867 cinnaverat;
848 1802 993 1873 quod
1037 1802 1255 1871 quidem
1294 1804 1647 1858 conﬁrmatur
1684 1804 1847 1858 etiam
1888 1818 1955 1859 ex
2002 1819 2067 1859 eo

458 1894 604 1966 quod
632 1894 912 1965 Catalogus
937 1910 1114 1948 eorum
1133 1896 1223 1963 qui
1245 1904 1364 1948 ante
1392 1895 1664 1949 adventum
1691 1895 1883 1948 Christi
1905 1895 2068 1949 hwre-

459 2006 575 2045 seos
616 1999 929 2061 arguuntur,
977 2004 1006 2042 a
1053 1987 1345 2043 Philastrio
1394 1990 1548 2043 initio
1598 1988 1789 2059 Operis
1834 1987 2068 2043 colloca-

461 2095 582 2150 tus,
615 2099 679 2139 ac
721 2084 979 2139 desinens
1032 2084 1084 2138 in
1134 2082 1477 2145 Herodianis,
1536 2081 1721 2151 viginti
1763 2090 1889 2135 octo
1919 2081 2069 2149 capi-

462 2175 637 2238 tibus,
694 2188 790 2229 seu
851 2173 1153 2229 hmresibus
1205 2183 1457 2239 constet,
1506 2180 1564 2225 ut
1597 2173 1759 2227 etiam
1816 2173 2069 2240 Augusti-

462 2281 565 2321 nus
602 2266 865 2331 al‘lirmat;
894 2266 1119 2336 reliqua:
1148 2281 1278 2321 vero
1310 2265 1549 2321 haereses
1578 2272 1689 2321 tum
1720 2274 1840 2335 post
1866 2264 2067 2321 Christi

461 2360 777 2423 adventum,
808 2372 920 2412 tum
948 2359 1112 2413 etiam
1140 2374 1260 2428 qua:
1289 2359 1389 2413 sub
1413 2357 1691 2427 Apostolls
1717 2359 2064 2425 exstiterunt,

461 2462 817 2506 numerentur
838 2452 891 2506 in
914 2451 1075 2507 editis
1095 2460 1318 2507 centum
1338 2452 1619 2506 dumtaxat
1639 2462 1693 2507 et
1712 2452 1896 2522 viginti
1920 2453 2064 2521 duze,

460 2557 581 2597 cum
616 2551 797 2597 tamen
830 2545 1133 2613 Augustino
1170 2544 1417 2597 dicantur
1444 2552 1661 2599 centum
1694 2544 1887 2613 viginti
1918 2553 2063 2612 octo,

461 2637 553 2705 qui
586 2636 829 2704 profecto
856 2649 1117 2689 numerus
1143 2635 1423 2705 reponitur
1449 2636 1516 2689 ab
1542 2635 1736 2690 eodem
1762 2636 2065 2705 Augustino

458 2729 627 2783 etiam
661 2742 781 2798 cap.
811 2728 875 2783 41
916 2727 1039 2781 libri
1079 2743 1174 2782 seu
1206 2729 1437 2798 catalogi
1469 2744 1628 2798 quem
1658 2729 1725 2783 de
1757 2730 2066 2786 llzeresibus

460 2821 809 2889 conscripsit.
857 2821 1159 2891 Augustino
1206 2822 1555 2875 consentiunt
1600 2823 1933 2889 posteriores
1974 2824 2063 2891 qui

462 2912 809 2967 Philastriani
840 2913 1033 2983 Operis
1066 2914 1431 2969 meminerunt
1463 2932 1475 2966 :
1516 2924 1705 2969 auctor
1735 2916 2065 2985 Appendieis

458 3005 525 3058 ad
567 3004 897 3061 lldel‘onsum
930 3006 997 3061 de
1027 3006 1400 3075 Scriptoribus
1423 3006 1823 3061 Ecclesiasticis
1850 3024 1969 3077 cap.
2006 3011 2061 3075 5,

2169 1816 2289 1871 quae
2322 1801 2374 1855 in
2408 1816 2509 1855 ms.
2541 1802 2772 1856 habetur
2799 1817 2853 1855 η.
2880 1816 3053 1868 cxxn,
3085 1802 3227 1857 idem
3264 1819 3367 1857 ms.
3395 1805 3567 1859 codex
3583 1806 3681 1859 sub
3711 1822 3761 1858 n.

2170 1909 2335 1949 cxxm
2349 1895 2737 1965 subjicitaliam
2754 1896 3007 1950 haeresim
3020 1896 3089 1951 de
3104 1896 3295 1951 avibus
3310 1896 3444 1951 Elia:
3459 1899 3763 1953 ministran-

2172 1988 2337 2052 tibus;
2357 1987 2553 2056 quibus
2572 1987 2968 2057 supplementis
2982 1988 3225 2043 delectus
3264 2003 3356 2043 sex
3379 1990 3622 2060 capitum
3646 1991 3762 2044 Phi-

2171 2078 2417 2132 lastriani
2441 2078 2635 2148 Operis
2662 2079 2880 2149 penitus
2897 2081 3291 2145 restituitur,ac
3316 2082 3545 2151 proinde
3573 2082 3763 2136 benefi-

2170 2172 2257 2227 cio
2301 2170 2643 2227 Corbciensis
2673 2173 2901 2239 codicis,
2932 2172 3281 2228 Philastrium
3327 2173 3596 2231 hactenus
3625 2190 3763 2228 man-

2170 2280 2290 2320 cum
2308 2276 2362 2320 et
2377 2266 2776 2334 imperfectum,
2799 2267 3067 2336 integrum
3082 2282 3144 2321 ac
3163 2266 3465 2336 perlectum
3484 2268 3761 2322 habemus.

2239 2356 2329 2411 25.
2372 2356 2641 2424 Quoniam
2669 2373 2799 2413 vero
2827 2358 2895 2413 de
2926 2358 2992 2413 iis
3022 2374 3143 2428 qua
3173 2360 3225 2413 in
3265 2374 3365 2414 sex
3404 2359 3524 2414 istis
3558 2360 3762 2414 Philas-

2168 2449 2361 2503 trianis
2390 2450 2657 2519 capitibus
2690 2460 3090 2520 proponuntur,
3122 2467 3293 2522 pauca
3323 2452 3623 2507 admodum
3644 2496 3658 2520 ,
3688 2454 3763 2508 vel

2168 2541 2300 2596 nihil
2332 2544 2553 2596 omnino
2582 2542 2947 2597 delibavimus
2978 2543 3031 2596 in
3064 2542 3356 2613 Spicilegio
3384 2553 3602 2608 nostro,
3630 2543 3762 2614 quod

2169 2633 2503 2688 variantibus
2548 2634 2872 2688 lectionibus
2909 2633 3260 2689 Corbeiensis
3301 2650 3405 2690 ms.
3448 2636 3761 2705 subjicitur;

2168 2742 2275 2781 non
2318 2728 2421 2781 erit
2451 2737 2579 2797 puto
2619 2728 3041 2797 inopportunum
3073 2728 3329 2782 nonnulla
3358 2728 3449 2783 hic
3478 2737 3762 2791 annotare,

2168 2833 2288 2888 qua:
2318 2828 2428 2872 tum
2461 2818 2595 2887 ipsis
2624 2820 2892 2889 capitibus
2935 2818 3198 2888 majorem
3235 2821 3415 2875 lucem
3449 2821 3758 2885 aﬂ'undant,

2170 2920 2280 2965 tum
2312 2911 2475 2965 etiam
2520 2910 2795 2966 Philastrii
2837 2926 3058 2966 sensum
3081 2954 3097 2977 ,
3139 2912 3206 2967 de
3246 2913 3310 2967 iis
3340 2928 3463 2982 qua:
3493 2922 3625 2967 tunc
3653 2912 3761 2968 lor-

2167 3009 2312 3057 tasse
2342 3003 2512 3073 magis
2541 3003 2863 3059 obtinebant
2893 3004 3200 3067 sententiis,
3232 3004 3477 3073 aperiant
3503 3012 3559 3058 et
3618 3014 3761 3075 pate-

458 3096 550 3162 qui
592 3098 667 3151 ait
693 3114 707 3150 :
742 3096 1063 3151 Philastrius
1087 3096 1375 3151 Brixiensis
1401 3100 1673 3167 episcopus
1696 3099 1855 3153 edidit
1880 3100 2065 3153 librum
2092 3092 2136 3153 C
2170 3094 2389 3149 faciant.
2419 3095 2587 3164 Igitur
2617 3098 2670 3151 in
2703 3113 2803 3151 ms.
2834 3096 3149 3152 Corheiensi
3174 3137 3189 3161 ,
3221 3113 3274 3149 η.
3304 3112 3516 3157 Lxxvn,
3552 3098 3759 3166 ponitur

458 3188 529 3242 de
558 3187 889 3253 Hmresihus,
917 3189 1153 3259 singulas
1179 3206 1406 3259 quasque
1434 3192 1786 3243 demonstrans
1816 3191 1920 3244 sive
1946 3207 2061 3258 qua:

456 3279 513 3331 in
562 3279 755 3348 populo
787 3277 1089 3333 Iudaeorum
1128 3282 1246 3333 ante
1287 3280 1702 3336 Incarnationem
1730 3280 1923 3335 Christi
1952 3283 2063 3349 fue-

458 3382 608 3439 runt,
644 3389 772 3441 quas
805 3373 987 3443 viginti
1014 3383 1126 3427 octo
1154 3386 1416 3429 enumerat
1452 3393 1471 3430 :
1505 3377 1608 3431 sive
1648 3392 1761 3445 quia
1805 3385 1919 3445 post
1949 3373 2061 3429 Do-

458 3466 587 3519 mini
629 3465 915 3520 Salvatoris
961 3466 1234 3522 adventum
1278 3471 1523 3523 adversus
1559 3471 1864 3524 catholicam
1905 3470 2062 3538 ﬁdem

456 3568 651 3612 exorta:
677 3567 825 3624 sunt,
862 3575 991 3628 quas
1028 3571 1233 3615 centum
1273 3562 1452 3633 viginti
1490 3573 1603 3615 octo
1645 3579 1753 3615 esse
1790 3562 2061 3629 describit;

456 3650 697 3719 itemque
724 3650 965 3705 Joannes
994 3650 1326 3707 Trithemius
1352 3655 1417 3708 de
1449 3654 1817 3723 Scriptoribus
1847 3654 2057 3710 Eceles.

456 3756 579 3811 cap.
614 3740 714 3810 84,
745 3743 834 3798 ubi
875 3744 943 3798 de
982 3744 1272 3800 Philastrio
1302 3746 1528 3813 loquens
1562 3764 1574 3797 :
1612 3745 1819 3811 Fertur,
1854 3749 2060 3817 inquit,

455 3832 601 3887 beato
628 3836 910 3905 Augustino
935 3845 1174 3901 testante,
1201 3839 1314 3908 ejus
1342 3838 1543 3905 insigne
1568 3836 1712 3905 Opus
1738 3841 1875 3907 quod
1897 3841 2063 3908 scrip-

453 3928 520 3981 sit
551 3929 615 3981 de
650 3940 852 3983 centum
882 3931 1255 4000 quinquaginta
1284 3946 1374 3983 sex
1412 3929 1715 3984 hatresibus.
1748 3931 1832 3985 Cl.
1873 3932 2060 3988 Fabri-

452 4021 573 4076 cius
602 4023 654 4075 in
682 4022 1035 4077 Testimoniis
1076 4022 1142 4077 de
1181 4022 1502 4090 Philastrio,
1536 4024 1625 4079 ubi
1656 4026 1942 4095 Augustini
1977 4028 2059 4082 lo-

451 4126 576 4167 cum
611 4113 855 4182 protulit,
882 4128 946 4167 ex
970 4128 1078 4184 quo
1108 4128 1367 4169 numerus
1395 4114 1675 4170 luereseon
1703 4132 1824 4186 quae
1866 4132 1896 4171 a
1935 4118 2062 4173 Phi-

448 4204 641 4260 lastrio
680 4218 1059 4274 recensentur,
1088 4208 1390 4278 colligitur,
1420 4209 1719 4265 desiderari
1752 4226 1851 4267 sex
1883 4212 2059 4280 capita

449 4298 919 4362 animadvertens,
953 4300 1189 4366 conjecit
1217 4316 1280 4354 ea
1317 4309 1593 4370 postremo
1622 4301 1817 4371 Operis
1850 4302 2061 4357 Philas-

452 4387 615 4441 triani
658 4391 779 4444 loco
809 4390 1002 4444 deesse
1031 4408 1043 4443 :
1076 4389 1332 4445 Credibile
1360 4402 1432 4446 est
1459 4394 1629 4465 capita
1656 4404 1912 4463 postrema
1942 4394 2059 4448 libri

2163 3185 2387 3243 haeresis
2424 3188 2491 3243 de
2533 3190 2639 3244 line
2676 3189 2862 3244 mundi
2914 3198 2968 3244 et
3010 3190 3485 3244 consummatione
3542 3190 3755 3254 saeculi,

2162 3295 2269 3350 qua
2314 3281 2559 3335 nonnulli
2617 3282 2972 3336 autumabant
3003 3290 3292 3349 temporum
3348 3280 3755 3350 deﬁnitionema

2165 3372 2276 3427 Deo
2306 3373 2511 3427 Christo
2543 3374 2817 3429 Saluatore
2844 3376 3007 3446 fuisse
3032 3384 3295 3428 statutam.
3333 3374 3409 3428 At
3444 3374 3753 3428 Philastrius

2165 3465 2416 3535 rejiciens
2460 3468 2787 3522 sententiam
2836 3469 3032 3533 istam,
3075 3482 3197 3538 quae
3238 3477 3447 3522 certum
3494 3481 3751 3520 annorum

2165 3571 2451 3611 numerum
2488 3558 3005 3623 consummationis,
3049 3567 3103 3613 et
3144 3574 3246 3611 non
3275 3560 3420 3629 plus,
3451 3576 3557 3613 non
3596 3560 3751 3611 minus

2165 3647 2403 3704 futurum
2436 3650 2778 3719 Opinabatur,
2810 3650 2887 3704 ait
2911 3650 3048 3719 quod
3076 3650 3339 3720 propheta:
3366 3650 3599 3719 undique
3628 3665 3752 3703 nun-

2164 3742 2397 3797 tiaverint
2418 3743 2553 3795 circa
2575 3742 2679 3799 500
2698 3759 2889 3796 annum
2910 3742 3024 3810 ﬁeri
3046 3742 3542 3795 consummationem
3564 3740 3750 3805 πείνη,

2164 3846 2211 3889 et
2238 3836 2312 3888 sic
2338 3833 2613 3889 Dominum
2644 3836 2707 3888 de
2740 3835 2876 3888 caelis
2905 3836 3091 3887 iterum
3124 3833 3384 3888 advenire.
3422 3832 3548 3886 llaec
3582 3839 3751 3886 autem

2165 3925 2440 3980 Philastrii
2468 3925 2737 3981 sententia
2765 3940 2833 3980 eo
2856 3925 3122 3994 principio
3154 3924 3451 3989 nitebatur,
3477 3924 3622 3993 quod
3650 3921 3751 3991 pri-

2164 4015 2267 4070 mis
2314 4016 2569 4091 Ecclesia:
2617 4016 2833 4071 smculis
2880 4016 3129 4070 omnibus
3179 4015 3293 4069 fere
3348 4014 3601 4069 Patribus
3643 4023 3753 4068 erat

2162 4123 2485 4174 commune;
2531 4110 2788 4165 mundum
2826 4110 3037 4165 scilicet
3076 4125 3173 4164 sex
3217 4109 3456 4164 millibus
3493 4122 3750 4163 annorum

2162 4215 2193 4255 a
2233 4201 2510 4256 creatione
2545 4200 3030 4256 consummandmn
3072 4215 3232 4265 esse,
3261 4200 3329 4254 de
3364 4212 3473 4269 quo
3518 4198 3749 4269 Epistula

2163 4292 2426 4347 Barnaba:
2459 4295 2678 4348 nomine
2720 4294 2978 4363 inscripta
3019 4307 3139 4362 cap.
3174 4290 3261 4357 l5,
3290 4292 3533 4346 lrenmus
3560 4292 3751 4347 adver-

2162 4401 2255 4442 sus
2288 4386 2523 4441 haereses
2551 4386 2645 4441 lib.
2676 4402 2706 4437 v
2736 4400 2855 4455 cap.
2886 4387 2979 4452 28,
3011 4386 3323 4440 Lactantius
3352 4386 3446 4439 lib.
3471 4401 3544 4439 vn
3580 4383 3747 4439 Divin.

455 4476 735 4533 Philastrii
758 4520 774 4546 ,
806 4481 859 4533 in
886 4497 988 4549 quo
1016 4482 1222 4536 nullunt
1255 4485 1501 4539 clausula:
1529 4486 1815 4556 vestigium,
1850 4487 2059 4541 interci-
2084 4478 2138 4538 D
2162 4479 2337 4533 lnstit.
2389 4493 2509 4548 cap.
2559 4478 2625 4532 M
2666 4486 2721 4532 et
2764 4476 2856 4539 25,
2902 4476 3240 4533 Gaudentius
3284 4486 3486 4541 noster,
3526 4476 3747 4546 aliique.

450 4570 609 4625 disse.
635 4572 705 4625 At
746 4588 933 4643 parum
959 4574 1185 4630 feliciter
1200 4576 1509 4631 clarissimo
1522 4575 1639 4631 viro
1658 4579 1822 4632 cessit
1841 4580 2057 4648 conjec-

453 4675 578 4721 tura
609 4681 726 4731 sua,
748 4683 869 4722 nam
896 4668 947 4723 in
972 4668 1287 4725 Corbeiensi
1318 4686 1446 4735 ms.,
1470 4687 1499 4725 a
1523 4688 1630 4743 quo
1654 4672 1898 4730 defectus
1923 4677 2056 4731 isto-

449 4772 570 4812 rum
626 4773 720 4813 sex
767 4760 1004 4829 capitum
1045 4761 1262 4831 egregie
1300 4762 1604 4832 suppletur,
1641 4764 1830 4818 eadem
1879 4766 2055 4835 capita

423 4845 617 4904 'variis
649 4851 703 4905 in
738 4852 893 4915 locis,
924 4852 1268 4923 diversisque
1298 4857 1399 4909 sub
1426 4857 1663 4911 numeris
1692 4858 2049 4913 collocantur.

452 4942 609 4996 Enim
631 4957 761 4998 vero
784 4953 903 5011 post
926 4959 1045 5013 cap.
1068 4945 1173 5000 106
1193 4946 1323 5001 edit.
1344 4946 1792 5017 Hamburgensis,
1812 4959 1871 5004 ut
1890 4951 2051 5005 etiam

451 5042 653 5087 nostra:
674 5075 690 5100 ,
722 5035 867 5104 quod
901 5036 953 5089 in
985 5052 1085 5091 ms.
1120 5047 1337 5094 notatur
1366 5057 1419 5095 n.
1454 5057 1639 5096 Lxxvn
1660 5084 1674 5107 ,
1703 5042 1791 5096 libi
1835 5043 2054 5112 ponitur

453 5123 682 5179 hmresis
702 5125 766 5179 de
786 5128 936 5181 antiis
960 5126 1171 5196 Christi,
1189 5140 1237 5185 et
1264 5141 1488 5203 tempore
1513 5134 1786 5201 dubitans;
1808 5136 2057 5206 sequitur

450 5214 505 5270 in
538 5215 733 5271 eodem
767 5234 893 5284 ms.,
925 5222 1162 5289 repetito
1191 5223 1383 5278 eodem
1424 5241 1651 5281 numero
1696 5242 1908 5291 Lxxvn,
1948 5229 2052 5282 alia

2163 4573 2298 4627 Cum
2328 4582 2505 4625 autem
2548 4585 2612 4625 ex
2658 4572 3039 4641 supputatione
3067 4585 3185 4639 qua:
3228 4569 3594 4624 communiter
3630 4578 3748 4621 tunc

2163 4668 2462 4731 obtinebat,
2492 4681 2522 4720 a
2550 4667 2730 4723 Mundi
2754 4670 3031 4723 creatione
3058 4669 3126 4723 ad
3154 4668 3428 4723 Christum
3456 4670 3629 4739 elapsi
3661 4684 3750 4737 pu-

2162 4767 2409 4815 tarentur
2434 4760 2670 4830 quinque
2701 4761 2848 4814 mille
2890 4769 2946 4815 ct
2973 4760 3205 4828 amplius
3230 4760 3356 4813 anni
3379 4802 3395 4825 ,
3435 4759 3562 4814 hinc
3592 4758 3748 4813 ﬁebat

2162 4859 2222 4906 ut
2255 4853 2649 4906 consummatio
2683 4852 2897 4914 saeculi,
2932 4861 2987 4907 et
3019 4851 3221 4906 Christi
3259 4851 3455 4906 iterum
3488 4852 3557 4906 de
3599 4850 3747 4905 cretis

2160 4946 2442 5010 adventus,
2472 4959 2579 4999 non
2608 4945 2771 5015 longo
2794 4946 3056 5014 temporis
3087 4944 3371 4999 intervallo
3396 4944 3749 4999 crederentur

2159 5036 2384 5093 distare.
2408 5038 2548 5106 Quin
2577 5039 2739 5093 etiam
2764 5038 3083 5108 Hippolytus
3108 5046 3329 5107 martyr,
3360 5038 3587 5092 testibus
3613 5036 3742 5091 Pho-

2157 5131 2234 5186 tio
2274 5132 2395 5185 cod.
2425 5130 2532 5185 202
2562 5142 2615 5187 et
2658 5132 2915 5202 Syncello
2947 5147 2999 5198 p.
3027 5130 3169 5197 M5,
3210 5130 3539 5184 existimavit
3567 5128 3747 5183 Chris-

2157 5231 2269 5277 tum
2315 5232 2498 5277 natum
2550 5225 2773 5278 ineunte
2813 5238 2957 5278 anno
2992 5220 3125 5277 5501
3175 5236 3204 5275 a
3250 5220 3453 5275 mundo
3496 5220 3742 5283 condito;

454 5308 676 5364 haeresis
691 5310 759 5366 de
783 5310 889 5367 line
913 5312 1125 5381 mundi,
1145 5324 1199 5368 et
1216 5320 1686 5374 consummatione
1700 5320 1906 5380 szeculi.
1931 5336 2053 5390 quae
2150 5318 2414 5389 judicium
2436 5332 2565 5372 vero
2596 5316 2835 5373 futurum
2865 5316 2971 5372 500
2997 5317 3153 5371 annis
3180 5324 3301 5384 post
3323 5314 3523 5370 Christi
3547 5325 3738 5377 ortum,

451 5418 505 5458 tn
520 5400 681 5457 editis
705 5403 881 5469 deest;
899 5402 1100 5460 deinde
1116 5415 1369 5479 posteap.
1388 5410 1668 5483 112(ηοὸὶε
1693 5410 1835 5483 115),
1868 5413 1921 5469 in
1945 5429 2051 5483 quo

449 5507 534 5555 est
560 5496 787 5554 haeresis
817 5499 882 5553 de
905 5508 1100 5569 septem
1131 5503 1385 5573 planetis,
1414 5514 1738 5577 notaturque
1768 5508 1821 5563 in
1853 5522 1955 5564 ms.
1991 5524 2047 5564 n.

524 5689 602 5761 (a)
640 5672 796 5747 rom.
826 5687 896 5749 γι
925 5677 1061 5763 opp.
1095 5694 1200 5752 col.
1234 5649 1287 5751 ὸ.

2153 5412 2299 5482 quod
2327 5411 2436 5466 fere
2459 5412 2711 5466 convenit
2735 5424 2859 5465 cum
2887 5409 3163 5464 Philastrii
3189 5407 3486 5463 sententia.
3510 5407 3745 5461 Fuerunt

2156 5504 2250 5574 qui
2282 5516 2561 5558 numerum
2593 5499 2699 5556 500
2727 5514 3015 5567 annorum,
3042 5515 3149 5570 quo
3179 5497 3367 5554 mundi
3397 5512 3741 5555 consumma-

3625 214 3745 271 1088
3840 226 3841 229 ‘

3904 284 3910 327 l
3918 272 3963 329 at

3902 398 3975 443 1,,ξὶ

3902 486 3975 537 .ss‘ﬂl

3902 588 3977 635 ne:

3900 765 3977 821 uelat

3901 862 3921 913 El
3936 866 3980 909 λέ)

3910 970 3961 1005 Μ

3908 1056 3979 1096 iii!

3906 1152 3979 1203 ml

3908 1056 3979 1096 illi

3906 1156 3955 1189 Μ

3914 1232 3981 1289 νινιζμ

3908 1338 3971 1375 ‘_:,j~‘.

3912 1434 3917 1467 ζ
3934 1432 3979 1467 [6E

3908 1532 3933 1561 ιλ
3948 1514 3981 1565 a‘t

3870 1630 3883 1659 Α
3914 1622 3983 1659 ιωξ

3914 1718 3945 1752 ἐξ
3960 1718 3983 1753 is

3926 1810 3983 1845 ΞΝ

3914 1898 3983 1951 φτ]

3928 2000 3941 2031 1,
3960 1984 3986 2034 id

3920 2092 3951 2129 ὲῖλς
3963 2094 3985 2131 ἴς

3896 3742 3912 4039 ι

3902 4328 3915 4701 1
