3992 6204
47 318 55 369 l
72 315 208 371 089

1343 313 1398 367 Ρ.
1451 311 1804 369 GALEARDI
1844 313 2240 372 PREFATIO.

3266 321 3408 378 1090

49 431 154 490 io.
198 435 266 482 et
305 425 521 482 Christi
552 428 745 484 iterum
775 427 842 483 de
867 427 1022 484 caelis
1051 427 1318 484 adventus
1349 429 1561 487 futurus
1592 439 1703 486 sta-
1727 434 1778 492 Α
1805 435 2095 505 ἐπιθυμίαις
2133 435 2158 489 ὁ
2192 443 2318 494 παῖς
2337 475 2350 497 ,
2381 433 2618 488 seductus
2657 435 2758 504 fuit
2798 452 2829 488 a
2865 435 3232 508 cupiditatibus
3263 453 3412 507 puer;

47 521 373 585 .uebatnr,
405 531 531 591 post
561 531 774 576 sextum
806 520 1166 577 millenarium
1193 524 1521 593 completum
1550 539 1708 594 repo-

48 626 309 680 merent,
344 625 405 670 et
441 615 524 670 sic
551 630 695 670 anno
723 631 752 670 a
780 615 1056 670 creatione
1093 615 1278 670 mundi
1311 624 1466 671 sexto
1494 625 1550 671 et
1580 617 1705 670 mil-

56 707 322 774 esimo,
356 707 692 778 quingentos
736 707 836 763 bos
880 721 1055 762 annos
1098 707 1404 775 adderent;
1450 717 1507 762 ut
1545 707 1706 762 docet

47 801 404 857 Zotelerius
435 800 504 856 ad
535 801 833 870 Epistolam
863 801 1124 857 Barnabas
1153 817 1207 872 p.
1237 800 1331 866 44,
1369 810 1548 858 utrum
1573 815 1706 857 vero

47 894 429 950 Philastrius
454 893 618 949 fuerit
647 893 700 948 in
734 894 936 963 priori,
960 909 1030 948 an
1056 893 1109 948 in
1135 895 1423 964 posteriori
1453 895 1551 950 hac
1579 910 1705 952 sen-

47 986 246 1042 tentia
302 1000 423 1041 non
475 986 608 1041 satis
655 985 843 1056 liquet.
894 984 1120 1040 Videndi
1169 1000 1333 1054 porro
1369 983 1705 1055 Augustinus

47 1079 158 1133 lib.
181 1092 344 1132 xvrn
367 1075 441 1132 de
456 1075 570 1131 Civ.
591 1090 711 1145 cap.
728 1075 818 1142 55,
837 1072 1142 1130 Cotelerius
1162 1074 1231 1129 ad
1257 1075 1551 1144 Epistolam
1573 1076 1706 1129 Bar-

47 1172 236 1227 nabzn
288 1186 352 1241 p.
388 1168 483 1237 44,
528 1168 618 1224 ubi
654 1168 821 1223 alium
868 1168 1034 1223 etiam
1076 1166 1354 1222 Philastrii
1384 1167 1563 1222 locum
1601 1182 1700 1223 ex-

48 1264 302 1334 pendit,
335 1264 430 1333 qui
461 1277 583 1332 cap.
611 1261 713 1316 106
739 1261 815 1315 ait
864 1259 978 1314 falli
1007 1273 1100 1315 eos
1123 1259 1214 1330 qui
1245 1269 1438 1329 putant
1466 1274 1497 1313 a
1528 1259 1703 1329 primo

50 1356 299 1412 Christi
333 1356 577 1410 adventu
606 1354 672 1408 ad
703 1351 1026 1417 secundum,
1058 1350 1111 1405 id
1137 1360 1224 1406 est
1263 1350 1330 1405 ad
1358 1364 1704 1405 consumma-

55 1449 298 1504 tionem
330 1445 557 1510 saeculi,
593 1453 868 1500 trecentos
908 1442 1188 1512 sexaginta
1229 1441 1466 1512 quinque
1507 1456 1697 1510 annos,

56 1559 166 1597 nec
205 1542 361 1611 plus,
387 1557 482 1594 nec
505 1539 698 1605 minus,
716 1538 916 1594 debere
938 1536 1251 1600 numerari;
1286 1537 1535 1591 Clemens
1574 1534 1701 1590 item

59 1637 505 1693 Alexandrinus
533 1633 667 1690 edit.
700 1632 905 1689 Potteri
943 1649 996 1702 p.
1027 1630 1152 1696 407,
1193 1630 1247 1684 in
1277 1630 1420 1684 notis
1448 1629 1703 1685 collecta-

63 1731 203 1786 neis
243 1729 324 1784 ad
363 1728 462 1783 lib.
500 1744 518 1782 ι
561 1725 764 1783 Strom.
803 1739 924 1794 cap.
968 1724 1060 1788 21,
1105 1730 1162 1778 et
1198 1720 1594 1777 Feuardentius
1633 1718 1702 1774 ad

1807 525 2047 596 itemque
2085 526 2420 596 Theophilus
2453 526 2824 583 Antiochenus
2865 529 2959 584 lib.
3001 546 3040 584 ιι
3079 531 3147 584 ad
3187 530 3415 600 Autoly-

1807 631 1930 672 cum
1963 634 2015 688 ι).
2049 619 2178 685 514,
2213 619 2267 673 in
2304 617 2609 685 Orthodox,
2641 619 2864 687 dicens,
2898 620 3043 690 quod
3086 621 3209 676 ideo
3239 621 3411 676 Adam

1805 708 1955 779 ligno
1993 711 2234 766 scientiae
2257 710 2415 782 jvesei
2465 710 2802 782 nequiverit,
2844 711 2971 781 quia
3009 710 3086 766 ἔτι
3126 716 3302 774 νήπιος
3331 711 3409 778 ἦν,

1806 801 1978 855 adhuc
2004 803 2210 873 infans,
2241 819 2331 857 seu
2367 819 2494 873 puer
2529 813 2658 858 erat.
2692 803 2775 858 Ad
2805 802 2858 858 id
2895 802 3039 874 quod
3072 804 3316 874 sequitur
3341 805 3412 860 de

1806 895 2076 950 sententia
2128 904 2186 950 et
2217 895 2426 964 judicio
2460 894 2704 962 diaboli,
2746 910 2854 966 quo
2891 895 3106 951 videtur
3132 895 3412 952 insinuare

1807 985 2150 1052 Philastrius,
2181 987 2399 1042 diabolo
2440 996 2562 1058 post
2604 988 2818 1059 lapsum
2848 990 3185 1059 poenitentia:
3228 990 3407 1046 locum

1807 1081 2174 1151 superiuisSe;
2205 1083 2435 1138 fortasse
2467 1082 2722 1138 collineat
2750 1083 2873 1137 trita
2903 1081 2995 1136 illa
3023 1091 3267 1138 veterum
3299 1100 3406 1140 non

1807 1175 1996 1245 paucis
2019 1176 2310 1243 sententia,
2334 1175 2607 1233 diabolum
2638 1175 2878 1232 nondum
2903 1175 3272 1232 damnationis
3297 1193 3412 1233 51KB

1806 1265 2085 1334 accepisse
2117 1268 2466 1334 sententiam,
2500 1283 2677 1338 neque
2705 1268 3053 1338 sempiternis
3079 1269 3410 1326 cruciatibus

1805 1357 2104 1425 addictum,
2149 1359 2245 1414 sed
2285 1359 2340 1414 in
2381 1368 2635 1416 extremo
2664 1360 2870 1431 judicio
2902 1361 2954 1415 id
2986 1377 3108 1417 eum
3138 1377 3260 1418 esse
3288 1378 3412 1432 pas-

1805 1464 2029 1516 surum;
2058 1451 2192 1508 dicit
2221 1453 2367 1507 enim
2399 1452 2719 1508 Philastrius
2752 1471 2765 1507 :
2800 1451 3052 1509 Diabolus
3081 1471 3197 1508 cum
3226 1454 3410 1509 durior

1803 1542 1874 1596 ad
1913 1543 2258 1613 paenitentiam
2303 1545 2617 1615 pervidetur,
2650 1546 2902 1615 maiorem
2947 1547 3111 1616 futuri
3149 1545 3341 1616 judicii
3379 1563 3412 1600 a

1806 1634 2010 1690 Christo
2035 1635 2262 1691 Domino
2288 1638 2580 1692 servitutem
2603 1637 2873 1709 (fortasse
2899 1639 3185 1708 legendum
3224 1641 3410 1696 sevcri-

1805 1727 1982 1798 tatem)
2005 1739 2299 1801 exspectat;
2328 1729 2397 1786 de
2423 1746 2530 1800 quo
2559 1731 2826 1787 videndus
2855 1731 3157 1787 Massuetus
3193 1733 3258 1788 ad
3299 1733 3411 1790 Ire-

67 1823 369 1878 lrenmum
405 1819 501 1875 lib.
531 1835 566 1873 v
593 1833 713 1890 cap.
741 1817 835 1884 28,
859 1815 991 1871 edit.
1015 1813 1268 1868 Massueti
1302 1827 1354 1882 p.
1383 1811 1511 1878 199,
1536 1819 1594 1866 ut
1622 1811 1702 1865 iu-
1732 1825 1780 1885 Β
1808 1834 1982 1873 ηωυιιι
2033 1820 2124 1875 tib.
2156 1837 2210 1889 v,
2240 1836 2362 1892 cap.
2403 1821 2509 1890 26,
2543 1839 2598 1892 p.
2632 1822 2776 1889 321;
2823 1823 3060 1894 itemque
3099 1825 3320 1881 dissert.
3354 1827 3412 1894 5,

70 1922 370 1984 terpretes
397 1923 508 1968 tum
533 1921 766 1976 veteres,
793 1916 908 1963 tum
937 1905 1292 1970 recentiores,
1315 1903 1701 1969 transmittam,

73 2011 179 2081 qui
231 2009 307 2064 ad
350 2022 476 2077 cap.
525 2021 650 2060 xxtv
697 2003 936 2059 Matthtei
972 2016 1117 2056 vers.
1169 1999 1238 2056 56
1278 2007 1334 2054 et
1381 1999 1401 2053 l
1448 1995 1700 2053 'l‘hessal.

74 2118 216 2173 cap.
240 2118 300 2168 v,
327 2114 472 2156 vers.
495 2101 544 2165 1,
571 2099 678 2154 late
703 2097 754 2152 in
780 2095 883 2151 hoe
905 2101 1227 2165 argumento
1247 2091 1532 2160 exspatiati
1553 2096 1702 2142 sunt.

158 2195 264 2250 24.
310 2193 396 2250 Ad
428 2206 716 2248 numerum
754 2205 952 2245 uxxvn
984 2189 1040 2243 in
1071 2201 1176 2242 ms.
1209 2183 1525 2241 Corbeiensi
1553 2181 1706 2237 addi-

84 2299 182 2344 tur
207 2288 442 2343 haeresis
470 2286 538 2342 de
566 2284 770 2356 duplici
810 2283 946 2349 Deo,
971 2296 1132 2352 quam
1163 2279 1351 2335 tribuit
1382 2277 1707 2334 Philastrius

85 2383 170 2438 ibi
207 2380 538 2445 Manicltteis,
597 2376 878 2442 Gnosticis,
910 2374 1190 2429 Nicolaitis
1230 2378 1280 2427 et
1321 2371 1440 2426 aliis
1472 2369 1705 2440 perditis,

86 2476 188 2546 qui
224 2475 281 2529 in
316 2476 460 2529 hunc
487 2487 730 2529 errorem
754 2469 1134 2533 consentiunt,
1160 2467 1388 2522 dicentes
1414 2464 1552 2534 quod
1577 2465 1710 2518 alter

92 2569 317 2640 quidem
341 2567 507 2620 bonus
527 2565 668 2620 Deus
689 2572 783 2631 est,
807 2562 938 2624 alter
959 2570 1131 2614 autem
1159 2559 1348 2613 malus.
1373 2557 1517 2612 Alibi
1544 2556 1708 2612 etiam

95 2661 433 2718 Philastrius
467 2658 538 2715 de
567 2658 670 2714 hoc
697 2671 886 2713 errore
917 2654 1245 2710 Manichaeos
1272 2652 1449 2723 arguit
1470 2692 1485 2716 ,
1515 2664 1712 2720 nempe

100 2770 230 2822 cap.
257 2754 348 2818 61,
383 2737 639 2822 ad'quem
667 2750 846 2804 locum
877 2747 1134 2803 nonnulla
1165 2744 1463 2816 adiecimus
1494 2745 1546 2799 in
1579 2744 1709 2814 Spi-

103 2847 348 2916 cilegio;
402 2849 565 2914 hujus
614 2851 792 2898 autem
847 2840 1052 2896 erroris
1105 2839 1258 2910 origo
1303 2836 1595 2893 ascribitur
1643 2836 1711 2891 ab

106 2941 306 2996 eodem
347 2936 636 2992 Pbilastrio
687 2949 809 3003 cap.
842 2932 912 2988 M
949 2941 1006 2988 et
1046 2931 1152 2999 45,
1189 2930 1422 2986 Cerdoni
1474 2939 1530 2985 et
1567 2931 1710 2984 Mar-

107 3031 256 3088 cioni
281 3029 547 3087 Cerdonis
568 3027 871 3098 discipulo;
901 3041 1038 3097 quos
1069 3025 1138 3081 de
1174 3026 1285 3092 hoc,
1309 3038 1496 3079 errore
1528 3022 1715 3078 redar-

107 3125 230 3195 guit
248 3131 358 3178 tum
372 3120 704 3192 Epiphanius
721 3129 854 3174 tom.
868 3119 912 3184 l,
926 3117 1117 3189 p.300,
1133 3117 1260 3182 505,
1275 3116 1368 3170 ubi
1386 3116 1714 3171 Mareionem

1806 1928 1930 1982 qua:
1972 1923 2057 1969 est
2097 1914 2166 1970 de
2214 1915 2404 1971 irenaei
2447 1915 2697 1972 doctrina
2744 1925 2848 1972 art.
2881 1917 2946 1983 9,
2988 1934 3044 1973 ιι.
3095 1918 3224 1986 108,
3273 1919 3410 1985 109;

1808 2001 2206 2060 Feuardentius
2256 2005 2460 2061 Annot.
2515 2007 2582 2061 ad
2640 2008 2906 2063 Irenaeum
2961 2009 3095 2064 edit.
3156 2010 3418 2066 Massueti

1809 2111 1864 2163 p.
1898 2096 1959 2149 11
1994 2104 2050 2151 et
2087 2095 2225 2163 198,
2261 2098 2337 2152 uti
2376 2099 2540 2153 etiam
2581 2099 2835 2156 Petavius
2881 2109 3013 2156 tom.
3053 2101 3122 2157 ΙΙΙ
3159 2102 3410 2174 Dogmat.

1807 2188 2070 2259 Theolog.
2113 2189 2148 2244 l.
2181 2207 2232 2259 ι,
2261 2190 2331 2248 de
2359 2192 2603 2262 Angelis,
2638 2209 2687 2248 c.
2714 2193 2748 2248 8
2779 2202 2835 2249 et
2863 2193 2901 2249 l.
2935 2210 3020 2261 ιιι,
3060 2210 3110 2250 e.
3141 2197 3196 2252 4.

1843 2295 1847 2304 '
1879 2280 1973 2336 25.
2013 2279 2144 2348 Qua:
2175 2283 2243 2336 de
2267 2282 2514 2352 pellieeis
2545 2283 2747 2339 tunicis
2793 2283 3094 2355 primorum
3125 2297 3416 2358 parentum

1813 2372 1978 2428 tradit
2005 2373 2340 2431 Philastrius
2365 2392 2419 2430 ιι.
2453 2392 2694 2433 Lxxxvm
2713 2378 2924 2436 codicis
2953 2380 3330 2449 Corbeiensis,
3354 2399 3420 2440 ea

1811 2465 2039 2522 tendunt
2060 2467 2126 2522 ad
2156 2467 2518 2523 refellendam
2549 2470 2766 2526 illorum
2817 2470 3099 2540 hazresim,
3127 2474 3219 2544 qui
3249 2474 3422 2530 Itami-

1811 2576 1927 2615 nem
1947 2565 2065 2634 jam
2096 2563 2356 2630 choicum,
2387 2569 2450 2618 ut
2475 2565 2548 2618 ait
2573 2562 2814 2620 lrenaeus
2847 2564 2948 2638 (c),
2973 2566 3026 2621 id
3045 2577 3219 2623 estex
3251 2577 3425 2624 mate-

1811 2651 1892 2707 ria
1920 2663 2261 2720 concretum,
2288 2669 2393 2708 non
2424 2665 2595 2708 tanten
2629 2654 2693 2708 ab
2722 2655 2819 2709 hac
2847 2656 3000 2710 arida
3046 2665 3208 2723 terra,
3240 2660 3329 2713 sed
3358 2659 3423 2713 ab

1811 2746 2061 2801 invisibili
2081 2747 2366 2801 substantia
2384 2746 2615 2802 formam
2643 2748 2924 2817 accepisse
2943 2751 3235 2819 putabant;
3266 2750 3424 2806 dein-

1813 2838 1883 2894 de
1912 2839 2186 2893 carnalem
2221 2839 2568 2910 superﬁciem
2596 2852 2660 2894 ac
2683 2839 3000 2894 sensibilem
3029 2840 3282 2911 corporis
3313 2840 3420 2896 for-

1815 2947 1956 2986 mam
1990 2940 2118 2986 tune
2142 2930 2405 2998 induisse,
2437 2946 2559 2985 eum
2584 2931 2638 2986 in
2661 2930 2862 2987 Genesi
2894 2931 3115 3002 legitur,
3143 2933 3289 3003 quod
3320 2933 3424 2988 Do-

1815 3022 1996 3076 minus
2023 3021 2282 3090 pellieeas
2314 3022 2524 3076 tunicas
2548 3021 2739 3090 primis
2764 3021 3084 3091 parentibus
3100 3021 3231 3078 fecit
3259 3023 3419 3096 (Gen.

1817 3131 1897 3181 ιιι,
1925 3114 2042 3184 21).
2067 3115 2181 3169 lloc
2211 3122 2392 3169 autem
2425 3113 2647 3169 nomine
2677 3114 3047 3184 arguebantur
3078 3116 3424 3185 potissimum

65 3254 78 3278 .
113 3233 227 3272 non
248 3216 354 3271 duo
382 3223 589 3270 tantum
613 3209 1012 3283 principia,sed
1043 3209 1141 3264 tria
1160 3206 1508 3263 constituisse
1539 3207 1711 3261 anim-
1735 3207 1781 3270 C
1816 3205 2207 3270 Valentiniani,
2258 3215 2316 3259 ut
2361 3213 2580 3260 constat
2604 3221 2669 3261 ex
2701 3205 3045 3261 Tertulliano
3063 3208 3280 3265 advers.
3316 3209 3424 3264 Va-

114 3309 366 3375 advcrtit,
419 3306 564 3378 quod
613 3313 858 3360 notatum
887 3303 1048 3360 etiam
1079 3302 1279 3358 Grabio
1310 3300 1377 3355 ad
1419 3300 1706 3366 Irenaeum,

118 3406 157 3460 l.
191 3419 269 3467 ιιι,
296 3417 344 3456 e.
367 3399 458 3469 45,
486 3398 618 3455 edit.
643 3397 897 3453 Massueti
925 3411 981 3466 p.
1011 3393 1149 3461 1M;
1180 3403 1290 3448 tum
1318 3400 1445 3447 ante
1476 3391 1710 3461 Epipha-

115 3496 268 3551 nium
295 3494 548 3559 lrenaaus,
581 3492 695 3562 ipse
725 3491 763 3546 Ι.
791 3504 840 3557 ι,
868 3504 920 3544 c.
949 3487 1042 3553 27,
1072 3485 1323 3543 eumdem
1353 3499 1594 3541 errorem
1625 3498 1710 3539 re-

121 3590 336 3653 futans,
364 3587 399 3642 l.
433 3601 526 3654 ιιι,
558 3600 607 3640 c.
645 3584 678 3640 9
708 3593 762 3640 et
788 3583 890 3651 15,
923 3583 1089 3638 immo
1127 3581 1243 3636 fere
1283 3589 1398 3635 toto
1425 3580 1462 3633 Ι.
1495 3595 1588 3644 ιιι,
1633 3579 1709 3633 uti

123 3687 374 3742 observat
401 3678 792 3736 Feuardentius
830 3676 896 3732 ad
934 3675 1032 3730 lib.
1073 3691 1091 3730 ι
1135 3673 1325 3730 lrenaai
1362 3689 1412 3728 c.
1444 3670 1546 3738 29,
1577 3671 1709 3726 edit.

127 3774 375 3832 Massueti
416 3789 468 3842 p.
502 3773 594 3840 77,
625 3785 690 3825 ac
729 3778 842 3824 toto
883 3768 976 3823 lib.
1015 3783 1090 3834 IV,
1123 3776 1282 3838 prout
1308 3765 1542 3821 advertit
1567 3764 1712 3819 Mas-

125 3878 310 3927 suetus
334 3867 548 3922 dissert.
578 3867 635 3933 5,
663 3865 718 3919 in
745 3864 1030 3929 Irenaeum,
1067 3878 1122 3917 ιι.
1147 3861 1239 3928 55,
1271 3877 1325 3931 p.
1355 3875 1517 3915 cxxx.
1557 3857 1713 3926 Quod
1764 3938 1770 3942 Ι

124 3960 309 4018 subdit
334 3957 652 4014 Philastrius
686 3973 698 4009 :
735 3955 858 4009 Non
882 3955 1056 4022 itaque
1088 3953 1324 4007 invidens
1354 3949 1496 4005 Deus
1525 3951 1714 4018 repulit

124 4063 322 4126 patrem
357 4059 589 4105 nostrum
617 4048 680 4102 de
708 4045 984 4118 paradiso,
1017 4045 1106 4100 sed
1136 4045 1302 4114 magis
1331 4043 1498 4096 eidem
1525 4058 1712 4096 consu-

125 4149 240 4202 lens
279 4145 328 4198 in
369 4158 524 4212 parvo
569 4140 801 4211 peccanti
838 4155 941 4192 non
971 4137 1196 4207 pepercit
1226 4132 1334 4207 (a).
1368 4150 1432 4188 ne
1460 4133 1716 4204 parcendo

127 4237 198 4293 ad
238 4239 427 4308 majora
469 4234 622 4287 etiam
661 4232 855 4285 crimen
895 4229 1001 4283 alia
1039 4229 1196 4299 (lege
1225 4226 1294 4278 ad
1331 4227 1530 4296 majora
1570 4225 1718 4278 etiam

130 4328 384 4400 crimina),
403 4327 649 4381 inveniret
679 4341 793 4379 eum
815 4323 1100 4394 prodeunte
1124 4329 1272 4375 aetate
1295 4319 1547 4389 ampliore
1570 4318 1719 4391 (sup-

132 4424 224 4495 ple
250 4420 578 4493 processisse)
607 4429 881 4490 posteaque
918 4415 1176 4470 criminati
1210 4412 1404 4482 iudicio
1429 4427 1572 4465 reum
1609 4415 1722 4482 fac-

136 4527 243 4570 tum
268 4513 479 4586 amplius
506 4511 908 4576 condemnaret,
951 4506 1128 4562 simile
1171 4514 1256 4561 est
1285 4505 1334 4560 ei
1375 4503 1518 4574 quod
1558 4502 1722 4558 habet

1811 3300 2140 3355 lentinianos
2167 3313 2286 3368 cap.
2303 3298 2375 3352 24
2395 3318 2408 3353 :
2427 3298 2453 3352 Ι
2464 3301 2650 3354 nterim
2669 3301 2931 3355 carnalem
2953 3303 3283 3371 superﬁciem
3305 3320 3426 3373 pos-

1812 3404 1895 3447 tea
1923 3393 2068 3446 aiunt
2113 3391 2526 3463 (Valentiniani)
2559 3394 2739 3447 cltoico
2785 3403 3162 3464 supertextam,
3204 3407 3253 3452 et
3288 3401 3425 3452 hanc

1813 3501 1922 3539 esse
1945 3485 2211 3554 pelliceam
2243 3486 2468 3539 tunicam
2499 3485 2772 3540 obnoxiam
2819 3488 3016 3541 sensui.
3058 3488 3125 3544 Et
3156 3503 3279 3559 cap.
3298 3489 3330 3542 7
3357 3489 3428 3545 de

1815 3577 2128 3634 Resurrect.
2178 3579 2404 3634 carnis:
2441 3577 2626 3650 Neque
2677 3581 2836 3648 enim,
2872 3591 2928 3635 ut
2971 3582 3185 3652 quidam
3225 3584 3428 3652 volunt,

1813 3672 1920 3726 illa:
1933 3671 2153 3737 pellicia:
2176 3672 2387 3738 tunicaz,
2408 3688 2537 3742 quas
2550 3671 2718 3727 Adam
2739 3683 2786 3728 et
2814 3671 2926 3728 Eva
2950 3676 3257 3744 paradisum
3283 3678 3430 3733 exuti

1815 3763 2132 3830 induerunt,
2161 3765 2288 3836 ipsa:
2317 3774 2468 3818 erunt
2493 3765 2666 3820 carnis
2695 3782 2759 3820 ea:
2787 3765 2910 3821 limo
2937 3770 3234 3838 reformatio
3256 3811 3270 3836 ,
3311 3786 3428 3826 cum

1816 3858 2087 3928 aliquanto
2126 3859 2272 3928 prius
2295 3869 2343 3912 et
2381 3858 2549 3912 Adam
2593 3858 2896 3914 substantia:
2943 3877 3052 3916 sua:
3079 3863 3344 3917 traducem
3372 3865 3428 3918 in

1819 3952 2014 4022 femina
2026 3951 2146 4020 jam
2167 3968 2344 4016 carne,
2371 3954 2723 4023 recognaverit
2745 3968 2764 4006 :
2785 3952 2902 4008 Hoc
2933 3969 3077 4010 nunc
3105 3970 3168 4011 os
3188 3972 3256 4011 ex
3281 3957 3425 4011 ossi-

1819 4045 1920 4100 bus
1941 4043 2099 4108 meis;
2132 4049 2188 4098 et
2218 4059 2348 4099 caro
2380 4060 2449 4100 ex
2473 4059 2638 4100 carne
2667 4061 2788 4100 mea
2821 4043 2977 4116 (Gen.
3008 4061 3068 4113 ιι,
3091 4046 3208 4116 25),
3238 4057 3284 4101 et
3310 4048 3428 4118 ipsa

1820 4136 2068 4190 delibatio
2097 4137 2317 4190 masculi
2355 4138 2410 4191 in
2447 4138 2700 4206 feminam
2726 4155 2881 4193 carne
2907 4140 3146 4211 suppleta
3170 4141 3269 4208 sit,
3301 4141 3426 4196 limo

1821 4228 2009 4297 Opinor
2037 4227 2350 4298 supplenda,
2380 4227 2424 4280 si
2447 4229 2614 4282 Adam
2640 4228 2814 4284 adhuc
2837 4230 3010 4284 limus.
3027 4229 3176 4298 Quas
3194 4232 3429 4301 pellicias

1824 4319 2029 4372 tunicas
2076 4317 2298 4374 vocavit
2351 4317 2724 4376 Tertullianus
2751 4362 2766 4386 ,
2819 4321 3163 4376 dermatinam
3202 4324 3430 4378 tunicam

1823 4409 1959 4464 dixit
1980 4411 2242 4477 Irenasus,
2265 4410 2408 4465 hunc
2429 4410 2937 4470 Valentinianorum
2965 4429 3208 4472 errorem
3237 4431 3432 4472 recen-

1826 4502 2050 4573 sens(d)
2083 4519 2095 4555 :
2125 4500 2254 4558 Post
2287 4501 2860 4558 deindecircumdatam
2886 4506 3066 4560 dicunt
3099 4509 3148 4562 ei
3168 4507 3428 4564 dermati-

135 4621 255 4676 cap.
283 4603 401 4670 129,
431 4602 499 4658 de
535 4601 665 4658 Cain
700 4608 940 4671 peccato,
963 4598 1064 4653 ubi
1092 4597 1224 4652 dicit
1258 4611 1382 4651 eum
1413 4604 1720 4666 correptum
1749 4594 1804 4656 D
1829 4609 1952 4649 nam
1985 4593 2219 4649 tunicam
2247 4611 2261 4646 :
2292 4593 2428 4648 hanc
2453 4602 2626 4647 autem
2654 4595 2949 4650 sensibilem
2979 4615 3184 4653 carnem
3209 4617 3322 4654 esse
3341 4616 3429 4655 vo-

137 4713 168 4754 a
202 4682 456 4760 Domino,
487 4702 541 4746 ut
581 4692 627 4746 si
668 4693 868 4762 fructus
909 4689 1158 4744 bonorum
1191 4703 1403 4758 cperunt
1441 4687 1506 4741 de
1541 4696 1725 4742 ctetero

140 4805 252 4845 eum
289 4793 599 4858 sequeretur,
640 4784 990 4839 remissionem
1034 4781 1161 4835 tanti
1208 4780 1412 4834 sceleris
1451 4789 1582 4834 esset
1616 4780 1727 4835 sine

141 4881 286 4936 dubio
327 4888 645 4950 accepturus.
689 4876 862 4932 Verba
912 4890 1074 4946 porro
1123 4873 1215 4928 illa
1263 4873 1548 4943 prodeunte
1575 4883 1726 4929 wtate

143 4973 396 5043 ampliore,
421 4970 662 5027 indicare
688 4969 962 5032 videntur,
993 4965 1338 5022 Philastrium
1372 4967 1427 5020 in
1460 4981 1523 5021 ea
1556 4965 1724 5022 fuisse

145 5066 425 5131 sententia,
471 5079 594 5134 quae
639 5062 838 5119 asserit
885 5062 1086 5132 primos
1135 5067 1390 5132 parentes
1438 5060 1493 5114 in
1538 5059 1722 5116 adulta

147 5168 296 5215 (etate
341 5155 482 5212 haud
529 5163 783 5220 creatos;
843 5155 982 5210 hanc
1035 5163 1217 5210 autem
1270 5151 1435 5208 tradit
1487 5151 1724 5208 lrenaeus

150 5251 189 5306 l.
217 5266 294 5318 ιιι,
325 5264 371 5306 c.
398 5249 491 5316 22,
523 5266 578 5304 ιι.
603 5249 661 5314 4,
692 5247 780 5304 cui
817 5247 947 5304 licet
975 5262 1083 5303 non
1123 5247 1321 5303 multos
1349 5247 1722 5317 patrocinatu-

152 5359 238 5400 ros
273 5344 377 5398 lore
420 5341 732 5413 pronuntiet
774 5341 1076 5398 Massuetus
1119 5339 1186 5395 ad
1226 5339 1372 5394 hunc
1410 5338 1600 5394 lrenaai
1648 5337 1727 5392 lo-

154 5449 267 5491 eum
289 5433 377 5506 (b),
401 5447 521 5490 eam
552 5442 730 5488 tamen
753 5446 1012 5502 expresse
1033 5431 1191 5487 docet
1215 5429 1469 5486 Clemens
1490 5428 1726 5486 Alexan-

157 5527 324 5584 drinus
345 5527 609 5596 Protrept.
637 5539 756 5594 cap.
782 5524 875 5592 11,
903 5525 994 5579 ubi
1018 5523 1088 5580 de
1113 5524 1284 5580 Adam
1314 5524 1390 5578 ait
1421 5541 1434 5579 :
1466 5529 1725 5602 παρήγετο

223 5685 292 5812 (ἕέ
324 5684 582 5741 Similiter
637 5680 707 5737 de
744 5681 916 5764 Adam
969 5680 1208 5762 loquitur
1250 5680 1486 5736 lrenteus
1528 5680 1566 5734 l.
1623 5695 1698 5746 nl,

295 5799 308 5812 .
330 5772 382 5811 ιι.
416 5753 470 5812 6.
505 5771 558 5812 ιι.
581 5751 712 5812 222,
738 5751 873 5808 edit.
904 5753 1178 5809 lllassuett.
1212 5789 1219 5812 ι

162 5775 208 5815 c.
230 5751 308 5823 25,
330 5772 382 5811 ιι.
416 5753 470 5824 6,
505 5771 558 5824 p.
581 5751 712 5821 222,
738 5751 873 5808 edit.
904 5753 1219 5823 lllassueti._,

229 5826 293 5903 (b)
327 5827 450 5900 Pag.
477 5825 627 5889 219.l

1829 4688 1962 4742 lunt.
1997 4685 2184 4742 Sixtus
2215 4685 2478 4741 Senensis
2498 4684 2594 4740 lib.
2628 4701 2659 4739 v
2682 4684 2943 4742 Biblioth.
2977 4697 3200 4756 sancta,
3236 4699 3424 4744 annot.

1827 4781 1918 4847 55,
1947 4779 2114 4835 refert
2131 4792 2375 4834 errorem
2411 4776 2556 4832 hunc
2576 4790 2608 4831 a
2635 4775 2909 4832 Methodio
2937 4779 3233 4848 ascriptum
3257 4780 3427 4835 fuisse

1826 4872 2043 4943 Origeni
2069 4887 2084 4937 ;
2111 4870 2267 4943 quasi
2293 4869 2338 4925 is
2391 4869 2735 4926 existimaret
2760 4886 2868 4926 rem
2899 4871 3183 4926 admodum
3223 4871 3426 4928 ridicu-

1826 4969 1930 5022 lant
1950 4983 2080 5034 esse,
2110 4965 2248 5037 quod
2296 4962 2439 5020 Deus
2483 4963 2758 5020 decoriatis
2813 4964 3030 5019 mortuis
3077 4964 3426 5024 animantibus

1830 5059 1992 5130 pelles
2017 5067 2247 5129 pararet,
2271 5067 2318 5112 ct
2350 5057 2592 5127 pelliceas
2619 5056 2819 5111 tunicas
2844 5065 3135 5125 consueret,
3159 5075 3221 5111 ac
3241 5058 3284 5112 si
3301 5067 3426 5114 esset

1824 5151 2103 5217 ceriarius,
2125 5151 2204 5204 vel
2237 5150 2453 5219 pellium
2476 5157 2642 5205 sutor.
2674 5147 2722 5204 A
2747 5161 2856 5220 quo
2884 5155 3064 5203 tamen
3089 5163 3278 5206 errore
3306 5149 3426 5206 Ori-

1825 5257 2018 5313 genem
2047 5248 2239 5310 purgat
2265 5240 2526 5297 Senensis
2568 5241 2760 5298 eadem
2798 5248 2986 5296 annot.
3020 5241 3092 5297 55
3129 5241 3370 5298 subdens
3406 5261 3422 5299 :

1828 5335 2077 5405 Suspicor
2096 5334 2232 5387 hunc
2252 5333 2422 5388 locum
2447 5334 2608 5403 fuisse
2633 5345 2935 5408 corruptum
2962 5334 3025 5388 ab
3055 5336 3257 5390 tumulis
3301 5335 3425 5390 Ori-

1825 5428 2005 5501 genis;
2027 5427 2071 5481 is
2116 5425 2254 5480 enim
2281 5425 2335 5479 in
2365 5425 2463 5480 hac
2492 5441 2548 5479 re
2577 5436 2794 5481 mentem
2811 5443 2956 5482 suam
2979 5426 3230 5482 catholice
3258 5429 3425 5497 aperit

1828 5519 2042 5576 homilia
2064 5518 2098 5576 6
2117 5519 2172 5574 in
2197 5517 2504 5587 Leviticum,
2526 5519 2612 5573 ubi
2641 5519 2716 5572 sic
2734 5520 2952 5575 scribit:
2983 5520 3134 5579 Fecit
3163 5522 3309 5580 Deus
3335 5530 3423 5578 tu-

1886 5676 1967 5752 (c)_
2000 5677 2117 5752 lfib.
2143 5692 2192 5741 ι,
2222 5691 2273 5732 c.
2302 5676 2358 5752 ξ,
2390 5691 2445 5730 ιι.
2471 5676 2523 5752 ξ,
2551 5675 2730 5748 ι).;27.

1897 5746 1977 5819 (ά)
2018 5749 2135 5804 Lib.
2160 5763 2198 5815 ι,
2229 5762 2280 5802 c.
2304 5746 2359 5813 5,
2385 5762 2438 5801 ιι.
2473 5746 2528 5802 5.
