3992 6204
641 273 779 332 1095

642 487 841 555 ubique
869 500 1166 554 expresso;
1206 484 1256 536 in
1279 497 1386 551 quo
1423 482 1467 536 si
1501 482 1645 550 quod
1676 481 1865 535 vitium
1901 493 2236 546 occurreret,

640 578 782 648 quod
810 575 1156 631 Corbeiensis
1181 590 1284 628 ms.
1314 589 1416 642 ope
1444 574 1561 628 tolli
1588 583 1788 643 posset,
1814 573 1867 627 id
1890 574 2058 627 lector
2079 589 2237 628 cura-

642 681 752 724 tum
784 668 1052 722 inveniret
1079 667 1131 720 in
1164 665 1478 735 Spicilegio.

711 760 1024 814 Subdnntur
1056 756 1304 827 ejusdem
1343 755 1498 810 Joas.
1533 755 1770 810 Ausim
1803 755 2040 809 Fanmcu
2083 770 2236 809 sou:

637 854 942 909 Posrnt'tu:
975 869 1042 906 an
1095 851 1498 914 PutLasrntust;
1548 867 1612 904 ex
1661 851 1858 919 quibus
1904 860 2098 918 quanta
2126 890 2139 914 ,
2184 859 2238 901 ct

634 963 795 1016 quam
825 946 1105 1014 multiplex
1133 943 1294 997 fuerit
1322 944 1517 997 summi
1550 942 1707 1010 hujus
1730 943 1829 995 viri
1859 941 2041 1006 lectio,
2067 941 2238 995 lector

633 1039 788 1093 facile
813 1038 1130 1107 perSpicict.
1160 1036 1216 1088 In
1244 1037 1309 1089 iis
1334 1034 1713 1089 describendis
1745 1042 2000 1087 notantur
2030 1031 2236 1101 pagina:

632 1131 912 1199 utriusque
933 1129 1189 1183 editionis
1211 1139 1318 1182 tam
1354 1126 1794 1195 llamburgensis,
1825 1141 1984 1195 quam
2015 1137 2233 1185 nosme,

635 1231 692 1276 ut
751 1222 963 1276 facilius
1022 1221 1137 1274 loca
1197 1219 1430 1274 inveniri
1494 1218 1740 1287 possint;
1805 1232 2006 1286 easque
2071 1216 2236 1270 habes

634 1331 756 1385 pag.
790 1315 890 1368 M7
920 1313 1080 1382 hujus
1111 1313 1383 1366 Brixiana:
1407 1311 1687 1374 editionis,
1722 1325 1825 1363 una
1854 1324 1976 1363 cum
2006 1309 2234 1378 epistola

634 1409 926 1462 llermanni
987 1405 1260 1461 Samuelis
1321 1404 1556 1459 Reimari
1611 1403 1678 1457 ad
1743 1403 2232 1457 eminentissimum

633 1502 968 1556 cardinalern
1000 1500 1286 1566 Quirinum
1321 1499 1506 1552 missa.

700 1593 981 1648 Accedunt
1005 1591 1346 1663 postmodum
1369 1607 1488 1660 pag.
1524 1590 1837 1652 ibimus.
1861 1602 2154 1643 LECTIONES
2184 1603 2233 1641 IN

629 1700 978 1740 putusrmuu
1004 1725 1019 1750 ,
1051 1700 1116 1738 ex
1164 1699 1266 1738 ms.
1314 1680 1632 1736 Corbeiensi
1659 1721 1672 1744 ,
1717 1696 1821 1733 una
1851 1695 1973 1734 cum
2005 1679 2232 1748 epistola

1879 266 2194 325 SANCTUS
2234 266 2691 325 PHILASTRIL‘S

641 393 877 447 Fanmcu
920 389 1287 454 exhiberetur,
1330 394 1476 441 textu
1515 385 1774 443 editionis
1815 386 2239 457 Hamburgensis
2264 399 2318 457 Α
2343 389 2444 442 sint
2478 396 2765 457 utrumque
2806 387 3114 457 exemplar,
3161 388 3582 460 Hamburgense
3621 404 3813 462 nempe,

3796 279 3874 334 ιυθε

2343 490 2592 534 nostrum
2621 481 3034 537 conferentibus
3062 484 3267 552 patebit
3299 500 3314 536 :
3344 484 3395 537 in
3429 484 3662 552 reliquis
3683 501 3878 554 express-

2343 587 2462 626 mus
2489 572 2603 626 fere
2631 588 2850 641 semper
2896 573 3196 629 editionem
3223 575 3699 647 Hamburgensem
3721 619 3734 641 ,
3760 584 3878 648 paucis

2341 663 2635 718 admodum
2692 665 3016 728 immutatis,
3064 667 3117 720 in
3147 668 3343 736 quibus
3397 668 3730 724 Basileensis
3773 673 3880 725 editis

2343 754 2737 824 llamburgensi
2774 767 3033 826 pr.cstare
3061 759 3173 812 visa
3205 770 3306 814 est.
3341 761 3746 830 Scripturarum
3771 765 3880 834 sylh-

2342 848 2472 902 bum
2497 865 2616 919 qua:
2652 865 2680 902 a
2729 850 3021 906 Philastrio
3057 853 3361 908 afferuntur
3382 896 3396 919 ,
3427 856 3767 910 concinnavit
3795 856 3880 910 Rev.

2339 941 2607 994 Antonius
2629 941 2804 996 Guelli
2839 943 3122 998 Brixianus
3145 986 3160 1010 ,
3189 945 3629 1002 Eiuinentissimi
3660 949 3881 1006 cardinaiis

2338 1035 2548 1102 Quirini
2580 1036 3039 1107 eleemosynarius
3065 1080 3079 1103 ,
3119 1041 3274 1109 cujus
3304 1056 3538 1110 operam
3569 1044 3620 1096 in
3660 1045 3881 1098 conferen-

2338 1127 2422 1182 dis
2463 1129 2626 1186 etiam
2655 1130 3212 1199 variisdectionibus,
3245 1149 3307 1189 ac
3335 1136 3573 1205 proinde
3605 1137 3655 1190 in
3703 1136 3788 1191 bac
3812 1148 3881 1192 tota

2339 1220 2580 1277 editione
2627 1225 2982 1293 perpolieuda
3032 1243 3322 1298 numquam
3356 1229 3495 1285 mihi
3542 1230 3883 1298 defuisse,hec

2339 1311 2460 1368 loco
2492 1314 2727 1370 libenter
2755 1326 3009 1374 testatum
3038 1320 3183 1375 volo.

2505 1472 2531 1542 ᾗ
2563 1471 2651 1526 V'I.
2689 1471 2918 1543 Operam
2943 1475 3003 1529 S.
3037 1475 3312 1530 Pltilaslrii
3334 1478 3500 1532 varice
3522 1479 3768 1534 editiones.

2411 1604 2648 1660 Primum
2685 1606 3006 1664 Pbilastrius
3047 1610 3222 1665 lucem
3270 1614 3484 1681 aspexit
3521 1616 3876 1681 ait.159.8,uua

2337 1712 2459 1751 cum
2493 1698 2781 1754 Lanfranci
2812 1700 2994 1756 libello
3020 1702 3281 1759 adversus
3311 1705 3698 1778 Berengarium
3720 1725 3793 1778 per
3813 1711 3874 1762 Io.

628 1778 690 1832 D.
719 1777 943 1830 Joannis
966 1775 1214 1846 Raverdy
1245 1774 1494 1828 monachi
1521 1772 1854 1826 Benedictini
1879 1772 1946 1826 ad
1978 1771 2217 1826 eumdem

2338 1787 2652 1842 Sichardttm
2671 1791 2870 1845 editus.
2905 1792 3075 1858 Quam
3107 1795 3401 1852 editionem
3435 1771 3699 1854 insecutis
3720 1771 3874 1855 beluis-

629 1869 1074 1924 Ementissimum
1103 1865 1440 1922 cardinalem
1478 1863 1798 1932 Quirinum;
1830 1866 1881 1917 in
1919 1863 2115 1932 quibus
2141 1880 2231 1919 re-

627 1961 1022 2032 praesentandis
1053 1960 1335 2018 Lectorem
1371 1960 1633 2014 monitum
1679 1958 1959 2028 volumus,
2008 1974 2230 2029 expres-

624 2072 742 2112 sam
784 2056 1116 2110 adamussim
1165 2055 1331 2108 fuisse
1377 2069 1479 2108 ms.
1525 2054 1875 2109 Corbeiensis
1905 2055 2229 2120 lectionem,

622 2151 851 2205 retentis
894 2149 1058 2205 etiam
1088 2149 1370 2203 erroribus
1413 2148 1545 2218 ipsis
1591 2163 1656 2203 ac
1699 2148 1942 2212 mendis,
1981 2164 2050 2203 ne
2102 2147 2228 2218 quid

631 2242 878 2298 lidelitati
904 2243 1140 2297 deesset.

696 2336 789 2390 llis
831 2336 1176 2404 subjuugitur
1206 2334 1547 2389 SPICIIEGICI
1580 2340 1823 2386 nostrum
1855 2331 1922 2385 ad
1960 2331 2125 2386 Notas
2155 2332 2226 2384 cl.

624 2430 725 2484 viri
767 2430 926 2484 Joan.
959 2429 1168 2483 Alberti
1202 2427 1476 2492 Fabricii,
1513 2427 1565 2479 in
1597 2441 1706 2496 quo
1749 2427 2116 2496 prrecipuum,
2166 2439 2229 2478 ac

623 2524 934 2579 uberiorem
966 2523 1144 2576 locum
1172 2521 1419 2575 obtinent
1440 2519 1847 2574 emendationes
1868 2533 1934 2574 ex
1965 2534 2067 2572 ms.
2093 2517 2230 2572 Cor-

621 2615 831 2672 beieusi
872 2615 1210 2685 desumptae;
1243 2629 1367 2668 cum
1399 2613 1544 2668 enim
1567 2653 1581 2676 ,
1617 2623 1674 2666 ut
1707 2613 1820 2681 jam
1867 2611 2071 2666 dictum
2108 2620 2225 2677 est,

620 2709 781 2763 varia:
832 2709 1090 2764 lectiones
1138 2707 1297 2776 hujus
1334 2705 1541 2760 codicis
1583 2707 1754 2760 serius
1783 2705 1850 2759 ad
1895 2719 1992 2759 nos
2032 2705 2228 2759 delata:

618 2804 820 2860 fuerint
843 2847 857 2869 ,
890 2818 956 2858 eo
986 2801 1192 2856 scilicet
1226 2809 1470 2868 tempore
1497 2814 1605 2867 quo
1631 2799 1809 2852 omnia
1837 2797 1903 2851 ad
1931 2797 2224 2852 editionem

619 2905 806 2966 parata
821 2904 1001 2961 erant,
1027 2894 1193 2947 immo
1213 2891 1394 2961 potius
1415 2906 1536 2944 cum
1555 2890 1724 2944 editio
1741 2889 1859 2944 hate
1881 2890 1996 2959 ipsa
2019 2889 2226 2959 inemp-

619 2997 670 3042 ta
696 2990 808 3058 jam
855 2996 1033 3052 esset;
1066 2986 1270 3041 idcirco
1313 2984 1470 3038 aliter
1508 2991 1623 3036 tum
1659 2983 1885 3052 publica:
1913 2981 2126 3036 utilitati
2154 2985 2223 3048 ,in

619 3080 958 3136 restituendo
1002 3079 1278 3135 Pbilasuii
1312 3088 1494 3141 textu,
1526 3085 1636 3130 tum
1681 3077 1843 3131 etiam
1889 3076 2110 3144 privatis
2142 3083 2226 3145 ty-

2338 1879 2692 1946 tadiensibus,
2716 1892 2768 1936 et
2787 1897 2905 1951 quae
2926 1881 2980 1936 in
3005 1884 3358 1941 Bibliothecis
3387 1888 3492 1942 PP.
3523 1889 3869 1950 Parisiensibus.

2333 1969 2648 2026 Coloniensi
2703 1982 2758 2026 et
2805 1973 3152 2044 Lugdunensi
3206 1988 3500 2048 prostant,
3557 1984 3800 2038 meliorem
3835 1996 3869 2037 ei

2335 2063 2765 2119 emendatiorem
2812 2065 3113 2123 Galeardus
3139 2069 3526 2139 deprehendit.
3558 2075 3786 2131 Prrcsenti
3808 2079 3867 2130 de-

2333 2171 2480 2210 mum
2505 2157 2777 2227 saeculoja.
2808 2159 2970 2226 l72l,
2995 2159 3083 2214 lo.
3109 2162 3249 2216 Alb..
3281 2163 3562 2220 Fabricius
3585 2169 3636 2222 in
3656 2168 3731 2222 ed.
3759 2169 3865 2222 llam-

2332 2245 2588 2317 burgensi
2612 2264 2721 2303 non
2743 2249 3025 2306 codicibus
3046 2253 3288 2322 quidem,
3311 2257 3409 2312 sed
3439 2258 3658 2328 ingenio
3678 2261 3868 2331 praebri:

2331 2340 2382 2396 ei
2409 2341 2704 2409 opitulatus
2729 2354 2813 2398 est
2853 2355 2907 2399 et
2940 2347 3312 2404 eruditissima
3356 2357 3705 2410 annotatione
3745 2356 3866 2410 lucem

2329 2431 2539 2488 aﬂ'udit.
2573 2433 2998 2493 lnstructissima
3019 2439 3218 2497 deinde
3235 2458 3286 2496 a.
3307 2446 3448 2501 1758
3469 2449 3664 2517 prodiit
3688 2448 3868 2503 Gatcardi

2329 2523 2495 2580 editio
2528 2534 2730 2581 textum
2763 2528 3139 2586 Fabricianum
3185 2535 3486 2603 exhibens,
3519 2540 3613 2595 sed
3639 2542 3762 2595 netis
3797 2541 3868 2594 Fa-

2330 2614 2588 2671 bricianis
2616 2619 2923 2688 posthumis
2960 2638 3017 2678 et
3056 2640 3157 2680 ms.
3191 2624 3553 2686 Corbeiensis
3581 2634 3804 2687 varietate
3834 2644 3869 2686 et

2329 2711 2800 2768 emendationibus
2846 2715 3208 2787 locupletata,
3252 2721 3304 2774 in
3355 2724 3725 2795 qna;primum
3749 2725 3866 2780 etiam

2327 2817 2422 2855 sex
2445 2803 2733 2872 capitibus,
2756 2807 2954 2875 quibus
2977 2825 3146 2880 usque
3162 2811 3290 2866 dum
3311 2825 3572 2870 caruerat
3592 2816 3863 2872 l’hilastrius.

2328 2903 2523 2949 auctus
2548 2905 2602 2950 et
2628 2897 2912 2954 absolutus
2939 2909 3043 2955 est.
3077 2902 3310 2958 Fabricii
3343 2914 3552 2961 textum
3581 2909 3744 2962 itidem
3775 2909 3863 2962 reti-

2327 2985 2442 3040 nuit
2467 3028 2483 3054 ,
2514 2987 2722 3044 codicis
2751 2989 2914 3045 Corb.
2950 2992 3288 3050 variantibus
3315 3000 3488 3053 textui
3512 3003 3682 3054 statim
3702 3001 3862 3068 subjec-

2329 3075 2396 3130 tis
2425 3085 2482 3132 et
2511 3093 2605 3132 sex
2630 3080 2928 3148 capitibus,
2957 3099 3079 3152 qua:
3109 3101 3176 3140 ex
3201 3087 3400 3143 eodem
3430 3092 3860 3146 accesserantlocis

618 3173 877 3243 pOgraphi
908 3172 1208 3226 rationibus
1228 3170 1437 3226 consuli
1461 3185 1568 3225 non
1593 3171 1790 3239 potuit.
1815 3169 1982 3224 Porro
2004 3169 2221 3238 iniquus
2247 3167 2291 3228 C
2325 3170 2438 3224 suis
2465 3171 2684 3226 insertis
2703 3214 2717 3239 ,
2746 3174 2912 3228 Andr.
2943 3174 3253 3235 Gallandius
3277 3224 3293 3250 ,
3325 3183 3415 3238 cui
3445 3185 3722 3240 novissima
3745 3183 3860 3251 hujus

621 3265 866 3334 profecto
895 3264 996 3318 sim
1018 3305 1032 3330 ,
1064 3279 1224 3334 quem
1274 3276 1486 3332 aequum
1510 3261 1747 3331 judicem
1789 3259 2069 3315 industria:
2112 3275 2222 3316 suae

619 3359 672 3412 in
693 3356 1028 3412 recensendo
1052 3356 1345 3410 Philastrio
1368 3355 1649 3409 Fabricius
1675 3355 1788 3423 ipse
1807 3354 2096 3423 appellavit
2120 3353 2216 3424 (a),

617 3452 662 3505 si
691 3449 981 3520 quidquam
1009 3448 1205 3503 summi
1231 3447 1331 3501 viri
1355 3487 1370 3512 ,
1393 3461 1456 3500 ac
1485 3446 1551 3501 de
1575 3445 1865 3500 Philastrio
1892 3461 2000 3500 non
2020 3445 2218 3511 solum,

613 3544 710 3599 sed
733 3543 799 3598 de
822 3543 1016 3598 litteris
1033 3543 1287 3597 omnibus
1308 3542 1510 3610 optime
1537 3541 1716 3594 tneriti
1738 3541 1891 3594 fama:
1911 3581 1925 3605 ,
1951 3550 2042 3594 aut
2068 3540 2219 3595 labo-

615 3637 767 3691 ribus
796 3635 1101 3690 detractum
1142 3635 1302 3689 velim
1337 3634 1434 3702 (ὁ).
1470 3633 1737 3687 Przeclara
1768 3642 1922 3697 sunt,
1959 3647 2022 3687 ac
2055 3648 2219 3703 prope

615 3729 898 3782 innumera
929 3725 1186 3795 quaajipse
1209 3723 1503 3779 Philastrio
1533 3724 1809 3794 praestitit;
1841 3736 1897 3778 ut
1928 3741 2032 3778 non
2058 3741 2217 3795 prop-

615 3829 764 3875 terea
796 3819 841 3873 si
873 3817 1000 3887 quid
1033 3817 1292 3871 intactum
1323 3816 1498 3870 adhuc
1521 3856 1535 3878 ,
1573 3824 1666 3869 aut
1697 3831 1801 3870 non
1833 3818 1964 3871 satis
1993 3832 2214 3872 emacu-

613 3911 782 3966 latum
815 3907 1033 3978 reliquit
1060 3950 1075 3974 ,
1108 3907 1212 3963 hoc
1241 3922 1397 3977 aaquo
1423 3907 1546 3977 jure
1573 3907 1768 3977 aliquis
1789 3908 1839 3963 ei
1863 3909 1990 3964 vitio
2016 3919 2210 3965 vertat.

616 4003 814 4058 Verum
841 4017 963 4058 cum
994 4017 1058 4058 ea
1086 4003 1155 4058 sit
1183 4003 1271 4056 lex
1290 4043 1306 4069 ,
1337 4011 1396 4056 ut
1425 4002 1477 4056 in
1509 4003 1854 4072 antiquorum
1885 4005 2102 4073 scriptis
2129 4022 2213 4061 re—

606 4096 896 4153 censendis
941 4107 996 4151 et
1034 4095 1389 4152 emendandis
1429 4111 1647 4166 semper
1697 4096 1894 4166 aliquis
1923 4099 2210 4166 posteriori

607 4189 902 4261 diligentia:
927 4190 1302 4258 pateatlocus;
1336 4188 1540 4242 idcirco
1558 4189 1769 4244 veniam
1793 4190 1932 4244 hanc
1957 4191 2206 4259 petimus,

605 4283 910 4352 damusque
940 4281 1180 4336 vicissim
1206 4322 1220 4345 ,
1255 4288 1316 4333 ut
1350 4280 1510 4335 liceat
1549 4281 1746 4350 cuique
1796 4281 1848 4335 in
1881 4281 2068 4336 eadem
2115 4299 2210 4352 pa-

605 4375 786 4430 lastra
817 4373 1088 4439 versanti,
1118 4372 1185 4425 de
1217 4372 1284 4425 iis
1321 4387 1440 4437 qua:
1471 4387 1500 4425 a
1533 4372 1803 4442 prioribtts
1833 4387 1989 4428 secus
2019 4375 2208 4429 obser-

605 4478 757 4534 vata,
794 4466 879 4520 vel
909 4464 1050 4519 dicta
1099 4474 1254 4531 sunt,
1303 4465 1627 4519 sententiam
1679 4481 1828 4521 suam
1871 4467 2098 4522 candide
2141 4483 2204 4523 ac

2324 3265 2561 3321 auctoris
2589 3266 2819 3323 debetur
2847 3269 3033 3324 editio.

2943 3378 3161 3420 SECULO
3208 3383 3316 3421 XVI.

2397 3452 2554 3507 1528.
2585 3450 2806 3507 Baaileae
2827 3494 2841 3519 ,
2875 3455 3039 3511 iri-8°.
3073 3455 3353 3513 Philastrii
3388 3461 3626 3533 episcopi
3670 3461 3852 3516 Brixian-

2321 3541 2396 3595 sis
2421 3543 2709 3597 llmreseaw
2729 3545 3025 3615 catalogus.
3046 3547 3404 3618 Cuiadjectus
3422 3564 3509 3608 est
3529 3553 3849 3608 eruditissimus

2322 3633 2539 3690 libellus
2562 3635 2853 3694 Laufranci
2871 3639 3110 3709 episcopi
3142 3641 3591 3700 Canthauriensis
3625 3646 3686 3701 de
3710 3647 3848 3700 Sacra

2319 3740 2503 3786 mento
2533 3731 2890 3788 Eucharistia:
2918 3733 3178 3792 adversus
3206 3737 3612 3810 Berengarium.
3639 3740 3764 3795 Nunc
3792 3752 3849 3792 re-

2317 3840 2448 3881 cens
2475 3826 2629 3882 editi.

2388 3918 2712 3987 Sichardus,
2742 3937 2900 3991 quem
2945 3923 3043 3979 hos
3070 3924 3281 3982 libellos
3305 3929 3358 3982 in
3390 3929 3566 3986 lucem
3597 3927 3847 4000 produxisse

2314 4007 2581 4077 diximus,
2617 4012 2759 4066 idem
2787 4053 2803 4079 ,
2835 4012 2929 4083 qui
2963 4015 3263 4071 Antidotum
3289 4033 3476 4075 contra
3506 4039 3666 4076 omnes
3687 4023 3844 4073 [arma

2313 4101 2501 4156 eodem
2535 4103 2696 4172 plane
2739 4119 2881 4159 anno
2914 4107 3131 4175 prodire
3156 4110 3360 4178 jussit,
3389 4115 3662 4182 epistolam
3689 4125 3843 4165 nuncu-

2312 4193 2577 4261 patoriam
2606 4195 2673 4249 ad
2702 4195 3076 4254 Balthasarem
3103 4202 3334 4257 electum
3367 4206 3713 4277 coadjutorem
3739 4203 3841 4258 Con-

2309 4283 2662 4340 stantiensem
2697 4286 3057 4358 (Postulatum
3094 4292 3646 4362 Hildesheimensem,
3674 4295 3840 4364 Episco-

2311 4392 2438 4446 pum
2461 4378 2783 4435 Maltcnsem
2815 4380 3082 4439 Caesareae
3109 4386 3232 4440 Mai.
3259 4391 3543 4446 Oratorem
3573 4402 3621 4445 et
3653 4391 3842 4443 viceran-

2308 4470 2630 4542 cellarium)
2688 4473 2802 4527 dat.
2863 4475 3028 4529 BaSIl.
3091 4478 3162 4532 26
3226 4479 3517 4538 Novembr.
3567 4498 3694 4538 anno
3740 4477 3838 4534 1538

601 4559 928 4629 simpliciter
961 4555 1236 4626 proferre;
1264 4572 1384 4626 qua:
1424 4557 1639 4627 quidem
1671 4559 1939 4614 sentiendi
1979 4560 2204 4617 libertas
2228 4552 2284 4614 D
2309 4566 2655 4634 perscripsit,
2691 4567 2742 4620 in
2781 4582 2889 4637 qua
2915 4582 2975 4624 se
2996 4570 3214 4640 scriptis
3235 4573 3391 4630 hisce
3416 4585 3648 4632 veterum
3670 4570 3839 4629 edendis

599 4652 653 4707 in
679 4651 1008 4706 deteriorem
1036 4657 1244 4718 partem
1279 4648 1420 4702 trahi
1453 4665 1559 4704 non
1594 4649 1760 4714 solet,
1789 4651 1891 4706 nisi
1919 4652 1986 4706 ab
2028 4653 2205 4708 borni-

595 4748 755 4803 nibus
783 4761 974 4816 parum
1002 4743 1252 4800 candidis
1301 4752 1357 4798 et
1382 4743 1626 4798 veritatis
1653 4760 1844 4813 parum
1873 4748 2201 4804 amantibus.

601 4839 658 4893 in
688 4840 790 4893 hac
815 4853 982 4907 porro
1009 4836 1252 4892 editione
1294 4835 1426 4890 illud
1473 4834 1665 4890 sedulo
1702 4847 1948 4891 curatum
1991 4846 2074 4894 est
2099 4881 2113 4905 ,
2147 4851 2206 4896 ut

599 4930 848 4984 vitiosam
896 4928 1393 4998 interpunctionem
1425 4927 1841 4985 restitueremus
1861 4970 1876 4995 ,
1907 4932 2050 5000 quod
2081 4948 2206 5002 pas-

697 5069 748 5137 a)
781 5069 939 5122 Praef.
970 5067 1036 5122 ad
1065 5067 1320 5122 Pbilastr.

693 5139 744 5208 b)
788 5139 845 5193 ln
892 5141 992 5193 hac
1041 5138 1336 5193 novissima
1365 5147 1458 5210 et,
1489 5149 1548 5194 ut
1592 5157 1901 5210 speramus,
1946 5147 2191 5202 omnium

591 5209 988 5282 perfectissima
1007 5210 1269 5276 editione,
1293 5209 1647 5268 eruditissimi
1671 5213 2194 5282 Galeardillucnbra-

591 5283 766 5337 tiones
786 5282 864 5358 ad
896 5283 1153 5336 unitatem
1187 5292 1263 5358 et
1284 5282 1630 5358 methodum,
1661 5287 1785 5355 quia
1825 5285 1893 5338 ab
1922 5296 2153 5358 utraque
2177 5333 2192 5356 ,

585 5355 912 5409 necessitate
944 5353 1331 5425 typographica
1361 5393 1374 5416 ,
1405 5354 1660 5409 aberrare
1681 5353 1910 5410 coactus
1938 5370 2018 5412 est
2040 5353 2190 5424 [hoc

591 5425 756 5481 modo
783 5426 1111 5481 reducentur
1137 5441 1150 5475 :

655 5499 717 5552 1ο
741 5496 1024 5551 Variantes
1047 5493 1311 5550 lectiones
1336 5493 1541 5565 codicis
1566 5495 2056 5565 Sangermanensis
2077 5503 2189 5556 sin-

581 5569 726 5638 gulis
764 5565 1031 5623 columnis
1058 5565 1248 5638 ordine
1276 5564 1957 5638 subjacebunt,’litterulis
1992 5571 2058 5625 ad
2095 5587 2188 5629 eas

581 5636 846 5694 lectorem
872 5637 1252 5693 revocantibus
1280 5636 1701 5692 concordantes.

650 5709 718 5758 2°
738 5709 1015 5775 Quotquot
1034 5723 1105 5762 ex
1138 5721 1299 5775 supra
1319 5706 1466 5761 dicto
1489 5709 1676 5765 codice
1704 5708 2044 5767 Fabricianae
2064 5715 2182 5770 edi-

585 5775 720 5832 tioni
742 5778 916 5844 capita
945 5791 1250 5843 accessere,
1299 5777 1469 5833 textui
1493 5793 1593 5836 suo
1611 5781 1735 5839 loco
1764 5781 2176 5852 interserentur,

2308 4660 2554 4715 dolorem
2577 4701 2592 4726 ,
2617 4675 2779 4729 quem
2804 4677 2870 4716 ex
2898 4655 3121 4730 saeculi,
3155 4680 3252 4735 per
3272 4667 3480 4724 similes
3510 4669 3722 4724 haereses
3745 4679 3837 4718 eun-

2305 4753 2482 4818 cussi,
2522 4754 2834 4809 calamitate
2875 4756 3081 4826 capiat,
3115 4758 3307 4813 ulcisci
3354 4761 3630 4831 signiﬁcat.
3668 4756 3834 4814 Interim

2307 4845 2547 4900 incertos
2588 4859 2688 4901 nos
2717 4845 2786 4901 de
2813 4847 3020 4903 chartis
3039 4890 3054 4916 ,
3079 4850 3221 4906 unde
3251 4851 3587 4909 Philastrium
3611 4862 3834 4925 protraxe-

2305 4939 2374 4994 rit
2399 4980 2412 5006 ,
2453 4940 2609 5005 sivit;
2632 4956 2960 5012 quamquam
2985 4945 3316 5013 conjectum
3345 4947 3587 5005 fortassis
3610 4949 3739 5003 locus
3753 4954 3831 4997 non

2299 5079 2370 5134 ita
2405 5090 2462 5135 ut
2491 5095 2614 5136 cum
2645 5097 2824 5140 rerum
2865 5095 2978 5140 tum
3005 5103 3359 5147 numerorum
3384 5093 3543 5150 seriei
3568 5090 3827 5147 continuan‘

2297 5151 2380 5205 dte
2437 5152 2763 5208 inserviant.

2365 5222 2422 5278 3°
2451 5221 2890 5305 Notaa__Fabricii
2941 5230 3288 5302 posthumae,
3329 5236 3588 5305 prioribus
3634 5228 3822 5300 ejusdem

2295 5297 2737 5373 annotationibus
2775 5307 3044 5368 coaptatre
3089 5313 3251 5373 atque
3275 5297 3606 5362 'intermixtae
3624 5345 3638 5370 ,
3660 5297 3822 5356 textum

2293 5365 2640 5421 continenter
2670 5365 3053 5426 illustrandum
3076 5365 3495 5433 comitabuntur.

2362 5437 2427 5490 4ο
2481 5437 2758 5518 Quidquid
2785 5451 3063 5518 __not_art_tm
3113 5446 3189 5518 in
3219 5447 3498 5518 Spicilegio
3561 5446 3630 5518 ad,
3661 5441 3818 5498 calcem

2292 5521 2404 5584 sitae
2431 5508 2688 5584 editionis
2713 5509 2936 5584 collegit
2962 5508 3298 5584 Galeardus',
3331 5508 3517 5575 eodem
3547 5517 3711 5574 ordine
3741 5523 3819 5579 quo

2292 5575 2758 5657 Fabriciartae__sub
2789 5575 2936 5657 tex'tu
2959 5585 3063 5640 rite
3083 5575 3463 5657 disponentur.

2361 5648 2424 5701 5°
2457 5650 2696 5720 Singulis
2725 5654 2898 5731 notis,
2928 5669 2999 5711 ne
3027 5673 3130 5726 qua
3157 5648 3404 5716 confusio
3437 5662 3653 5731 irrepat,
3676 5658 3813 5708 aucto-

2285 5718 2361 5774 ris
2391 5718 2588 5777 nomen
2617 5723 2940 5780 ascribetur.
3044 5718 3057 5726 ’
3543 5718 3557 5731 ⁸
3592 5718 3705 5783 Eas.
