3992 6204
143 239 310 300 1097

1447 231 1531 290 FA
1543 227 1741 288 BRICII
1777 227 2167 287 I’REFATIO.

3343 235 3482 293 1098

141 352 310 408 desit
332 389 350 418 ,
399 362 524 407 cum
571 362 717 406 anno
769 348 1055 420 superiore
1103 346 1370 404 Trevirim
1428 346 1775 403 visendarum
1804 351 1856 411 Α
1884 345 2148 416 docteque
2170 355 2227 400 et
2254 344 2502 415 apposite
2524 343 2724 413 ubique
2744 344 3062 416 explicatus.
3089 346 3386 420 Superesse
3407 353 3487 408 fa-

143 451 418 500 veterum
463 441 915 499 bibliothecarum
946 441 1116 512 gratia
1158 440 1357 497 adiisse
1387 449 1619 496 testatur
1640 482 1654 506 ,
1688 439 1779 496 ubi

145 539 387 594 occasio
432 537 539 608 ipsi
579 543 703 593 nata
733 537 804 593 sit
834 537 888 592 in
916 536 1180 593 honorem
1213 535 1548 592 Balthasaris
1577 533 1780 606 prmia-

144 631 318 687 tione
367 629 712 687 baclitandi.
755 629 958 685 Textus
995 629 1325 700 simpliciter
1369 628 1671 698 descriptus
1700 634 1784 683 est

146 721 414 778 indiculo
438 737 624 779 rerum
657 721 1091 778 memorabilium
1126 721 1433 793 praemisso.

231 816 404 874 1539.
453 814 804 881 Basilus”...
855 816 1024 873 iri-8°.
1068 815 1127 872 S.
1176 813 1449 870 Philastrii
1496 828 1585 884 ep.
1632 811 1780 866 Brix.

147 910 463 967 Hmreseaw
511 909 794 981 catalogus
821 924 944 965 cum
995 907 1187 964 incerti
1233 905 1517 978 scriptoris
1552 900 1788 960 recentis

149 1003 562 1075 supplemento
588 1013 644 1059 et
672 1018 797 1060 cxrv
828 1001 1117 1058 sententiis
1139 1000 1357 1056 Patrum
1389 998 1458 1054 de
1485 998 1664 1054 ofﬁcio
1697 1010 1788 1052 ve-

150 1111 361 1154 rorum
392 1105 669 1152 rectorum
717 1095 979 1152 Ecclesia:
1021 1095 1146 1159 Dei,
1192 1103 1247 1148 ct
1290 1090 1696 1164 apospasmatio
1721 1103 1788 1145 ex

154 1188 408 1261 epistola
427 1186 723 1260 Nicephori
747 1185 1183 1257 Chartophilacis
1204 1185 1271 1240 ad
1293 1182 1660 1240 Theodosium
1678 1181 1790 1237 Mo-

154 1281 408 1339 nachum
438 1281 508 1338 de
529 1279 732 1353 ligandi
762 1278 1120 1350 solvendique
1149 1285 1438 1348 potestate.

242 1381 410 1438 1575.
441 1379 643 1449 Paris.,
680 1396 769 1450 ap.
804 1378 967 1433 Mich.
998 1376 1284 1443 Sonnium,
1317 1374 1494 1445 iri-fol.
1524 1373 1582 1430 S.
1613 1371 1791 1427 Phila-

156 1475 291 1533 strii
316 1474 599 1546 catalogus
622 1472 1013 1529 [hereticorum
1034 1469 1088 1525 in
1113 1479 1261 1525 tomo
1285 1468 1327 1523 V
1351 1467 1491 1523 Bibl.
1507 1466 1611 1522 PP.
1630 1464 1788 1535 Bign.

243 1566 410 1626 1589.
444 1565 688 1634 Parisiis,
712 1564 894 1636 iit-fol.
921 1562 1196 1618 Philastrii
1222 1561 1392 1632 episc.
1412 1559 1558 1615 Brix.
1582 1557 1650 1614 de
1672 1557 1793 1611 Ilae-

163 1662 396 1721 resibus
431 1660 600 1727 liber,
650 1659 707 1716 in
763 1667 912 1715 tomo
962 1655 1027 1712 IV
1074 1655 1194 1712 Bib.
1236 1654 1342 1711 PP.
1385 1653 1540 1724 Bign.
1572 1649 1660 1708 ed.
1707 1663 1795 1706 se—

165 1755 395 1814 caudae.

789 1857 1008 1900 δεουιο
1046 1858 1176 1898 XVII.

256 1939 416 1996 I611.
450 1936 802 2004 Helmrtadii,
826 1953 918 2008 per
941 1933 1060 1990 Jac.
1103 1933 1344 1988 Lucium.
1377 1931 1536 1986 iit-4°.
1579 1930 1635 1986 S.
1668 1927 1794 1985 Phi—

169 2032 355 2090 lastrii
387 2031 668 2103 catalogus
696 2029 997 2084 Hccresium
1032 2041 1173 2098 pene
1213 2025 1456 2081 omnium
1500 2038 1623 2079 cum
1666 2037 1794 2093 sup-

169 2129 454 2200 plemento
480 2125 678 2183 incerti
705 2124 970 2188 auctoris,
1003 2123 1233 2179 editore.
1263 2121 1352 2175 Jo.
1377 2139 1408 2174 a
1430 2117 1648 2174 Fuchte.

253 2221 417 2278 1618.
440 2219 623 2276 Colon.
643 2218 892 2290 Agripp.,
918 2214 1097 2286 iri-fol.
1123 2212 1406 2269 Philastrii
1428 2211 1648 2266 libcrde
1671 2209 1792 2264 Ha:-

172 2315 398 2373 resibus
421 2352 439 2379 ,
470 2314 527 2369 in
560 2322 708 2370 tomo
733 2310 800 2368 IV
830 2309 969 2366 Bibl.
1003 2308 1108 2364 PP.

255 2405 415 2462 1621.
446 2404 792 2472 Helmstadii,
831 2419 922 2474 per
967 2399 1086 2456 Jac.
1125 2399 1366 2454 Lucium.
1412 2397 1586 2453 iii-1°.
1618 2395 1794 2467 Repe-

179 2500 278 2556 tita
306 2497 628 2555 Fuchtiana.

257 2593 417 2652 1644.
435 2592 680 2659 Parisiis,
699 2593 826 2662 imp.
852 2590 1005 2645 trium
1025 2587 1291 2659 bibliOpol.
1314 2585 1495 2656 in-fol.
1517 2583 1795 2640 Philastrii

1886 447 2029 494 tetur
2073 453 2240 508 pauca
2274 437 2450 494 adhuc
2490 437 2606 493 loca
2630 480 2644 505 ,
2675 439 2727 494 in
2763 440 2962 510 quibus
2990 451 3205 513 optaret
3246 443 3422 502 lucem
3453 462 3485 503 a

1885 530 2164 587 codicibus
2210 547 2340 586 mss.
2376 548 2389 586 :
2430 549 2448 582 ‹
2487 529 2557 585 Et
2601 545 2753 601 spem
2802 532 2935 588 mihi
2981 533 3275 606 aliquando
3324 554 3488 594 manu

1885 627 2090 681 exarati
2133 623 2461 696 exemplaris
2498 638 2568 680 ex
2601 623 2750 679 Italia
2782 625 3064 682 obtinendi
3094 628 3222 685 fecit
3262 630 3490 690 illustris

1887 716 2039 774 Gisb.
2069 715 2314 788 Cuperus
2331 757 2346 784 ,
2379 717 2573 789 inquit,
2593 717 2689 773 sed
2714 717 2999 789 interiecto
3028 728 3272 792 tempore
3292 722 3488 780 iterum

1891 811 2141 882 monuit,
2165 827 2315 883 spem
2354 811 2766 871 illamomncm
2795 815 3098 872 evanuisse.
3139 816 3324 888 Itaque
3364 820 3495 876 solis

1889 906 2222 963 cditionibus
2247 949 2262 975 ,
2308 907 2715 964 Basileensibus
2756 908 3022 980 imprimis
3060 909 3314 966 standum
3359 911 3491 968 mihi

1891 1000 2019 1068 fuit,
2055 999 2197 1071 quod
2239 1009 2418 1057 tamen
2448 1000 2502 1056 in
2545 1002 2883 1058 recensendo
2909 1002 3012 1058 hoc
3042 1005 3309 1076 scriptore
3351 1022 3492 1077 pra-

1892 1093 2149 1160 stiterim,
2185 1094 2421 1151 libenter
2451 1095 2618 1151 feram
2663 1111 2847 1165 aequos
2875 1105 2928 1151 et
2951 1097 3194 1153 eruditos
3224 1099 3497 1156 mSIimarc

1888 1187 2121 1258 judices,
2148 1186 2376 1242 Paulum
2418 1188 2686 1259 imprimis
2713 1187 3087 1263 Gagliardum,
3116 1206 3314 1247 canon.
3345 1193 3492 1249 Brix.

1894 1296 2055 1350 quem
2085 1279 2359 1336 Philastrii
2387 1290 2442 1336 et
2479 1280 2767 1338 Gaudentii
2797 1281 3095 1339 editionem
3128 1285 3307 1340 moliri
3340 1285 3500 1355 paulo

1894 1373 2071 1428 serius
2119 1388 2186 1429 ex
2237 1373 2420 1429 Diario
2445 1373 2657 1430 Veneto
2704 1374 3048 1431 Eruditorum
3099 1377 3264 1432 Italiae
3311 1377 3497 1433 didici.

1898 1463 2110 1520 Titulos
2155 1465 2423 1535 capitum,
2474 1464 2600 1521 licet
2629 1480 2658 1519 a
2701 1467 2892 1536 quovis
2921 1467 3029 1522 alio
3077 1484 3237 1540 quam
3286 1471 3353 1524 ab
3382 1469 3503 1539 ipso

1898 1556 2193 1613 Philastrio
2216 1557 2522 1630 appositos,
2555 1567 2610 1613 et
2631 1558 2902 1614 interdum
2935 1560 3114 1615 minus
3138 1571 3324 1632 aptos,
3354 1562 3504 1618 nolui

1899 1649 2156 1707 omittere
2188 1668 2201 1704 :
2234 1660 2496 1707 caeterum
2526 1651 2885 1721 appendicem
2919 1653 3032 1709 sive
3061 1654 3502 1725 supplementum

1816 1753 1862 1814 Β
1889 1746 2128 1801 recentis
2150 1745 2465 1816 scriptoris,
2494 1760 2618 1801 cum
2647 1760 2839 1816 parum
2866 1757 3183 1805 accuratum
3213 1751 3286 1806 sit
3313 1759 3369 1806 et
3395 1752 3508 1807 nul-

1891 1835 2000 1892 lius
2050 1837 2423 1904 auctoritatis,
2480 1838 2846 1906 praatermisi,
2901 1839 3188 1898 additurus
3229 1842 3350 1914 ejus
3387 1843 3508 1901 loco

1893 1926 2135 1983 libellum
2163 1929 2232 1984 de
2262 1928 2593 1997 haeresibus,
2619 1945 2780 2000 quem
2803 1930 2907 1987 sub
2940 1933 3255 2006 Hieronymi
3284 1936 3508 1993 nomine

1893 2016 2154 2076 Claudius
2176 2019 2468 2077 Menardus
2490 2020 2680 2076 edidit.
2707 2022 2813 2078 Sed
2837 2024 3095 2080 nundinis
3116 2029 3508 2098 occupantibus

1893 2123 2024 2184 Opto
2052 2114 2206 2169 illum
2231 2113 2799 2187 Pseudo-llieronymi
2827 2115 3069 2172 libellum
3093 2131 3346 2191 separato
3374 2121 3509 2180 dare

1894 2205 2190 2272 volumine,
2216 2206 2460 2276 aliosque
2484 2206 2680 2263 breves
2705 2219 2922 2265 veteres
2943 2209 3012 2265 de
3036 2212 3306 2269 haereticis
3333 2216 3510 2286 scrip-

1896 2311 2043 2357 tores
2066 2297 2460 2369 illiadjungere
2482 2300 2922 2373 praemittereque
2949 2303 3390 2363 dissertationem
3414 2323 3510 2379 op-

1893 2391 2126 2459 positam
2158 2390 2334 2447 errori
2362 2406 2428 2447 ac
2454 2391 2773 2464 praajudicio
2803 2411 3026 2462 eorum,
3060 2399 3150 2469 qui
3203 2399 3511 2459 hazresibus

1894 2477 2333 2539 Christianorum
2363 2499 2662 2558 earumque
2691 2488 3039 2546 multitudine
3058 2506 3123 2547 ac
3142 2495 3404 2552 varietate
3435 2496 3512 2551 ita

1894 2589 1956 2630 se
2006 2577 2282 2646 patiuntur
2313 2576 2552 2646 oﬂ‘endi,
2583 2589 2644 2634 ut
2687 2579 2756 2637 de
2807 2581 3036 2639 veritate
3068 2584 3184 2656 ipsa
3234 2588 3514 2659 religionis

179 2687 253 2745 de
282 2686 595 2744 Hmesibus
634 2685 796 2750 liber,
841 2684 895 2739 in
945 2691 1094 2738 ιοιηο
1122 2679 1190 2735 1v
1241 2679 1381 2736 Bibl,
1413 2677 1519 2734 Pp,
1553 2676 1712 2748 hujus
1742 2683 1798 2733 et
1891 2665 2168 2739 indignius
2201 2668 2328 2724 hinc
2357 2670 2864 2743 irreverentiusque
2893 2676 3186 2732 sentiant.»
3211 2679 3341 2735 Post
3370 2698 3513 2752 pra:-

181 2796 308 2854 qua:
336 2796 428 2836 an.
462 2778 605 2837 165-1
635 2779 691 2834 in
722 2777 882 2835 titulo
912 2775 1074 2847 gerit.

259 2875 420 2932 1676.
464 2873 784 2930 Helmstadii
801 2911 888 2941 ,...
919 2872 1086 2927 iri-4°.
1121 2868 1395 2940 Repetitio
1417 2868 1590 2924 altera
1617 2865 1796 2923 Fuch-

183 2969 349 3028 tiana:
370 2968 462 3026 ed.

260 3062 420 3119 1677.
452 3060 726 3134 Lugduni,
773 3060 915 3131 apud
943 3057 1276 3122 Aniuonios,
1307 3055 1487 3126 iri-fol.
1524 3055 1583 3112 S.
1615 3053 1796 3110 Phila-

1896 2757 2156 2814 fationem
2177 2760 2469 2831 subjicitur
2499 2761 2616 2818 Vita
2646 2763 2705 2820 S.
2734 2764 3010 2822 Philastrii
3040 2783 3134 2839 per
3161 2770 3218 2826 S.
3253 2771 3509 2830 Gauden-

1897 2851 2054 2918 tium,
2072 2852 2330 2908 nimirum
2357 2869 2540 2910 sermo
2566 2855 2710 2910 illius
2728 2857 2778 2910 in
2802 2858 3174 2915 anniversario
3198 2862 3286 2919 die
3305 2865 3509 2922 solem-

1895 2945 2082 3000 nitatis
2109 2946 2228 3016 ejus
2253 2946 2368 3016 (xrv
2386 2949 2546 3004 annis
2564 2957 2689 3018 post
2707 2950 2916 3006 obitum
2942 2952 3240 3028 Philastrii)
3261 2959 3509 3028 habitus;

1896 3046 1953 3093 et
1991 3039 2302 3094 testimonia
2332 3039 2580 3110 quaedam
2632 3042 2978 3112 superiorum
3011 3046 3277 3103 editorum
3308 3051 3377 3107 de
3419 3069 3516 3108 co-

185 3157 306 3214 strii
335 3156 474 3213 liber
502 3133 570 3212 de
621 3153 954 3221 Haeresibus,
997 3154 1051 3208 in
1093 3159 1243 3207 tomo
1271 3149 1317 3207 ν
1351 3147 1614 3207 BibliOth.
1647 3147 1789 3204 Max.
1820 3147 1847 3211 (

1899 3133 2046 3190 dem.
2091 3133 2244 3191 Nota:
2275 3135 2445 3192 textui
2499 3137 2783 3207 subjacent
2822 3139 2999 3194 multa
3046 3142 3112 3196 ad
3163 3142 3513 3206 illustrandas

187 3249 291 3308 pp.
317 3265 372 3323 p.
405 3247 666 3306 701-726.

780 3355 1000 3397 SECULO
1036 3353 1192 3394 XVIII.

261 3435 421 3492 1721.
455 3434 779 3507 Hamburgi,
799 3441 1009 3502 sumptu
1035 3429 1236 3485 Theod.
1269 3428 1566 3499 Christoph.
1601 3425 1791 3500 Feige-

1888 3230 2132 3286 auctoris
2145 3230 2447 3287 sententias
2467 3229 2703 3287 lectione
2716 3231 3079 3302 abundantes,
3101 3252 3506 3312 nonnumquam

1889 3322 2118 3381 criticae.

1961 3417 2123 3476 1758.
2137 3417 2351 3486 Brixiae,
2375 3435 2440 3473 ea:
2459 3420 2775 3492 typongo.
2799 3421 2989 3480 Maria:
3008 3425 3279 3487 Rizzardi.
3304 3430 3360 3486 S.
3379 3430 3510 3493 Phi-

189 3529 321 3598 neri,
348 3528 514 3585 iit-8°.
541 3528 601 3585 S.
626 3526 900 3583 Philastrii
921 3541 1012 3596 ep.
1037 3523 1186 3579 Brix.
1217 3521 1285 3578 de
1315 3520 1626 3577 Ilwresibus
1654 3520 1792 3576 liber
1891 3511 2064 3567 Ῑθειτίί
2103 3513 2295 3569 milia?
2331 3515 2578 3586 episcopi
2607 3515 2674 3572 de
2703 3516 3016 3575 ίῖωνθδίδυδ
3043 3520 3181 3578 liber
3211 3539 3332 3580 cum
3365 3527 3510 3584 illm“

187 3634 309 3678 cum
336 3618 812 3677 emendationibus
839 3626 895 3673 et
923 3617 1064 3672 notis
1093 3614 1184 3670 Jo.
1227 3614 1345 3669 Alb.
1377 3611 1613 3668 Fabricii
1639 3613 1794 3669 addi-

189 3713 365 3785 tisque
393 3711 668 3770 indicibus
697 3709 1166 3781 locupletissimis.

257 3806 600 3877 Quamquam
639 3804 772 3860 nulli
814 3801 1179 3872 suppetebant
1209 3799 1460 3856 Fabricio
1506 3800 1630 3856 libri
1661 3813 1794 3854 mss.

1894 3607 2007 3678 gris
2049 3607 2192 3662 notis
2235 3605 2325 3662 Jo.
2372 3608 2569 3664 Alberti
2612 3608 2866 3666 Fabricii.
2921 3614 3286 3674 Accesserunt
3332 3620 3507 3680 Variae
3600 3609 3613 3616 ⁵

1896 3698 2186 3756 Lectiones
2216 3716 2283 3758 ex
2318 3716 2422 3758 ms.
2455 3703 2578 3759 cod.
2610 3703 2931 3763 Corbciensi
2967 3719 3022 3765 et
3060 3707 3219 3767 Pauli
3261 3713 3509 3771 Galam-di

1896 3807 2094 3849 canon.
2123 3793 2274 3849 Brix.
2305 3794 2671 3868 Specilegium
2699 3816 2712 3853 :
2738 3799 2792 3854 in
2821 3798 2965 3872 Ang.
2995 3802 3129 3858 Mar.
3155 3804 3368 3873 Quirini
3389 3810 3507 3867 col-

188 3899 430 3972 solisque
473 3897 749 3955 ﬁdendum
798 3904 918 3952 erat
963 3893 1293 3951 cditionibus
1340 3893 1644 3961 veteribus,
1689 3906 1799 3947 non
1898 3887 2132 3948 lectione
2159 3899 2268 3949 vet.
2299 3891 2405 3949 PP.
2434 3891 2704 3950 Brixianre
2730 3893 2990 3952 Ecclesia:
3019 3899 3286 3968 p.1-185.

189 4007 380 4065 parum
438 4001 624 4050 tamen
670 3988 1010 4048 emendatior
1062 3985 1150 4042 hic
1200 3995 1427 4056 apparet
1475 3985 1800 4041 Philastrius

191 4117 3489 4148 Μ

1092 4248 1422 4334 JOAN.
1499 4247 2000 4332 ALBERTI
2075 4247 2593 4335 FABRICII

856 4389 974 4452 AD
1022 4387 1374 4452 LIBRUM
1416 4387 1487 4450 S.
1541 4386 2080 4450 PHILASTRII
2122 4388 2238 4451 DE
2281 4388 2826 4459 HJERESIBUS

1547 4552 2010 4628 PB/EFAT
2023 4555 2140 4628 IO

1064 4708 1236 4763 ANNO
1274 4708 1390 4762 1721
1427 4708 1716 4763 EDITIONI
1748 4710 2213 4767 HAMBURGENSI
2245 4715 2600 4774 PMMISSA.

262 4955 484 5046 Minime
538 4953 770 5046 paenitet
811 4968 922 5046 me,
948 4952 1110 5010 horas
1150 4953 1410 5025 quasdam
1461 4955 1798 5013 recensendo
1823 4963 1878 5025 Ι)
1901 4962 2118 5035 μηνείαι,
2148 4961 2233 5017 vel
2262 4960 2716 5021 hallucinationes
2745 4967 3202 5046 qualescumque,
3236 4989 3329 5036 aut
3355 4998 3508 5043 erro-

192 5054 354 5118 atque
379 5043 704 5101 illustrando
725 5043 782 5099 S.
810 5043 1083 5100 Philastrii
1114 5046 1298 5102 libello
1321 5046 1679 5118 impendisse,
1701 5065 1798 5106 au-

1903 5071 2014 5124 res,
2069 5057 2115 5110 si
2162 5055 2324 5112 modo
2369 5072 2619 5126 errores,
2667 5069 2794 5116 sunt
2841 5063 2986 5120 enim
3030 5069 3206 5139 capita
3258 5081 3504 5146 quaedam

194 5135 485 5234 tiquissimi
538 5145 661 5234 post
693 5134 1121 5234 :I’ertullianum,
1164 5153 1324 5234 quem
1380 5137 1449 5194 de
1496 5139 1797 5199 haeresibus
1883 5148 2096 5232 ‘(pauca
2121 5157 2297 5205 tamen
2326 5149 2442 5221 illa)
2471 5151 2522 5207 in
2550 5153 2751 5223 quibus
2768 5154 2885 5213 haec
2908 5157 3026 5228 ipsa
3049 5134 3210 5234 quam
3235 5134 3509 5232 haereseos

195 5228 335 5288 inter
362 5229 589 5288 Latinos
617 5229 883 5287 habemus
914 5231 1227 5302 Scriptoris.

263 5323 426 5380 Varia
452 5339 520 5380 ex
552 5323 648 5380 illo
671 5322 928 5380 didicisse
955 5340 1044 5381 me
1069 5327 1356 5395 proﬁteor,
1384 5328 1796 5402 doctrinamque

199 5424 252 5472 et
275 5418 452 5472 zelum
482 5415 734 5472 Doctoris
763 5416 834 5486 pii
874 5425 929 5473 et
957 5414 1233 5473 Christum
1263 5419 1496 5475 amantis
1538 5437 1645 5476 non
1679 5436 1806 5492 pos-

1903 5243 2082 5313 arguit
2110 5242 2379 5299 sententia
2399 5285 2414 5310 ,
2441 5245 2629 5301 verior
2658 5247 2821 5304 etiam
2851 5250 3085 5311 videtur.

1977 5335 2150 5392 Pauca
2196 5336 2381 5393 itidem
2412 5335 2590 5395 adhuc
2635 5350 2763 5397 sunt
2792 5341 2908 5399 loca
2955 5345 3008 5400 in
3041 5349 3235 5418 quibus
3264 5363 3507 5424 optarem

1910 5426 2084 5483 lucem
2109 5444 2135 5482 a
2160 5429 2441 5486 codicibus
2463 5447 2593 5488 mss.
2617 5441 2673 5488 et
2698 5449 2849 5505 spem
2872 5437 3001 5493 mihi
3029 5440 3317 5513 aliquando
3345 5464 3510 5506 manu

198 5523 318 5566 sum
347 5523 458 5564 non
504 5509 759 5580 amplecti
808 5517 863 5565 et
890 5511 1278 5567 commendare
1313 5531 1326 5567 :
1362 5513 1492 5569 licet
1525 5514 1640 5585 jam
1677 5516 1804 5571 olim
1910 5522 2116 5577 exarati
2155 5523 2480 5595 exemplaris
2510 5540 2579 5580 ex
2623 5525 2772 5581 Italia
2801 5529 3079 5588 obtinendi
3118 5509 3249 5590 Iccit
3289 5537 3515 5599 illustris

199 5603 426 5676 pulchre
472 5603 820 5660 observatum
867 5621 894 5658 a
937 5606 996 5662 S.
1040 5606 1374 5677 Augustino,
1415 5616 1580 5682 atque
1606 5610 1730 5667 inde
1779 5626 1807 5666 a
1907 5613 1993 5669 vir
2013 5611 2297 5670 Gisbertus
2325 5614 2597 5685 Cuperus,
2625 5616 2720 5670 sed
2745 5619 3030 5688 interjecto
3055 5632 3302 5696 tempore
3321 5629 3517 5689 iterum

199 5699 385 5757 multis
404 5707 523 5769 est,
550 5698 694 5756 inter
722 5700 962 5757 haereses
992 5701 1059 5758 ab
1091 5703 1209 5774 ipso
1237 5703 1504 5775 proscribi
1532 5704 1659 5762 hinc
1682 5706 1808 5762 inde
1911 5706 2123 5762 monuit
2164 5721 2314 5778 spem
2343 5706 2489 5761 illam
2534 5720 2752 5762 omnem
2795 5713 3100 5770 evanuisse.
3152 5715 3340 5790 Itaque
3385 5725 3522 5784 solis

202 5808 307 5853 non
351 5807 561 5868 pauca,
590 5807 715 5866 quae
753 5795 994 5853 haereses
1033 5811 1140 5853 non
1177 5805 1337 5864 sunt,
1371 5797 1466 5854 sed
1494 5797 1583 5855 vel
1612 5820 1809 5880 παρερ-

487 5889 766 5952 Punon.
811 5889 958 5962 XII,

1912 5797 2278 5866 cditionibus,
2321 5796 2726 5856 Basileensibus
2752 5799 3055 5876 imprimis,
3089 5810 3342 5871 standum
3386 5817 3523 5874 mihi

2874 5895 2954 5957 35
