3992 6204
142 275 178 330 1
201 275 355 330 105
1277 289 1590 346 SELECTA
1624 290 1963 353 VETERUM
1995 295 2430 356 TESTIMONIA.

132 387 384 456 quitur
428 398 483 444 et
513 389 775 460 defendit,
806 408 908 449 una
955 410 1075 450 cum
1122 397 1376 454 omnibus
1403 415 1506 472 ego
1533 401 1796 458 condem-
1827 407 1881 466 Α

135 495 333 538 navs.

3343 308 3505 365 .1106

2146 409 2324 465 Caesar
2344 411 2600 469 Baront'us
2630 413 2784 471 Notis
2815 418 2883 470 ml
2913 416 3252 491 Martyrolog.

1974 501 2162 559 Exstat
2183 519 2364 562 sermo
2387 507 2444 564 S.
2470 508 2756 566 Gaudentii
2798 513 3042 582 episcopi
3068 514 3186 583 ejus
3220 528 3503 572 successo—

1901 602 1998 669 ris,
2032 618 2138 674 quo
2163 603 2498 661 describitur
2534 608 2641 662 vita
2684 608 2872 679 ipsius.
2898 609 2974 665 De
2996 610 3372 668 Translatione
3398 629 3500 668 au-

1903 700 2009 748 tem
2037 703 2122 750 est
2143 710 2324 751 sermo
2347 697 2651 769 Ramperti,
2685 700 2928 770 ejusdem
2953 700 3212 757 Ecclesiae
3236 704 3501 776 episcopi.
3529 721 3531 724 ‘

1901 783 2076 841 Habet
2100 802 2162 842 ea
2203 790 2385 843 omnia
2416 789 2787 861 Lipomannus
2819 802 2949 848 tom.
2989 793 3029 847 ll
3053 802 3109 850 et
3149 795 3338 852 Surius
3365 807 3498 852 tom.

1897 877 1987 933 ιν.
2022 878 2168 934 Vixit
2195 881 2548 939 PHILAS'I‘RIUS
2578 885 2679 940 sub
2706 885 3016 941 Theodosio
3045 887 3302 955 Seniore;
3336 891 3504 947 inter-

1897 967 2106 1040 fuitque
2135 988 2242 1028 una
2291 989 2415 1029 eum
2464 975 2521 1031 S.
2560 977 2871 1045 Ambrosio,
2925 986 3248 1053 ueterisque
3295 983 3502 1038 sanctis

1896 1065 2167 1136 episcopis
2195 1068 2430 1123 concilio
2464 1068 2798 1139 Aquileiensi
2832 1071 3093 1130 adversus
3140 1076 3396 1144 Arianos,
3443 1086 3500 1130 ut

1894 1165 2118 1224 apparet
2146 1171 2211 1212 ex
2248 1156 2401 1213 Actis
2441 1159 2683 1230 ejusdem
2712 1164 2948 1220 concilii.
2982 1165 3230 1221 Meminit
3253 1167 3495 1238 ejusdem

1892 1247 1950 1304 S.
1973 1247 2306 1321 Augustinus
2332 1252 2473 1308 libro
2499 1254 2569 1310 de
2603 1255 2913 1314 Haeresibus
2935 1258 3003 1313 ad
3034 1258 3495 1326 Quodvultdeum.

1891 1355 2063 1412 seque
2089 1359 2210 1399 eum
2245 1347 2459 1403 novisse
2499 1356 2770 1407 testatur:
2801 1353 2939 1408 obiit
2973 1363 3152 1410 autem
3190 1356 3332 1411 diem
3370 1372 3494 1413 cum

1891 1433 2067 1489 adhuc
2089 1445 2366 1506 superstes
2395 1449 2542 1495 esset
2566 1453 2787 1497 sanctus
2812 1445 3152 1514 Ambrosius,
3187 1457 3245 1502 ut
3271 1459 3499 1519 apparet

1890 1540 1957 1581 ex
1983 1541 2237 1584 sermone
2264 1529 2321 1585 S.
2354 1531 2643 1588 Gaudentii
2674 1535 2792 1606 ejus
2825 1540 3185 1606 successoris,
3221 1539 3408 1594 habito
3440 1542 3492 1596 in

1889 1615 2246 1676 Ordinatione
2291 1639 2410 1678 sua.
2454 1624 2613 1681 Unde
2648 1637 2865 1684 constat
2894 1632 2974 1685 vel
3021 1632 3342 1688 mendosum
3372 1648 3497 1688 esse

1888 1711 2154 1781 codicem,
2186 1716 2269 1769 vel
2303 1717 2372 1771 ab
2403 1717 2589 1789 aliquo
2617 1722 3053 1791 superadditum,
3082 1725 3226 1794 quod
3265 1725 3497 1780 habetur

1813 1811 1862 1872 Β
1888 1804 2032 1874 apud
2061 1805 2411 1864 Philastrium
2441 1813 2507 1866 de
2540 1812 2742 1869 Hmres.
2775 1831 2895 1885 cap.
2924 1817 3048 1882 111,
3082 1834 3110 1870 a
3139 1815 3360 1875 Christo
3391 1820 3496 1874 Do-

1888 1897 2037 1952 mino
2070 1915 2238 1966 usque
2262 1901 2330 1956 ad
2362 1903 2491 1958 illud
2518 1913 2731 1974 tempus
2757 1921 2878 1961 cum
2904 1923 2963 1962 ea
2988 1909 3254 1966 scriberet
3279 1953 3293 1978 ,
3325 1912 3497 1969 inter-

1887 1989 2126 2045 currisse
2164 2007 2337 2047 annos
2369 1995 2784 2066 qnadringiutos
2835 2000 3085 2069 triginta;
3118 2015 3238 2055 cum
3285 2003 3497 2072 liquido

1887 2092 2144 2150 appareat
2201 2083 2259 2139 S.
2301 2085 2648 2142 Ambrosium
2676 2131 2692 2156 ,
2726 2091 2817 2160 qui
2867 2091 2916 2146 ei
2961 2093 3293 2162 supervixit,
3332 2096 3493 2168 longe

1885 2181 2010 2227 ante
2033 2189 2093 2228 ea
2126 2185 2367 2246 tempora
2397 2194 2464 2234 ex
2492 2180 2746 2237 humanis
2768 2183 3015 2252 desiisse,
3046 2185 3288 2244 Caesario
3309 2200 3365 2245 et
3388 2193 3489 2245 At-

1887 2265 1994 2322 tico
2038 2283 2180 2324 coss.
2240 2287 2382 2327 anno
2436 2273 2650 2330 Domini
2707 2281 3090 2334 trecentesimo
3135 2285 3492 2354 nonagesimo

130 595 226 651 S.
267 596 573 671 Gregorius
602 601 826 673 Magnus
865 605 956 659 lib.
1010 605 1096 673 VI,
1130 610 1346 681 epistola
1378 610 1468 677 15,
1522 611 1591 666 ad
1639 613 1800 668 Geor-

231 691 404 763 gium
459 693 632 763 presb.
690 703 735 749 et
788 694 1118 752 Theodorum
1173 698 1448 755 diaconum
1504 701 1798 759 Constanti-

235 785 484 854 nopolit.

228 897 363 956 Sed
391 915 460 956 ne
499 899 848 960 dilectionem
885 914 1124 961 vestram
1173 909 1224 962 in
1267 925 1387 966 mea
1423 911 1795 983 disputatione

130 991 466 1060 immorer,
519 994 651 1066 quid
703 995 773 1052 de
829 997 930 1053 hac
977 999 1171 1056 haeresi
1229 1002 1539 1060 PHILASTER
1569 1006 1621 1061 in
1657 1007 1794 1064 libro

132 1101 346 1157 quem
380 1086 448 1142 de
494 1087 805 1145 Hzeresibus
854 1091 1095 1162 scripsit,
1144 1093 1360 1163 dixerit,
1414 1110 1789 1167 recognoscat.

132 1177 351 1252 Cujus
392 1182 508 1238 haec
551 1183 715 1239 verba
764 1195 888 1240 sunt
918 1185 995 1258 (a)
1031 1204 1043 1242 :
1078 1187 1212 1242 Sunt
1238 1188 1468 1246 Itwretici
1497 1195 1585 1262 qui
1615 1195 1792 1249 dicunt

138 1271 465 1328 Dominum
507 1275 564 1330 in
602 1277 865 1348 infernum
910 1279 1270 1348 descendisse,
1319 1294 1368 1338 et
1415 1286 1648 1342 omnibus
1677 1298 1792 1356 post

137 1379 396 1424 mortem
425 1371 581 1425 etiam
600 1370 794 1426 ibidem
815 1389 870 1427 se
894 1376 1180 1441 ttuntiasse,
1207 1387 1262 1431 ut
1282 1379 1582 1449 conﬁtentes
1602 1381 1791 1436 ibidem

139 1462 543 1530 salvarentur;
577 1481 692 1520 cum
729 1466 825 1520 hoc
854 1468 921 1521 sit
955 1470 1275 1524 contrarium
1309 1470 1500 1527 dicenti
1527 1474 1820 1544 propheta:-

144 1551 356 1608 David
376 1571 394 1608 :
419 1552 486 1609 In
511 1555 714 1626 inferno
738 1566 908 1613 autem
929 1561 1042 1631 quis
1057 1563 1384 1630 conﬁtebitur
1407 1563 1533 1620 tibi?
1555 1564 1622 1619 Et
1645 1566 1787 1638 Apo-

142 1647 342 1701 stolus
374 1664 392 1702 :
422 1647 682 1720 Quotquot
707 1649 816 1704 sine
838 1652 951 1723 lege
976 1664 1342 1724 peccaverunt,
1373 1657 1482 1712 sine
1514 1658 1622 1731 lege
1652 1660 1789 1730 peri-

145 1736 321 1792 bunt.
382 1738 548 1808 Cujus
578 1740 762 1796 verbis
794 1741 982 1798 beatus
1012 1759 1223 1815 quoque
1253 1748 1584 1817 Augustinus
1622 1749 1696 1822 (b)
1732 1751 1782 1806 in

145 1845 230 1886 eo
262 1831 411 1887 libro
437 1834 754 1901 concordat,
783 1851 944 1904 quem
977 1836 1044 1892 de
1075 1837 1382 1894 l-lteresibus
1407 1841 1650 1911 scripsit.

149 1922 228 1979 S.
266 1923 610 1998 Rampertus,
647 1936 853 1982 tractat.
895 1929 958 1982 de
996 1927 1361 1984 Translatione
1388 1931 1449 1986 S.
1483 1930 1778 1988 Pltilastrii.

236 2014 507 2082 Quamvis
525 2029 732 2073 certum
761 2020 852 2084 sit,
885 2019 1194 2074 divinorum
1223 2022 1510 2091 praesentia
1534 2025 1780 2094 exempla

149 2109 583 2178 miraculorum,
618 2126 851 2180 superna
886 2113 1130 2170 radiasse
1155 2114 1492 2183 providentia
1525 2117 1578 2170 in
1609 2119 1782 2173 nostri

153 2203 507 2258 venerabilis
528 2218 679 2276 papa:
704 2205 1084 2272 translatione,
1112 2221 1299 2262 eorum
1327 2220 1506 2265 tamen
1531 2211 1783 2281 scriptio-

151 2295 255 2350 nis
288 2296 622 2351 necessitate
649 2339 663 2362 ,
707 2306 889 2351 nostra
920 2299 1067 2367 plebs
1100 2309 1242 2370 eget.
1277 2298 1403 2355 Hzec
1430 2303 1628 2356 etenim
1661 2318 1781 2372 pas-

155 2390 310 2457 sim,
362 2388 678 2461 affatimque
723 2391 981 2460 evadens,
1012 2395 1144 2464 aegri
1174 2397 1316 2468 vulgi
1351 2398 1507 2453 turba
1541 2399 1781 2471 undique

156 2485 532 2552 conveniens,
562 2496 617 2540 et
647 2497 900 2557 percepta
933 2490 1165 2546 sanitate
1190 2491 1427 2560 rediens,
1460 2493 1608 2548 mille
1636 2509 1779 2564 prac-

159 2579 322 2636 dicat
342 2580 590 2637 vocibus.
617 2581 746 2637 llaec
765 2581 1063 2638 vicinorum
1088 2585 1228 2641 villae
1252 2587 1517 2656 locorum,
1550 2604 1777 2660 quarum

159 2672 377 2728 intirmi
410 2673 587 2727 varios
613 2681 969 2745 secretosque
999 2676 1263 2734 habentes
1295 2679 1606 2750 languorcs,
1640 2682 1780 2737 inter

165 2772 381 2818 tantam
413 2765 816 2822 multitudinem
862 2767 1176 2825 venerabile
1219 2786 1418 2841 corpus
1464 2773 1729 2830 adeuntes
1760 2817 1775 2843 ,

163 2865 503 2930 procurante
525 2858 618 2914 Dei
642 2859 1041 2926 misericordia,
1073 2863 1279 2918 meritis
1302 2879 1514 2934 quoque
1532 2865 1777 2934 ejusdem

165 2950 349 3008 sancti
379 2952 836 3020 pronterentibus,
861 2968 1160 3024 eorumque
1193 2955 1296 3010 fide
1328 2956 1683 3030 suffragante,
1711 2960 1779 3016 de

165 3044 286 3099 suis
320 3042 779 3099 invaletudinibus
809 3046 1258 3103 convalescentes
1292 3050 1600 3117 redierunt;
1637 3053 1776 3108 fama

168 3136 335 3193 nobis
372 3138 756 3206 renuntiante,
799 3139 880 3193 eis
928 3155 1226 3211 supernum
1273 3153 1496 3199 narrant
1545 3146 1778 3203 miracu-

170 3229 306 3295 lum,
331 3229 421 3302 qui
447 3245 634 3285 eorum
683 3230 859 3300 pridie
893 3245 1159 3288 noverant
1205 3235 1568 3304 infirmitates,
1616 3248 1671 3294 et
1700 3249 1778 3294 tot

171 3333 345 3379 testes
368 3325 750 3381 miraculorum
771 3325 867 3381 Dei
887 3327 1178 3394 exsistunt,
1210 3330 1301 3399 qui
1335 3331 1480 3400 prius
1513 3344 1778 3390 noverant

170 3430 373 3485 trgros,
401 3416 503 3470 nisi
535 3418 916 3488 mgrotautium
966 3419 1206 3476 titubans
1251 3421 1384 3476 ﬁdes
1414 3423 1638 3480 ofﬁciat.
1669 3424 1774 3481 Sed

171 3509 300 3578 quia
325 3523 544 3563 suorum
578 3510 817 3576 testium,
849 3521 904 3565 et
935 3520 1174 3566 nostrum
1203 3514 1533 3584 generaliter
1559 3515 1775 3573 debitus

173 3601 420 3655 imminet
444 3601 659 3667 obitus;
688 3618 784 3672 pro
810 3602 1114 3658 futurorum
1141 3605 1418 3661 hominum
1449 3608 1769 3678 ignorantia,

173 3707 401 3764 quorum
429 3692 552 3748 fidei
588 3692 931 3750 affectionem
963 3711 1089 3766 erga
1121 3699 1288 3752 nostri
1324 3700 1488 3768 patris
1509 3700 1773 3772 obsequia

173 3785 468 3841 Studiosam
501 3786 738 3841 futuram
770 3802 893 3843 esse
923 3802 1210 3856 speramus
1235 3832 1248 3855 ,
1281 3799 1441 3862 atque
1469 3791 1659 3849 audire
1689 3809 1773 3848 ar-

175 3877 541 3934 dentissintam
570 3921 584 3947 ,
619 3894 726 3934 non
769 3880 946 3934 solum
989 3880 1145 3935 linea:
1178 3880 1340 3950 fama,
1372 3885 1769 3954 generationis-

175 3985 282 4041 que
323 3981 594 4037 narrante,
629 3971 724 4026 sed
769 3970 934 4026 etiam
972 3974 1240 4044 scriptura
1271 3990 1299 4027 a
1331 3976 1489 4031 nobis
1512 4018 1525 4041 ,
1575 3977 1770 4047 quibus

176 4061 318 4117 Deus
341 4061 440 4116 ltoc
471 4063 654 4118 videre
683 4064 974 4129 concessit,
1003 4067 1346 4134 promulgata
1381 4077 1636 4134 testante,
1665 4070 1770 4125 sal-

177 4166 285 4212 tem
305 4172 464 4226 pauca
485 4157 552 4212 de
573 4158 819 4227 pluribus
848 4159 1149 4225 miraculis,
1177 4176 1298 4230 quae
1327 4159 1577 4217 Chri-tus
1608 4165 1767 4220 tnisc.

179 4251 462 4308 ricorditer
489 4254 653 4323 gessit
678 4293 693 4318 ,
723 4252 1125 4307 confluentibus
1148 4255 1381 4309 catervis
1413 4255 1476 4310 ad
1508 4255 1766 4312 feretrum

181 4343 317 4400 beati
338 4343 606 4399 Philastrii
631 4345 986 4411 confessoris,
1017 4346 1298 4412 amatoris,
1322 4356 1376 4402 et
1400 4347 1769 4416 prmdicatoris

179 4437 278 4502 sui,
304 4436 568 4491 veraciter
599 4438 1062 4507 ctcompendiose
1093 4439 1334 4494 scribere
1352 4441 1618 4508 Optimum
1642 4456 1766 4498 cre-

180 4529 365 4592 dimus.
400 4531 723 4602 (Sermonem
756 4524 1012 4604 integrum
1057 4531 1244 4586 videsis
1268 4532 1320 4586 in
1345 4532 1570 4587 editione
1595 4531 1757 4586 Rant-

185 4625 351 4696 perri).

481 4759 914 4833 Martyrologium
938 4760 1234 4817 Romanum
1262 4762 1331 4819 18
1353 4764 1462 4836 jul.

251 4875 463 4943 Brixiae,
519 4874 724 4931 Natalis
769 4875 826 4932 S.
861 4876 1203 4944 Pntusrnn,
1243 4877 1487 4946 ejusdem
1535 4879 1770 4936 civitatis

185 4969 432 5041 episc0pi,
454 4969 542 5039 qui
566 4967 830 5024 adversus
855 4967 1168 5036 luereticos,
1196 4971 1498 5041 praesertim
1515 4971 1767 5039 Arianos,

185 5081 214 5119 a
237 5064 420 5136 quibus
442 5063 608 5118 multa
637 5077 828 5132 passus
849 5073 954 5130 est,
980 5063 1272 5133 plurimum
1296 5063 1498 5127 verbis,
1521 5063 1771 5134 scriptis-

186 5172 282 5230 que
308 5157 586 5229 pugnavit;
621 5155 836 5212 detuum
868 5157 1049 5213 clarus
1094 5157 1372 5213 miraculis
1399 5157 1686 5217 confessor
1714 5161 1766 5216 in

189 5264 309 5324 pace
328 5249 546 5322 quievit.

278 5508 322 5580 b)
350 5508 483 5580 Cap,
512 5509 580 5565 ’19
605 5508 676 5566 de
701 5508 910 5564 Haeres.

281 5578 328 5648 ε’)
363 5578 616 5637 lit—editis
649 5589 858 5634 tantum
889 5587 1019 5633 sunt
1049 5578 1173 5645 122,
1209 5588 1265 5634 ut
1294 5591 1457 5648 supra
1488 5580 1556 5635 ad
1584 5583 1767 5650 Augu-

195 5652 308 5713 stini
335 5655 510 5708 locum
545 5652 746 5706 notavi.

258 5725 408 5798 (d)_|n
437 5723 597 5777 editis
618 5737 732 5798 non
756 5722 945 5798 plures
972 5729 1100 5798 sunt
1127 5737 1285 5798 quam
1318 5719 1443 5798 150.
1475 5719 1619 5798 idem
1647 5722 1769 5798 Tri-

198 5793 430 5863 tltétnius,
462 5809 582 5863 cap.
611 5793 703 5861 95,
727 5793 886 5848 etiam
909 5793 1268 5864 Epiphaniunt
1291 5793 1366 5854 ait
1389 5793 1673 5862 scripsisse
1694 5793 1766 5849 de

274 5455 302 5493 α
349 5435 481 5508 Cap.
517 5435 641 5493 122.

278 5437 322 5582 bi
350 5508 483 5580 Cap,
512 5509 580 5565 ’19
605 5508 636 5564 d

253 5439 328 5655 ge)
363 5581 419 5636 In
457 5580 616 5637 editis

1884 2363 2140 2431 septimo.
2174 2361 2365 2436 Confer
2393 2369 2628 2422 eumdem
2650 2370 2936 2426 Baroninm
2965 2374 3034 2427 ad
3059 2376 3125 2428 Α.
3159 2374 3218 2430 C.
3252 2377 3378 2433 586.

1920 2456 2117 2512 Auctor
2156 2458 2474 2531 Appendicis
2520 2463 2589 2517 ad
2628 2463 2959 2536 Ildefonsnm
3009 2469 3071 2523 de
3099 2469 3452 2542 Scriptoribns

2467 2553 2671 2611 Eccles.
2705 2574 2824 2626 cap.
2857 2561 2911 2615 5.

1955 2643 2308 2703 PHILASTRIUS
2336 2648 2638 2706 Brixiensis
2683 2651 2972 2722 episcopus
2999 2672 3012 2706 :
3057 2653 3144 2709 hic
3176 2654 3334 2728 longe
3358 2667 3487 2714 ante

1883 2736 2256 2796 beatissimum
2275 2745 2654 2814 Augnslimum
2684 2747 2854 2802 edidit
2870 2749 3062 2802 librutn
3083 2749 3146 2803 de
3166 2749 3484 2817 llreresibus,

1881 2831 2123 2902 singulas
2167 2850 2410 2906 quasque
2439 2838 2820 2895 demonstrans
2841 2885 2855 2907 ,
2897 2844 3011 2898 sive
3043 2861 3162 2914 qua:
3193 2848 3245 2900 in
3284 2849 3486 2919 pepnlo

1880 2923 2193 2980 Iudaeorum
2225 2937 2351 2983 ante
2383 2929 2810 2987 incarnationem
2838 2931 3038 2990 Christi
3066 2935 3313 3005 fuerttnt,
3349 2955 3484 3010 quas

1882 3017 2072 3088 viginti
2105 3029 2229 3074 octo
2257 3033 2578 3089 enumerat;
2610 3027 2724 3080 sive
2755 3044 2875 3097 qua:
2905 3041 3026 3098 post
3058 3031 3268 3086 Domini
3300 3033 3491 3088 Salva-

1881 3112 2015 3166 toris
2060 3113 2351 3169 adventum
2379 3115 2996 3176 adversusCatbolieam
3044 3123 3231 3179 Fidem
3279 3137 3486 3182 exorta:

1804 3201 1848 3264 C
1883 3213 2033 3271 sunt,
2069 3221 2204 3277 quas
2235 3209 2376 3264 idem
2407 3219 2623 3266 centum
2661 3213 2848 3283 viginti
2873 3224 3000 3269 octo
3029 3216 3099 3288 (c)
3125 3231 3248 3272 esse
3277 3218 3484 3275 descri-

1880 3295 1960 3351 bit
1985 3315 1996 3350 :
2022 3297 2160 3352 sicut
2203 3308 2258 3354 et
2288 3300 2355 3356 de
2386 3317 2450 3357 eo
2479 3302 2619 3358 idem
2650 3305 2732 3360 vir
2762 3321 2970 3377 magna:
3007 3309 3197 3378 gloria:
3226 3313 3485 3382 Augusti-

1879 3404 1981 3444 nus
2030 3391 2297 3446 meminit.

1957 3480 2077 3538 Job.
2117 3482 2428 3540 Tritltetnius
2459 3488 2522 3543 de
2550 3488 2909 3558 Scriptoribus
2932 3494 3133 3549 Eccles.
3163 3513 3280 3566 cap.
3315 3497 3405 3552 84.

1951 3575 2306 3633 PHILASTRIUS
2344 3580 2638 3651 episcopus
2681 3582 3012 3652 Brixiensis,
3060 3587 3144 3642 vir
3191 3589 3247 3642 in
3283 3589 3484 3646 divinis

1876 3666 2561 3740 Scripturisdoctissimus,
2585 3688 2639 3730 et
2667 3678 3008 3734 smcularium
3036 3680 3342 3738 litterarum
3374 3698 3482 3739 non

1878 3762 2130 3833 ignarus,
2177 3765 2339 3821 beato
2369 3767 2659 3822 Ambrosio
2701 3771 3087 3828 Mediolanensi
3134 3785 3188 3828 et
3233 3783 3392 3831 notus
3423 3787 3480 3833 et

1875 3855 2180 3921 familiaris,
2222 3859 2376 3928 cujus
2407 3863 2652 3916 meminit
2697 3862 2752 3918 S.
2788 3866 3119 3935 Augustinus
3161 3867 3212 3920 itt
3242 3868 3476 3937 quadam

1875 3947 2103 4015 epistola
2158 3950 2224 4006 ad
2281 3951 2758 4019 Quodvultdeum;
2810 3955 3028 4025 scripsit
3108 3973 3203 4025 pro
3244 3958 3480 4012 utilitate

1874 4042 2148 4096 communi
2174 4043 2421 4113 quaedam
2452 4046 2711 4114 prmclara
2750 4046 3042 4116 Opuscula,
3072 4064 3102 4102 e
3131 4049 3330 4118 quibus
3357 4053 3479 4106 nul.

1875 4133 1983 4189 lum
2030 4134 2097 4191 ad
2140 4151 2332 4190 manus
2373 4147 2587 4192 nostras
2632 4140 2848 4194 memini
2901 4142 3239 4211 pervenisse.
3281 4142 3480 4198 Fertur

1874 4226 2014 4296 eius,
2047 4227 2106 4282 Β.
2137 4228 2443 4299 Augustino
2485 4230 2571 4285 tibi
2602 4246 2765 4301 supra
2794 4241 3046 4302 testante,
3091 4234 3302 4306 insigne
3330 4235 3478 4306 Opus

1874 4320 2017 4390 quod
2051 4321 2271 4392 scripsit
2295 4340 2306 4374 :

1937 4411 2015 4467 De
2040 4428 2161 4468 CLVI
2184 4413 2265 4484 (Δ)
2297 4413 2590 4470 Ηωι·εεὶὁιιδ
2617 4415 2707 4472 lib.
2741 4433 2757 4471 ι
2796 4417 3089 4474 Simoniani
3123 4437 3155 4474 a
3181 4419 3414 4477 Simone.

1943 4503 2151 4560 Cattera
2175 4522 2283 4562 non
2317 4507 2445 4561 vidi.
2469 4507 2679 4564 Claruit
2702 4511 2804 4564 sub
2832 4510 3144 4567 Theodosio
3165 4513 3297 4584 imp.
3329 4514 3475 4569 ebri-

1788 4597 1843 4656 D
1867 4595 2222 4665 stianissimo,
2251 4615 2395 4655 anno
2418 4600 2629 4656 Domini
2649 4617 2912 4657 ccccxxx.

2164 4689 2310 4744 Elius
2341 4689 2628 4761 Capreolus
2666 4693 2755 4749 lib.
2786 4710 2840 4748 ιιι
2874 4693 3016 4748 Hist.
3050 4693 3196 4750 Brix.

1948 4782 2083 4838 Huic
2113 4794 2291 4841 autem
2332 4788 2538 4858 (nempe
2579 4787 2853 4858 Faustino)
2889 4788 3244 4845 PHILASTRIUS
3289 4792 3474 4847 statim

1873 4880 2160 4947 suffectus,
2184 4879 2380 4935 Ariana
2411 4879 2607 4935 haeresi
2628 4887 2770 4947 orta,
2801 4881 2890 4936 ubi
2919 4882 3210 4938 concilium
3245 4887 3475 4941 trecenti

1870 4986 1927 5032 et
1955 4976 2143 5032 decem
2178 4983 2300 5030 octo
2327 4976 2705 5045 episcoporum
2733 4974 2801 5030 ad
2833 4977 3004 5046 ipsam
3029 4979 3474 5048 examinandam,

1871 5068 2260 5124 Constantinus
2283 5069 2374 5138 qui
2401 5068 2512 5137 jam
2543 5067 2617 5123 illi
2640 5079 2997 5126 consenserat
3022 5082 3302 5141 vocasset;
3331 5073 3477 5131 inter

1873 5179 1970 5219 eos
1996 5160 2309 5218 acutissime
2353 5160 2686 5232 disputavit:
2720 5161 3254 5237 diSputationemque
3300 5169 3475 5238 ipsam

1872 5254 2071 5313 deinde
2109 5253 2330 5325 scriptis
2374 5255 2672 5322 mandans,
2719 5269 2828 5311 non
2874 5271 3097 5327 parvam
3139 5258 3218 5316 rei
3245 5259 3474 5330 gloriam

1879 5441 2182 5498 bzeresibus
2215 5441 2322 5510 90,
2366 5455 2491 5498 cum
2535 5443 2588 5497 in
2634 5441 2798 5498 editis
2833 5458 2940 5513 non
2995 5443 3177 5513 plures
3228 5443 3484 5501 feruntur

1877 5527 2036 5584 quam
2069 5513 2157 5570 80.
2188 5513 2335 5568 Idem
2356 5555 2370 5579 ,
2426 5529 2548 5583 cap.
2582 5513 2720 5578 100,
2755 5514 2899 5568 inter
2928 5512 3242 5584 Hieronymi
3274 5517 3477 5584 scripta

1878 5583 2044 5640 refert
2092 5586 2287 5655 librum
2319 5585 2387 5639 de
2416 5585 2689 5655 octoginta
2730 5583 3290 5655 quatuorhaeresibus
3319 5583 3474 5655 cujus

1877 5655 2089 5710 initium
2121 5654 2417 5709 Simoniani
2460 5671 2491 5706 α
2525 5652 2760 5706 Simone.
2805 5652 2875 5706 At
2905 5652 3011 5706 “ille
3045 5654 3332 5722 Augustini
3361 5652 3442 5713 est

1877 5741 1984 5780 non
2019 5725 2356 5792 Hieronymi.
