  <div class='ocr_page' id='page_1' title='image "/cluster/home/n/w/nwhite01/storage/ocr_20150623/12/uva.x000826551/601.png"; bbox 0 0 3992 6204; ppageno 0'>
   <div class='ocr_carea' id='block_1_1' title="bbox 511 271 654 332">
    <p class='ocr_par' dir='ltr' id='par_1_1' title="bbox 511 271 654 332">
     <span class='ocr_line' id='line_1_1' title="bbox 511 271 654 332; baseline -0.014 0"><span class='ocrx_word' id='word_1_1' title='bbox 511 271 654 332; x_wconf 80' lang='grc'><strong>1107</strong></span> 
     </span>
    </p>
   </div>
   <div class='ocr_carea' id='block_1_2' title="bbox 1734 266 2535 336">
    <p class='ocr_par' dir='ltr' id='par_1_2' title="bbox 1734 266 2535 336">
     <span class='ocr_line' id='line_1_2' title="bbox 1734 266 2535 336; baseline -0.002 -2"><span class='ocrx_word' id='word_1_2' title='bbox 1734 267 2046 334; x_wconf 59' lang='grc' dir='ltr'><strong>δικετυε</strong></span> <span class='ocrx_word' id='word_1_3' title='bbox 2081 266 2535 336; x_wconf 67' lang='grc' dir='ltr'>ρηιιιιετιιιυε</span> 
     </span>
    </p>
   </div>
   <div class='ocr_carea' id='block_1_3' title="bbox 502 383 3830 460">
    <p class='ocr_par' dir='ltr' id='par_1_3' title="bbox 502 383 3830 460">
     <span class='ocr_line' id='line_1_3' title="bbox 502 383 3830 460; baseline 0.001 -16"><span class='ocrx_word' id='word_1_4' title='bbox 502 388 718 445; x_wconf 85' lang='lat' dir='ltr'><strong>cunctis</strong></span> <span class='ocrx_word' id='word_1_5' title='bbox 739 393 824 448; x_wconf 85' lang='lat' dir='ltr'><strong>est</strong></span> <span class='ocrx_word' id='word_1_6' title='bbox 847 385 1074 457; x_wconf 83' lang='lat' dir='ltr'><strong>adeptus</strong></span> <span class='ocrx_word' id='word_1_7' title='bbox 1101 383 1390 446; x_wconf 79' lang='lat' dir='ltr'><strong>Brixianis.</strong></span> <span class='ocrx_word' id='word_1_8' title='bbox 1424 383 1499 442; x_wconf 86' lang='lat' dir='ltr'><strong>De</strong></span> <span class='ocrx_word' id='word_1_9' title='bbox 1526 399 1634 458; x_wconf 85' lang='lat' dir='ltr'><strong>quo</strong></span> <span class='ocrx_word' id='word_1_10' title='bbox 1663 384 1825 444; x_wconf 81' lang='lat' dir='ltr'><strong>divus</strong></span> <span class='ocrx_word' id='word_1_11' title='bbox 1845 385 2102 457; x_wconf 75' lang='lat' dir='ltr'><strong>Augusti-</strong></span> <span class='ocrx_word' id='word_1_12' title='bbox 2136 387 2187 448; x_wconf 81' lang='grc' dir='ltr'><strong>Α</strong></span> <span class='ocrx_word' id='word_1_13' title='bbox 2215 384 2280 441; x_wconf 87' lang='lat' dir='ltr'><strong>de</strong></span> <span class='ocrx_word' id='word_1_14' title='bbox 2326 385 2628 442; x_wconf 72' lang='lat' dir='ltr'><strong>Senioribus</strong></span> <span class='ocrx_word' id='word_1_15' title='bbox 2656 386 2836 442; x_wconf 73' lang='lat' dir='ltr'><strong>donius</strong></span> <span class='ocrx_word' id='word_1_16' title='bbox 2867 384 3054 450; x_wconf 78' lang='lat' dir='ltr'><strong>Israel,</strong></span> <span class='ocrx_word' id='word_1_17' title='bbox 3087 397 3134 442; x_wconf 82' lang='lat' dir='ltr'><strong>et</strong></span> <span class='ocrx_word' id='word_1_18' title='bbox 3159 386 3404 444; x_wconf 75' lang='lat' dir='ltr'><strong>Jezouias</strong></span> <span class='ocrx_word' id='word_1_19' title='bbox 3427 389 3593 460; x_wconf 72' lang='lat' dir='ltr'><strong>ﬁlius</strong></span> <span class='ocrx_word' id='word_1_20' title='bbox 3623 389 3830 458; x_wconf 65' lang='lat' dir='ltr'><strong>Soph:</strong></span> 
     </span>
    </p>
   </div>
   <div class='ocr_carea' id='block_1_4' title="bbox 503 479 2110 552">
    <p class='ocr_par' dir='ltr' id='par_1_4' title="bbox 503 479 2110 552">
     <span class='ocr_line' id='line_1_4' title="bbox 503 479 2110 552; baseline -0.002 -14"><span class='ocrx_word' id='word_1_21' title='bbox 503 499 612 540; x_wconf 87' lang='lat' dir='ltr'><strong>nus</strong></span> <span class='ocrx_word' id='word_1_22' title='bbox 659 482 717 538; x_wconf 89' lang='lat' dir='ltr'><strong>in</strong></span> <span class='ocrx_word' id='word_1_23' title='bbox 766 480 994 552; x_wconf 88' lang='lat' dir='ltr'><strong>epistola</strong></span> <span class='ocrx_word' id='word_1_24' title='bbox 1037 480 1104 536; x_wconf 83' lang='lat' dir='ltr'><strong>ad</strong></span> <span class='ocrx_word' id='word_1_25' title='bbox 1137 479 1578 547; x_wconf 86' lang='lat' dir='ltr'><strong>Quodvultdeum</strong></span> <span class='ocrx_word' id='word_1_26' title='bbox 1625 480 1948 547; x_wconf 84' lang='lat' dir='ltr'><strong>diaconum,</strong></span> <span class='ocrx_word' id='word_1_27' title='bbox 1994 479 2110 542; x_wconf 70' lang='lat' dir='ltr'><strong>bare</strong></span> 
     </span>
    </p>
   </div>
   <div class='ocr_carea' id='block_1_5' title="bbox 507 571 2112 646">
    <p class='ocr_par' dir='ltr' id='par_1_5' title="bbox 507 571 2112 646">
     <span class='ocr_line' id='line_1_5' title="bbox 507 571 2112 646; baseline -0.002 -16"><span class='ocrx_word' id='word_1_28' title='bbox 507 576 676 634; x_wconf 78' lang='lat' dir='ltr'><strong>verba</strong></span> <span class='ocrx_word' id='word_1_29' title='bbox 721 574 951 632; x_wconf 77' lang='lat' dir='ltr'><strong>scribit:</strong></span> <span class='ocrx_word' id='word_1_30' title='bbox 1004 571 1286 628; x_wconf 81' lang='lat' dir='ltr'><strong>Fitastrius</strong></span> <span class='ocrx_word' id='word_1_31' title='bbox 1314 571 1602 632; x_wconf 69' lang='lat' dir='ltr'><strong>Brixiensis</strong></span> <span class='ocrx_word' id='word_1_32' title='bbox 1648 574 1920 644; x_wconf 80' lang='lat' dir='ltr'><strong>episcOpus</strong></span> <span class='ocrx_word' id='word_1_33' title='bbox 1961 589 2112 646; x_wconf 86' lang='lat' dir='ltr'><strong>quem</strong></span> 
     </span>
    </p>
   </div>
   <div class='ocr_carea' id='block_1_6' title="bbox 508 666 2111 738">
    <p class='ocr_par' dir='ltr' id='par_1_6' title="bbox 508 666 2111 738">
     <span class='ocr_line' id='line_1_6' title="bbox 508 666 2111 738; baseline -0.002 -13"><span class='ocrx_word' id='word_1_34' title='bbox 508 688 626 726; x_wconf 80' lang='lat' dir='ltr'><strong>cum</strong></span> <span class='ocrx_word' id='word_1_35' title='bbox 662 672 806 729; x_wconf 83' lang='lat' dir='ltr'><strong>beato</strong></span> <span class='ocrx_word' id='word_1_36' title='bbox 844 668 1113 726; x_wconf 83' lang='lat' dir='ltr'><strong>Ambrosio</strong></span> <span class='ocrx_word' id='word_1_37' title='bbox 1156 666 1444 726; x_wconf 70' lang='lat' dir='ltr'><strong>Mediolani</strong></span> <span class='ocrx_word' id='word_1_38' title='bbox 1487 669 1645 724; x_wconf 86' lang='lat' dir='ltr'><strong>etiam</strong></span> <span class='ocrx_word' id='word_1_39' title='bbox 1674 668 1782 738; x_wconf 82' lang='lat' dir='ltr'><strong>ipse</strong></span> <span class='ocrx_word' id='word_1_40' title='bbox 1824 667 1948 734; x_wconf 78' lang='lat' dir='ltr'><strong>vidi,</strong></span> <span class='ocrx_word' id='word_1_41' title='bbox 1982 667 2111 724; x_wconf 91' lang='lat' dir='ltr'><strong>scri-</strong></span> 
     </span>
    </p>
   </div>
   <div class='ocr_carea' id='block_1_7' title="bbox 505 759 2111 835">
    <p class='ocr_par' dir='ltr' id='par_1_7' title="bbox 505 759 2111 835">
     <span class='ocr_line' id='line_1_7' title="bbox 505 759 2111 835; baseline -0.004 -17"><span class='ocrx_word' id='word_1_42' title='bbox 505 764 610 835; x_wconf 80' lang='lat' dir='ltr'><strong>psit</strong></span> <span class='ocrx_word' id='word_1_43' title='bbox 635 764 755 820; x_wconf 83' lang='lat' dir='ltr'><strong>hinc</strong></span> <span class='ocrx_word' id='word_1_44' title='bbox 785 761 998 828; x_wconf 83' lang='lat' dir='ltr'><strong>librum,</strong></span> <span class='ocrx_word' id='word_1_45' title='bbox 1023 759 1241 818; x_wconf 59' lang='lat' dir='ltr'><strong>hereses</strong></span> <span class='ocrx_word' id='word_1_46' title='bbox 1267 760 1390 818; x_wconf 81' lang='lat' dir='ltr'><strong>illas</strong></span> <span class='ocrx_word' id='word_1_47' title='bbox 1430 777 1532 816; x_wconf 87' lang='lat' dir='ltr'><strong>non</strong></span> <span class='ocrx_word' id='word_1_48' title='bbox 1559 760 1969 833; x_wconf 66' lang='lat' dir='ltr'><strong>prsetermittcns,</strong></span> <span class='ocrx_word' id='word_1_49' title='bbox 1997 774 2111 831; x_wconf 69' lang='lat' dir='ltr'><strong>quae</strong></span> 
     </span>
    </p>
   </div>
   <div class='ocr_carea' id='block_1_8' title="bbox 504 851 2106 928">
    <p class='ocr_par' dir='ltr' id='par_1_8' title="bbox 504 851 2106 928">
     <span class='ocr_line' id='line_1_8' title="bbox 504 851 2106 928; baseline -0.002 -20"><span class='ocrx_word' id='word_1_50' title='bbox 504 853 560 909; x_wconf 85' lang='lat' dir='ltr'><strong>in</strong></span> <span class='ocrx_word' id='word_1_51' title='bbox 602 855 793 928; x_wconf 78' lang='lat' dir='ltr'><strong>papula</strong></span> <span class='ocrx_word' id='word_1_52' title='bbox 831 851 1137 910; x_wconf 76' lang='lat' dir='ltr'><strong>Judteorum</strong></span> <span class='ocrx_word' id='word_1_53' title='bbox 1177 856 1388 926; x_wconf 76' lang='lat' dir='ltr'><strong>{uerunt</strong></span> <span class='ocrx_word' id='word_1_54' title='bbox 1418 864 1535 908; x_wconf 89' lang='lat' dir='ltr'><strong>ante</strong></span> <span class='ocrx_word' id='word_1_55' title='bbox 1564 853 1774 914; x_wconf 80' lang='lat' dir='ltr'><strong>Domini</strong></span> <span class='ocrx_word' id='word_1_56' title='bbox 1811 852 2106 919; x_wconf 77' lang='lat' dir='ltr'><strong>adventum,</strong></span> 
     </span>
    </p>
   </div>
   <div class='ocr_carea' id='block_1_9' title="bbox 503 947 1572 1019">
    <p class='ocr_par' dir='ltr' id='par_1_9' title="bbox 503 947 1572 1019">
     <span class='ocr_line' id='line_1_9' title="bbox 503 947 1572 1019; baseline 0 -17"><span class='ocrx_word' id='word_1_57' title='bbox 503 963 690 1019; x_wconf 85' lang='lat' dir='ltr'><strong>easque</strong></span> <span class='ocrx_word' id='word_1_58' title='bbox 714 947 898 1018; x_wconf 77' lang='lat' dir='ltr'><strong><em>viginti</em></strong></span> <span class='ocrx_word' id='word_1_59' title='bbox 919 956 965 1003; x_wconf 89' lang='lat' dir='ltr'><strong>et</strong></span> <span class='ocrx_word' id='word_1_60' title='bbox 995 956 1109 1002; x_wconf 88' lang='lat' dir='ltr'><strong>octo</strong></span> <span class='ocrx_word' id='word_1_61' title='bbox 1139 947 1572 1004; x_wconf 79' lang='lat' dir='ltr'><strong>commemoravit.</strong></span> 
     </span>
    </p>
   </div>
   <div class='ocr_carea' id='block_1_10' title="bbox 575 1039 2050 1112">
    <p class='ocr_par' dir='ltr' id='par_1_10' title="bbox 575 1039 2050 1112">
     <span class='ocr_line' id='line_1_10' title="bbox 575 1039 2050 1112; baseline -0.001 -16"><span class='ocrx_word' id='word_1_62' title='bbox 575 1039 978 1112; x_wconf 81' lang='lat' dir='ltr'><strong>Christophorus</strong></span> <span class='ocrx_word' id='word_1_63' title='bbox 1011 1039 1239 1096; x_wconf 86' lang='lat' dir='ltr'><strong>Sandtus</strong></span> <span class='ocrx_word' id='word_1_64' title='bbox 1269 1039 1333 1096; x_wconf 85' lang='lat' dir='ltr'><strong>de</strong></span> <span class='ocrx_word' id='word_1_65' title='bbox 1363 1039 1577 1112; x_wconf 78' lang='lat' dir='ltr'><strong>Origine</strong></span> <span class='ocrx_word' id='word_1_66' title='bbox 1606 1039 1814 1106; x_wconf 78' lang='lat' dir='ltr'><strong>unione,</strong></span> <span class='ocrx_word' id='word_1_67' title='bbox 1839 1059 1894 1110; x_wconf 76' lang='grc' dir='ltr'><strong>ρ.</strong></span> <span class='ocrx_word' id='word_1_68' title='bbox 1927 1040 2050 1100; x_wconf 58' lang='lat' dir='ltr'><strong>ibi.</strong></span> 
     </span>
    </p>
   </div>
   <div class='ocr_carea' id='block_1_11' title="bbox 575 1133 2108 1200">
    <p class='ocr_par' dir='ltr' id='par_1_11' title="bbox 575 1133 2108 1200">
     <span class='ocr_line' id='line_1_11' title="bbox 575 1133 2108 1200; baseline 0.001 -10"><span class='ocrx_word' id='word_1_69' title='bbox 575 1135 936 1194; x_wconf 75' lang='lat' dir='ltr'><strong>Pmusrntus</strong></span> <span class='ocrx_word' id='word_1_70' title='bbox 979 1134 1278 1192; x_wconf 78' lang='lat' dir='ltr'><strong>Brixiensis</strong></span> <span class='ocrx_word' id='word_1_71' title='bbox 1300 1177 1314 1200; x_wconf 93' lang='lat'><strong>,</strong></span> <span class='ocrx_word' id='word_1_72' title='bbox 1348 1135 1544 1192; x_wconf 72' lang='lat' dir='ltr'><strong>haeresi</strong></span> <span class='ocrx_word' id='word_1_73' title='bbox 1578 1133 1670 1200; x_wconf 89' lang='lat'><strong>97,</strong></span> <span class='ocrx_word' id='word_1_74' title='bbox 1711 1135 1846 1194; x_wconf 85' lang='lat' dir='ltr'><strong>dicit</strong></span> <span class='ocrx_word' id='word_1_75' title='bbox 1872 1136 2108 1192; x_wconf 81' lang='lat' dir='ltr'><strong>animam</strong></span> 
     </span>
    </p>
   </div>
   <div class='ocr_carea' id='block_1_12' title="bbox 502 1229 2106 1301">
    <p class='ocr_par' dir='ltr' id='par_1_12' title="bbox 502 1229 2106 1301">
     <span class='ocr_line' id='line_1_12' title="bbox 502 1229 2106 1301; baseline 0.002 -14"><span class='ocrx_word' id='word_1_76' title='bbox 502 1244 627 1287; x_wconf 90' lang='lat' dir='ltr'><strong>esse</strong></span> <span class='ocrx_word' id='word_1_77' title='bbox 652 1238 895 1286; x_wconf 84' lang='lat' dir='ltr'><strong>creatam</strong></span> <span class='ocrx_word' id='word_1_78' title='bbox 927 1237 1054 1286; x_wconf 86' lang='lat' dir='ltr'><strong>ante</strong></span> <span class='ocrx_word' id='word_1_79' title='bbox 1082 1244 1302 1301; x_wconf 89' lang='lat' dir='ltr'><strong>corpus,</strong></span> <span class='ocrx_word' id='word_1_80' title='bbox 1334 1229 1495 1300; x_wconf 86' lang='lat' dir='ltr'><strong>idque</strong></span> <span class='ocrx_word' id='word_1_81' title='bbox 1525 1245 1593 1286; x_wconf 80' lang='lat' dir='ltr'><strong>ex</strong></span> <span class='ocrx_word' id='word_1_82' title='bbox 1623 1230 1853 1288; x_wconf 83' lang='lat' dir='ltr'><strong>Psalmis</strong></span> <span class='ocrx_word' id='word_1_83' title='bbox 1877 1231 2068 1301; x_wconf 87' lang='lat' dir='ltr'><strong>probat</strong></span> <span class='ocrx_word' id='word_1_84' title='bbox 2094 1249 2106 1290; x_wconf 89' lang='lat'>:</span> 
     </span>
    </p>
   </div>
   <div class='ocr_carea' id='block_1_13' title="bbox 503 1321 2113 1395">
    <p class='ocr_par' dir='ltr' id='par_1_13' title="bbox 503 1321 2113 1395">
     <span class='ocr_line' id='line_1_13' title="bbox 503 1321 2113 1395; baseline 0.002 -16"><span class='ocrx_word' id='word_1_85' title='bbox 503 1338 678 1395; x_wconf 87' lang='lat' dir='ltr'><strong>porro</strong></span> <span class='ocrx_word' id='word_1_86' title='bbox 705 1337 857 1382; x_wconf 88' lang='lat' dir='ltr'><strong>more</strong></span> <span class='ocrx_word' id='word_1_87' title='bbox 896 1321 1191 1394; x_wconf 72' lang='lat' dir='ltr'><strong>Origenico</strong></span> <span class='ocrx_word' id='word_1_88' title='bbox 1232 1324 1457 1394; x_wconf 75' lang='lat' dir='ltr'><strong>exponit</strong></span> <span class='ocrx_word' id='word_1_89' title='bbox 1499 1322 1846 1389; x_wconf 89' lang='lat' dir='ltr'><strong>interiorem,</strong></span> <span class='ocrx_word' id='word_1_90' title='bbox 1880 1333 1935 1380; x_wconf 92' lang='lat' dir='ltr'><strong>et</strong></span> <span class='ocrx_word' id='word_1_91' title='bbox 1961 1336 2113 1382; x_wconf 80' lang='lat' dir='ltr'><strong>exte-</strong></span> 
     </span>
    </p>
   </div>
   <div class='ocr_carea' id='block_1_14' title="bbox 503 1416 2113 1489">
    <p class='ocr_par' dir='ltr' id='par_1_14' title="bbox 503 1416 2113 1489">
     <span class='ocr_line' id='line_1_14' title="bbox 503 1416 2113 1489; baseline 0.002 -17"><span class='ocrx_word' id='word_1_92' title='bbox 503 1416 709 1474; x_wconf 84' lang='lat' dir='ltr'><strong>riorem</strong></span> <span class='ocrx_word' id='word_1_93' title='bbox 755 1416 1055 1484; x_wconf 83' lang='lat' dir='ltr'><strong>hominem,</strong></span> <span class='ocrx_word' id='word_1_94' title='bbox 1093 1426 1149 1472; x_wconf 86' lang='lat' dir='ltr'><strong>et</strong></span> <span class='ocrx_word' id='word_1_95' title='bbox 1177 1433 1394 1473; x_wconf 85' lang='lat' dir='ltr'><strong>carnem</strong></span> <span class='ocrx_word' id='word_1_96' title='bbox 1423 1432 1685 1489; x_wconf 74' lang='lat' dir='ltr'><strong>organum</strong></span> <span class='ocrx_word' id='word_1_97' title='bbox 1717 1416 1915 1474; x_wconf 78' lang='lat' dir='ltr'><strong>animm</strong></span> <span class='ocrx_word' id='word_1_98' title='bbox 1947 1421 2113 1476; x_wconf 83' lang='lat' dir='ltr'><strong>ratio-</strong></span> 
     </span>
    </p>
   </div>
   <div class='ocr_carea' id='block_1_15' title="bbox 505 1508 2112 1581">
    <p class='ocr_par' dir='ltr' id='par_1_15' title="bbox 505 1508 2112 1581">
     <span class='ocr_line' id='line_1_15' title="bbox 505 1508 2112 1581; baseline 0.002 -17"><span class='ocrx_word' id='word_1_99' title='bbox 505 1509 643 1566; x_wconf 85' lang='lat' dir='ltr'><strong>nalis</strong></span> <span class='ocrx_word' id='word_1_100' title='bbox 675 1518 852 1566; x_wconf 81' lang='lat' dir='ltr'><strong>vocat.</strong></span> <span class='ocrx_word' id='word_1_101' title='bbox 885 1508 1000 1565; x_wconf 83' lang='lat' dir='ltr'><strong>Non</strong></span> <span class='ocrx_word' id='word_1_102' title='bbox 1035 1509 1217 1581; x_wconf 90' lang='lat' dir='ltr'><strong>itaque</strong></span> <span class='ocrx_word' id='word_1_103' title='bbox 1252 1509 1560 1566; x_wconf 89' lang='lat' dir='ltr'><strong>mirandum</strong></span> <span class='ocrx_word' id='word_1_104' title='bbox 1588 1525 1688 1568; x_wconf 88' lang='lat' dir='ltr'><strong>cur</strong></span> <span class='ocrx_word' id='word_1_105' title='bbox 1716 1511 1921 1570; x_wconf 83' lang='lat' dir='ltr'><strong>nullam</strong></span> <span class='ocrx_word' id='word_1_106' title='bbox 1969 1510 2112 1567; x_wconf 80' lang='lat' dir='ltr'><strong>iece-</strong></span> 
     </span>
    </p>
   </div>
   <div class='ocr_carea' id='block_1_16' title="bbox 503 1601 2111 1672">
    <p class='ocr_par' dir='ltr' id='par_1_16' title="bbox 503 1601 2111 1672">
     <span class='ocr_line' id='line_1_16' title="bbox 503 1601 2111 1672; baseline 0.002 -16"><span class='ocrx_word' id='word_1_107' title='bbox 503 1603 579 1657; x_wconf 90' lang='lat' dir='ltr'><strong>rit</strong></span> <span class='ocrx_word' id='word_1_108' title='bbox 605 1602 940 1658; x_wconf 75' lang='lat' dir='ltr'><strong>mentionem</strong></span> <span class='ocrx_word' id='word_1_109' title='bbox 992 1601 1220 1658; x_wconf 66' lang='lat' dir='ltr'><strong>haeresis</strong></span> <span class='ocrx_word' id='word_1_110' title='bbox 1247 1601 1715 1672; x_wconf 76' lang='lat' dir='ltr'><strong>Origenistarum,</strong></span> <span class='ocrx_word' id='word_1_111' title='bbox 1763 1617 1886 1659; x_wconf 91' lang='lat' dir='ltr'><strong>cum</strong></span> <span class='ocrx_word' id='word_1_112' title='bbox 1929 1611 2111 1660; x_wconf 84' lang='lat' dir='ltr'><strong>tamen</strong></span> 
     </span>
    </p>
   </div>
   <div class='ocr_carea' id='block_1_17' title="bbox 502 1695 2001 1756">
    <p class='ocr_par' dir='ltr' id='par_1_17' title="bbox 502 1695 2001 1756">
     <span class='ocr_line' id='line_1_17' title="bbox 502 1695 2001 1756; baseline 0.003 -7"><span class='ocrx_word' id='word_1_113' title='bbox 502 1695 640 1750; x_wconf 83' lang='lat' dir='ltr'><strong>alios</strong></span> <span class='ocrx_word' id='word_1_114' title='bbox 671 1696 756 1752; x_wconf 79' lang='lat' dir='ltr'><strong>vel</strong></span> <span class='ocrx_word' id='word_1_115' title='bbox 785 1696 1094 1752; x_wconf 86' lang='lat' dir='ltr'><strong>levissimos</strong></span> <span class='ocrx_word' id='word_1_116' title='bbox 1119 1712 1337 1754; x_wconf 89' lang='lat' dir='ltr'><strong>errores</strong></span> <span class='ocrx_word' id='word_1_117' title='bbox 1359 1696 1664 1754; x_wconf 75' lang='lat' dir='ltr'><strong>bteresibus</strong></span> <span class='ocrx_word' id='word_1_118' title='bbox 1692 1709 2001 1756; x_wconf 88' lang='lat' dir='ltr'><strong>accenseat.</strong></span> 
     </span>
    </p>
   </div>
   <div class='ocr_carea' id='block_1_18' title="bbox 686 1787 1926 1862">
    <p class='ocr_par' dir='ltr' id='par_1_18' title="bbox 686 1787 1926 1862">
     <span class='ocr_line' id='line_1_18' title="bbox 686 1787 1926 1862; baseline 0.006 -20"><span class='ocrx_word' id='word_1_119' title='bbox 686 1787 776 1842; x_wconf 89' lang='lat' dir='ltr'><strong>Jo.</strong></span> <span class='ocrx_word' id='word_1_120' title='bbox 800 1787 1001 1844; x_wconf 76' lang='lat' dir='ltr'><strong>Mittius</strong></span> <span class='ocrx_word' id='word_1_121' title='bbox 1026 1788 1246 1861; x_wconf 75' lang='lat' dir='ltr'><strong>Prwfat.</strong></span> <span class='ocrx_word' id='word_1_122' title='bbox 1274 1791 1327 1847; x_wconf 84' lang='lat' dir='ltr'><strong>in</strong></span> <span class='ocrx_word' id='word_1_123' title='bbox 1357 1807 1543 1846; x_wconf 84' lang='lat' dir='ltr'><strong>novum</strong></span> <span class='ocrx_word' id='word_1_124' title='bbox 1565 1790 1704 1846; x_wconf 88' lang='lat' dir='ltr'><strong>Test.</strong></span> <span class='ocrx_word' id='word_1_125' title='bbox 1740 1791 1767 1862; x_wconf 85' lang='lat'><strong>§</strong></span> <span class='ocrx_word' id='word_1_126' title='bbox 1797 1792 1926 1850; x_wconf 74' lang='grc'><strong>851.</strong></span> 
     </span>
    </p>
   </div>
   <div class='ocr_carea' id='block_1_19' title="bbox 581 1879 2111 1952">
    <p class='ocr_par' dir='ltr' id='par_1_19' title="bbox 581 1879 2111 1952">
     <span class='ocr_line' id='line_1_19' title="bbox 581 1879 2111 1952; baseline 0.005 -16"><span class='ocrx_word' id='word_1_127' title='bbox 581 1879 893 1940; x_wconf 72' lang='grc' dir='ltr'>Ριιιωετιιιι</span> <span class='ocrx_word' id='word_1_128' title='bbox 941 1882 1228 1938; x_wconf 73' lang='lat' dir='ltr'><strong>citatinnes</strong></span> <span class='ocrx_word' id='word_1_129' title='bbox 1269 1900 1459 1952; x_wconf 88' lang='lat' dir='ltr'><strong>parum</strong></span> <span class='ocrx_word' id='word_1_130' title='bbox 1511 1900 1822 1949; x_wconf 86' lang='lat' dir='ltr'><strong>moramur,</strong></span> <span class='ocrx_word' id='word_1_131' title='bbox 1865 1902 1988 1942; x_wconf 89' lang='lat' dir='ltr'><strong>cum</strong></span> <span class='ocrx_word' id='word_1_132' title='bbox 2019 1903 2111 1943; x_wconf 78' lang='lat' dir='ltr'><strong>ex-</strong></span> 
     </span>
    </p>
   </div>
   <div class='ocr_carea' id='block_1_20' title="bbox 511 1975 2109 2050">
    <p class='ocr_par' dir='ltr' id='par_1_20' title="bbox 511 1975 2109 2050">
     <span class='ocr_line' id='line_1_20' title="bbox 511 1975 2109 2050; baseline 0.005 -21"><span class='ocrx_word' id='word_1_133' title='bbox 511 1983 672 2046; x_wconf 89' lang='lat' dir='ltr'><strong>cepto</strong></span> <span class='ocrx_word' id='word_1_134' title='bbox 707 1976 827 2032; x_wconf 89' lang='lat' dir='ltr'><strong>loco</strong></span> <span class='ocrx_word' id='word_1_135' title='bbox 875 1975 966 2032; x_wconf 86' lang='lat' dir='ltr'><strong>illo</strong></span> <span class='ocrx_word' id='word_1_136' title='bbox 999 1977 1190 2032; x_wconf 75' lang='lat' dir='ltr'><strong>Matth.</strong></span> <span class='ocrx_word' id='word_1_137' title='bbox 1225 1993 1357 2045; x_wconf 67' lang='grc' dir='ltr'>χιιι,</span> <span class='ocrx_word' id='word_1_138' title='bbox 1390 1978 1500 2035; x_wconf 73' lang='grc' dir='ltr'><strong>29ε</strong></span> <span class='ocrx_word' id='word_1_139' title='bbox 1535 1977 1762 2034; x_wconf 82' lang='lat' dir='ltr'><strong>Nescitis</strong></span> <span class='ocrx_word' id='word_1_140' title='bbox 1788 1979 2109 2050; x_wconf 81' lang='lat' dir='ltr'><strong>Scripturas,</strong></span> 
     </span>
    </p>
   </div>
   <div class='ocr_carea' id='block_1_21' title="bbox 509 2068 2112 2142">
    <p class='ocr_par' dir='ltr' id='par_1_21' title="bbox 509 2068 2112 2142">
     <span class='ocr_line' id='line_1_21' title="bbox 509 2068 2112 2142; baseline 0.006 -21"><span class='ocrx_word' id='word_1_141' title='bbox 509 2077 558 2121; x_wconf 89' lang='lat' dir='ltr'><strong>et</strong></span> <span class='ocrx_word' id='word_1_142' title='bbox 589 2068 828 2124; x_wconf 72' lang='lat' dir='ltr'><strong>uirtutem</strong></span> <span class='ocrx_word' id='word_1_143' title='bbox 879 2086 1056 2130; x_wconf 82' lang='lat' dir='ltr'><strong>earum</strong></span> <span class='ocrx_word' id='word_1_144' title='bbox 1096 2072 1380 2142; x_wconf 73' lang='lat' dir='ltr'><strong>ignoratis;</strong></span> <span class='ocrx_word' id='word_1_145' title='bbox 1411 2081 1466 2128; x_wconf 85' lang='lat' dir='ltr'><strong>et</strong></span> <span class='ocrx_word' id='word_1_146' title='bbox 1506 2072 1684 2128; x_wconf 85' lang='lat' dir='ltr'><strong>altero</strong></span> <span class='ocrx_word' id='word_1_147' title='bbox 1728 2072 1860 2128; x_wconf 89' lang='lat' dir='ltr'><strong>Luc.</strong></span> <span class='ocrx_word' id='word_1_148' title='bbox 1891 2089 1984 2137; x_wconf 80' lang='lat' dir='ltr'><strong>xu,</strong></span> <span class='ocrx_word' id='word_1_149' title='bbox 2017 2073 2112 2141; x_wconf 63' lang='lat' dir='ltr'><strong>L9,</strong></span> 
     </span>
    </p>
   </div>
   <div class='ocr_carea' id='block_1_22' title="bbox 512 2164 2114 2238">
    <p class='ocr_par' dir='ltr' id='par_1_22' title="bbox 512 2164 2114 2238">
     <span class='ocr_line' id='line_1_22' title="bbox 512 2164 2114 2238; baseline 0.004 -22"><span class='ocrx_word' id='word_1_150' title='bbox 512 2178 667 2232; x_wconf 89' lang='lat' dir='ltr'><strong>quam</strong></span> <span class='ocrx_word' id='word_1_151' title='bbox 684 2164 797 2219; x_wconf 79' lang='lat' dir='ltr'><strong>voto</strong></span> <span class='ocrx_word' id='word_1_152' title='bbox 820 2174 873 2218; x_wconf 90' lang='lat' dir='ltr'><strong>ut</strong></span> <span class='ocrx_word' id='word_1_153' title='bbox 900 2164 1216 2222; x_wconf 77' lang='lat' dir='ltr'><strong>accendatur</strong></span> <span class='ocrx_word' id='word_1_154' title='bbox 1234 2166 1366 2238; x_wconf 91' lang='lat' dir='ltr'><strong>(quo</strong></span> <span class='ocrx_word' id='word_1_155' title='bbox 1381 2165 1546 2222; x_wconf 91' lang='lat' dir='ltr'><strong>modo</strong></span> <span class='ocrx_word' id='word_1_156' title='bbox 1571 2167 1734 2224; x_wconf 89' lang='lat' dir='ltr'><strong>etiam</strong></span> <span class='ocrx_word' id='word_1_157' title='bbox 1760 2168 1927 2223; x_wconf 84' lang='lat' dir='ltr'><strong>citant</strong></span> <span class='ocrx_word' id='word_1_158' title='bbox 1949 2167 2114 2222; x_wconf 66' lang='grc' dir='ltr'><strong>Μυί-</strong></span> 
     </span>
    </p>
   </div>
   <div class='ocr_carea' id='block_1_23' title="bbox 509 2255 2112 2332">
    <p class='ocr_par' dir='ltr' id='par_1_23' title="bbox 509 2255 2112 2332">
     <span class='ocr_line' id='line_1_23' title="bbox 509 2255 2112 2332; baseline 0.004 -24"><span class='ocrx_word' id='word_1_159' title='bbox 509 2268 632 2310; x_wconf 88' lang='lat' dir='ltr'><strong>mus</strong></span> <span class='ocrx_word' id='word_1_160' title='bbox 660 2255 1043 2323; x_wconf 86' lang='lat' dir='ltr'><strong>Taurinensis,</strong></span> <span class='ocrx_word' id='word_1_161' title='bbox 1071 2255 1372 2327; x_wconf 81' lang='lat' dir='ltr'><strong>Remigius,</strong></span> <span class='ocrx_word' id='word_1_162' title='bbox 1408 2258 1655 2325; x_wconf 81' lang='lat' dir='ltr'><strong>Ruﬁnus,</strong></span> <span class='ocrx_word' id='word_1_163' title='bbox 1698 2259 2112 2332; x_wconf 83' lang='lat' dir='ltr'><strong>Hieronymus),</strong></span> 
     </span>
    </p>
   </div>
   <div class='ocr_carea' id='block_1_24' title="bbox 509 2350 2116 2416">
    <p class='ocr_par' dir='ltr' id='par_1_24' title="bbox 509 2350 2116 2416">
     <span class='ocr_line' id='line_1_24' title="bbox 509 2350 2116 2416; baseline 0.004 -13"><span class='ocrx_word' id='word_1_164' title='bbox 509 2350 694 2405; x_wconf 79' lang='lat' dir='ltr'><strong>caeteri</strong></span> <span class='ocrx_word' id='word_1_165' title='bbox 725 2366 754 2408; x_wconf 88' lang='lat' dir='ltr'><strong>a</strong></span> <span class='ocrx_word' id='word_1_166' title='bbox 803 2351 1006 2412; x_wconf 82' lang='lat' dir='ltr'><strong>nostris</strong></span> <span class='ocrx_word' id='word_1_167' title='bbox 1035 2351 1318 2409; x_wconf 87' lang='lat' dir='ltr'><strong>codicibus</strong></span> <span class='ocrx_word' id='word_1_168' title='bbox 1346 2354 1552 2414; x_wconf 82' lang='lat' dir='ltr'><strong>diversi</strong></span> <span class='ocrx_word' id='word_1_169' title='bbox 1600 2354 1666 2410; x_wconf 87' lang='lat' dir='ltr'><strong>ad</strong></span> <span class='ocrx_word' id='word_1_170' title='bbox 1698 2369 1921 2416; x_wconf 80' lang='lat' dir='ltr'><strong>sensum</strong></span> <span class='ocrx_word' id='word_1_171' title='bbox 1967 2355 2116 2412; x_wconf 84' lang='lat' dir='ltr'><strong>citati</strong></span> 
     </span>
    </p>
   </div>
   <div class='ocr_carea' id='block_1_25' title="bbox 510 2443 1352 2511">
    <p class='ocr_par' dir='ltr' id='par_1_25' title="bbox 510 2443 1352 2511">
     <span class='ocr_line' id='line_1_25' title="bbox 510 2443 1352 2511; baseline 0.004 -13"><span class='ocrx_word' id='word_1_172' title='bbox 510 2443 826 2511; x_wconf 80' lang='lat' dir='ltr'><strong>videantur,</strong></span> <span class='ocrx_word' id='word_1_173' title='bbox 859 2446 942 2499; x_wconf 88' lang='lat' dir='ltr'><strong>vel</strong></span> <span class='ocrx_word' id='word_1_174' title='bbox 972 2461 1038 2500; x_wconf 80' lang='lat' dir='ltr'><strong>ex</strong></span> <span class='ocrx_word' id='word_1_175' title='bbox 1069 2449 1352 2502; x_wconf 82' lang='lat' dir='ltr'><strong>memoria.</strong></span> 
     </span>
    </p>
   </div>
   <div class='ocr_carea' id='block_1_26' title="bbox 639 2539 1996 2613">
    <p class='ocr_par' dir='ltr' id='par_1_26' title="bbox 639 2539 1996 2613">
     <span class='ocr_line' id='line_1_26' title="bbox 639 2539 1996 2613; baseline 0.003 -21"><span class='ocrx_word' id='word_1_176' title='bbox 639 2540 730 2593; x_wconf 87' lang='lat' dir='ltr'><strong>Jo.</strong></span> <span class='ocrx_word' id='word_1_177' title='bbox 761 2540 1014 2594; x_wconf 84' lang='lat' dir='ltr'><strong>Seldenus</strong></span> <span class='ocrx_word' id='word_1_178' title='bbox 1041 2540 1106 2594; x_wconf 86' lang='lat' dir='ltr'><strong>de</strong></span> <span class='ocrx_word' id='word_1_179' title='bbox 1137 2539 1250 2597; x_wconf 85' lang='lat' dir='ltr'><strong>Diis</strong></span> <span class='ocrx_word' id='word_1_180' title='bbox 1274 2541 1425 2612; x_wconf 80' lang='lat' dir='ltr'><strong>Syris</strong></span> <span class='ocrx_word' id='word_1_181' title='bbox 1453 2552 1709 2613; x_wconf 80' lang='lat' dir='ltr'><strong>syntagm.</strong></span> <span class='ocrx_word' id='word_1_182' title='bbox 1747 2560 1783 2607; x_wconf 85' lang='grc' dir='ltr'>ι,</span> <span class='ocrx_word' id='word_1_183' title='bbox 1820 2560 1872 2611; x_wconf 87' lang='lat' dir='ltr'><strong>p.</strong></span> <span class='ocrx_word' id='word_1_184' title='bbox 1904 2543 1996 2598; x_wconf 83' lang='lat'><strong>95.</strong></span> 
     </span>
    </p>
   </div>
   <div class='ocr_carea' id='block_1_27' title="bbox 587 2637 2115 2708">
    <p class='ocr_par' dir='ltr' id='par_1_27' title="bbox 587 2637 2115 2708">
     <span class='ocr_line' id='line_1_27' title="bbox 587 2637 2115 2708; baseline 0.002 -16"><span class='ocrx_word' id='word_1_185' title='bbox 587 2638 644 2693; x_wconf 87' lang='lat' dir='ltr'><strong>In</strong></span> <span class='ocrx_word' id='word_1_186' title='bbox 679 2637 952 2708; x_wconf 86' lang='lat' dir='ltr'><strong>plerisque</strong></span> <span class='ocrx_word' id='word_1_187' title='bbox 972 2639 1328 2694; x_wconf 73' lang='lat' dir='ltr'><strong>Putusrntus</strong></span> <span class='ocrx_word' id='word_1_188' title='bbox 1353 2639 1469 2704; x_wconf 88' lang='lat' dir='ltr'><strong>ille,</strong></span> <span class='ocrx_word' id='word_1_189' title='bbox 1489 2647 1547 2693; x_wconf 91' lang='lat' dir='ltr'><strong>ut</strong></span> <span class='ocrx_word' id='word_1_190' title='bbox 1572 2640 1744 2694; x_wconf 87' lang='lat' dir='ltr'><strong>semel</strong></span> <span class='ocrx_word' id='word_1_191' title='bbox 1767 2639 2115 2704; x_wconf 81' lang='lat' dir='ltr'><strong>admoneam,</strong></span> 
     </span>
    </p>
   </div>
   <div class='ocr_carea' id='block_1_28' title="bbox 516 2729 2119 2801">
    <p class='ocr_par' dir='ltr' id='par_1_28' title="bbox 516 2729 2119 2801">
     <span class='ocr_line' id='line_1_28' title="bbox 516 2729 2119 2801; baseline 0.001 -16"><span class='ocrx_word' id='word_1_192' title='bbox 516 2732 652 2786; x_wconf 82' lang='lat' dir='ltr'><strong>satis</strong></span> <span class='ocrx_word' id='word_1_193' title='bbox 675 2739 885 2788; x_wconf 82' lang='lat' dir='ltr'><strong>temere</strong></span> <span class='ocrx_word' id='word_1_194' title='bbox 911 2729 980 2786; x_wconf 89' lang='lat' dir='ltr'><strong>de</strong></span> <span class='ocrx_word' id='word_1_195' title='bbox 1008 2730 1310 2788; x_wconf 72' lang='lat' dir='ltr'><strong>hmresibns</strong></span> <span class='ocrx_word' id='word_1_196' title='bbox 1339 2746 1472 2801; x_wconf 83' lang='lat' dir='ltr'><strong>quas</strong></span> <span class='ocrx_word' id='word_1_197' title='bbox 1501 2738 1659 2790; x_wconf 78' lang='lat' dir='ltr'><strong>vocat</strong></span> <span class='ocrx_word' id='word_1_198' title='bbox 1688 2731 1792 2788; x_wconf 88' lang='lat' dir='ltr'><strong>illis</strong></span> <span class='ocrx_word' id='word_1_199' title='bbox 1817 2732 2119 2800; x_wconf 89' lang='lat' dir='ltr'><strong>priscorum</strong></span> 
     </span>
    </p>
   </div>
   <div class='ocr_carea' id='block_1_29' title="bbox 517 2824 2124 2897">
    <p class='ocr_par' dir='ltr' id='par_1_29' title="bbox 517 2824 2124 2897">
     <span class='ocr_line' id='line_1_29' title="bbox 517 2824 2124 2897; baseline 0 -15"><span class='ocrx_word' id='word_1_200' title='bbox 517 2825 807 2897; x_wconf 81' lang='lat' dir='ltr'><strong>Syrorum.</strong></span> <span class='ocrx_word' id='word_1_201' title='bbox 841 2824 951 2881; x_wconf 86' lang='lat' dir='ltr'><strong>Nec</strong></span> <span class='ocrx_word' id='word_1_202' title='bbox 977 2825 1202 2880; x_wconf 88' lang='lat' dir='ltr'><strong>omnino</strong></span> <span class='ocrx_word' id='word_1_203' title='bbox 1225 2825 1371 2895; x_wconf 91' lang='lat' dir='ltr'><strong>p0tis</strong></span> <span class='ocrx_word' id='word_1_204' title='bbox 1399 2835 1483 2881; x_wconf 90' lang='lat' dir='ltr'><strong>est</strong></span> <span class='ocrx_word' id='word_1_205' title='bbox 1513 2824 1673 2881; x_wconf 80' lang='lat' dir='ltr'><strong>ﬁdem</strong></span> <span class='ocrx_word' id='word_1_206' title='bbox 1706 2840 1859 2881; x_wconf 88' lang='lat' dir='ltr'><strong>suam</strong></span> <span class='ocrx_word' id='word_1_207' title='bbox 1887 2825 2124 2882; x_wconf 82' lang='lat' dir='ltr'><strong>liberare</strong></span> 
     </span>
    </p>
   </div>
   <div class='ocr_carea' id='block_1_30' title="bbox 515 2919 2126 2991">
    <p class='ocr_par' dir='ltr' id='par_1_30' title="bbox 515 2919 2126 2991">
     <span class='ocr_line' id='line_1_30' title="bbox 515 2919 2126 2991; baseline 0.002 -18"><span class='ocrx_word' id='word_1_208' title='bbox 515 2919 569 2974; x_wconf 91' lang='lat' dir='ltr'><strong>in</strong></span> <span class='ocrx_word' id='word_1_209' title='bbox 616 2919 682 2974; x_wconf 89' lang='lat' dir='ltr'><strong>iis</strong></span> <span class='ocrx_word' id='word_1_210' title='bbox 711 2935 833 2990; x_wconf 60' lang='lat' dir='ltr'><strong>quae</strong></span> <span class='ocrx_word' id='word_1_211' title='bbox 861 2923 1083 2989; x_wconf 84' lang='lat' dir='ltr'><strong>saepius,</strong></span> <span class='ocrx_word' id='word_1_212' title='bbox 1122 2920 1269 2976; x_wconf 82' lang='lat' dir='ltr'><strong>velut</strong></span> <span class='ocrx_word' id='word_1_213' title='bbox 1299 2920 1506 2975; x_wconf 89' lang='lat' dir='ltr'><strong>somnia</strong></span> <span class='ocrx_word' id='word_1_214' title='bbox 1535 2921 1636 2975; x_wconf 83' lang='lat' dir='ltr'><strong>sibi</strong></span> <span class='ocrx_word' id='word_1_215' title='bbox 1669 2920 1900 2991; x_wconf 80' lang='lat' dir='ltr'><strong>(ingens,</strong></span> <span class='ocrx_word' id='word_1_216' title='bbox 1924 2921 1993 2976; x_wconf 90' lang='lat' dir='ltr'><strong>de</strong></span> <span class='ocrx_word' id='word_1_217' title='bbox 2032 2937 2126 2977; x_wconf 89' lang='lat' dir='ltr'><strong>eo-</strong></span> 
     </span>
    </p>
   </div>
   <div class='ocr_carea' id='block_1_31' title="bbox 517 3011 2048 3071">
    <p class='ocr_par' dir='ltr' id='par_1_31' title="bbox 517 3011 2048 3071">
     <span class='ocr_line' id='line_1_31' title="bbox 517 3011 2048 3071; baseline 0.001 -5"><span class='ocrx_word' id='word_1_218' title='bbox 517 3027 640 3066; x_wconf 85' lang='lat' dir='ltr'><strong>rum</strong></span> <span class='ocrx_word' id='word_1_219' title='bbox 665 3011 861 3068; x_wconf 86' lang='lat' dir='ltr'><strong>ritibus</strong></span> <span class='ocrx_word' id='word_1_220' title='bbox 890 3020 945 3066; x_wconf 90' lang='lat' dir='ltr'><strong>ct</strong></span> <span class='ocrx_word' id='word_1_221' title='bbox 973 3011 1286 3071; x_wconf 82' lang='lat' dir='ltr'><strong>numinibus</strong></span> <span class='ocrx_word' id='word_1_222' title='bbox 1309 3011 1567 3070; x_wconf 76' lang='lat' dir='ltr'><strong>audacter</strong></span> <span class='ocrx_word' id='word_1_223' title='bbox 1599 3011 1761 3068; x_wconf 82' lang='lat' dir='ltr'><strong>nimis</strong></span> <span class='ocrx_word' id='word_1_224' title='bbox 1789 3012 2048 3067; x_wconf 83' lang='lat' dir='ltr'><strong>obtrudit.</strong></span> 
     </span>
    </p>
   </div>
   <div class='ocr_carea' id='block_1_32' title="bbox 515 3103 2122 3178">
    <p class='ocr_par' dir='ltr' id='par_1_32' title="bbox 515 3103 2122 3178">
     <span class='ocr_line' id='line_1_32' title="bbox 515 3103 2122 3178; baseline 0.002 -22"><span class='ocrx_word' id='word_1_225' title='bbox 515 3103 777 3174; x_wconf 84' lang='lat' dir='ltr'><strong>Josephus</strong></span> <span class='ocrx_word' id='word_1_226' title='bbox 807 3103 1042 3174; x_wconf 73' lang='lat' dir='ltr'><strong>Scaliger</strong></span> <span class='ocrx_word' id='word_1_227' title='bbox 1067 3103 1608 3161; x_wconf 79' lang='lat' dir='ltr'><strong>ElenchoTrihteresii</strong></span> <span class='ocrx_word' id='word_1_228' title='bbox 1631 3105 1902 3162; x_wconf 86' lang='lat' dir='ltr'><strong>Serariani</strong></span> <span class='ocrx_word' id='word_1_229' title='bbox 1927 3123 2042 3178; x_wconf 86' lang='lat' dir='ltr'><strong><em>cap.</em></strong></span> <span class='ocrx_word' id='word_1_230' title='bbox 2071 3107 2122 3162; x_wconf 92' lang='grc'><strong>1.</strong></span> 
     </span>
    </p>
   </div>
   <div class='ocr_carea' id='block_1_33' title="bbox 2215 477 3831 550">
    <p class='ocr_par' dir='ltr' id='par_1_33' title="bbox 2215 477 3831 550">
     <span class='ocr_line' id='line_1_33' title="bbox 2215 477 3831 550; baseline 0.005 -19"><span class='ocrx_word' id='word_1_231' title='bbox 2215 477 2376 531; x_wconf 81' lang='lat' dir='ltr'><strong>stabat</strong></span> <span class='ocrx_word' id='word_1_232' title='bbox 2403 480 2456 532; x_wconf 86' lang='lat' dir='ltr'><strong>in</strong></span> <span class='ocrx_word' id='word_1_233' title='bbox 2481 480 2648 532; x_wconf 84' lang='lat' dir='ltr'><strong>medio</strong></span> <span class='ocrx_word' id='word_1_234' title='bbox 2670 496 2844 533; x_wconf 84' lang='lat' dir='ltr'><strong>eorum</strong></span> <span class='ocrx_word' id='word_1_235' title='bbox 2868 483 3112 534; x_wconf 84' lang='lat' dir='ltr'><strong>stantium</strong></span> <span class='ocrx_word' id='word_1_236' title='bbox 3145 491 3265 536; x_wconf 87' lang='lat' dir='ltr'><strong>ante</strong></span> <span class='ocrx_word' id='word_1_237' title='bbox 3287 485 3523 550; x_wconf 82' lang='lat' dir='ltr'><strong>picturas</strong></span> <span class='ocrx_word' id='word_1_238' title='bbox 3555 498 3576 536; x_wconf 90' lang='lat'><strong><em>:</em></strong></span> <span class='ocrx_word' id='word_1_239' title='bbox 3608 492 3660 534; x_wconf 87' lang='lat' dir='ltr'><strong>et</strong></span> <span class='ocrx_word' id='word_1_240' title='bbox 3688 499 3831 539; x_wconf 63' lang='lat' dir='ltr'><strong>unu-</strong></span> 
     </span>
    </p>
   </div>
   <div class='ocr_carea' id='block_1_34' title="bbox 2213 571 3830 644">
    <p class='ocr_par' dir='ltr' id='par_1_34' title="bbox 2213 571 3830 644">
     <span class='ocr_line' id='line_1_34' title="bbox 2213 571 3830 644; baseline 0.004 -20"><span class='ocrx_word' id='word_1_241' title='bbox 2213 571 2427 642; x_wconf 86' lang='lat' dir='ltr'><strong>quisque</strong></span> <span class='ocrx_word' id='word_1_242' title='bbox 2456 571 2670 630; x_wconf 79' lang='lat' dir='ltr'><strong>habebat</strong></span> <span class='ocrx_word' id='word_1_243' title='bbox 2705 571 3024 632; x_wconf 77' lang='lat' dir='ltr'><strong>thuribulum</strong></span> <span class='ocrx_word' id='word_1_244' title='bbox 3052 575 3106 627; x_wconf 87' lang='lat' dir='ltr'><strong>in</strong></span> <span class='ocrx_word' id='word_1_245' title='bbox 3138 591 3289 632; x_wconf 82' lang='lat' dir='ltr'><strong>manu</strong></span> <span class='ocrx_word' id='word_1_246' title='bbox 3309 591 3426 641; x_wconf 83' lang='lat' dir='ltr'><strong>sua,</strong></span> <span class='ocrx_word' id='word_1_247' title='bbox 3466 586 3524 636; x_wconf 80' lang='lat' dir='ltr'><strong>et</strong></span> <span class='ocrx_word' id='word_1_248' title='bbox 3559 591 3730 644; x_wconf 77' lang='lat' dir='ltr'><strong>vapor</strong></span> <span class='ocrx_word' id='word_1_249' title='bbox 3753 594 3830 636; x_wconf 71' lang='lat' dir='ltr'><strong>Ie-</strong></span> 
     </span>
    </p>
   </div>
   <div class='ocr_carea' id='block_1_35' title="bbox 2217 663 3830 737">
    <p class='ocr_par' dir='ltr' id='par_1_35' title="bbox 2217 663 3830 737">
     <span class='ocr_line' id='line_1_35' title="bbox 2217 663 3830 737; baseline 0.006 -21"><span class='ocrx_word' id='word_1_250' title='bbox 2217 663 2352 717; x_wconf 74' lang='lat' dir='ltr'><strong>bttlw</strong></span> <span class='ocrx_word' id='word_1_251' title='bbox 2372 664 2434 716; x_wconf 83' lang='lat' dir='ltr'><strong>de</strong></span> <span class='ocrx_word' id='word_1_252' title='bbox 2470 666 2617 718; x_wconf 87' lang='lat' dir='ltr'><strong>thure</strong></span> <span class='ocrx_word' id='word_1_253' title='bbox 2644 665 3002 737; x_wconf 85' lang='lat' dir='ltr'><strong>consurgebat.</strong></span> <span class='ocrx_word' id='word_1_254' title='bbox 3035 664 3100 720; x_wconf 78' lang='lat' dir='ltr'><strong>Et</strong></span> <span class='ocrx_word' id='word_1_255' title='bbox 3125 666 3257 722; x_wconf 77' lang='lat' dir='ltr'><strong>dixit</strong></span> <span class='ocrx_word' id='word_1_256' title='bbox 3285 668 3358 724; x_wconf 87' lang='lat' dir='ltr'><strong>ad</strong></span> <span class='ocrx_word' id='word_1_257' title='bbox 3393 684 3474 728; x_wconf 76' lang='lat' dir='ltr'><strong>me</strong></span> <span class='ocrx_word' id='word_1_258' title='bbox 3512 684 3532 722; x_wconf 90' lang='lat'><strong><em>:</em></strong></span> <span class='ocrx_word' id='word_1_259' title='bbox 3585 665 3741 732; x_wconf 73' lang='lat' dir='ltr'><strong>Certe</strong></span> <span class='ocrx_word' id='word_1_260' title='bbox 3764 670 3830 734; x_wconf 66' lang='lat' dir='ltr'><strong>ti-</strong></span> 
     </span>
    </p>
   </div>
   <div class='ocr_carea' id='block_1_36' title="bbox 2216 758 3830 836">
    <p class='ocr_par' dir='ltr' id='par_1_36' title="bbox 2216 758 3830 836">
     <span class='ocr_line' id='line_1_36' title="bbox 2216 758 3830 836; baseline 0.005 -24"><span class='ocrx_word' id='word_1_261' title='bbox 2216 759 2325 825; x_wconf 86' lang='lat' dir='ltr'><strong>des,</strong></span> <span class='ocrx_word' id='word_1_262' title='bbox 2358 759 2434 827; x_wconf 84' lang='lat' dir='ltr'><strong>ﬁli</strong></span> <span class='ocrx_word' id='word_1_263' title='bbox 2457 758 2704 827; x_wconf 81' lang='lat' dir='ltr'><strong>hominis,</strong></span> <span class='ocrx_word' id='word_1_264' title='bbox 2729 776 2845 824; x_wconf 77' lang='lat' dir='ltr'><strong>qum</strong></span> <span class='ocrx_word' id='word_1_265' title='bbox 2873 760 3117 816; x_wconf 88' lang='lat' dir='ltr'><strong>Seniores</strong></span> <span class='ocrx_word' id='word_1_266' title='bbox 3139 764 3322 816; x_wconf 85' lang='lat' dir='ltr'><strong>domus</strong></span> <span class='ocrx_word' id='word_1_267' title='bbox 3345 762 3526 819; x_wconf 83' lang='lat' dir='ltr'><strong>Israel</strong></span> <span class='ocrx_word' id='word_1_268' title='bbox 3559 765 3769 836; x_wconf 62' lang='lat' dir='ltr'><strong>faciunt</strong></span> <span class='ocrx_word' id='word_1_269' title='bbox 3789 768 3830 820; x_wconf 79' lang='lat' dir='ltr'><strong>in</strong></span> 
     </span>
    </p>
   </div>
   <div class='ocr_carea' id='block_1_37' title="bbox 2218 854 3830 925">
    <p class='ocr_par' dir='ltr' id='par_1_37' title="bbox 2218 854 3830 925">
     <span class='ocr_line' id='line_1_37' title="bbox 2218 854 3830 925; baseline 0.004 -18"><span class='ocrx_word' id='word_1_270' title='bbox 2218 854 2455 919; x_wconf 81' lang='lat' dir='ltr'><strong>tenebris,</strong></span> <span class='ocrx_word' id='word_1_271' title='bbox 2512 855 2860 925; x_wconf 73' lang='lat' dir='ltr'><strong>unusquisque</strong></span> <span class='ocrx_word' id='word_1_272' title='bbox 2907 857 2961 910; x_wconf 85' lang='lat' dir='ltr'><strong>in</strong></span> <span class='ocrx_word' id='word_1_273' title='bbox 3015 857 3316 911; x_wconf 86' lang='lat' dir='ltr'><strong>abscondito</strong></span> <span class='ocrx_word' id='word_1_274' title='bbox 3369 858 3571 916; x_wconf 80' lang='lat' dir='ltr'><strong>cubitis</strong></span> <span class='ocrx_word' id='word_1_275' title='bbox 3627 859 3732 912; x_wconf 81' lang='lat' dir='ltr'><strong>sui.</strong></span> <span class='ocrx_word' id='word_1_276' title='bbox 3784 857 3830 914; x_wconf 83' lang='lat' dir='ltr'><strong>in</strong></span> 
     </span>
    </p>
   </div>
   <div class='ocr_carea' id='block_1_38' title="bbox 2214 948 3829 1030">
    <p class='ocr_par' dir='ltr' id='par_1_38' title="bbox 2214 948 3829 1030">
     <span class='ocr_line' id='line_1_38' title="bbox 2214 948 3829 1030; baseline 0.003 -26"><span class='ocrx_word' id='word_1_277' title='bbox 2214 948 2404 1004; x_wconf 68' lang='lat' dir='ltr'><strong>Gra‘co</strong></span> <span class='ocrx_word' id='word_1_278' title='bbox 2431 967 2441 1003; x_wconf 93' lang='lat'>:</span> <span class='ocrx_word' id='word_1_279' title='bbox 2465 950 2514 1004; x_wconf 83' lang='grc' dir='ltr'><strong>ἐν</strong></span> <span class='ocrx_word' id='word_1_280' title='bbox 2539 950 2732 1016; x_wconf 81' lang='grc' dir='ltr'><strong>σκότει,</strong></span> <span class='ocrx_word' id='word_1_281' title='bbox 2758 951 2806 1005; x_wconf 79' lang='grc' dir='ltr'><strong>ἐν</strong></span> <span class='ocrx_word' id='word_1_282' title='bbox 2826 960 2897 1023; x_wconf 85' lang='grc' dir='ltr'><strong>τῷ</strong></span> <span class='ocrx_word' id='word_1_283' title='bbox 2921 959 3122 1008; x_wconf 82' lang='grc' dir='ltr'><strong>κοιτῶνι</strong></span> <span class='ocrx_word' id='word_1_284' title='bbox 3147 959 3219 1023; x_wconf 85' lang='grc' dir='ltr'><strong>τῷ</strong></span> <span class='ocrx_word' id='word_1_285' title='bbox 3249 959 3464 1030; x_wconf 79' lang='grc' dir='ltr'><strong>κρυπτῷ</strong></span> <span class='ocrx_word' id='word_1_286' title='bbox 3491 955 3701 1030; x_wconf 64' lang='grc' dir='ltr'><strong>αὐτ-(ξιτ.</strong></span> <span class='ocrx_word' id='word_1_287' title='bbox 3732 953 3829 1008; x_wconf 76' lang='lat' dir='ltr'><strong>Ne-</strong></span> 
     </span>
    </p>
   </div>
   <div class='ocr_carea' id='block_1_39' title="bbox 2215 1041 3829 1120">
    <p class='ocr_par' dir='ltr' id='par_1_39' title="bbox 2215 1041 3829 1120">
     <span class='ocr_line' id='line_1_39' title="bbox 2215 1041 3829 1120; baseline 0.006 -28"><span class='ocrx_word' id='word_1_288' title='bbox 2215 1057 2317 1112; x_wconf 89' lang='lat' dir='ltr'><strong>que</strong></span> <span class='ocrx_word' id='word_1_289' title='bbox 2347 1041 2728 1117; x_wconf 71' lang='grc' dir='ltr'><strong>Τρωγλοδύται,</strong></span> <span class='ocrx_word' id='word_1_290' title='bbox 2754 1059 2930 1115; x_wconf 88' lang='lat' dir='ltr'><strong>neque</strong></span> <span class='ocrx_word' id='word_1_291' title='bbox 2959 1042 3234 1120; x_wconf 69' lang='grc' dir='ltr'><strong>’Υπόοιειοι,</strong></span> <span class='ocrx_word' id='word_1_292' title='bbox 3260 1045 3346 1101; x_wconf 77' lang='lat' dir='ltr'><strong>vel</strong></span> <span class='ocrx_word' id='word_1_293' title='bbox 3364 1045 3716 1119; x_wconf 65' lang='grc' dir='ltr'><strong>’Λποχθόνιῡι</strong></span> <span class='ocrx_word' id='word_1_294' title='bbox 3733 1046 3829 1102; x_wconf 79' lang='lat' dir='ltr'><strong>dici</strong></span> 
     </span>
    </p>
   </div>
   <div class='ocr_carea' id='block_1_40' title="bbox 2216 1136 3830 1212">
    <p class='ocr_par' dir='ltr' id='par_1_40' title="bbox 2216 1136 3830 1212">
     <span class='ocr_line' id='line_1_40' title="bbox 2216 1136 3830 1212; baseline 0.004 -23"><span class='ocrx_word' id='word_1_295' title='bbox 2216 1147 2465 1205; x_wconf 86' lang='lat' dir='ltr'><strong>possunt,</strong></span> <span class='ocrx_word' id='word_1_296' title='bbox 2500 1137 2593 1191; x_wconf 88' lang='lat' dir='ltr'><strong>ubi</strong></span> <span class='ocrx_word' id='word_1_297' title='bbox 2639 1136 2800 1192; x_wconf 62' lang='lat' dir='ltr'><strong>nullae</strong></span> <span class='ocrx_word' id='word_1_298' title='bbox 2851 1137 3129 1207; x_wconf 65' lang='lat' dir='ltr'><strong>speluncae</strong></span> <span class='ocrx_word' id='word_1_299' title='bbox 3173 1148 3296 1192; x_wconf 89' lang='lat' dir='ltr'><strong>sunt</strong></span> <span class='ocrx_word' id='word_1_300' title='bbox 3323 1140 3459 1204; x_wconf 84' lang='lat' dir='ltr'><strong>,sed</strong></span> <span class='ocrx_word' id='word_1_301' title='bbox 3527 1141 3830 1212; x_wconf 74' lang='lat' dir='ltr'><strong>penetralia</strong></span> 
     </span>
    </p>
   </div>
   <div class='ocr_carea' id='block_1_41' title="bbox 2214 1226 3830 1299">
    <p class='ocr_par' dir='ltr' id='par_1_41' title="bbox 2214 1226 3830 1299">
     <span class='ocr_line' id='line_1_41' title="bbox 2214 1226 3830 1299; baseline 0.004 -18"><span class='ocrx_word' id='word_1_302' title='bbox 2214 1226 2430 1295; x_wconf 85' lang='lat' dir='ltr'><strong>domus,</strong></span> <span class='ocrx_word' id='word_1_303' title='bbox 2462 1238 2516 1284; x_wconf 88' lang='lat' dir='ltr'><strong>et</strong></span> <span class='ocrx_word' id='word_1_304' title='bbox 2545 1229 2727 1284; x_wconf 89' lang='lat' dir='ltr'><strong>abdita</strong></span> <span class='ocrx_word' id='word_1_305' title='bbox 2759 1230 3049 1295; x_wconf 82' lang='lat' dir='ltr'><strong>cubilium,</strong></span> <span class='ocrx_word' id='word_1_306' title='bbox 3079 1229 3416 1296; x_wconf 74' lang='lat' dir='ltr'><strong>Muscicolas,</strong></span> <span class='ocrx_word' id='word_1_307' title='bbox 3452 1233 3510 1287; x_wconf 93' lang='lat' dir='ltr'><strong>id</strong></span> <span class='ocrx_word' id='word_1_308' title='bbox 3539 1242 3652 1299; x_wconf 89' lang='lat' dir='ltr'><strong>est,</strong></span> <span class='ocrx_word' id='word_1_309' title='bbox 3684 1245 3830 1289; x_wconf 73' lang='lat' dir='ltr'><strong>Mm-</strong></span> 
     </span>
    </p>
   </div>
   <div class='ocr_carea' id='block_1_42' title="bbox 2213 1323 3827 1407">
    <p class='ocr_par' dir='ltr' id='par_1_42' title="bbox 2213 1323 3827 1407">
     <span class='ocr_line' id='line_1_42' title="bbox 2213 1323 3827 1407; baseline 0.004 -31"><span class='ocrx_word' id='word_1_310' title='bbox 2213 1323 2423 1397; x_wconf 73' lang='grc' dir='ltr'><strong>λάτρεις,</strong></span> <span class='ocrx_word' id='word_1_311' title='bbox 2470 1340 2502 1375; x_wconf 91' lang='lat' dir='ltr'><strong><em>a</em></strong></span> <span class='ocrx_word' id='word_1_312' title='bbox 2553 1339 2730 1377; x_wconf 85' lang='lat' dir='ltr'><strong>musca</strong></span> <span class='ocrx_word' id='word_1_313' title='bbox 2774 1323 3076 1387; x_wconf 80' lang='lat' dir='ltr'><strong>Accaronis,</strong></span> <span class='ocrx_word' id='word_1_314' title='bbox 3124 1325 3314 1400; x_wconf 81' lang='lat' dir='ltr'><strong>inquit,</strong></span> <span class='ocrx_word' id='word_1_315' title='bbox 3365 1327 3435 1386; x_wconf 81' lang='lat' dir='ltr'><strong>ad</strong></span> <span class='ocrx_word' id='word_1_316' title='bbox 3483 1344 3650 1407; x_wconf 81' lang='lat' dir='ltr'><strong>quam</strong></span> <span class='ocrx_word' id='word_1_317' title='bbox 3700 1330 3827 1382; x_wconf 82' lang='lat' dir='ltr'><strong>misit</strong></span> 
     </span>
    </p>
   </div>
   <div class='ocr_carea' id='block_1_43' title="bbox 2218 1412 3825 1492">
    <p class='ocr_par' dir='ltr' id='par_1_43' title="bbox 2218 1412 3825 1492">
     <span class='ocr_line' id='line_1_43' title="bbox 2218 1412 3825 1492; baseline 0.005 -25"><span class='ocrx_word' id='word_1_318' title='bbox 2218 1412 2602 1469; x_wconf 75' lang='lat' dir='ltr'><strong>Orhoziasrex.</strong></span> <span class='ocrx_word' id='word_1_319' title='bbox 2655 1415 2711 1470; x_wconf 82' lang='lat' dir='ltr'><strong>In</strong></span> <span class='ocrx_word' id='word_1_320' title='bbox 2755 1415 2794 1468; x_wconf 93' lang='lat' dir='ltr'><strong>Il</strong></span> <span class='ocrx_word' id='word_1_321' title='bbox 2825 1415 2958 1492; x_wconf 78' lang='lat' dir='ltr'><strong>Reg.</strong></span> <span class='ocrx_word' id='word_1_322' title='bbox 2994 1432 3030 1480; x_wconf 85' lang='grc' dir='ltr'>ι,</span> <span class='ocrx_word' id='word_1_323' title='bbox 3058 1416 3114 1480; x_wconf 71' lang='lat'><strong>2,</strong></span> <span class='ocrx_word' id='word_1_324' title='bbox 3156 1417 3354 1492; x_wconf 75' lang='lat' dir='ltr'><strong>legitur</strong></span> <span class='ocrx_word' id='word_1_325' title='bbox 3387 1437 3399 1472; x_wconf 91' lang='lat'><strong>:</strong></span> <span class='ocrx_word' id='word_1_326' title='bbox 3435 1417 3547 1485; x_wconf 86' lang='lat' dir='ltr'><strong>Ite,</strong></span> <span class='ocrx_word' id='word_1_327' title='bbox 3585 1422 3825 1482; x_wconf 80' lang='lat' dir='ltr'><strong>consulite</strong></span> 
     </span>
    </p>
   </div>
   <div class='ocr_carea' id='block_1_44' title="bbox 2215 1506 3821 1578">
    <p class='ocr_par' dir='ltr' id='par_1_44' title="bbox 2215 1506 3821 1578">
     <span class='ocr_line' id='line_1_44' title="bbox 2215 1506 3821 1578; baseline 0.004 -17"><span class='ocrx_word' id='word_1_328' title='bbox 2215 1506 2501 1564; x_wconf 77' lang='lat' dir='ltr'><strong>Beelzebub</strong></span> <span class='ocrx_word' id='word_1_329' title='bbox 2527 1509 2692 1563; x_wconf 80' lang='lat' dir='ltr'><strong>Deum</strong></span> <span class='ocrx_word' id='word_1_330' title='bbox 2725 1511 2975 1565; x_wconf 67' lang='grc' dir='ltr'><strong>Ασίαν-οη.</strong></span> <span class='ocrx_word' id='word_1_331' title='bbox 3009 1510 3107 1566; x_wconf 83' lang='lat' dir='ltr'><strong>Hic</strong></span> <span class='ocrx_word' id='word_1_332' title='bbox 3131 1513 3276 1566; x_wconf 88' lang='lat' dir='ltr'><strong>nulla</strong></span> <span class='ocrx_word' id='word_1_333' title='bbox 3306 1521 3392 1568; x_wconf 88' lang='lat' dir='ltr'><strong>est</strong></span> <span class='ocrx_word' id='word_1_334' title='bbox 3430 1528 3635 1578; x_wconf 78' lang='lat' dir='ltr'><strong>musca</strong></span> <span class='ocrx_word' id='word_1_335' title='bbox 3669 1516 3821 1569; x_wconf 71' lang='lat' dir='ltr'><strong>Acca-</strong></span> 
     </span>
    </p>
   </div>
   <div class='ocr_carea' id='block_1_45' title="bbox 2215 1603 3821 1679">
    <p class='ocr_par' dir='ltr' id='par_1_45' title="bbox 2215 1603 3821 1679">
     <span class='ocr_line' id='line_1_45' title="bbox 2215 1603 3821 1679; baseline 0.003 -23"><span class='ocrx_word' id='word_1_336' title='bbox 2215 1603 2387 1671; x_wconf 89' lang='lat' dir='ltr'><strong>ronis,</strong></span> <span class='ocrx_word' id='word_1_337' title='bbox 2418 1603 2512 1658; x_wconf 90' lang='lat' dir='ltr'><strong>sed</strong></span> <span class='ocrx_word' id='word_1_338' title='bbox 2547 1603 2850 1658; x_wconf 82' lang='lat' dir='ltr'><strong>Beelzebub</strong></span> <span class='ocrx_word' id='word_1_339' title='bbox 2873 1605 3192 1672; x_wconf 84' lang='lat' dir='ltr'><strong>Accaronis,</strong></span> <span class='ocrx_word' id='word_1_340' title='bbox 3223 1619 3251 1657; x_wconf 88' lang='lat' dir='ltr'><strong>a</strong></span> <span class='ocrx_word' id='word_1_341' title='bbox 3279 1621 3388 1679; x_wconf 84' lang='lat' dir='ltr'><strong>quo</strong></span> <span class='ocrx_word' id='word_1_342' title='bbox 3423 1606 3821 1672; x_wconf 75' lang='lat' dir='ltr'><strong>Beelzebnbita:</strong></span> 
     </span>
    </p>
   </div>
   <div class='ocr_carea' id='block_1_46' title="bbox 2216 1693 3813 1770">
    <p class='ocr_par' dir='ltr' id='par_1_46' title="bbox 2216 1693 3813 1770">
     <span class='ocr_line' id='line_1_46' title="bbox 2216 1693 3813 1770; baseline 0.004 -22"><span class='ocrx_word' id='word_1_343' title='bbox 2216 1693 2324 1749; x_wconf 91' lang='lat' dir='ltr'><strong>dici</strong></span> <span class='ocrx_word' id='word_1_344' title='bbox 2355 1693 2646 1750; x_wconf 82' lang='lat' dir='ltr'><strong>debebant.</strong></span> <span class='ocrx_word' id='word_1_345' title='bbox 2677 1696 2782 1752; x_wconf 87' lang='lat' dir='ltr'><strong>Sed</strong></span> <span class='ocrx_word' id='word_1_346' title='bbox 2809 1695 3137 1760; x_wconf 85' lang='lat' dir='ltr'><strong>Beelzebub,</strong></span> <span class='ocrx_word' id='word_1_347' title='bbox 3171 1698 3222 1750; x_wconf 88' lang='lat' dir='ltr'><strong>id</strong></span> <span class='ocrx_word' id='word_1_348' title='bbox 3253 1707 3339 1752; x_wconf 88' lang='lat' dir='ltr'><strong>cst</strong></span> <span class='ocrx_word' id='word_1_349' title='bbox 3371 1697 3520 1753; x_wconf 85' lang='lat' dir='ltr'><strong>Deus</strong></span> <span class='ocrx_word' id='word_1_350' title='bbox 3554 1699 3768 1770; x_wconf 59' lang='lat' dir='ltr'><strong>Musca,</strong></span> <span class='ocrx_word' id='word_1_351' title='bbox 3789 1716 3813 1754; x_wconf 75' lang='grc' dir='ltr'><strong>ι</strong></span> 
     </span>
    </p>
   </div>
   <div class='ocr_carea' id='block_1_47' title="bbox 2143 1774 3812 1861">
    <p class='ocr_par' dir='ltr' id='par_1_47' title="bbox 2143 1774 3812 1861">
     <span class='ocr_line' id='line_1_47' title="bbox 2143 1774 3812 1861; baseline -0.002 -13"><span class='ocrx_word' id='word_1_352' title='bbox 2143 1789 2189 1848; x_wconf 86' lang='grc' dir='ltr'><strong>Β</strong></span> <span class='ocrx_word' id='word_1_353' title='bbox 2217 1787 2492 1859; x_wconf 83' lang='lat' dir='ltr'><strong>Scriptura</strong></span> <span class='ocrx_word' id='word_1_354' title='bbox 2547 1790 2766 1857; x_wconf 88' lang='lat' dir='ltr'><strong>dicitur,</strong></span> <span class='ocrx_word' id='word_1_355' title='bbox 2800 1774 2951 1852; x_wconf 49' lang='lat' dir='ltr'><strong>usus</strong></span> <span class='ocrx_word' id='word_1_356' title='bbox 2982 1806 3077 1861; x_wconf 84' lang='lat' dir='ltr'><strong>per</strong></span> <span class='ocrx_word' id='word_1_357' title='bbox 3115 1793 3536 1861; x_wconf 79' lang='lat' dir='ltr'><strong>contumeliam,</strong></span> <span class='ocrx_word' id='word_1_358' title='bbox 3592 1806 3652 1848; x_wconf 90' lang='lat' dir='ltr'><strong>ut</strong></span> <span class='ocrx_word' id='word_1_359' title='bbox 3698 1794 3812 1846; x_wconf 82' lang='lat' dir='ltr'><strong>alibi</strong></span> 
     </span>
    </p>
   </div>
   <div class='ocr_carea' id='block_1_48' title="bbox 2217 1884 3813 1957">
    <p class='ocr_par' dir='ltr' id='par_1_48' title="bbox 2217 1884 3813 1957">
     <span class='ocr_line' id='line_1_48' title="bbox 2217 1884 3813 1957; baseline 0.003 -20"><span class='ocrx_word' id='word_1_360' title='bbox 2217 1884 2574 1950; x_wconf 78' lang='lat' dir='ltr'><strong>ostendimus,</strong></span> <span class='ocrx_word' id='word_1_361' title='bbox 2611 1899 2717 1940; x_wconf 89' lang='lat' dir='ltr'><strong>non</strong></span> <span class='ocrx_word' id='word_1_362' title='bbox 2747 1886 2890 1957; x_wconf 89' lang='lat' dir='ltr'><strong>quod</strong></span> <span class='ocrx_word' id='word_1_363' title='bbox 2920 1886 3261 1941; x_wconf 78' lang='lat' dir='ltr'><strong>Accaronitu:</strong></span> <span class='ocrx_word' id='word_1_364' title='bbox 3284 1902 3349 1942; x_wconf 87' lang='lat' dir='ltr'><strong>eo</strong></span> <span class='ocrx_word' id='word_1_365' title='bbox 3374 1889 3608 1942; x_wconf 88' lang='lat' dir='ltr'><strong>nomine</strong></span> <span class='ocrx_word' id='word_1_366' title='bbox 3637 1903 3813 1946; x_wconf 85' lang='lat' dir='ltr'><strong>numen</strong></span> 
     </span>
    </p>
   </div>
   <div class='ocr_carea' id='block_1_49' title="bbox 2217 1977 3816 2052">
    <p class='ocr_par' dir='ltr' id='par_1_49' title="bbox 2217 1977 3816 2052">
     <span class='ocr_line' id='line_1_49' title="bbox 2217 1977 3816 2052; baseline 0.001 -23"><span class='ocrx_word' id='word_1_367' title='bbox 2217 1991 2373 2032; x_wconf 89' lang='lat' dir='ltr'><strong>suum</strong></span> <span class='ocrx_word' id='word_1_368' title='bbox 2403 1977 2767 2033; x_wconf 84' lang='lat' dir='ltr'><strong>dehonestare</strong></span> <span class='ocrx_word' id='word_1_369' title='bbox 2796 1978 3231 2052; x_wconf 76' lang='lat' dir='ltr'><strong>voluerint(quis</strong></span> <span class='ocrx_word' id='word_1_370' title='bbox 3251 1980 3395 2033; x_wconf 88' lang='lat' dir='ltr'><strong>enim</strong></span> <span class='ocrx_word' id='word_1_371' title='bbox 3418 1981 3480 2035; x_wconf 80' lang='grc' dir='ltr'><strong>τὸ</strong></span> <span class='ocrx_word' id='word_1_372' title='bbox 3509 1981 3816 2052; x_wconf 62' lang='grc' dir='ltr'><strong>σεϐιζάμῢῡν</strong></span> 
     </span>
    </p>
   </div>
   <div class='ocr_carea' id='block_1_50' title="bbox 2217 2071 3816 2149">
    <p class='ocr_par' dir='ltr' id='par_1_50' title="bbox 2217 2071 3816 2149">
     <span class='ocr_line' id='line_1_50' title="bbox 2217 2071 3816 2149; baseline 0.001 -24"><span class='ocrx_word' id='word_1_373' title='bbox 2217 2071 2486 2149; x_wconf 72' lang='grc' dir='ltr'><strong>ὑϐρίζει);</strong></span> <span class='ocrx_word' id='word_1_374' title='bbox 2517 2072 2613 2126; x_wconf 88' lang='lat' dir='ltr'><strong>scd</strong></span> <span class='ocrx_word' id='word_1_375' title='bbox 2644 2071 2798 2125; x_wconf 89' lang='lat' dir='ltr'><strong>multi</strong></span> <span class='ocrx_word' id='word_1_376' title='bbox 2829 2081 2987 2126; x_wconf 85' lang='lat' dir='ltr'><strong>erant</strong></span> <span class='ocrx_word' id='word_1_377' title='bbox 3018 2072 3222 2126; x_wconf 86' lang='lat' dir='ltr'><strong>Baalim</strong></span> <span class='ocrx_word' id='word_1_378' title='bbox 3244 2074 3485 2146; x_wconf 87' lang='lat' dir='ltr'><strong>:ctapud</strong></span> <span class='ocrx_word' id='word_1_379' title='bbox 3511 2075 3816 2145; x_wconf 77' lang='lat' dir='ltr'><strong>illasgentes</strong></span> 
     </span>
    </p>
   </div>
   <div class='ocr_carea' id='block_1_51' title="bbox 2220 2163 3816 2236">
    <p class='ocr_par' dir='ltr' id='par_1_51' title="bbox 2220 2163 3816 2236">
     <span class='ocr_line' id='line_1_51' title="bbox 2220 2163 3816 2236; baseline 0 -18"><span class='ocrx_word' id='word_1_380' title='bbox 2220 2163 2580 2234; x_wconf 76' lang='grc' dir='ltr'><strong>εἰδωλομανεῐς</strong></span> <span class='ocrx_word' id='word_1_381' title='bbox 2619 2179 2912 2236; x_wconf 88' lang='lat' dir='ltr'><strong>numquam</strong></span> <span class='ocrx_word' id='word_1_382' title='bbox 2945 2164 3070 2218; x_wconf 81' lang='lat' dir='ltr'><strong>Bnal</strong></span> <span class='ocrx_word' id='word_1_383' title='bbox 3095 2164 3382 2221; x_wconf 77' lang='lat' dir='ltr'><strong>dicebatur</strong></span> <span class='ocrx_word' id='word_1_384' title='bbox 3412 2167 3539 2220; x_wconf 83' lang='lat' dir='ltr'><strong>sine</strong></span> <span class='ocrx_word' id='word_1_385' title='bbox 3585 2176 3816 2221; x_wconf 85' lang='lat' dir='ltr'><strong>constru-</strong></span> 
     </span>
    </p>
   </div>
   <div class='ocr_carea' id='block_1_52' title="bbox 2220 2258 3813 2336">
    <p class='ocr_par' dir='ltr' id='par_1_52' title="bbox 2220 2258 3813 2336">
     <span class='ocr_line' id='line_1_52' title="bbox 2220 2258 3813 2336; baseline -0.001 -22"><span class='ocrx_word' id='word_1_386' title='bbox 2220 2260 2385 2314; x_wconf 81' lang='lat' dir='ltr'><strong>Ctivo.</strong></span> <span class='ocrx_word' id='word_1_387' title='bbox 2427 2258 2840 2326; x_wconf 85' lang='lat' dir='ltr'><strong>Baal—Samaim,</strong></span> <span class='ocrx_word' id='word_1_388' title='bbox 2871 2261 3136 2335; x_wconf 74' lang='grc' dir='ltr'><strong>Οὐράνιος,</strong></span> <span class='ocrx_word' id='word_1_389' title='bbox 3174 2259 3540 2325; x_wconf 82' lang='lat' dir='ltr'><strong>Baal—Rccm,</strong></span> <span class='ocrx_word' id='word_1_390' title='bbox 3577 2261 3813 2336; x_wconf 67' lang='grc' dir='ltr'><strong>Βροντεύς,</strong></span> 
     </span>
    </p>
   </div>
   <div class='ocr_carea' id='block_1_53' title="bbox 2222 2351 3815 2424">
    <p class='ocr_par' dir='ltr' id='par_1_53' title="bbox 2222 2351 3815 2424">
     <span class='ocr_line' id='line_1_53' title="bbox 2222 2351 3815 2424; baseline -0.003 -20"><span class='ocrx_word' id='word_1_391' title='bbox 2222 2367 2382 2422; x_wconf 89' lang='lat' dir='ltr'><strong>quem</strong></span> <span class='ocrx_word' id='word_1_392' title='bbox 2408 2352 2638 2406; x_wconf 89' lang='lat' dir='ltr'><strong>ridiculo</strong></span> <span class='ocrx_word' id='word_1_393' title='bbox 2666 2353 2886 2407; x_wconf 86' lang='lat' dir='ltr'><strong>nomine</strong></span> <span class='ocrx_word' id='word_1_394' title='bbox 2916 2352 3194 2424; x_wconf 83' lang='lat' dir='ltr'><strong>Scriptura</strong></span> <span class='ocrx_word' id='word_1_395' title='bbox 3229 2351 3615 2424; x_wconf 62' lang='lat' dir='ltr'><strong>BaaloPhegor</strong></span> <span class='ocrx_word' id='word_1_396' title='bbox 3657 2363 3815 2420; x_wconf 71' lang='lat' dir='ltr'><strong>vorat,</strong></span> 
     </span>
    </p>
   </div>
   <div class='ocr_carea' id='block_1_54' title="bbox 2222 2443 3818 2522">
    <p class='ocr_par' dir='ltr' id='par_1_54' title="bbox 2222 2443 3818 2522">
     <span class='ocr_line' id='line_1_54' title="bbox 2222 2443 3818 2522; baseline -0.001 -24"><span class='ocrx_word' id='word_1_397' title='bbox 2222 2443 2365 2514; x_wconf 91' lang='lat' dir='ltr'><strong>quod</strong></span> <span class='ocrx_word' id='word_1_398' title='bbox 2395 2452 2478 2500; x_wconf 90' lang='lat' dir='ltr'><strong>est</strong></span> <span class='ocrx_word' id='word_1_399' title='bbox 2504 2443 2746 2518; x_wconf 73' lang='grc' dir='ltr'><strong>Πορδεύς,</strong></span> <span class='ocrx_word' id='word_1_400' title='bbox 2780 2459 2884 2499; x_wconf 90' lang='lat' dir='ltr'><strong>non</strong></span> <span class='ocrx_word' id='word_1_401' title='bbox 2907 2449 3172 2522; x_wconf 71' lang='grc' dir='ltr'><strong>Βροντεὺς.</strong></span> <span class='ocrx_word' id='word_1_402' title='bbox 3199 2445 3290 2501; x_wconf 76' lang='lat' dir='ltr'><strong>Sir,</strong></span> <span class='ocrx_word' id='word_1_403' title='bbox 3315 2445 3448 2499; x_wconf 89' lang='lat' dir='ltr'><strong>illttd</strong></span> <span class='ocrx_word' id='word_1_404' title='bbox 3479 2445 3818 2500; x_wconf 76' lang='lat' dir='ltr'><strong>Accarnttita-</strong></span> 
     </span>
    </p>
   </div>
   <div class='ocr_carea' id='block_1_55' title="bbox 2225 2537 3819 2608">
    <p class='ocr_par' dir='ltr' id='par_1_55' title="bbox 2225 2537 3819 2608">
     <span class='ocr_line' id='line_1_55' title="bbox 2225 2537 3819 2608; baseline -0.002 -18"><span class='ocrx_word' id='word_1_405' title='bbox 2225 2552 2344 2590; x_wconf 92' lang='lat' dir='ltr'><strong>rum</strong></span> <span class='ocrx_word' id='word_1_406' title='bbox 2404 2537 2631 2602; x_wconf 89' lang='lat' dir='ltr'><strong>idolum,</strong></span> <span class='ocrx_word' id='word_1_407' title='bbox 2661 2537 2808 2607; x_wconf 89' lang='lat' dir='ltr'><strong>quod</strong></span> <span class='ocrx_word' id='word_1_408' title='bbox 2862 2537 3212 2608; x_wconf 86' lang='lat' dir='ltr'><strong>meojudicio</strong></span> <span class='ocrx_word' id='word_1_409' title='bbox 3261 2537 3553 2594; x_wconf 80' lang='lat' dir='ltr'><strong>dicebatur</strong></span> <span class='ocrx_word' id='word_1_410' title='bbox 3587 2537 3819 2592; x_wconf 78' lang='lat' dir='ltr'><strong>Baal-Ze-</strong></span> 
     </span>
    </p>
   </div>
   <div class='ocr_carea' id='block_1_56' title="bbox 2224 2629 3817 2696">
    <p class='ocr_par' dir='ltr' id='par_1_56' title="bbox 2224 2629 3817 2696">
     <span class='ocr_line' id='line_1_56' title="bbox 2224 2629 3817 2696; baseline -0.001 -13"><span class='ocrx_word' id='word_1_411' title='bbox 2224 2629 2430 2694; x_wconf 83' lang='lat' dir='ltr'><strong>baltim,</strong></span> <span class='ocrx_word' id='word_1_412' title='bbox 2463 2631 2607 2685; x_wconf 88' lang='lat' dir='ltr'><strong>Deus</strong></span> <span class='ocrx_word' id='word_1_413' title='bbox 2639 2631 3004 2696; x_wconf 82' lang='lat' dir='ltr'><strong>victimarum,</strong></span> <span class='ocrx_word' id='word_1_414' title='bbox 3039 2631 3501 2695; x_wconf 86' lang='lat' dir='ltr'><strong>immolationnm,</strong></span> <span class='ocrx_word' id='word_1_415' title='bbox 3543 2629 3817 2685; x_wconf 75' lang='lat' dir='ltr'><strong>sacriﬁcio-</strong></span> 
     </span>
    </p>
   </div>
   <div class='ocr_carea' id='block_1_57' title="bbox 2224 2722 3814 2793">
    <p class='ocr_par' dir='ltr' id='par_1_57' title="bbox 2224 2722 3814 2793">
     <span class='ocr_line' id='line_1_57' title="bbox 2224 2722 3814 2793; baseline 0.001 -18"><span class='ocrx_word' id='word_1_416' title='bbox 2224 2737 2383 2788; x_wconf 82' lang='lat' dir='ltr'><strong>rum,</strong></span> <span class='ocrx_word' id='word_1_417' title='bbox 2428 2722 2654 2792; x_wconf 79' lang='lat' dir='ltr'><strong>joculari</strong></span> <span class='ocrx_word' id='word_1_418' title='bbox 2710 2723 2975 2778; x_wconf 75' lang='lat' dir='ltr'><strong>vocabulo</strong></span> <span class='ocrx_word' id='word_1_419' title='bbox 3037 2723 3322 2793; x_wconf 85' lang='lat' dir='ltr'><strong>Scriptura</strong></span> <span class='ocrx_word' id='word_1_420' title='bbox 3380 2726 3606 2778; x_wconf 65' lang='lat' dir='ltr'><strong>vocavit</strong></span> <span class='ocrx_word' id='word_1_421' title='bbox 3671 2724 3814 2777; x_wconf 81' lang='lat' dir='ltr'><strong>Deum</strong></span> 
     </span>
    </p>
   </div>
   <div class='ocr_carea' id='block_1_58' title="bbox 2227 2812 3815 2888">
    <p class='ocr_par' dir='ltr' id='par_1_58' title="bbox 2227 2812 3815 2888">
     <span class='ocr_line' id='line_1_58' title="bbox 2227 2812 3815 2888; baseline 0.002 -22"><span class='ocrx_word' id='word_1_422' title='bbox 2227 2812 2448 2878; x_wconf 75' lang='lat' dir='ltr'><strong>Musczn,</strong></span> <span class='ocrx_word' id='word_1_423' title='bbox 2479 2813 2619 2882; x_wconf 85' lang='lat' dir='ltr'><strong>quod</strong></span> <span class='ocrx_word' id='word_1_424' title='bbox 2652 2815 2702 2867; x_wconf 93' lang='lat' dir='ltr'><strong>in</strong></span> <span class='ocrx_word' id='word_1_425' title='bbox 2733 2816 2935 2886; x_wconf 83' lang='lat' dir='ltr'><strong>templo</strong></span> <span class='ocrx_word' id='word_1_426' title='bbox 2965 2815 3458 2888; x_wconf 71' lang='lat' dir='ltr'><strong>llicrosolyniitano</strong></span> <span class='ocrx_word' id='word_1_427' title='bbox 3490 2833 3692 2874; x_wconf 72' lang='lat' dir='ltr'><strong>muscm</strong></span> <span class='ocrx_word' id='word_1_428' title='bbox 3718 2831 3815 2870; x_wconf 79' lang='lat' dir='ltr'><strong>rar-</strong></span> 
     </span>
    </p>
   </div>
   <div class='ocr_carea' id='block_1_59' title="bbox 2230 2906 3812 2978">
    <p class='ocr_par' dir='ltr' id='par_1_59' title="bbox 2230 2906 3812 2978">
     <span class='ocr_line' id='line_1_59' title="bbox 2230 2906 3812 2978; baseline 0.001 -17"><span class='ocrx_word' id='word_1_429' title='bbox 2230 2921 2328 2961; x_wconf 86' lang='lat' dir='ltr'><strong>nes</strong></span> <span class='ocrx_word' id='word_1_430' title='bbox 2352 2906 2692 2962; x_wconf 82' lang='lat' dir='ltr'><strong>victimarum</strong></span> <span class='ocrx_word' id='word_1_431' title='bbox 2721 2923 2826 2963; x_wconf 90' lang='lat' dir='ltr'><strong>non</strong></span> <span class='ocrx_word' id='word_1_432' title='bbox 2852 2909 3202 2978; x_wconf 82' lang='lat' dir='ltr'><strong>liguricbant,</strong></span> <span class='ocrx_word' id='word_1_433' title='bbox 3229 2924 3353 2969; x_wconf 85' lang='lat' dir='ltr'><strong>cum</strong></span> <span class='ocrx_word' id='word_1_434' title='bbox 3384 2921 3568 2964; x_wconf 63' lang='lat' dir='ltr'><strong>tamen</strong></span> <span class='ocrx_word' id='word_1_435' title='bbox 3588 2911 3812 2966; x_wconf 85' lang='lat' dir='ltr'><strong>Gentium</strong></span> 
     </span>
    </p>
   </div>
   <div class='ocr_carea' id='block_1_60' title="bbox 2231 2997 3812 3070">
    <p class='ocr_par' dir='ltr' id='par_1_60' title="bbox 2231 2997 3812 3070">
     <span class='ocr_line' id='line_1_60' title="bbox 2231 2997 3812 3070; baseline 0.003 -18"><span class='ocrx_word' id='word_1_436' title='bbox 2231 2997 2350 3053; x_wconf 77' lang='lat' dir='ltr'><strong>fana</strong></span> <span class='ocrx_word' id='word_1_437' title='bbox 2378 3014 2408 3053; x_wconf 84' lang='lat' dir='ltr'><strong>a</strong></span> <span class='ocrx_word' id='word_1_438' title='bbox 2457 2999 2656 3053; x_wconf 87' lang='lat' dir='ltr'><strong>muscis</strong></span> <span class='ocrx_word' id='word_1_439' title='bbox 2704 2998 3093 3055; x_wconf 74' lang='lat' dir='ltr'><strong>infestarentur</strong></span> <span class='ocrx_word' id='word_1_440' title='bbox 3129 3014 3350 3070; x_wconf 78' lang='lat' dir='ltr'><strong>propter</strong></span> <span class='ocrx_word' id='word_1_441' title='bbox 3381 3003 3636 3058; x_wconf 66' lang='lat' dir='ltr'><strong>nidorem</strong></span> <span class='ocrx_word' id='word_1_442' title='bbox 3681 3002 3812 3056; x_wconf 75' lang='lat' dir='ltr'><strong>\‘it&#39;ii&#39;</strong></span> 
     </span>
    </p>
   </div>
   <div class='ocr_carea' id='block_1_61' title="bbox 2235 3093 3813 3174">
    <p class='ocr_par' dir='ltr' id='par_1_61' title="bbox 2235 3093 3813 3174">
     <span class='ocr_line' id='line_1_61' title="bbox 2235 3093 3813 3174; baseline 0.004 -29"><span class='ocrx_word' id='word_1_443' title='bbox 2235 3109 2467 3147; x_wconf 88' lang='lat' dir='ltr'><strong>marum.</strong></span> <span class='ocrx_word' id='word_1_444' title='bbox 2516 3093 2646 3148; x_wconf 85' lang='lat' dir='ltr'><strong>Ideo</strong></span> <span class='ocrx_word' id='word_1_445' title='bbox 2672 3095 2723 3149; x_wconf 90' lang='lat' dir='ltr'><strong>in</strong></span> <span class='ocrx_word' id='word_1_446' title='bbox 2756 3095 2988 3151; x_wconf 78' lang='lat' dir='ltr'><strong>Arcadia</strong></span> <span class='ocrx_word' id='word_1_447' title='bbox 3042 3095 3196 3151; x_wconf 82' lang='lat' dir='ltr'><strong>heroi</strong></span> <span class='ocrx_word' id='word_1_448' title='bbox 3226 3099 3442 3152; x_wconf 72' lang='lat' dir='ltr'><strong>midam</strong></span> <span class='ocrx_word' id='word_1_449' title='bbox 3478 3101 3813 3174; x_wconf 48' lang='lat' dir='ltr'><strong>fill-agro,“-</strong></span> 
     </span>
    </p>
   </div>
   <div class='ocr_carea' id='block_1_62' title="bbox 594 3183 3811 3268">
    <p class='ocr_par' dir='ltr' id='par_1_62' title="bbox 594 3183 3811 3268">
     <span class='ocr_line' id='line_1_62' title="bbox 594 3183 3811 3268; baseline 0.003 -31"><span class='ocrx_word' id='word_1_450' title='bbox 594 3199 668 3251; x_wconf 76' lang='lat' dir='ltr'><strong>De</strong></span> <span class='ocrx_word' id='word_1_451' title='bbox 700 3199 971 3252; x_wconf 50' lang='lat' dir='ltr'><strong>[mil-elicis</strong></span> <span class='ocrx_word' id='word_1_452' title='bbox 994 3197 1239 3268; x_wconf 64' lang='lat' dir='ltr'><strong>catalogi</strong></span> <span class='ocrx_word' id='word_1_453' title='bbox 1271 3197 1581 3254; x_wconf 58' lang='lat' dir='ltr'><strong>PmLAsrl-a&quot;</strong></span> <span class='ocrx_word' id='word_1_454' title='bbox 1603 3197 1848 3267; x_wconf 62' lang='lat' dir='ltr'><strong>episcopi</strong></span> <span class='ocrx_word' id='word_1_455' title='bbox 1872 3198 2120 3254; x_wconf 64' lang='lat' dir='ltr'><strong>Brixien.</strong></span> <span class='ocrx_word' id='word_1_456' title='bbox 2153 3183 2198 3246; x_wconf 82' lang='lat' dir='ltr'>C</span> <span class='ocrx_word' id='word_1_457' title='bbox 2233 3194 2446 3256; x_wconf 88' lang='lat' dir='ltr'><strong>tequam</strong></span> <span class='ocrx_word' id='word_1_458' title='bbox 2499 3185 2694 3241; x_wconf 70' lang='lat' dir='ltr'><strong>ilOSliiB</strong></span> <span class='ocrx_word' id='word_1_459' title='bbox 2742 3187 3109 3252; x_wconf 61' lang='grc' dir='ltr'><strong>εωάιξνθιιιυτ,</strong></span> <span class='ocrx_word' id='word_1_460' title='bbox 3165 3204 3255 3254; x_wconf 84' lang='lat' dir='ltr'><strong>res</strong></span> <span class='ocrx_word' id='word_1_461' title='bbox 3307 3191 3488 3245; x_wconf 74' lang='grc' dir='ltr'>όίνίιιει</span> <span class='ocrx_word' id='word_1_462' title='bbox 3549 3193 3730 3258; x_wconf 85' lang='lat' dir='ltr'><strong>tiebat,</strong></span> <span class='ocrx_word' id='word_1_463' title='bbox 3757 3206 3811 3247; x_wconf 89' lang='lat' dir='ltr'><strong>ne</strong></span> 
     </span>
    </p>
   </div>
   <div class='ocr_carea' id='block_1_63' title="bbox 523 3290 2123 3362">
    <p class='ocr_par' dir='ltr' id='par_1_63' title="bbox 523 3290 2123 3362">
     <span class='ocr_line' id='line_1_63' title="bbox 523 3290 2123 3362; baseline 0.001 -16"><span class='ocrx_word' id='word_1_464' title='bbox 523 3292 624 3356; x_wconf 64' lang='lat' dir='ltr'><strong>sis,</strong></span> <span class='ocrx_word' id='word_1_465' title='bbox 666 3291 827 3346; x_wconf 86' lang='lat' dir='ltr'><strong>nimis</strong></span> <span class='ocrx_word' id='word_1_466' title='bbox 871 3290 981 3344; x_wconf 80' lang='lat' dir='ltr'><strong>levi</strong></span> <span class='ocrx_word' id='word_1_467' title='bbox 1034 3291 1254 3346; x_wconf 87' lang='lat' dir='ltr'><strong>brachio</strong></span> <span class='ocrx_word' id='word_1_468' title='bbox 1285 3291 1578 3362; x_wconf 84' lang='lat' dir='ltr'><strong>(Serarius)</strong></span> <span class='ocrx_word' id='word_1_469' title='bbox 1623 3293 1958 3361; x_wconf 60' lang='lat' dir='ltr'><strong>diiungitur.</strong></span> <span class='ocrx_word' id='word_1_470' title='bbox 1988 3292 2123 3347; x_wconf 81' lang='lat' dir='ltr'><strong>Nam</strong></span> 
     </span>
    </p>
   </div>
   <div class='ocr_carea' id='block_1_64' title="bbox 523 3381 2124 3455">
    <p class='ocr_par' dir='ltr' id='par_1_64' title="bbox 523 3381 2124 3455">
     <span class='ocr_line' id='line_1_64' title="bbox 523 3381 2124 3455; baseline 0.005 -23"><span class='ocrx_word' id='word_1_471' title='bbox 523 3397 618 3434; x_wconf 72' lang='lat' dir='ltr'><strong>eos</strong></span> <span class='ocrx_word' id='word_1_472' title='bbox 642 3383 948 3436; x_wconf 88' lang='lat' dir='ltr'><strong>accuratius</strong></span> <span class='ocrx_word' id='word_1_473' title='bbox 987 3381 1262 3438; x_wconf 86' lang='lat' dir='ltr'><strong>discutere</strong></span> <span class='ocrx_word' id='word_1_474' title='bbox 1287 3385 1549 3439; x_wconf 87' lang='lat' dir='ltr'><strong>intererat</strong></span> <span class='ocrx_word' id='word_1_475' title='bbox 1571 3385 1710 3454; x_wconf 85' lang='lat' dir='ltr'><strong>ejus,</strong></span> <span class='ocrx_word' id='word_1_476' title='bbox 1739 3385 1829 3455; x_wconf 89' lang='lat' dir='ltr'><strong>qui</strong></span> <span class='ocrx_word' id='word_1_477' title='bbox 1859 3385 1926 3440; x_wconf 89' lang='lat' dir='ltr'><strong>de</strong></span> <span class='ocrx_word' id='word_1_478' title='bbox 1951 3384 2124 3440; x_wconf 62' lang='lat' dir='ltr'><strong>haere-</strong></span> 
     </span>
    </p>
   </div>
   <div class='ocr_carea' id='block_1_65' title="bbox 519 3473 2124 3544">
    <p class='ocr_par' dir='ltr' id='par_1_65' title="bbox 519 3473 2124 3544">
     <span class='ocr_line' id='line_1_65' title="bbox 519 3473 2124 3544; baseline 0.002 -16"><span class='ocrx_word' id='word_1_479' title='bbox 519 3474 643 3528; x_wconf 86' lang='lat' dir='ltr'><strong>ticis</strong></span> <span class='ocrx_word' id='word_1_480' title='bbox 696 3473 1119 3544; x_wconf 67' lang='lat' dir='ltr'><strong>disputatiOucm</strong></span> <span class='ocrx_word' id='word_1_481' title='bbox 1153 3475 1404 3532; x_wconf 78' lang='lat' dir='ltr'><strong>instituit.</strong></span> <span class='ocrx_word' id='word_1_482' title='bbox 1450 3476 1561 3532; x_wconf 82' lang='lat' dir='ltr'><strong>Nos</strong></span> <span class='ocrx_word' id='word_1_483' title='bbox 1605 3478 1672 3530; x_wconf 84' lang='lat' dir='ltr'><strong>de</strong></span> <span class='ocrx_word' id='word_1_484' title='bbox 1715 3478 1824 3532; x_wconf 81' lang='lat' dir='ltr'><strong>illis</strong></span> <span class='ocrx_word' id='word_1_485' title='bbox 1854 3476 1986 3532; x_wconf 79' lang='lat' dir='ltr'><strong>infra</strong></span> <span class='ocrx_word' id='word_1_486' title='bbox 2011 3493 2124 3532; x_wconf 85' lang='lat' dir='ltr'><strong>am-</strong></span> 
     </span>
    </p>
   </div>
   <div class='ocr_carea' id='block_1_66' title="bbox 521 3566 2124 3638">
    <p class='ocr_par' dir='ltr' id='par_1_66' title="bbox 521 3566 2124 3638">
     <span class='ocr_line' id='line_1_66' title="bbox 521 3566 2124 3638; baseline 0.003 -20"><span class='ocrx_word' id='word_1_487' title='bbox 521 3567 668 3636; x_wconf 88' lang='lat' dir='ltr'><strong>plius</strong></span> <span class='ocrx_word' id='word_1_488' title='bbox 712 3567 976 3622; x_wconf 81' lang='lat' dir='ltr'><strong>dicemus.</strong></span> <span class='ocrx_word' id='word_1_489' title='bbox 1032 3566 1238 3622; x_wconf 84' lang='lat' dir='ltr'><strong>Interea</strong></span> <span class='ocrx_word' id='word_1_490' title='bbox 1272 3567 1535 3626; x_wconf 81' lang='lat' dir='ltr'><strong>mendose</strong></span> <span class='ocrx_word' id='word_1_491' title='bbox 1588 3567 1968 3638; x_wconf 78' lang='lat' dir='ltr'><strong>Heliognostns</strong></span> <span class='ocrx_word' id='word_1_492' title='bbox 2021 3569 2124 3625; x_wconf 90' lang='lat' dir='ltr'><strong>dici</strong></span> 
     </span>
    </p>
   </div>
   <div class='ocr_carea' id='block_1_67' title="bbox 525 3657 2123 3727">
    <p class='ocr_par' dir='ltr' id='par_1_67' title="bbox 525 3657 2123 3727">
     <span class='ocr_line' id='line_1_67' title="bbox 525 3657 2123 3727; baseline 0.003 -13"><span class='ocrx_word' id='word_1_493' title='bbox 525 3673 633 3714; x_wconf 88' lang='lat' dir='ltr'><strong>non</strong></span> <span class='ocrx_word' id='word_1_494' title='bbox 681 3657 930 3727; x_wconf 76' lang='lat' dir='ltr'><strong>negabit,</strong></span> <span class='ocrx_word' id='word_1_495' title='bbox 969 3659 1059 3727; x_wconf 90' lang='lat' dir='ltr'><strong>qui</strong></span> <span class='ocrx_word' id='word_1_496' title='bbox 1110 3658 1464 3714; x_wconf 86' lang='lat' dir='ltr'><strong>mediocriter</strong></span> <span class='ocrx_word' id='word_1_497' title='bbox 1508 3658 1696 3714; x_wconf 68' lang='lat' dir='ltr'><strong>Graece</strong></span> <span class='ocrx_word' id='word_1_498' title='bbox 1736 3661 1982 3716; x_wconf 87' lang='lat' dir='ltr'><strong>eruditus</strong></span> <span class='ocrx_word' id='word_1_499' title='bbox 2018 3671 2123 3718; x_wconf 84' lang='lat' dir='ltr'><strong>est.</strong></span> 
     </span>
    </p>
   </div>
   <div class='ocr_carea' id='block_1_68' title="bbox 525 3753 2130 3827">
    <p class='ocr_par' dir='ltr' id='par_1_68' title="bbox 525 3753 2130 3827">
     <span class='ocr_line' id='line_1_68' title="bbox 525 3753 2130 3827; baseline 0 -17"><span class='ocrx_word' id='word_1_500' title='bbox 525 3753 885 3826; x_wconf 71' lang='grc' dir='ltr'><strong>Ἠλιογνῶσται</strong></span> <span class='ocrx_word' id='word_1_501' title='bbox 914 3754 1083 3820; x_wconf 89' lang='lat' dir='ltr'><strong>enim,</strong></span> <span class='ocrx_word' id='word_1_502' title='bbox 1137 3769 1242 3809; x_wconf 91' lang='lat' dir='ltr'><strong>non</strong></span> <span class='ocrx_word' id='word_1_503' title='bbox 1297 3754 1652 3827; x_wconf 69' lang='grc' dir='ltr'><strong>Ἦλιὸιγνωστοι</strong></span> <span class='ocrx_word' id='word_1_504' title='bbox 1682 3764 1829 3810; x_wconf 84' lang='lat' dir='ltr'><strong>recta</strong></span> <span class='ocrx_word' id='word_1_505' title='bbox 1863 3756 2003 3811; x_wconf 85' lang='lat' dir='ltr'><strong>ratio</strong></span> <span class='ocrx_word' id='word_1_506' title='bbox 2034 3770 2130 3825; x_wconf 87' lang='lat' dir='ltr'><strong>p0-</strong></span> 
     </span>
    </p>
   </div>
   <div class='ocr_carea' id='block_1_69' title="bbox 525 3846 2130 3922">
    <p class='ocr_par' dir='ltr' id='par_1_69' title="bbox 525 3846 2130 3922">
     <span class='ocr_line' id='line_1_69' title="bbox 525 3846 2130 3922; baseline 0.002 -21"><span class='ocrx_word' id='word_1_507' title='bbox 525 3846 718 3911; x_wconf 82' lang='lat' dir='ltr'><strong>stulat,</strong></span> <span class='ocrx_word' id='word_1_508' title='bbox 743 3862 903 3917; x_wconf 85' lang='lat' dir='ltr'><strong>quam</strong></span> <span class='ocrx_word' id='word_1_509' title='bbox 933 3847 1200 3920; x_wconf 75' lang='grc' dir='ltr'><strong>ἀναλογίαν</strong></span> <span class='ocrx_word' id='word_1_510' title='bbox 1224 3847 1620 3918; x_wconf 80' lang='lat' dir='ltr'><strong>voeant.Atqni</strong></span> <span class='ocrx_word' id='word_1_511' title='bbox 1651 3848 1694 3902; x_wconf 86' lang='lat' dir='ltr'><strong>si</strong></span> <span class='ocrx_word' id='word_1_512' title='bbox 1725 3849 1834 3904; x_wconf 80' lang='grc' dir='ltr'>κατ’</span> <span class='ocrx_word' id='word_1_513' title='bbox 1860 3850 2130 3922; x_wconf 76' lang='grc' dir='ltr'><strong>ἀναλογίαν</strong></span> 
     </span>
    </p>
   </div>
   <div class='ocr_carea' id='block_1_70' title="bbox 524 3939 2131 4019">
    <p class='ocr_par' dir='ltr' id='par_1_70' title="bbox 524 3939 2131 4019">
     <span class='ocr_line' id='line_1_70' title="bbox 524 3939 2131 4019; baseline 0.004 -25"><span class='ocrx_word' id='word_1_514' title='bbox 524 3948 676 3995; x_wconf 71' lang='lat' dir='ltr'><strong>recte</strong></span> <span class='ocrx_word' id='word_1_515' title='bbox 699 3939 922 4008; x_wconf 86' lang='lat' dir='ltr'><strong>dicitur,</strong></span> <span class='ocrx_word' id='word_1_516' title='bbox 948 3955 1054 3996; x_wconf 91' lang='lat' dir='ltr'><strong>non</strong></span> <span class='ocrx_word' id='word_1_517' title='bbox 1085 3951 1262 3997; x_wconf 87' lang='lat' dir='ltr'><strong>tamen</strong></span> <span class='ocrx_word' id='word_1_518' title='bbox 1290 3941 1405 3997; x_wconf 82' lang='grc' dir='ltr'><strong>κατ’</strong></span> <span class='ocrx_word' id='word_1_519' title='bbox 1425 3939 1633 3996; x_wconf 66' lang='grc' dir='ltr'><strong>ἔννοιαν.</strong></span> <span class='ocrx_word' id='word_1_520' title='bbox 1661 3940 1793 4002; x_wconf 81' lang='lat' dir='ltr'><strong>Nam</strong></span> <span class='ocrx_word' id='word_1_521' title='bbox 1817 3941 2131 4019; x_wconf 66' lang='grc' dir='ltr'><strong>Ἠλιολάτραι</strong></span> 
     </span>
    </p>
   </div>
   <div class='ocr_carea' id='block_1_71' title="bbox 524 4031 2130 4104">
    <p class='ocr_par' dir='ltr' id='par_1_71' title="bbox 524 4031 2130 4104">
     <span class='ocr_line' id='line_1_71' title="bbox 524 4031 2130 4104; baseline 0.004 -20"><span class='ocrx_word' id='word_1_522' title='bbox 524 4040 618 4090; x_wconf 87' lang='lat' dir='ltr'><strong>aut</strong></span> <span class='ocrx_word' id='word_1_523' title='bbox 657 4032 961 4095; x_wconf 77' lang='grc' dir='ltr'><strong>’Πλιοσιϐεῖς</strong></span> <span class='ocrx_word' id='word_1_524' title='bbox 1002 4032 1219 4091; x_wconf 83' lang='lat' dir='ltr'><strong>dicendi</strong></span> <span class='ocrx_word' id='word_1_525' title='bbox 1256 4041 1430 4089; x_wconf 85' lang='lat' dir='ltr'><strong>erant.</strong></span> <span class='ocrx_word' id='word_1_526' title='bbox 1473 4031 1513 4088; x_wconf 89' lang='lat' dir='ltr'><strong>li</strong></span> <span class='ocrx_word' id='word_1_527' title='bbox 1544 4043 1701 4098; x_wconf 84' lang='lat' dir='ltr'><strong>sunt,</strong></span> <span class='ocrx_word' id='word_1_528' title='bbox 1733 4033 1827 4104; x_wconf 89' lang='lat' dir='ltr'><strong>qui</strong></span> <span class='ocrx_word' id='word_1_529' title='bbox 1863 4033 1928 4088; x_wconf 87' lang='lat' dir='ltr'><strong>ad</strong></span> <span class='ocrx_word' id='word_1_530' title='bbox 1959 4037 2130 4091; x_wconf 86' lang='lat' dir='ltr'><strong>solem</strong></span> 
     </span>
    </p>
   </div>
   <div class='ocr_carea' id='block_1_72' title="bbox 523 4124 2128 4195">
    <p class='ocr_par' dir='ltr' id='par_1_72' title="bbox 523 4124 2128 4195">
     <span class='ocr_line' id='line_1_72' title="bbox 523 4124 2128 4195; baseline 0.001 -15"><span class='ocrx_word' id='word_1_531' title='bbox 523 4124 796 4182; x_wconf 87' lang='lat' dir='ltr'><strong>orientem</strong></span> <span class='ocrx_word' id='word_1_532' title='bbox 846 4126 1173 4194; x_wconf 85' lang='lat' dir='ltr'><strong>adorabant,</strong></span> <span class='ocrx_word' id='word_1_533' title='bbox 1211 4134 1271 4183; x_wconf 86' lang='lat' dir='ltr'><strong>ut</strong></span> <span class='ocrx_word' id='word_1_534' title='bbox 1309 4135 1394 4182; x_wconf 91' lang='lat' dir='ltr'><strong>est</strong></span> <span class='ocrx_word' id='word_1_535' title='bbox 1444 4125 1588 4195; x_wconf 87' lang='lat' dir='ltr'><strong>apud</strong></span> <span class='ocrx_word' id='word_1_536' title='bbox 1632 4126 1974 4183; x_wconf 83' lang='lat' dir='ltr'><strong>Ezechielem</strong></span> <span class='ocrx_word' id='word_1_537' title='bbox 2006 4143 2128 4192; x_wconf 89' lang='lat' dir='ltr'><strong>vut,</strong></span> 
     </span>
    </p>
   </div>
   <div class='ocr_carea' id='block_1_73' title="bbox 523 4218 2132 4291">
    <p class='ocr_par' dir='ltr' id='par_1_73' title="bbox 523 4218 2132 4291">
     <span class='ocr_line' id='line_1_73' title="bbox 523 4218 2132 4291; baseline 0.002 -18"><span class='ocrx_word' id='word_1_538' title='bbox 523 4218 792 4275; x_wconf 87' lang='lat' dir='ltr'><strong>adversus</strong></span> <span class='ocrx_word' id='word_1_539' title='bbox 823 4220 1129 4278; x_wconf 86' lang='lat' dir='ltr'><strong>institutum</strong></span> <span class='ocrx_word' id='word_1_540' title='bbox 1159 4221 1401 4277; x_wconf 88' lang='lat' dir='ltr'><strong>divinum</strong></span> <span class='ocrx_word' id='word_1_541' title='bbox 1432 4221 1567 4291; x_wconf 76' lang='lat' dir='ltr'><strong>legis</strong></span> <span class='ocrx_word' id='word_1_542' title='bbox 1594 4220 1865 4276; x_wconf 65' lang='lat' dir='ltr'><strong>Mosaicae.</strong></span> <span class='ocrx_word' id='word_1_543' title='bbox 1897 4221 1980 4276; x_wconf 87' lang='lat' dir='ltr'><strong>Ab</strong></span> <span class='ocrx_word' id='word_1_544' title='bbox 2014 4221 2132 4278; x_wconf 86' lang='lat' dir='ltr'><strong>istis</strong></span> 
     </span>
    </p>
   </div>
   <div class='ocr_carea' id='block_1_74' title="bbox 521 4310 2130 4384">
    <p class='ocr_par' dir='ltr' id='par_1_74' title="bbox 521 4310 2130 4384">
     <span class='ocr_line' id='line_1_74' title="bbox 521 4310 2130 4384; baseline 0.003 -20"><span class='ocrx_word' id='word_1_545' title='bbox 521 4310 755 4380; x_wconf 84' lang='lat' dir='ltr'><strong>profecti</strong></span> <span class='ocrx_word' id='word_1_546' title='bbox 777 4312 867 4380; x_wconf 90' lang='lat' dir='ltr'><strong>qui</strong></span> <span class='ocrx_word' id='word_1_547' title='bbox 900 4312 1157 4384; x_wconf 71' lang='grc' dir='ltr'><strong>Σαμψαῖοι</strong></span> <span class='ocrx_word' id='word_1_548' title='bbox 1185 4313 1533 4382; x_wconf 86' lang='lat' dir='ltr'><strong>dicebantur,</strong></span> <span class='ocrx_word' id='word_1_549' title='bbox 1563 4317 1801 4378; x_wconf 60' lang='lat' dir='ltr'><strong>manus,</strong></span> <span class='ocrx_word' id='word_1_550' title='bbox 1822 4314 2130 4382; x_wconf 74' lang='grc' dir='ltr'><strong>ήλιὰζοντες,</strong></span> 
     </span>
    </p>
   </div>
   <div class='ocr_carea' id='block_1_75' title="bbox 525 4404 2131 4484">
    <p class='ocr_par' dir='ltr' id='par_1_75' title="bbox 525 4404 2131 4484">
     <span class='ocr_line' id='line_1_75' title="bbox 525 4404 2131 4484; baseline 0.002 -22"><span class='ocrx_word' id='word_1_551' title='bbox 525 4404 788 4470; x_wconf 54' lang='lat' dir='ltr'><strong>immutati,</strong></span> <span class='ocrx_word' id='word_1_552' title='bbox 808 4407 1020 4465; x_wconf 69' lang='grc' dir='ltr'><strong>ἦλιακοί.</strong></span> <span class='ocrx_word' id='word_1_553' title='bbox 1042 4405 1379 4476; x_wconf 77' lang='lat' dir='ltr'><strong>Epiphanius</strong></span> <span class='ocrx_word' id='word_1_554' title='bbox 1403 4408 1597 4464; x_wconf 61' lang='lat' dir='ltr'><strong>haeresi</strong></span> <span class='ocrx_word' id='word_1_555' title='bbox 1620 4410 1689 4463; x_wconf 77' lang='grc'><strong>55</strong></span> <span class='ocrx_word' id='word_1_556' title='bbox 1714 4427 1727 4462; x_wconf 86' lang='lat'><strong>:</strong></span> <span class='ocrx_word' id='word_1_557' title='bbox 1751 4409 2008 4482; x_wconf 70' lang='grc' dir='ltr'><strong>Σαμψαίοι</strong></span> <span class='ocrx_word' id='word_1_558' title='bbox 2029 4411 2131 4484; x_wconf 73' lang='grc' dir='ltr'><strong>γὰρ</strong></span> 
     </span>
    </p>
   </div>
   <div class='ocr_carea' id='block_1_76' title="bbox 525 4498 2134 4576">
    <p class='ocr_par' dir='ltr' id='par_1_76' title="bbox 525 4498 2134 4576">
     <span class='ocr_line' id='line_1_76' title="bbox 525 4498 2134 4576; baseline 0.004 -24"><span class='ocrx_word' id='word_1_559' title='bbox 525 4498 891 4576; x_wconf 75' lang='grc' dir='ltr'><strong>ἑρμηνεύονται</strong></span> <span class='ocrx_word' id='word_1_560' title='bbox 933 4501 1126 4558; x_wconf 54' lang='lat' dir='ltr'><strong>dicunt</strong></span> <span class='ocrx_word' id='word_1_561' title='bbox 1168 4517 1180 4554; x_wconf 94' lang='lat'>:</span> <span class='ocrx_word' id='word_1_562' title='bbox 1223 4502 1468 4572; x_wconf 84' lang='lat' dir='ltr'><strong>quamvis</strong></span> <span class='ocrx_word' id='word_1_563' title='bbox 1509 4503 1575 4557; x_wconf 90' lang='lat' dir='ltr'><strong>de</strong></span> <span class='ocrx_word' id='word_1_564' title='bbox 1604 4503 1720 4558; x_wconf 87' lang='lat' dir='ltr'><strong>sole</strong></span> <span class='ocrx_word' id='word_1_565' title='bbox 1760 4505 1975 4558; x_wconf 89' lang='lat' dir='ltr'><strong>oriente</strong></span> <span class='ocrx_word' id='word_1_566' title='bbox 2002 4504 2134 4558; x_wconf 90' lang='lat' dir='ltr'><strong>ado-</strong></span> 
     </span>
    </p>
   </div>
   <div class='ocr_carea' id='block_1_77' title="bbox 2229 3279 3808 3362">
    <p class='ocr_par' dir='ltr' id='par_1_77' title="bbox 2229 3279 3808 3362">
     <span class='ocr_line' id='line_1_77' title="bbox 2229 3279 3808 3362; baseline 0.005 -29"><span class='ocrx_word' id='word_1_567' title='bbox 2229 3293 2431 3333; x_wconf 66' lang='lat' dir='ltr'><strong>musca:</strong></span> <span class='ocrx_word' id='word_1_568' title='bbox 2461 3279 2527 3333; x_wconf 88' lang='lat' dir='ltr'><strong>ad</strong></span> <span class='ocrx_word' id='word_1_569' title='bbox 2582 3296 2673 3335; x_wconf 83' lang='lat' dir='ltr'><strong>eas</strong></span> <span class='ocrx_word' id='word_1_570' title='bbox 2723 3281 3061 3338; x_wconf 83' lang='lat' dir='ltr'><strong>advolarent.</strong></span> <span class='ocrx_word' id='word_1_571' title='bbox 3124 3283 3442 3352; x_wconf 81' lang='lat' dir='ltr'><strong>Pausanias,</strong></span> <span class='ocrx_word' id='word_1_572' title='bbox 3476 3286 3562 3341; x_wconf 78' lang='grc' dir='ltr'><strong>Ἐν</strong></span> <span class='ocrx_word' id='word_1_573' title='bbox 3591 3289 3738 3362; x_wconf 72' lang='grc' dir='ltr'><strong>ταύτῃ</strong></span> 
     </span>
    </p>
   </div>
   <div class='ocr_carea' id='block_1_78' title="bbox 2228 3373 3807 3454">
    <p class='ocr_par' dir='ltr' id='par_1_78' title="bbox 2228 3373 3807 3454">
     <span class='ocr_line' id='line_1_78' title="bbox 2228 3373 3807 3454; baseline 0.004 -27"><span class='ocrx_word' id='word_1_574' title='bbox 2228 3373 2512 3454; x_wconf 73' lang='grc' dir='ltr'><strong>πανηγύρει</strong></span> <span class='ocrx_word' id='word_1_575' title='bbox 2564 3376 2809 3451; x_wconf 51' lang='lat' dir='ltr'><strong>Mater/pq)</strong></span> <span class='ocrx_word' id='word_1_576' title='bbox 2863 3380 3191 3454; x_wconf 74' lang='grc' dir='ltr'><strong>προθύουσιν,</strong></span> <span class='ocrx_word' id='word_1_577' title='bbox 3220 3381 3576 3452; x_wconf 75' lang='grc' dir='ltr'><strong>ἐπευχόμενοί</strong></span> <span class='ocrx_word' id='word_1_578' title='bbox 3621 3403 3671 3436; x_wconf 81' lang='grc' dir='ltr'><strong>τε</strong></span> <span class='ocrx_word' id='word_1_579' title='bbox 3706 3382 3807 3442; x_wconf 63' lang='grc' dir='ltr'><strong>γατᾲ</strong></span> 
     </span>
    </p>
   </div>
   <div class='ocr_carea' id='block_1_79' title="bbox 2228 3474 3803 3556">
    <p class='ocr_par' dir='ltr' id='par_1_79' title="bbox 2228 3474 3803 3556">
     <span class='ocr_line' id='line_1_79' title="bbox 2228 3474 3803 3556; baseline 0.005 -28"><span class='ocrx_word' id='word_1_580' title='bbox 2228 3480 2330 3528; x_wconf 81' lang='grc' dir='ltr'><strong>τῶν</strong></span> <span class='ocrx_word' id='word_1_581' title='bbox 2360 3474 2554 3549; x_wconf 70' lang='grc' dir='ltr'><strong>ἱερείων</strong></span> <span class='ocrx_word' id='word_1_582' title='bbox 2602 3481 2674 3544; x_wconf 80' lang='grc' dir='ltr'><strong>τῷ</strong></span> <span class='ocrx_word' id='word_1_583' title='bbox 2716 3476 2864 3549; x_wconf 71' lang='grc' dir='ltr'><strong>ἥρωι,</strong></span> <span class='ocrx_word' id='word_1_584' title='bbox 2897 3479 2981 3528; x_wconf 78' lang='grc' dir='ltr'><strong>καὶ</strong></span> <span class='ocrx_word' id='word_1_585' title='bbox 3014 3477 3393 3548; x_wconf 62' lang='grc' dir='ltr'><strong>ἐπικαλούμενοι</strong></span> <span class='ocrx_word' id='word_1_586' title='bbox 3422 3481 3514 3534; x_wconf 79' lang='grc' dir='ltr'><strong>τὸν</strong></span> <span class='ocrx_word' id='word_1_587' title='bbox 3560 3483 3803 3556; x_wconf 71' lang='grc' dir='ltr'><strong>Μυὲςιγρον·</strong></span> 
     </span>
    </p>
   </div>
   <div class='ocr_carea' id='block_1_80' title="bbox 2229 3563 3805 3638">
    <p class='ocr_par' dir='ltr' id='par_1_80' title="bbox 2229 3563 3805 3638">
     <span class='ocr_line' id='line_1_80' title="bbox 2229 3563 3805 3638; baseline 0.005 -20"><span class='ocrx_word' id='word_1_588' title='bbox 2229 3563 2421 3636; x_wconf 88' lang='lat' dir='ltr'><strong>ltaque</strong></span> <span class='ocrx_word' id='word_1_589' title='bbox 2447 3564 2589 3638; x_wconf 88' lang='lat' dir='ltr'><strong>quod</strong></span> <span class='ocrx_word' id='word_1_590' title='bbox 2619 3563 2888 3620; x_wconf 88' lang='lat' dir='ltr'><strong>Ochozias</strong></span> <span class='ocrx_word' id='word_1_591' title='bbox 2912 3583 3007 3621; x_wconf 70' lang='lat' dir='ltr'><strong>rex</strong></span> <span class='ocrx_word' id='word_1_592' title='bbox 3043 3569 3253 3623; x_wconf 84' lang='lat' dir='ltr'><strong>miserit</strong></span> <span class='ocrx_word' id='word_1_593' title='bbox 3273 3569 3530 3634; x_wconf 83' lang='lat' dir='ltr'><strong>scitatum</strong></span> <span class='ocrx_word' id='word_1_594' title='bbox 3563 3573 3805 3636; x_wconf 78' lang='lat' dir='ltr'><strong>oraculum</strong></span> 
     </span>
    </p>
   </div>
   <div class='ocr_carea' id='block_1_81' title="bbox 2234 3656 3801 3727">
    <p class='ocr_par' dir='ltr' id='par_1_81' title="bbox 2234 3656 3801 3727">
     <span class='ocr_line' id='line_1_81' title="bbox 2234 3656 3801 3727; baseline 0.003 -17"><span class='ocrx_word' id='word_1_595' title='bbox 2234 3656 2544 3712; x_wconf 86' lang='lat' dir='ltr'><strong>Beelzebub</strong></span> <span class='ocrx_word' id='word_1_596' title='bbox 2599 3657 2728 3712; x_wconf 89' lang='lat' dir='ltr'><strong>idoli</strong></span> <span class='ocrx_word' id='word_1_597' title='bbox 2780 3661 3254 3727; x_wconf 85' lang='lat' dir='ltr'><strong>Accaronitarum,</strong></span> <span class='ocrx_word' id='word_1_598' title='bbox 3306 3661 3430 3716; x_wconf 88' lang='lat' dir='ltr'><strong>ideo</strong></span> <span class='ocrx_word' id='word_1_599' title='bbox 3495 3665 3658 3726; x_wconf 82' lang='lat' dir='ltr'><strong>ullam</strong></span> <span class='ocrx_word' id='word_1_600' title='bbox 3709 3664 3801 3724; x_wconf 83' lang='lat' dir='ltr'><strong>hinc</strong></span> 
     </span>
    </p>
   </div>
   <div class='ocr_carea' id='block_1_82' title="bbox 2234 3747 3800 3834">
    <p class='ocr_par' dir='ltr' id='par_1_82' title="bbox 2234 3747 3800 3834">
     <span class='ocr_line' id='line_1_82' title="bbox 2234 3747 3800 3834; baseline 0.003 -33"><span class='ocrx_word' id='word_1_601' title='bbox 2234 3747 2468 3803; x_wconf 70' lang='lat' dir='ltr'><strong>haeresin</strong></span> <span class='ocrx_word' id='word_1_602' title='bbox 2499 3747 2913 3805; x_wconf 83' lang='lat' dir='ltr'><strong>Muscicolarum</strong></span> <span class='ocrx_word' id='word_1_603' title='bbox 2943 3764 3188 3806; x_wconf 82' lang='lat' dir='ltr'><strong>exortam</strong></span> <span class='ocrx_word' id='word_1_604' title='bbox 3228 3752 3418 3818; x_wconf 71' lang='lat' dir='ltr'><strong>fuisse,</strong></span> <span class='ocrx_word' id='word_1_605' title='bbox 3451 3770 3631 3826; x_wconf 88' lang='lat' dir='ltr'><strong>neque</strong></span> <span class='ocrx_word' id='word_1_606' title='bbox 3657 3753 3800 3834; x_wconf 50' lang='lat' dir='ltr'><strong>sequi.</strong></span> 
     </span>
    </p>
   </div>
   <div class='ocr_carea' id='block_1_83' title="bbox 2233 3843 3804 3912">
    <p class='ocr_par' dir='ltr' id='par_1_83' title="bbox 2233 3843 3804 3912">
     <span class='ocr_line' id='line_1_83' title="bbox 2233 3843 3804 3912; baseline -0.001 -16"><span class='ocrx_word' id='word_1_607' title='bbox 2233 3850 2343 3906; x_wconf 89' lang='lat' dir='ltr'><strong>tur,</strong></span> <span class='ocrx_word' id='word_1_608' title='bbox 2370 3856 2545 3912; x_wconf 85' lang='lat' dir='ltr'><strong>neque</strong></span> <span class='ocrx_word' id='word_1_609' title='bbox 2577 3858 2764 3896; x_wconf 86' lang='lat' dir='ltr'><strong>verum</strong></span> <span class='ocrx_word' id='word_1_610' title='bbox 2807 3854 2910 3898; x_wconf 68' lang='grc' dir='ltr'><strong>εει.</strong></span> <span class='ocrx_word' id='word_1_611' title='bbox 2941 3843 3092 3899; x_wconf 84' lang='lat' dir='ltr'><strong>Unus</strong></span> <span class='ocrx_word' id='word_1_612' title='bbox 3136 3852 3340 3899; x_wconf 88' lang='lat' dir='ltr'><strong>tantum</strong></span> <span class='ocrx_word' id='word_1_613' title='bbox 3371 3846 3504 3902; x_wconf 74' lang='lat' dir='ltr'><strong>Baal</strong></span> <span class='ocrx_word' id='word_1_614' title='bbox 3547 3850 3661 3910; x_wconf 75' lang='lat' dir='ltr'><strong>sine</strong></span> <span class='ocrx_word' id='word_1_615' title='bbox 3701 3859 3804 3904; x_wconf 81' lang='lat' dir='ltr'><strong>con-</strong></span> 
     </span>
    </p>
   </div>
   <div class='ocr_carea' id='block_1_84' title="bbox 2235 3934 3804 4010">
    <p class='ocr_par' dir='ltr' id='par_1_84' title="bbox 2235 3934 3804 4010">
     <span class='ocr_line' id='line_1_84' title="bbox 2235 3934 3804 4010; baseline 0.007 -23"><span class='ocrx_word' id='word_1_616' title='bbox 2235 3935 2502 3989; x_wconf 84' lang='lat' dir='ltr'><strong>structivo</strong></span> <span class='ocrx_word' id='word_1_617' title='bbox 2557 3934 2944 3991; x_wconf 89' lang='lat' dir='ltr'><strong>nominabatur</strong></span> <span class='ocrx_word' id='word_1_618' title='bbox 2972 3936 3086 3993; x_wconf 81' lang='grc' dir='ltr'><strong>κατ’</strong></span> <span class='ocrx_word' id='word_1_619' title='bbox 3113 3937 3320 4010; x_wconf 69' lang='grc' dir='ltr'><strong>ἐξρχήν,</strong></span> <span class='ocrx_word' id='word_1_620' title='bbox 3355 3941 3509 4009; x_wconf 87' lang='lat' dir='ltr'><strong>isque</strong></span> <span class='ocrx_word' id='word_1_621' title='bbox 3549 3951 3661 4002; x_wconf 85' lang='lat' dir='ltr'><strong>erat</strong></span> <span class='ocrx_word' id='word_1_622' title='bbox 3684 3936 3804 4006; x_wconf 74' lang='lat' dir='ltr'><strong>Baal-</strong></span> 
     </span>
    </p>
   </div>
   <div class='ocr_carea' id='block_1_85' title="bbox 2235 4027 3801 4106">
    <p class='ocr_par' dir='ltr' id='par_1_85' title="bbox 2235 4027 3801 4106">
     <span class='ocr_line' id='line_1_85' title="bbox 2235 4027 3801 4106; baseline 0 -24"><span class='ocrx_word' id='word_1_623' title='bbox 2235 4027 2497 4096; x_wconf 88' lang='lat' dir='ltr'><strong>Samaim,</strong></span> <span class='ocrx_word' id='word_1_624' title='bbox 2548 4027 2617 4085; x_wconf 91' lang='lat' dir='ltr'><strong>de</strong></span> <span class='ocrx_word' id='word_1_625' title='bbox 2666 4043 2773 4100; x_wconf 93' lang='lat' dir='ltr'><strong>quo</strong></span> <span class='ocrx_word' id='word_1_626' title='bbox 2813 4029 2973 4086; x_wconf 87' lang='lat' dir='ltr'><strong>toties</strong></span> <span class='ocrx_word' id='word_1_627' title='bbox 3025 4031 3078 4084; x_wconf 90' lang='lat' dir='ltr'><strong>in</strong></span> <span class='ocrx_word' id='word_1_628' title='bbox 3146 4031 3450 4106; x_wconf 81' lang='lat' dir='ltr'><strong>Scriptura.</strong></span> <span class='ocrx_word' id='word_1_629' title='bbox 3511 4034 3706 4105; x_wconf 80' lang='lat' dir='ltr'><strong>Reliqui</strong></span> <span class='ocrx_word' id='word_1_630' title='bbox 3743 4030 3801 4090; x_wconf 84' lang='lat' dir='ltr'><strong>dii</strong></span> 
     </span>
    </p>
   </div>
   <div class='ocr_carea' id='block_1_86' title="bbox 2239 4120 3801 4196">
    <p class='ocr_par' dir='ltr' id='par_1_86' title="bbox 2239 4120 3801 4196">
     <span class='ocr_line' id='line_1_86' title="bbox 2239 4120 3801 4196; baseline 0.003 -22"><span class='ocrx_word' id='word_1_631' title='bbox 2239 4120 2496 4176; x_wconf 88' lang='lat' dir='ltr'><strong>dicuntur</strong></span> <span class='ocrx_word' id='word_1_632' title='bbox 2518 4121 2721 4178; x_wconf 88' lang='lat' dir='ltr'><strong>Baalim</strong></span> <span class='ocrx_word' id='word_1_633' title='bbox 2755 4123 3006 4180; x_wconf 86' lang='lat' dir='ltr'><strong>absolute</strong></span> <span class='ocrx_word' id='word_1_634' title='bbox 3059 4125 3112 4180; x_wconf 91' lang='lat' dir='ltr'><strong>in</strong></span> <span class='ocrx_word' id='word_1_635' title='bbox 3154 4125 3306 4181; x_wconf 90' lang='lat' dir='ltr'><strong>libris</strong></span> <span class='ocrx_word' id='word_1_636' title='bbox 3345 4131 3547 4196; x_wconf 81' lang='lat' dir='ltr'><strong>sacris,</strong></span> <span class='ocrx_word' id='word_1_637' title='bbox 3577 4141 3686 4186; x_wconf 87' lang='lat' dir='ltr'><strong>cum</strong></span> <span class='ocrx_word' id='word_1_638' title='bbox 3712 4127 3801 4180; x_wconf 61' lang='lat' dir='ltr'><strong>sino</strong></span> 
     </span>
    </p>
   </div>
   <div class='ocr_carea' id='block_1_87' title="bbox 2238 4212 3799 4284">
    <p class='ocr_par' dir='ltr' id='par_1_87' title="bbox 2238 4212 3799 4284">
     <span class='ocr_line' id='line_1_87' title="bbox 2238 4212 3799 4284; baseline 0.001 -17"><span class='ocrx_word' id='word_1_639' title='bbox 2238 4214 2349 4283; x_wconf 85' lang='lat' dir='ltr'><strong>guli</strong></span> <span class='ocrx_word' id='word_1_640' title='bbox 2386 4212 2526 4284; x_wconf 84' lang='lat' dir='ltr'><strong>apud</strong></span> <span class='ocrx_word' id='word_1_641' title='bbox 2557 4225 2748 4284; x_wconf 85' lang='lat' dir='ltr'><strong>gentes</strong></span> <span class='ocrx_word' id='word_1_642' title='bbox 2798 4215 2930 4270; x_wconf 85' lang='lat' dir='ltr'><strong>istas</strong></span> <span class='ocrx_word' id='word_1_643' title='bbox 2957 4231 3079 4270; x_wconf 91' lang='lat' dir='ltr'><strong>cum</strong></span> <span class='ocrx_word' id='word_1_644' title='bbox 3127 4220 3500 4272; x_wconf 55' lang='lat' dir='ltr'><strong>constructivo</strong></span> <span class='ocrx_word' id='word_1_645' title='bbox 3534 4236 3630 4274; x_wconf 90' lang='lat' dir='ltr'><strong>suo</strong></span> <span class='ocrx_word' id='word_1_646' title='bbox 3655 4215 3799 4272; x_wconf 70' lang='lat' dir='ltr'><strong>cuin-i-</strong></span> 
     </span>
    </p>
   </div>
   <div class='ocr_carea' id='block_1_88' title="bbox 2237 4310 3798 4385">
    <p class='ocr_par' dir='ltr' id='par_1_88' title="bbox 2237 4310 3798 4385">
     <span class='ocr_line' id='line_1_88' title="bbox 2237 4310 3798 4385; baseline -0.005 -14"><span class='ocrx_word' id='word_1_647' title='bbox 2237 4323 2516 4385; x_wconf 86' lang='lat' dir='ltr'><strong>percntur.</strong></span> <span class='ocrx_word' id='word_1_648' title='bbox 2569 4314 2697 4370; x_wconf 88' lang='lat' dir='ltr'><strong>Ideo</strong></span> <span class='ocrx_word' id='word_1_649' title='bbox 2761 4314 2983 4370; x_wconf 72' lang='lat' dir='ltr'><strong>Baalila:</strong></span> <span class='ocrx_word' id='word_1_650' title='bbox 3013 4329 3121 4370; x_wconf 84' lang='lat' dir='ltr'><strong>non</strong></span> <span class='ocrx_word' id='word_1_651' title='bbox 3176 4313 3445 4370; x_wconf 80' lang='lat' dir='ltr'><strong>debebant</strong></span> <span class='ocrx_word' id='word_1_652' title='bbox 3498 4310 3734 4384; x_wconf 78' lang='lat' dir='ltr'><strong>distingui</strong></span> <span class='ocrx_word' id='word_1_653' title='bbox 3776 4321 3798 4358; x_wconf 70' lang='grc' dir='ltr'>ει</span> 
     </span>
    </p>
   </div>
   <div class='ocr_carea' id='block_1_89' title="bbox 2237 4397 3797 4475">
    <p class='ocr_par' dir='ltr' id='par_1_89' title="bbox 2237 4397 3797 4475">
     <span class='ocr_line' id='line_1_89' title="bbox 2237 4397 3797 4475; baseline -0.006 -14"><span class='ocrx_word' id='word_1_654' title='bbox 2237 4405 2576 4472; x_wconf 82' lang='lat' dir='ltr'><strong>Muscicolis,</strong></span> <span class='ocrx_word' id='word_1_655' title='bbox 2627 4405 2895 4475; x_wconf 90' lang='lat' dir='ltr'><strong>siquidem</strong></span> <span class='ocrx_word' id='word_1_656' title='bbox 2955 4405 3058 4458; x_wconf 85' lang='lat' dir='ltr'><strong>ulla</strong></span> <span class='ocrx_word' id='word_1_657' title='bbox 3129 4405 3547 4459; x_wconf 71' lang='lat' dir='ltr'><strong>Mnscicolarum</strong></span> <span class='ocrx_word' id='word_1_658' title='bbox 3618 4397 3797 4466; x_wconf 61' lang='lat' dir='ltr'><strong>lia‘resis</strong></span> 
     </span>
    </p>
   </div>
   <div class='ocr_carea' id='block_1_90' title="bbox 2238 4495 3795 4566">
    <p class='ocr_par' dir='ltr' id='par_1_90' title="bbox 2238 4495 3795 4566">
     <span class='ocr_line' id='line_1_90' title="bbox 2238 4495 3795 4566; baseline -0.003 -13"><span class='ocrx_word' id='word_1_659' title='bbox 2238 4500 2448 4557; x_wconf 81' lang='lat' dir='ltr'><strong>fuisset.</strong></span> <span class='ocrx_word' id='word_1_660' title='bbox 2482 4500 2588 4556; x_wconf 87' lang='lat' dir='ltr'><strong>Sed</strong></span> <span class='ocrx_word' id='word_1_661' title='bbox 2636 4500 2736 4555; x_wconf 90' lang='lat' dir='ltr'><strong>hos</strong></span> <span class='ocrx_word' id='word_1_662' title='bbox 2790 4499 2932 4565; x_wconf 86' lang='lat' dir='ltr'><strong>male</strong></span> <span class='ocrx_word' id='word_1_663' title='bbox 2975 4499 3201 4564; x_wconf 85' lang='lat' dir='ltr'><strong>divulsit</strong></span> <span class='ocrx_word' id='word_1_664' title='bbox 3251 4495 3795 4566; x_wconf 77' lang='lat' dir='ltr'><strong>Philastrius,ut&#39;ir0-</strong></span> 
     </span>
    </p>
   </div>
   <div class='ocr_carea' id='block_1_91' title="bbox 520 4579 3796 4663">
    <p class='ocr_par' dir='ltr' id='par_1_91' title="bbox 520 4579 3796 4663">
     <span class='ocr_line' id='line_1_91' title="bbox 520 4579 3796 4663; baseline -0.001 -19"><span class='ocrx_word' id='word_1_665' title='bbox 520 4598 645 4646; x_wconf 82' lang='lat' dir='ltr'><strong>rato</strong></span> <span class='ocrx_word' id='word_1_666' title='bbox 672 4590 860 4646; x_wconf 88' lang='lat' dir='ltr'><strong>tacuit.</strong></span> <span class='ocrx_word' id='word_1_667' title='bbox 887 4589 993 4647; x_wconf 88' lang='lat' dir='ltr'><strong>Sed</strong></span> <span class='ocrx_word' id='word_1_668' title='bbox 1031 4591 1106 4646; x_wconf 91' lang='lat' dir='ltr'><strong>illi</strong></span> <span class='ocrx_word' id='word_1_669' title='bbox 1137 4603 1294 4648; x_wconf 88' lang='lat' dir='ltr'><strong>erant</strong></span> <span class='ocrx_word' id='word_1_670' title='bbox 1324 4593 1538 4660; x_wconf 83' lang='lat' dir='ltr'><strong>Esseni,</strong></span> <span class='ocrx_word' id='word_1_671' title='bbox 1568 4604 1662 4650; x_wconf 89' lang='lat' dir='ltr'><strong>aut</strong></span> <span class='ocrx_word' id='word_1_672' title='bbox 1693 4595 1760 4648; x_wconf 90' lang='lat' dir='ltr'><strong>ab</strong></span> <span class='ocrx_word' id='word_1_673' title='bbox 1788 4595 2039 4661; x_wconf 82' lang='lat' dir='ltr'><strong>Essenis,</strong></span> <span class='ocrx_word' id='word_1_674' title='bbox 2070 4604 2130 4651; x_wconf 92' lang='lat' dir='ltr'><strong>ut</strong></span> <span class='ocrx_word' id='word_1_675' title='bbox 2155 4579 2210 4639; x_wconf 85' lang='grc' dir='ltr'>Ῑ)</span> <span class='ocrx_word' id='word_1_676' title='bbox 2236 4591 2482 4663; x_wconf 75' lang='lat' dir='ltr'><strong>glodytas</strong></span> <span class='ocrx_word' id='word_1_677' title='bbox 2532 4609 2560 4645; x_wconf 90' lang='lat' dir='ltr'><strong>a</strong></span> <span class='ocrx_word' id='word_1_678' title='bbox 2611 4591 3013 4646; x_wconf 84' lang='lat' dir='ltr'><strong>Subterraneis.</strong></span> <span class='ocrx_word' id='word_1_679' title='bbox 3070 4591 3332 4656; x_wconf 72' lang='lat' dir='ltr'><strong>Astaritaa,</strong></span> <span class='ocrx_word' id='word_1_680' title='bbox 3376 4601 3424 4646; x_wconf 89' lang='lat' dir='ltr'><strong>et</strong></span> <span class='ocrx_word' id='word_1_681' title='bbox 3463 4588 3796 4657; x_wconf 65' lang='lat' dir='ltr'><strong>ltenwhauue,</strong></span> 
     </span>
    </p>
   </div>
   <div class='ocr_carea' id='block_1_92' title="bbox 519 4683 2131 4758">
    <p class='ocr_par' dir='ltr' id='par_1_92' title="bbox 519 4683 2131 4758">
     <span class='ocr_line' id='line_1_92' title="bbox 519 4683 2131 4758; baseline 0.003 -21"><span class='ocrx_word' id='word_1_682' title='bbox 519 4683 650 4738; x_wconf 88' lang='lat' dir='ltr'><strong>alibi</strong></span> <span class='ocrx_word' id='word_1_683' title='bbox 683 4684 762 4754; x_wconf 91' lang='lat' dir='ltr'><strong>(a)</strong></span> <span class='ocrx_word' id='word_1_684' title='bbox 789 4684 1090 4755; x_wconf 86' lang='lat' dir='ltr'><strong>aperietur.</strong></span> <span class='ocrx_word' id='word_1_685' title='bbox 1121 4685 1313 4741; x_wconf 82' lang='lat' dir='ltr'><strong>Kaiani</strong></span> <span class='ocrx_word' id='word_1_686' title='bbox 1341 4701 1509 4758; x_wconf 78' lang='lat' dir='ltr'><strong>quare</strong></span> <span class='ocrx_word' id='word_1_687' title='bbox 1540 4701 1671 4743; x_wconf 89' lang='lat' dir='ltr'><strong>usus</strong></span> <span class='ocrx_word' id='word_1_688' title='bbox 1701 4687 1934 4742; x_wconf 89' lang='lat' dir='ltr'><strong>obtinuit</strong></span> <span class='ocrx_word' id='word_1_689' title='bbox 1959 4695 2016 4742; x_wconf 92' lang='lat' dir='ltr'><strong>ut</strong></span> <span class='ocrx_word' id='word_1_690' title='bbox 2047 4687 2131 4742; x_wconf 90' lang='lat' dir='ltr'><strong>di-</strong></span> 
     </span>
    </p>
   </div>
   <div class='ocr_carea' id='block_1_93' title="bbox 520 4778 2124 4850">
    <p class='ocr_par' dir='ltr' id='par_1_93' title="bbox 520 4778 2124 4850">
     <span class='ocr_line' id='line_1_93' title="bbox 520 4778 2124 4850; baseline 0.001 -18"><span class='ocrx_word' id='word_1_691' title='bbox 520 4786 781 4834; x_wconf 85' lang='lat' dir='ltr'><strong>cerentur</strong></span> <span class='ocrx_word' id='word_1_692' title='bbox 827 4778 1029 4848; x_wconf 86' lang='lat' dir='ltr'><strong>potius.</strong></span> <span class='ocrx_word' id='word_1_693' title='bbox 1076 4795 1240 4850; x_wconf 87' lang='lat' dir='ltr'><strong>quam</strong></span> <span class='ocrx_word' id='word_1_694' title='bbox 1286 4779 1558 4846; x_wconf 83' lang='lat' dir='ltr'><strong>Kainiani,</strong></span> <span class='ocrx_word' id='word_1_695' title='bbox 1609 4789 1860 4850; x_wconf 58' lang='lat' dir='ltr'><strong>quaerant</strong></span> <span class='ocrx_word' id='word_1_696' title='bbox 1903 4779 2124 4835; x_wconf 89' lang='lat' dir='ltr'><strong>eruditi.</strong></span> 
     </span>
    </p>
   </div>
   <div class='ocr_carea' id='block_1_94' title="bbox 521 4867 2131 4942">
    <p class='ocr_par' dir='ltr' id='par_1_94' title="bbox 521 4867 2131 4942">
     <span class='ocr_line' id='line_1_94' title="bbox 521 4867 2131 4942; baseline 0.003 -19"><span class='ocrx_word' id='word_1_697' title='bbox 521 4867 768 4939; x_wconf 88' lang='lat' dir='ltr'><strong>Namque</strong></span> <span class='ocrx_word' id='word_1_698' title='bbox 795 4870 881 4925; x_wconf 85' lang='lat' dir='ltr'><strong>hie</strong></span> <span class='ocrx_word' id='word_1_699' title='bbox 925 4872 1192 4942; x_wconf 66' lang='lat' dir='ltr'><strong>analogian</strong></span> <span class='ocrx_word' id='word_1_700' title='bbox 1240 4873 1321 4930; x_wconf 79' lang='lat' dir='ltr'><strong>vis</strong></span> <span class='ocrx_word' id='word_1_701' title='bbox 1377 4872 1516 4929; x_wconf 79' lang='lat' dir='ltr'><strong>facta</strong></span> <span class='ocrx_word' id='word_1_702' title='bbox 1565 4882 1668 4929; x_wconf 84' lang='lat' dir='ltr'><strong>est.</strong></span> <span class='ocrx_word' id='word_1_703' title='bbox 1724 4873 1998 4930; x_wconf 66' lang='lat' dir='ltr'><strong>Musoritaa</strong></span> <span class='ocrx_word' id='word_1_704' title='bbox 2043 4883 2131 4928; x_wconf 90' lang='lat' dir='ltr'><strong>est</strong></span> 
     </span>
    </p>
   </div>
   <div class='ocr_carea' id='block_1_95' title="bbox 520 4961 2125 5038">
    <p class='ocr_par' dir='ltr' id='par_1_95' title="bbox 520 4961 2125 5038">
     <span class='ocr_line' id='line_1_95' title="bbox 520 4961 2125 5038; baseline 0.003 -21"><span class='ocrx_word' id='word_1_705' title='bbox 520 4961 754 5018; x_wconf 85' lang='lat' dir='ltr'><strong>barbara</strong></span> <span class='ocrx_word' id='word_1_706' title='bbox 803 4964 1160 5032; x_wconf 80' lang='lat' dir='ltr'><strong>compositio,</strong></span> <span class='ocrx_word' id='word_1_707' title='bbox 1218 4981 1395 5038; x_wconf 88' lang='lat' dir='ltr'><strong>neque</strong></span> <span class='ocrx_word' id='word_1_708' title='bbox 1441 4968 1568 5023; x_wconf 91' lang='lat' dir='ltr'><strong>inde</strong></span> <span class='ocrx_word' id='word_1_709' title='bbox 1629 4982 1714 5026; x_wconf 90' lang='lat' dir='ltr'><strong>me</strong></span> <span class='ocrx_word' id='word_1_710' title='bbox 1767 4967 1876 5026; x_wconf 87' lang='lat' dir='ltr'><strong>ulla</strong></span> <span class='ocrx_word' id='word_1_711' title='bbox 1930 4966 2125 5024; x_wconf 82' lang='lat' dir='ltr'><strong>Gram-</strong></span> 
     </span>
    </p>
   </div>
   <div class='ocr_carea' id='block_1_96' title="bbox 521 5056 2133 5133">
    <p class='ocr_par' dir='ltr' id='par_1_96' title="bbox 521 5056 2133 5133">
     <span class='ocr_line' id='line_1_96' title="bbox 521 5056 2133 5133; baseline 0.002 -21"><span class='ocrx_word' id='word_1_712' title='bbox 521 5056 725 5113; x_wconf 86' lang='lat' dir='ltr'><strong>matica</strong></span> <span class='ocrx_word' id='word_1_713' title='bbox 777 5059 1051 5114; x_wconf 79' lang='lat' dir='ltr'><strong>extricare</strong></span> <span class='ocrx_word' id='word_1_714' title='bbox 1104 5067 1302 5129; x_wconf 89' lang='lat' dir='ltr'><strong>potest.</strong></span> <span class='ocrx_word' id='word_1_715' title='bbox 1364 5060 1748 5133; x_wconf 60' lang='lat' dir='ltr'><strong>Troglodytas,</strong></span> <span class='ocrx_word' id='word_1_716' title='bbox 1803 5060 1896 5132; x_wconf 87' lang='lat' dir='ltr'><strong>qui</strong></span> <span class='ocrx_word' id='word_1_717' title='bbox 1948 5069 2004 5119; x_wconf 89' lang='lat' dir='ltr'><strong>et</strong></span> <span class='ocrx_word' id='word_1_718' title='bbox 2041 5075 2133 5116; x_wconf 85' lang='lat' dir='ltr'><strong>ca-</strong></span> 
     </span>
    </p>
   </div>
   <div class='ocr_carea' id='block_1_97' title="bbox 520 5146 2129 5220">
    <p class='ocr_par' dir='ltr' id='par_1_97' title="bbox 520 5146 2129 5220">
     <span class='ocr_line' id='line_1_97' title="bbox 520 5146 2129 5220; baseline 0.002 -14"><span class='ocrx_word' id='word_1_719' title='bbox 520 5148 636 5219; x_wconf 86' lang='lat' dir='ltr'><strong>pite</strong></span> <span class='ocrx_word' id='word_1_720' title='bbox 678 5147 749 5206; x_wconf 68' lang='lat'><strong>2&#39;2</strong></span> <span class='ocrx_word' id='word_1_721' title='bbox 789 5146 1146 5207; x_wconf 85' lang='lat' dir='ltr'><strong>Subterranei</strong></span> <span class='ocrx_word' id='word_1_722' title='bbox 1191 5151 1481 5220; x_wconf 88' lang='lat' dir='ltr'><strong>dicuntur,</strong></span> <span class='ocrx_word' id='word_1_723' title='bbox 1530 5165 1584 5209; x_wconf 88' lang='lat' dir='ltr'><strong>et</strong></span> <span class='ocrx_word' id='word_1_724' title='bbox 1632 5154 1750 5211; x_wconf 83' lang='lat' dir='ltr'><strong>sine</strong></span> <span class='ocrx_word' id='word_1_725' title='bbox 1807 5155 1916 5213; x_wconf 84' lang='lat' dir='ltr'><strong>ulla</strong></span> <span class='ocrx_word' id='word_1_726' title='bbox 1965 5168 2129 5211; x_wconf 85' lang='lat' dir='ltr'><strong>causa</strong></span> 
     </span>
    </p>
   </div>
   <div class='ocr_carea' id='block_1_98' title="bbox 522 5241 2125 5317">
    <p class='ocr_par' dir='ltr' id='par_1_98' title="bbox 522 5241 2125 5317">
     <span class='ocr_line' id='line_1_98' title="bbox 522 5241 2125 5317; baseline 0.005 -19"><span class='ocrx_word' id='word_1_727' title='bbox 522 5256 554 5298; x_wconf 87' lang='lat' dir='ltr'><strong>a</strong></span> <span class='ocrx_word' id='word_1_728' title='bbox 609 5241 905 5300; x_wconf 83' lang='lat' dir='ltr'><strong>Philastrio</strong></span> <span class='ocrx_word' id='word_1_729' title='bbox 962 5245 1265 5314; x_wconf 79' lang='lat' dir='ltr'><strong>iterantur,</strong></span> <span class='ocrx_word' id='word_1_730' title='bbox 1314 5262 1474 5317; x_wconf 84' lang='lat' dir='ltr'><strong>quam</strong></span> <span class='ocrx_word' id='word_1_731' title='bbox 1531 5263 1660 5304; x_wconf 81' lang='lat' dir='ltr'><strong>rere</strong></span> <span class='ocrx_word' id='word_1_732' title='bbox 1727 5264 1791 5304; x_wconf 76' lang='lat' dir='ltr'><strong>ex</strong></span> <span class='ocrx_word' id='word_1_733' title='bbox 1826 5265 1953 5317; x_wconf 73' lang='lat' dir='ltr'><strong>rut,</strong></span> <span class='ocrx_word' id='word_1_734' title='bbox 2017 5251 2077 5306; x_wconf 79' lang='grc' dir='ltr'>Η</span> <span class='ocrx_word' id='word_1_735' title='bbox 2109 5289 2125 5316; x_wconf 86' lang='grc'><em>,</em></span> 
     </span>
    </p>
   </div>
   <div class='ocr_carea' id='block_1_99' title="bbox 522 5334 2125 5407">
    <p class='ocr_par' dir='ltr' id='par_1_99' title="bbox 522 5334 2125 5407">
     <span class='ocr_line' id='line_1_99' title="bbox 522 5334 2125 5407; baseline 0.003 -17"><span class='ocrx_word' id='word_1_736' title='bbox 522 5335 594 5390; x_wconf 77' lang='grc'><strong>12</strong></span> <span class='ocrx_word' id='word_1_737' title='bbox 650 5334 952 5392; x_wconf 84' lang='lat' dir='ltr'><strong>Ezechielis</strong></span> <span class='ocrx_word' id='word_1_738' title='bbox 1005 5337 1382 5407; x_wconf 89' lang='lat' dir='ltr'><strong>deducantur,</strong></span> <span class='ocrx_word' id='word_1_739' title='bbox 1432 5341 1598 5397; x_wconf 86' lang='lat' dir='ltr'><strong>verba</strong></span> <span class='ocrx_word' id='word_1_740' title='bbox 1664 5341 1938 5396; x_wconf 83' lang='lat' dir='ltr'><strong>Philastrii</strong></span> <span class='ocrx_word' id='word_1_741' title='bbox 2005 5357 2125 5396; x_wconf 89' lang='lat' dir='ltr'><strong>cum</strong></span> 
     </span>
    </p>
   </div>
   <div class='ocr_carea' id='block_1_100' title="bbox 517 5427 2124 5504">
    <p class='ocr_par' dir='ltr' id='par_1_100' title="bbox 517 5427 2124 5504">
     <span class='ocr_line' id='line_1_100' title="bbox 517 5427 2124 5504; baseline 0.002 -20"><span class='ocrx_word' id='word_1_742' title='bbox 517 5429 702 5489; x_wconf 67' lang='lat' dir='ltr'><strong>verbis</strong></span> <span class='ocrx_word' id='word_1_743' title='bbox 734 5427 1015 5499; x_wconf 73' lang='lat' dir='ltr'><strong>prOphetaa</strong></span> <span class='ocrx_word' id='word_1_744' title='bbox 1043 5431 1238 5489; x_wconf 88' lang='lat' dir='ltr'><strong>collata</strong></span> <span class='ocrx_word' id='word_1_745' title='bbox 1268 5431 1429 5489; x_wconf 81' lang='lat' dir='ltr'><strong>ﬁdem</strong></span> <span class='ocrx_word' id='word_1_746' title='bbox 1460 5433 1708 5490; x_wconf 80' lang='lat' dir='ltr'><strong>fecerint.</strong></span> <span class='ocrx_word' id='word_1_747' title='bbox 1751 5433 1891 5500; x_wconf 84' lang='lat' dir='ltr'><strong>Ubi,</strong></span> <span class='ocrx_word' id='word_1_748' title='bbox 1925 5434 2124 5504; x_wconf 79' lang='lat' dir='ltr'><strong>inquit,</strong></span> 
     </span>
    </p>
   </div>
   <div class='ocr_carea' id='block_1_101' title="bbox 517 5520 2127 5594">
    <p class='ocr_par' dir='ltr' id='par_1_101' title="bbox 517 5520 2127 5594">
     <span class='ocr_line' id='line_1_101' title="bbox 517 5520 2127 5594; baseline 0.001 -16"><span class='ocrx_word' id='word_1_749' title='bbox 517 5520 765 5579; x_wconf 84' lang='lat' dir='ltr'><strong>Seniores</strong></span> <span class='ocrx_word' id='word_1_750' title='bbox 792 5540 909 5578; x_wconf 82' lang='lat' dir='ltr'><strong>cum</strong></span> <span class='ocrx_word' id='word_1_751' title='bbox 955 5525 1238 5581; x_wconf 81' lang='lat' dir='ltr'><strong>thuributis</strong></span> <span class='ocrx_word' id='word_1_752' title='bbox 1259 5569 1274 5593; x_wconf 92' lang='lat'><strong>,</strong></span> <span class='ocrx_word' id='word_1_753' title='bbox 1304 5526 1449 5582; x_wconf 80' lang='lat' dir='ltr'><strong>idola</strong></span> <span class='ocrx_word' id='word_1_754' title='bbox 1477 5527 1654 5581; x_wconf 88' lang='lat' dir='ltr'><strong>colunt</strong></span> <span class='ocrx_word' id='word_1_755' title='bbox 1682 5526 1940 5594; x_wconf 81' lang='lat' dir='ltr'><strong>speluncis</strong></span> <span class='ocrx_word' id='word_1_756' title='bbox 1980 5525 2127 5580; x_wconf 89' lang='lat' dir='ltr'><strong>habi-</strong></span> 
     </span>
    </p>
   </div>
   <div class='ocr_carea' id='block_1_102' title="bbox 514 5617 2126 5698">
    <p class='ocr_par' dir='ltr' id='par_1_102' title="bbox 514 5617 2126 5698">
     <span class='ocr_line' id='line_1_102' title="bbox 514 5617 2126 5698; baseline 0.006 -32"><span class='ocrx_word' id='word_1_757' title='bbox 514 5623 680 5673; x_wconf 83' lang='lat' dir='ltr'><strong>tantes</strong></span> <span class='ocrx_word' id='word_1_758' title='bbox 718 5617 910 5676; x_wconf 84' lang='lat' dir='ltr'><strong>abditis</strong></span> <span class='ocrx_word' id='word_1_759' title='bbox 990 5617 1164 5676; x_wconf 79' lang='lat' dir='ltr'><strong>Verba</strong></span> <span class='ocrx_word' id='word_1_760' title='bbox 1195 5620 1522 5694; x_wconf 81' lang='lat' dir='ltr'><strong>Prophetae:</strong></span> <span class='ocrx_word' id='word_1_761' title='bbox 1556 5618 1619 5679; x_wconf 87' lang='lat' dir='ltr'><strong>Et</strong></span> <span class='ocrx_word' id='word_1_762' title='bbox 1655 5620 1982 5698; x_wconf 77' lang='lat' dir='ltr'><strong>septuaginta</strong></span> <span class='ocrx_word' id='word_1_763' title='bbox 2028 5620 2126 5675; x_wconf 82' lang='lat' dir='ltr'><strong>uiri</strong></span> 
     </span>
    </p>
   </div>
   <div class='ocr_carea' id='block_1_103' title="bbox 579 5735 1658 5871">
    <p class='ocr_par' dir='ltr' id='par_1_103' title="bbox 579 5735 1658 5871">
     <span class='ocr_line' id='line_1_103' title="bbox 579 5735 1658 5871; baseline 0.006 -85"><span class='ocrx_word' id='word_1_764' title='bbox 579 5736 657 5871; x_wconf 39' lang='lat' dir='ltr'><strong>fa?</strong></span> <span class='ocrx_word' id='word_1_765' title='bbox 687 5735 886 5804; x_wconf 76' lang='lat' dir='ltr'><strong>Scalig.</strong></span> <span class='ocrx_word' id='word_1_766' title='bbox 916 5751 966 5790; x_wconf 69' lang='grc' dir='ltr'><strong>ε.</strong></span> <span class='ocrx_word' id='word_1_767' title='bbox 999 5737 1091 5791; x_wconf 77' lang='lat'><strong>20.</strong></span> <span class='ocrx_word' id='word_1_768' title='bbox 1122 5738 1337 5793; x_wconf 88' lang='lat' dir='ltr'><strong>clenchi</strong></span> <span class='ocrx_word' id='word_1_769' title='bbox 1363 5739 1658 5793; x_wconf 84' lang='lat' dir='ltr'><strong>Trihaercs.</strong></span> 
     </span>
     <span class='ocr_line' id='line_1_104' title="bbox 607 5802 1658 5864; baseline 0.004 -6"><span class='ocrx_word' id='word_1_770' title='bbox 607 5803 633 5858; x_wconf 88' lang='lat' dir='ltr'><strong>b</strong></span> <span class='ocrx_word' id='word_1_771' title='bbox 691 5802 866 5858; x_wconf 83' lang='lat' dir='ltr'><strong>Immo</strong></span> <span class='ocrx_word' id='word_1_772' title='bbox 892 5805 1204 5862; x_wconf 82' lang='lat' dir='ltr'><strong>Puteoritas</strong></span> <span class='ocrx_word' id='word_1_773' title='bbox 1241 5808 1376 5864; x_wconf 78' lang='lat' dir='ltr'><strong>dixit</strong></span> <span class='ocrx_word' id='word_1_774' title='bbox 1416 5808 1658 5864; x_wconf 75' lang='lat' dir='ltr'><strong>Philastri</strong></span> 
     </span>
    </p>
   </div>
   <div class='ocr_carea' id='block_1_104' title="bbox 2235 4676 3797 4759">
    <p class='ocr_par' dir='ltr' id='par_1_104' title="bbox 2235 4676 3797 4759">
     <span class='ocr_line' id='line_1_105' title="bbox 2235 4676 3797 4759; baseline -0.003 -21"><span class='ocrx_word' id='word_1_775' title='bbox 2235 4692 2366 4754; x_wconf 88' lang='lat' dir='ltr'><strong>puto</strong></span> <span class='ocrx_word' id='word_1_776' title='bbox 2409 4681 2696 4759; x_wconf 78' lang='grc' dir='ltr'><strong>Ἀστρῖται.</strong></span> <span class='ocrx_word' id='word_1_777' title='bbox 2748 4683 2814 4737; x_wconf 82' lang='grc' dir='ltr'><strong>Τὸ</strong></span> <span class='ocrx_word' id='word_1_778' title='bbox 2864 4680 3056 4758; x_wconf 72' lang='grc' dir='ltr'><strong>ἄστρον</strong></span> <span class='ocrx_word' id='word_1_779' title='bbox 3110 4689 3202 4737; x_wconf 82' lang='grc' dir='ltr'><strong>τοῦ</strong></span> <span class='ocrx_word' id='word_1_780' title='bbox 3249 4683 3360 4736; x_wconf 81' lang='grc' dir='ltr'><strong>θεοῦ</strong></span> <span class='ocrx_word' id='word_1_781' title='bbox 3421 4684 3567 4754; x_wconf 76' lang='grc' dir='ltr'><strong>ὑμῶν</strong></span> <span class='ocrx_word' id='word_1_782' title='bbox 3628 4676 3797 4749; x_wconf 72' lang='grc' dir='ltr'><strong>Ῥεμφὰν</strong></span> 
     </span>
    </p>
   </div>
   <div class='ocr_carea' id='block_1_105' title="bbox 2235 4773 3776 4849">
    <p class='ocr_par' dir='ltr' id='par_1_105' title="bbox 2235 4773 3776 4849">
     <span class='ocr_line' id='line_1_106' title="bbox 2235 4773 3776 4849; baseline -0.005 -17"><span class='ocrx_word' id='word_1_783' title='bbox 2235 4780 2414 4849; x_wconf 88' lang='lat' dir='ltr'><strong>(Amos</strong></span> <span class='ocrx_word' id='word_1_784' title='bbox 2441 4794 2496 4845; x_wconf 74' lang='grc' dir='ltr'><strong>ν,</strong></span> <span class='ocrx_word' id='word_1_785' title='bbox 2544 4778 2649 4844; x_wconf 70' lang='lat'><strong>26;</strong></span> <span class='ocrx_word' id='word_1_786' title='bbox 2677 4778 2856 4831; x_wconf 77' lang='lat' dir='ltr'><strong>Actor.</strong></span> <span class='ocrx_word' id='word_1_787' title='bbox 2906 4793 2996 4831; x_wconf 81' lang='lat' dir='ltr'><strong>vn.</strong></span> <span class='ocrx_word' id='word_1_788' title='bbox 3025 4775 3140 4847; x_wconf 75' lang='grc'><strong>45).</strong></span> <span class='ocrx_word' id='word_1_789' title='bbox 3177 4777 3302 4834; x_wconf 85' lang='lat' dir='ltr'><strong>Ideo</strong></span> <span class='ocrx_word' id='word_1_790' title='bbox 3352 4790 3639 4848; x_wconf 83' lang='lat' dir='ltr'><strong>sequentes</strong></span> <span class='ocrx_word' id='word_1_791' title='bbox 3665 4773 3776 4828; x_wconf 72' lang='lat' dir='ltr'><strong>Moto</strong></span> 
     </span>
    </p>
   </div>
   <div class='ocr_carea' id='block_1_106' title="bbox 2235 4869 3794 4941">
    <p class='ocr_par' dir='ltr' id='par_1_106' title="bbox 2235 4869 3794 4941">
     <span class='ocr_line' id='line_1_107' title="bbox 2235 4869 3794 4941; baseline 0.003 -17"><span class='ocrx_word' id='word_1_792' title='bbox 2235 4869 2386 4927; x_wconf 70' lang='lat' dir='ltr'><strong>chita&#39;</strong></span> <span class='ocrx_word' id='word_1_793' title='bbox 2413 4870 2554 4941; x_wconf 80' lang='lat' dir='ltr'><strong>apud</strong></span> <span class='ocrx_word' id='word_1_794' title='bbox 2587 4869 2838 4926; x_wconf 88' lang='lat' dir='ltr'><strong>eumdem</strong></span> <span class='ocrx_word' id='word_1_795' title='bbox 2869 4869 3247 4936; x_wconf 76' lang='lat' dir='ltr'><strong>Philasttium,</strong></span> <span class='ocrx_word' id='word_1_796' title='bbox 3281 4869 3348 4928; x_wconf 83' lang='lat' dir='ltr'><strong>ad</strong></span> <span class='ocrx_word' id='word_1_797' title='bbox 3376 4869 3512 4928; x_wconf 87' lang='lat' dir='ltr'><strong>istos</strong></span> <span class='ocrx_word' id='word_1_798' title='bbox 3542 4870 3794 4940; x_wconf 64' lang='lat' dir='ltr'><strong>pertinet“.</strong></span> 
     </span>
    </p>
   </div>
   <div class='ocr_carea' id='block_1_107' title="bbox 2235 4965 3791 5036">
    <p class='ocr_par' dir='ltr' id='par_1_107' title="bbox 2235 4965 3791 5036">
     <span class='ocr_line' id='line_1_108' title="bbox 2235 4965 3791 5036; baseline -0.003 -12"><span class='ocrx_word' id='word_1_799' title='bbox 2235 4983 2300 5025; x_wconf 80' lang='lat' dir='ltr'><strong>ex</strong></span> <span class='ocrx_word' id='word_1_800' title='bbox 2323 4968 2518 5025; x_wconf 86' lang='lat' dir='ltr'><strong>eodem</strong></span> <span class='ocrx_word' id='word_1_801' title='bbox 2550 4968 2672 5024; x_wconf 89' lang='lat' dir='ltr'><strong>loco</strong></span> <span class='ocrx_word' id='word_1_802' title='bbox 2696 4969 2865 5024; x_wconf 82' lang='lat' dir='ltr'><strong>Amos</strong></span> <span class='ocrx_word' id='word_1_803' title='bbox 2907 4985 2920 5022; x_wconf 92' lang='lat'><strong>:</strong></span> <span class='ocrx_word' id='word_1_804' title='bbox 2950 4967 3236 5025; x_wconf 74' lang='grc' dir='ltr'><strong>Ἀνελάϐετι</strong></span> <span class='ocrx_word' id='word_1_805' title='bbox 3278 4974 3372 5029; x_wconf 67' lang='grc' dir='ltr'>τήν</span> <span class='ocrx_word' id='word_1_806' title='bbox 3400 4975 3591 5030; x_wconf 68' lang='grc' dir='ltr'><strong>σκηνήν</strong></span> <span class='ocrx_word' id='word_1_807' title='bbox 3636 4965 3791 5036; x_wconf 65' lang='lat' dir='ltr'><strong>Helix.</strong></span> 
     </span>
    </p>
   </div>
   <div class='ocr_carea' id='block_1_108' title="bbox 2239 5059 3792 5133">
    <p class='ocr_par' dir='ltr' id='par_1_108' title="bbox 2239 5059 3792 5133">
     <span class='ocr_line' id='line_1_109' title="bbox 2239 5059 3792 5133; baseline 0.001 -18"><span class='ocrx_word' id='word_1_808' title='bbox 2239 5075 2270 5115; x_wconf 86' lang='lat' dir='ltr'><strong>a</strong></span> <span class='ocrx_word' id='word_1_809' title='bbox 2289 5061 2488 5131; x_wconf 84' lang='lat' dir='ltr'><strong>quibus</strong></span> <span class='ocrx_word' id='word_1_810' title='bbox 2514 5059 2798 5133; x_wconf 75' lang='lat' dir='ltr'><strong>Tophetiue</strong></span> <span class='ocrx_word' id='word_1_811' title='bbox 2824 5075 2930 5116; x_wconf 91' lang='lat' dir='ltr'><strong>non</strong></span> <span class='ocrx_word' id='word_1_812' title='bbox 2959 5061 3130 5132; x_wconf 80' lang='lat' dir='ltr'><strong>magis</strong></span> <span class='ocrx_word' id='word_1_813' title='bbox 3151 5061 3444 5130; x_wconf 87' lang='lat' dir='ltr'><strong>separandi</strong></span> <span class='ocrx_word' id='word_1_814' title='bbox 3469 5072 3641 5124; x_wconf 81' lang='lat' dir='ltr'><strong>erant.</strong></span> <span class='ocrx_word' id='word_1_815' title='bbox 3666 5071 3792 5128; x_wconf 72' lang='lat' dir='ltr'><strong>quam</strong></span> 
     </span>
    </p>
   </div>
   <div class='ocr_carea' id='block_1_109' title="bbox 2239 5147 3791 5226">
    <p class='ocr_par' dir='ltr' id='par_1_109' title="bbox 2239 5147 3791 5226">
     <span class='ocr_line' id='line_1_110' title="bbox 2239 5147 3791 5226; baseline -0.005 -17"><span class='ocrx_word' id='word_1_816' title='bbox 2239 5152 2571 5226; x_wconf 65' lang='lat' dir='ltr'><strong>Troglodytas</strong></span> <span class='ocrx_word' id='word_1_817' title='bbox 2611 5169 2640 5207; x_wconf 87' lang='lat' dir='ltr'><strong>a</strong></span> <span class='ocrx_word' id='word_1_818' title='bbox 2682 5153 3086 5211; x_wconf 84' lang='lat' dir='ltr'><strong>Subterraneis.</strong></span> <span class='ocrx_word' id='word_1_819' title='bbox 3123 5155 3175 5212; x_wconf 88' lang='lat' dir='ltr'><strong>In</strong></span> <span class='ocrx_word' id='word_1_820' title='bbox 3211 5153 3330 5212; x_wconf 88' lang='lat' dir='ltr'><strong>loco</strong></span> <span class='ocrx_word' id='word_1_821' title='bbox 3380 5154 3625 5222; x_wconf 78' lang='lat' dir='ltr'><strong>Topheth</strong></span> <span class='ocrx_word' id='word_1_822' title='bbox 3662 5147 3791 5217; x_wconf 76' lang='lat' dir='ltr'><strong>siqui-</strong></span> 
     </span>
    </p>
   </div>
   <div class='ocr_carea' id='block_1_110' title="bbox 2235 5243 3792 5317">
    <p class='ocr_par' dir='ltr' id='par_1_110' title="bbox 2235 5243 3792 5317">
     <span class='ocr_line' id='line_1_111' title="bbox 2235 5243 3792 5317; baseline -0.006 -15"><span class='ocrx_word' id='word_1_823' title='bbox 2235 5247 2359 5302; x_wconf 89' lang='lat' dir='ltr'><strong>dem</strong></span> <span class='ocrx_word' id='word_1_824' title='bbox 2392 5247 2540 5302; x_wconf 84' lang='lat' dir='ltr'><strong>idolo</strong></span> <span class='ocrx_word' id='word_1_825' title='bbox 2567 5247 2776 5301; x_wconf 80' lang='lat' dir='ltr'><strong>Moloch</strong></span> <span class='ocrx_word' id='word_1_826' title='bbox 2807 5246 3044 5301; x_wconf 81' lang='lat' dir='ltr'><strong>infantes</strong></span> <span class='ocrx_word' id='word_1_827' title='bbox 3073 5245 3196 5317; x_wconf 84' lang='lat' dir='ltr'><strong>igne</strong></span> <span class='ocrx_word' id='word_1_828' title='bbox 3224 5247 3619 5304; x_wconf 87' lang='lat' dir='ltr'><strong>lustrabantur.</strong></span> <span class='ocrx_word' id='word_1_829' title='bbox 3642 5243 3792 5300; x_wconf 73' lang='lat' dir='ltr'><strong>Puteo-</strong></span> 
     </span>
    </p>
   </div>
   <div class='ocr_carea' id='block_1_111' title="bbox 2232 5337 3791 5412">
    <p class='ocr_par' dir='ltr' id='par_1_111' title="bbox 2232 5337 3791 5412">
     <span class='ocr_line' id='line_1_112' title="bbox 2232 5337 3791 5412; baseline -0.008 -16"><span class='ocrx_word' id='word_1_830' title='bbox 2232 5342 2369 5407; x_wconf 79' lang='lat' dir='ltr'><strong>ritte,</strong></span> <span class='ocrx_word' id='word_1_831' title='bbox 2401 5341 2596 5412; x_wconf 87' lang='lat' dir='ltr'><strong>inquit,</strong></span> <span class='ocrx_word' id='word_1_832' title='bbox 2624 5341 2712 5410; x_wconf 85' lang='lat' dir='ltr'><strong>qui</strong></span> <span class='ocrx_word' id='word_1_833' title='bbox 2738 5341 3002 5411; x_wconf 82' lang='lat' dir='ltr'><strong>fodiebant</strong></span> <span class='ocrx_word' id='word_1_834' title='bbox 3031 5339 3126 5393; x_wconf 84' lang='lat' dir='ltr'><strong>sibi</strong></span> <span class='ocrx_word' id='word_1_835' title='bbox 3149 5349 3352 5409; x_wconf 85' lang='lat' dir='ltr'><strong>puteos,</strong></span> <span class='ocrx_word' id='word_1_836' title='bbox 3381 5340 3469 5406; x_wconf 85' lang='lat' dir='ltr'><strong>qui</strong></span> <span class='ocrx_word' id='word_1_837' title='bbox 3499 5356 3596 5392; x_wconf 90' lang='lat' dir='ltr'><strong>non</strong></span> <span class='ocrx_word' id='word_1_838' title='bbox 3625 5337 3791 5410; x_wconf 76' lang='lat' dir='ltr'><strong>possunt</strong></span> 
     </span>
    </p>
   </div>
   <div class='ocr_carea' id='block_1_112' title="bbox 2236 5424 3785 5509">
    <p class='ocr_par' dir='ltr' id='par_1_112' title="bbox 2236 5424 3785 5509">
     <span class='ocr_line' id='line_1_113' title="bbox 2236 5424 3785 5509; baseline -0.003 -18"><span class='ocrx_word' id='word_1_839' title='bbox 2236 5453 2418 5509; x_wconf 85' lang='lat' dir='ltr'><strong>capere</strong></span> <span class='ocrx_word' id='word_1_840' title='bbox 2446 5452 2636 5507; x_wconf 87' lang='lat' dir='ltr'><strong>aquam</strong></span> <span class='ocrx_word' id='word_1_841' title='bbox 2663 5433 2965 5490; x_wconf 84' lang='lat' dir='ltr'><strong>salutarem.</strong></span> <span class='ocrx_word' id='word_1_842' title='bbox 2993 5433 3240 5504; x_wconf 75' lang='lat' dir='ltr'><strong>Intelligo</strong></span> <span class='ocrx_word' id='word_1_843' title='bbox 3272 5447 3398 5491; x_wconf 86' lang='lat' dir='ltr'><strong>esse</strong></span> <span class='ocrx_word' id='word_1_844' title='bbox 3432 5448 3617 5496; x_wconf 64' lang='lat' dir='ltr'><strong>Vocem</strong></span> <span class='ocrx_word' id='word_1_845' title='bbox 3644 5424 3785 5500; x_wconf 77' lang='lat' dir='ltr'><strong>hybri-</strong></span> 
     </span>
    </p>
   </div>
   <div class='ocr_carea' id='block_1_113' title="bbox 2234 5520 3786 5602">
    <p class='ocr_par' dir='ltr' id='par_1_113' title="bbox 2234 5520 3786 5602">
     <span class='ocr_line' id='line_1_114' title="bbox 2234 5520 3786 5602; baseline -0.006 -18"><span class='ocrx_word' id='word_1_846' title='bbox 2234 5530 2383 5594; x_wconf 88' lang='lat' dir='ltr'><strong>dam,</strong></span> <span class='ocrx_word' id='word_1_847' title='bbox 2435 5537 2823 5602; x_wconf 87' lang='lat' dir='ltr'><strong>puteoryctas,</strong></span> <span class='ocrx_word' id='word_1_848' title='bbox 2873 5527 2943 5600; x_wconf 89' lang='lat' dir='ltr'><strong>(b)</strong></span> <span class='ocrx_word' id='word_1_849' title='bbox 3009 5527 3364 5597; x_wconf 86' lang='lat' dir='ltr'><strong>compositam</strong></span> <span class='ocrx_word' id='word_1_850' title='bbox 3421 5543 3486 5582; x_wconf 85' lang='lat' dir='ltr'><strong>ex</strong></span> <span class='ocrx_word' id='word_1_851' title='bbox 3543 5526 3712 5582; x_wconf 85' lang='lat' dir='ltr'><strong>Latino</strong></span> <span class='ocrx_word' id='word_1_852' title='bbox 3747 5520 3786 5569; x_wconf 77' lang='grc' dir='ltr'>ει</span> 
     </span>
    </p>
   </div>
   <div class='ocr_carea' id='block_1_114' title="bbox 2233 5618 3786 5700">
    <p class='ocr_par' dir='ltr' id='par_1_114' title="bbox 2233 5618 3786 5700">
     <span class='ocr_line' id='line_1_115' title="bbox 2233 5618 3786 5700; baseline -0.004 -22"><span class='ocrx_word' id='word_1_853' title='bbox 2233 5623 2444 5678; x_wconf 74' lang='lat' dir='ltr'><strong>Grtnco.</strong></span> <span class='ocrx_word' id='word_1_854' title='bbox 2474 5622 2578 5679; x_wconf 86' lang='lat' dir='ltr'><strong>Sed</strong></span> <span class='ocrx_word' id='word_1_855' title='bbox 2602 5622 2653 5676; x_wconf 77' lang='lat' dir='ltr'><strong>in</strong></span> <span class='ocrx_word' id='word_1_856' title='bbox 2677 5621 2868 5678; x_wconf 76' lang='lat' dir='ltr'><strong>Grtcco</strong></span> <span class='ocrx_word' id='word_1_857' title='bbox 2891 5632 2972 5677; x_wconf 87' lang='lat' dir='ltr'><strong>est</strong></span> <span class='ocrx_word' id='word_1_858' title='bbox 3000 5622 3208 5682; x_wconf 78' lang='grc' dir='ltr'><strong>λάκκους</strong></span> <span class='ocrx_word' id='word_1_859' title='bbox 3226 5620 3425 5700; x_wconf 58' lang='grc' dir='ltr'><strong>ὤρυξαν</strong></span> <span class='ocrx_word' id='word_1_860' title='bbox 3481 5618 3786 5700; x_wconf 64' lang='grc' dir='ltr'><strong>Λαᾉχρρύκτα,</strong></span> 
     </span>
    </p>
   </div>
   <div class='ocr_carea' id='block_1_115' title="bbox 691 5802 2726 5872">
    <p class='ocr_par' dir='ltr' id='par_1_115' title="bbox 691 5802 2726 5872">
     <span class='ocr_line' id='line_1_116' title="bbox 691 5802 2726 5872; baseline 0.005 -15"><span class='ocrx_word' id='word_1_861' title='bbox 691 5802 866 5858; x_wconf 76' lang='lat' dir='ltr'><strong>Immo</strong></span> <span class='ocrx_word' id='word_1_862' title='bbox 892 5805 1204 5862; x_wconf 78' lang='lat' dir='ltr'><strong>Puteoritas</strong></span> <span class='ocrx_word' id='word_1_863' title='bbox 1241 5808 1376 5864; x_wconf 79' lang='lat' dir='ltr'><strong>dixit</strong></span> <span class='ocrx_word' id='word_1_864' title='bbox 1416 5808 1737 5864; x_wconf 88' lang='lat' dir='ltr'><strong>Philastrius</strong></span> <span class='ocrx_word' id='word_1_865' title='bbox 1764 5851 1776 5872; x_wconf 88' lang='lat'><strong>,</strong></span> <span class='ocrx_word' id='word_1_866' title='bbox 1825 5817 1885 5866; x_wconf 91' lang='lat' dir='ltr'><strong>ut</strong></span> <span class='ocrx_word' id='word_1_867' title='bbox 1937 5809 2225 5870; x_wconf 85' lang='lat' dir='ltr'><strong>Musoritas</strong></span> <span class='ocrx_word' id='word_1_868' title='bbox 2261 5819 2317 5868; x_wconf 85' lang='lat' dir='ltr'><strong>et</strong></span> <span class='ocrx_word' id='word_1_869' title='bbox 2345 5809 2726 5870; x_wconf 78' lang='lat' dir='ltr'><strong>Hermioritas.</strong></span> 
     </span>
    </p>
   </div>
   <div class='ocr_carea' id='block_1_116' title="bbox 3706 233 3936 333">
    <p class='ocr_par' dir='ltr' id='par_1_116' title="bbox 3706 233 3936 333">
     <span class='ocr_line' id='line_1_117' title="bbox 3706 233 3936 333; baseline 0.004 -1"><span class='ocrx_word' id='word_1_870' title='bbox 3706 233 3936 333; x_wconf 76' lang='lat' dir='ltr'><strong>usti</strong></span> 
     </span>
    </p>
   </div>
  </div>
