3992 6204
513 261 645 317 illi

1802 257 2049 313 SANCTI
2092 256 2475 313 PHILASTRII

3700 253 3845 313 1112

511 377 600 431 lis.
636 376 836 432 Verum
869 378 970 432 etsi
1002 376 1061 431 S.
1088 375 1416 429 Philastrius
1441 376 1750 440 sanctitate,
1783 383 1837 429 et
1866 373 2111 428 doctrina
2141 379 2192 435 Α
2218 372 2395 428 Serm.
2426 372 2485 427 8.
2518 371 2807 427 Gaudentii
2838 372 3176 428 successoris
3210 370 3271 426 8.
3317 369 3629 437 Pbilastrii,
3674 384 3841 440 quem

514 470 807 541 praeclarus
837 470 1139 533 exstiterit,
1176 469 1279 523 hoc
1308 479 1485 524 tamen
1518 469 1635 539 ejus
1660 465 1806 538 Opus
1833 468 1897 521 de
1932 466 2113 521 Hiere-

512 565 655 619 sibus
680 572 859 628 caute,
888 571 943 617 et
968 576 1091 617 cum
1111 560 1316 631 judicio
1338 561 1658 631 quibusdam
1691 565 1742 615 in
1771 562 1907 616 locis
1936 560 2114 630 legen-

2215 467 2279 519 de
2303 483 2398 519 sua
2429 465 2774 519 Ordinatione
2805 466 2993 520 habuit
3021 484 3034 518 :
3064 476 3122 520 at
3149 474 3343 520 notum
3382 472 3469 519 est
3501 462 3563 518 8.
3591 462 3843 519 Ambro-

2213 559 2353 614 sium
2383 560 2682 629 emigrasse
2714 558 2956 613 Cresario
2999 569 3055 614 et
3099 561 3282 614 Attico
3312 557 3658 614 Consulibus
3690 571 3841 612 anno

518 655 673 720 dum,
714 653 858 724 quod
907 654 1168 707 nonnulla
1216 653 1492 707 contineat
1531 668 1652 708 cum
1696 651 1909 723 placitis
1955 661 2117 705 recta:
2214 652 2314 706 sal.
2347 652 2472 707 597.
2503 652 2742 707 Consule
2780 652 2908 707 Not.
2941 652 3007 705 ad
3042 651 3205 706 Rom.
3251 650 3538 723 Martyrol.
3581 650 3659 707 18
3687 649 3842 705 Julii.

512 748 822 816 Theologim
851 762 957 801 non
987 746 1120 801 satis
1140 745 1491 801 cohaerentia.
1522 746 1579 803 S.
1604 746 1940 812 Augustinus
1960 742 2111 813 praef.

512 840 566 894 in
596 839 791 893 librum
819 854 977 893 suum
1005 839 1067 892 de
1102 838 1397 893 Iliensibus
1426 838 1493 892 ad
1529 838 1965 905 Quodvultdeum
1995 852 2115 890 mo-

513 941 625 997 net,
655 930 874 985 doctius
910 931 977 985 de
1008 931 1311 985 hzcresibus
1346 930 1744 1001 praescripsisse
1783 930 1841 985 S.
1886 928 2117 1000 Epipha-

511 1026 681 1091 nium,
713 1040 874 1096 quam
899 1024 955 1080 S.
992 1024 1365 1080 Philasuium.

1148 1117 1352 1173 Horret.
1394 1118 1486 1173 49.

587 1216 726 1269 Ante
759 1212 974 1267 initium
1005 1227 1125 1282 cap.
1159 1221 1360 1266 annota
1387 1228 1400 1263 ε
1428 1210 1599 1266 Caute
1638 1212 1755 1281 lege
1793 1209 1894 1265 hoc
1934 1220 2115 1279 caput,

515 1323 638 1361 nam
669 1307 728 1362 8.
762 1306 1094 1361 Philastrius
1122 1305 1393 1360 existimat
1428 1304 1586 1375 primi
1617 1303 1853 1357 hominis
1881 1303 2115 1357 animam

510 1403 722 1471 (desunt
748 1401 1022 1469 nonnulla)
1048 1417 1169 1456 cum
1188 1400 1288 1457 SS.
1308 1400 1409 1455 PP.
1432 1400 1605 1455 ferme
1627 1412 1839 1461 omnes,
1864 1398 2119 1467 etexpla-

512 1504 731 1549 natores
761 1493 1043 1550 Geneseos
1069 1493 1303 1556 erudite,
1340 1495 1450 1563 pie,
1476 1492 1804 1559 orthodoxe,
1836 1492 2115 1557 historice,

512 1597 567 1643 et
597 1602 854 1658 germane
885 1588 1207 1656 spiraculum
1246 1588 1363 1640 vita:
1409 1588 1635 1655 praefato
1675 1586 1829 1651 loco,
1883 1585 2117 1638 animam

514 1682 743 1735 rationis
773 1681 1095 1750 participem
1135 1681 1455 1749 intelligant.
1499 1678 1633 1733 Vide
1669 1678 1923 1733 Castrum
1956 1679 2049 1733 lib.
2086 1694 2121 1733 ll

2856 745 3054 799 Hmres.
3097 746 3190 801 69.

2288 839 2362 892 lbi
2397 839 2450 892 in
2483 846 2673 893 textu:
2707 855 2827 892 cum
2868 848 2916 893 et
2962 841 3014 892 in
3054 850 3230 894 centre
3269 840 3589 909 sanctiﬁcati
3615 840 3753 904 sint,
3784 850 3843 893 ut

2221 931 2566 992 Putriarchte,
2612 930 2908 1000 PrOphetw,
2951 930 3185 995 Iudices,
3211 931 3493 997 Jenmias,
3518 941 3568 987 et
3594 930 3841 986 Joannes

2222 1025 2476 1089 Baptista,
2512 1034 2649 1090 etc.,
2683 1026 2861 1081 scribe
2908 1026 2961 1079 in
3000 1041 3171 1095 marg.
3208 1025 3384 1081 Caute
3428 1024 3601 1094 legas,
3630 1040 3765 1079 nam
3792 1026 3843 1079 si

2221 1120 2507 1190 loquamur
2527 1119 2595 1174 de
2626 1134 2753 1174 vera
2781 1118 3219 1174 sanctificatione
3238 1134 3269 1173 a
3292 1129 3524 1190 peccato
3549 1118 3841 1189 originali,

2219 1215 2509 1268 Jeremiatn
2536 1255 2549 1277 ,
2581 1211 2849 1267 Joannem
2895 1212 3193 1283 Baptistam
3212 1256 3224 1274 ,
3250 1222 3305 1266 et
3334 1210 3651 1282 Deiparam,
3683 1210 3839 1266 solos

2221 1307 2587 1361 sanctilicatos
2614 1308 2667 1360 in
2690 1315 2847 1361 utero
2873 1306 3073 1360 docent
3098 1305 3393 1375 Thcologi.

2862 1400 3068 1455 Ηωνεε.
3108 1400 3199 1456 79.

2293 1496 2374 1561 Ad
2414 1494 2624 1549 initium
2654 1507 2775 1562 cap.
2809 1494 3021 1549 ascribe
3047 1512 3061 1547 :
3088 1493 3259 1548 Caute
3287 1490 3584 1563 legendum
3614 1500 3704 1546 est
3734 1491 3833 1545 hoc

2222 1597 2403 1658 caput,
2437 1600 2612 1654 neque
2641 1586 2786 1641 enim
2819 1584 3047 1640 hmresis
3072 1596 3177 1650 est,
3209 1593 3302 1638 aut
3329 1598 3491 1639 error
3518 1583 3833 1640 existimare

2227 1698 2333 1737 non
2365 1696 2555 1737 omnes
2585 1681 2837 1737 Psalmos
2864 1681 3042 1734 editos
3068 1695 3097 1733 a
3133 1678 3358 1744 Davide,
3383 1693 3510 1733 cum
3543 1679 3701 1734 multi
3725 1678 3824 1734 PP.

513 1772 775 1827 adversus
805 1775 1064 1839 haereses,
1095 1774 1263 1828 verbo
1288 1774 1495 1839 Anima,
1531 1773 1724 1827 hazresi
1749 1771 1803 1838 Ξ,
1830 1781 1886 1827 et
1908 1772 2119 1828 Sixtum
2152 1766 2200 1825 B
2226 1785 2281 1830 et
2326 1776 2661 1829 recentiores
2708 1774 2809 1827 hoc
2854 1774 3122 1839 sentiant,
3156 1783 3212 1827 ct
3256 1771 3438 1827 adhuc
3478 1772 3534 1826 in
3576 1772 3829 1841 opinione

515 1864 612 1921 lib.
648 1881 679 1921 ν
712 1866 848 1921 Bibl.
881 1877 1069 1921 annot.
1094 1866 1185 1920 27.

1152 1958 1353 2013 literas.
1396 1958 1488 2014 56.

592 2054 669 2108 Ad
710 2053 921 2108 initium
970 2069 1093 2123 cap.
1141 2054 1357 2109 ascribe
1389 2070 1402 2108 :
1431 2052 1607 2108 Caute
1637 2052 1758 2123 lege
1789 2052 1891 2106 hoc
1930 2062 2115 2121 caput,

523 2161 650 2201 nam
685 2147 745 2201 S.
780 2147 1105 2201 Philastrius
1137 2149 1190 2200 in
1226 2146 1416 2201 liceresi
1450 2147 1622 2217 ponit,
1654 2146 1968 2201 existimare
1994 2154 2119 2200 ante

516 2242 989 2297 constructionem
1041 2245 1210 2297 turris
1270 2240 1437 2296 Babel
1486 2256 1650 2295 unam
1696 2249 1905 2295 tantum
1952 2239 2119 2295 fuisse

520 2332 759 2399 linguam
791 2333 842 2385 in
872 2331 1109 2395 mundo,
1141 2347 1262 2386 cum
1308 2343 1482 2386 tamen
1518 2332 1794 2401 Scriptura
1830 2341 2041 2395 sancta,
2068 2340 2121 2385 ct

518 2421 623 2477 SS.
655 2421 757 2475 PP.
792 2423 965 2477 lerme
994 2438 1210 2488 omnes,
1241 2438 1347 2477 non
1378 2424 1479 2478 nisi
1509 2439 1667 2478 unam
1696 2424 1935 2492 linguam
1981 2422 2123 2478 inter

521 2515 770 2570 homines
794 2516 963 2571 fuisse
984 2526 1112 2570 ante
1134 2516 1549 2570 :cdilicationem
1571 2516 1753 2585 Bahel,
1777 2517 2124 2586 apertissime

521 2607 776 2663 doceant.
822 2608 1024 2663 Adilito
1073 2610 1407 2665 recentiores
1433 2608 1631 2665 Genes.
1676 2626 1728 2663 xi
1777 2610 2121 2678 interpretes,

519 2700 776 2756 Castrum
826 2702 922 2757 lib.
977 2719 1029 2756 rx
1081 2702 1345 2758 adversus
1394 2703 1655 2770 hmreses,
1688 2705 1857 2759 verbo
1901 2702 2124 2775 Lingua,

520 2794 736 2851 Sixtum
767 2797 863 2852 lib.
898 2813 931 2851 v
962 2796 1187 2852 Bibliot.
1221 2808 1406 2853 annot.
1438 2799 1525 2853 87.

1158 2890 1364 2946 "teres.
1408 2892 1499 2947 63.

594 2979 668 3033 lbi
695 2979 745 3033 in
769 2991 918 3035 textu
947 2998 960 3034 :
989 2980 1257 3035 aDomino
1282 3000 1443 3052 usque
1463 2999 1599 3037 nunc
1619 2986 1744 3038 anni
1765 2986 1890 3052 450,
1917 3000 2129 3057 appone

523 3073 576 3127 in
624 3089 796 3144 marg.
841 3093 854 3129 :
894 3074 1139 3130 Latinius
1191 3078 1269 3130 rir
1314 3078 1547 3131 eruditus
1596 3079 1835 3132 mendum
1885 3080 1981 3132 hoc
2019 3080 2129 3133 loco

2219 1871 2499 1924 doctorum
2544 1869 2643 1923 ista
2686 1868 2917 1939 quzestio
2963 1868 3283 1923 ventilctur.
3327 1866 3575 1923 Consule
3615 1866 3822 1922 Sixtum

2222 1965 2317 2019 lib.
2350 1982 2365 2019 ι
2393 1964 2533 2018 Bibl.
2576 1973 2633 2018 et
2672 1963 2901 2025 Psalm.,
2937 1961 3272 2031 Interpretes
3302 1960 3357 2015 in
3396 1958 3824 2031 palationibus.

2860 2074 3057 2131 Hiera.
3100 2074 3192 2131 82.

2296 2194 2378 2249 Ad
2432 2194 2649 2248 initium
2694 2208 2815 2263 cap.
2860 2192 3075 2247 ascribe
3112 2210 3124 2245 :
3173 2189 3347 2247 Caute
3391 2187 3691 2261 legendum
3738 2189 3829 2244 hoc

2224 2298 2411 2360 caput,
2447 2304 2571 2343 nam
2595 2304 2703 2343 non
2733 2298 2817 2343 est
2840 2287 3066 2342 haeresis
3096 2296 3290 2357 putare
3314 2284 3507 2340 stellas
3535 2298 3663 2339 esse
3699 2283 3828 2338 ctelo

2225 2382 2441 2445 inﬁxas,
2499 2396 2621 2435 cum
2674 2379 2725 2433 id
2769 2378 3099 2449 philosophi,
3144 2376 3508 2448 peripatetici,
3556 2385 3615 2430 et
3659 2384 3826 2430 astro-

2226 2475 2400 2539 nomi,
2444 2483 2613 2543 atque
2655 2472 2969 2528 scholastici
3018 2473 3254 2542 theologi
3298 2483 3519 2525 summo
3564 2482 3827 2524 consensu

2226 2566 2532 2631 affirmem;
2577 2566 2828 2637 quamvis
2868 2564 3115 2619 nonnulli
3156 2580 3224 2619 ex
3269 2562 3551 2618 veteribus
3594 2560 3696 2616 PP.
3728 2560 3828 2615 dis~

2228 2660 2488 2715 sentiant.
2520 2659 2656 2714 Vide
2689 2659 2748 2714 8.
2780 2658 2977 2713 Thom.
3016 2674 3030 2711 ι
3062 2674 3140 2728 p.,
3173 2673 3227 2729 q.
3257 2658 3349 2725 70,
3379 2666 3487 2713 art.
3525 2658 3579 2725 1,
3610 2654 3675 2711 ad
3698 2656 3751 2721 5,
3776 2663 3827 2711 et

2229 2753 2369 2809 Sixt.
2403 2753 2497 2808 lib.
2533 2769 2563 2808 ν
2593 2752 2731 2807 Bibl.
2766 2762 2958 2808 auuot.
2990 2752 3079 2806 14.

2878 2866 3075 2922 Ηωνες.
3118 2866 3207 2923 89.

2303 2981 2463 3036 Tolle
2494 2991 2675 3036 notam
2708 2997 2879 3051 marg.
2911 2981 2973 3036 lll
2998 2981 3130 3052 Reg.
3167 2996 3242 3046 xi,
3273 2993 3512 3035 uxorum
3551 2988 3609 3034 et
3640 2992 3827 3034 concu-

2234 3077 2481 3131 binarum
2526 3076 2837 3131 Salomonis
2884 3075 3284 3130 multitudinem
3326 3088 3683 3129 numerosam
3721 3088 3827 3143 my-

518 3164 768 3235 illapsum
800 3168 852 3219 in
883 3183 1172 3233 numerum,
1205 3168 1301 3222 levi
1334 3171 1623 3224 mutatione
1652 3171 1725 3223 ita
1758 3172 2127 3225 restituendum
2156 3163 2201 3225 C
2234 3170 2368 3224 stice
2408 3184 2531 3223 esse
2561 3168 3003 3238 intelligendam;
3045 3179 3101 3223 et
3133 3183 3340 3239 repone
3376 3186 3390 3220 :
3423 3165 3548 3222 Non
3593 3166 3825 3235 intelligit

525 3257 744 3324 putavit,
778 3256 886 3311 380
916 3276 927 3309 :
960 3274 1080 3313 nam
1109 3260 1167 3315 S.
1200 3260 1547 3316 Philastriutn
1589 3276 1691 3316 non
1728 3263 1969 3331 potuisse
2002 3278 2125 3331 per-

523 3345 713 3402 venite
747 3347 815 3400 ad
862 3364 1065 3405 annum
1100 3350 1206 3406 4'50
1237 3353 1521 3423 perspicua
1553 3362 1638 3408 est
1658 3355 1827 3419 ratio;
1858 3354 2125 3424 siquidem

518 3439 656 3495 obiit
696 3443 994 3512 superstite
1037 3444 1086 3497 ei
1238 3445 1551 3511 Ambrosio,
1593 3459 1651 3501 ut
1690 3457 1898 3502 certum
1949 3461 2031 3504 cst
2071 3449 2125 3503 iu

524 3580 769 3657 monium
806 3582 874 3657 de
906 3581 1233 3657 Philastrio,
1263 3601 1368 3638 una
1405 3601 1526 3640 cum
1575 3588 1692 3653 ejus
1720 3602 1971 3649 censura,
2005 3604 2124 3657 qua:

528 3652 787 3726 nonnulla
819 3652 1096 3726 Philastrii
1120 3654 1234 3708 loca
1255 3667 1413 3711 caute
1444 3652 1667 3726 legenda
1696 3674 1817 3713 esse
1846 3652 2122 3714 admonet.

528 3722 655 3777 Hmc
684 3733 862 3777 autem
898 3723 1350 3780 Brasichellensis
1389 3722 1618 3781 censura
1653 3729 1889 3783 refertur
1930 3732 1996 3783 ait
2043 3748 2130 3785 se-

526 3792 759 3847 cundum
800 3794 1097 3851 editionem
1132 3797 1494 3854 Parisiensem
1534 3799 1884 3856 Bibliotheca:
1912 3801 2131 3857 Patrum

545 3920 1308 3961 _—=—

1308 4059 1955 4191 SANCTI
2049 4060 3065 4191 PHILASTRII

2231 3262 2287 3317 S.
2326 3262 2649 3317 Philastrius
2676 3262 2743 3317 de
2774 3262 2895 3318 loco
2916 3261 2981 3316 lll
3014 3262 3154 3332 Reg.
3189 3278 3263 3329 xi,
3297 3263 3353 3327 5,
3381 3276 3550 3330 quem
3584 3259 3823 3314 historice

2226 3357 2603 3426 accipiendum
2628 3374 2734 3411 nou
2754 3370 2831 3411 cst
2854 3357 3104 3422 dubium,
3126 3356 3222 3411 sed
3240 3356 3447 3411 deloco
3459 3354 3672 3411 Cantic.
3691 3353 3818 3423 “,7,

2229 3467 2390 3521 quem
2421 3452 2649 3523 mystice
2677 3451 2924 3521 plerique
2954 3451 3060 3506 PP.
3096 3452 3553 3522 interpretantur.

2236 3590 2361 3644 anni
2396 3589 2532 3645 l589
2560 3605 2655 3659 per
2681 3590 3043 3660 Margarinum
3094 3588 3161 3642 de
3206 3588 3256 3641 la
3302 3587 3497 3660 Bigne,
3528 3586 3813 3660 theologum

2237 3657 2604 3716 Parisiensem
2643 3657 3013 3729 procuratum,
3044 3668 3330 3729 exstatque
3374 3657 3427 3713 in
3462 3657 3817 3729 ludicelibro-

2237 3750 2351 3785 rum
2390 3749 2607 3801 expurg.
2643 3726 2779 3803 'pag.
2832 3733 2934 3788 115
2980 3749 3160 3801 seqq.,
3192 3726 3383 3803 Romae
3414 3732 3614 3803 primo,
3642 3726 3813 3785 deinde

2241 3804 2490 3875 Bergomi
2522 3801 2669 3876 typis
2690 3801 2903 3859 Comini
2934 3803 3191 3860 Ventura:
3215 3801 3377 3869 1608,
3408 3802 3578 3857 in-8°.

3128 3917 3802 3965 nausa—=—

1614 4259 2143 4344 EPISCOPI
2213 4262 2760 4347 BRIXIANI

1051 4414 1643 4560 LIBER
1738 4416 2007 4560 DE
2104 4419 3344 4570 HZERESIBUS.

1858 4629 2531 4663 ’β-

1853 4702 1868 4731 ¹
1910 4719 2526 4794 PR/EFATIO.

602 4908 676 4961 De
702 4906 983 4964 haereseou
1017 4920 1042 4947 ιι
1073 4910 1296 4967 diversa
1326 4911 1659 4982 pestilentia,
1688 4913 1959 4986 variisque
1980 4928 2131 4970 erro-
2156 4916 2210 4977 Ι)
2233 4913 2391 4969 Jesus
2427 4913 2678 4971 Salvator
2700 4915 2754 4970 in
2786 4930 2975 4983 carne,
3020 4915 3433 4988 pullulaverint,
3458 4914 3645 4972 dicere
3670 4929 3807 4987 opor‘

525 4999 701 5066 ribus,
732 5002 823 5071 qui
844 5003 913 5059 ab
943 5004 1155 5074 origine
1190 5006 1377 5061 mundi
1411 5010 1761 5072 emerserint,
1810 5017 1867 5065 et
1898 5010 1998 5065 sub
2036 5009 2129 5065 Ju-

521 5089 659 5147 daais
690 5091 1052 5162 deﬂuxerint,
1096 5104 1239 5151 ctex
1268 5112 1376 5168 quo
1431 5101 1581 5155 venit
1637 5101 1902 5157 Dominus
1942 5112 2128 5157 noster

2240 5017 2336 5075 tet,
2367 5024 2761 5079 numerumque
2787 5026 2972 5065 carum
3003 5012 3260 5081 paulatim
3308 5025 3612 5083 exponere,
3654 5008 3809 5064 inimi-

2237 5117 2469 5172 cumque
2516 5104 2737 5159 humani
2782 5104 3005 5175 generis
3052 5104 3258 5175 perdici
3300 5103 3469 5161 fuisse
3520 5119 3550 5159 a
3598 5100 3804 5159 Jeremia

1373 5210 1528 5270 COD.
1570 5216 1678 5273 MS.
1720 5215 2077 5274 SANGERM.
2120 5215 2508 5274 LECTIONES
2551 5216 2968 5276 VARIANTES.

590 5326 608 5399 ξ
638 5324 712 5399 [η
734 5337 824 5375 ms.
847 5325 1105 5399 Sangerrn.
1144 5326 1312 5399 desiuit
1335 5329 1651 5399 Praefatiomet
1667 5331 1886 5399 quintam
1906 5332 2122 5399 sequitur

520 5385 782 5449 Catalogus
806 5385 976 5438 eorum
999 5390 1084 5452 qui
1108 5397 1221 5441 ante
1249 5393 1511 5445 adventum
1544 5385 1723 5447 Christi
1760 5385 2012 5449 haereseos
2052 5409 2125 5446 ar-

2232 5342 2449 5401 guuntur
2474 5348 2486 5382 :
2513 5332 2681 5401 hisque
2717 5334 2886 5401 incipit
2934 5335 3129 5401 verbis:
3178 5336 3360 5401 Incipit
3392 5338 3522 5389 liber
3544 5337 3727 5390 Filastri
3746 5333 3797 5382 de

2230 5397 2533 5448 Haeresibus.
2561 5397 2679 5447 Pust
2696 5397 2971 5460 passionem
2992 5398 3189 5459 Christi,
3216 5397 3305 5450 etc'.

1628 5498 1925 5555 FABRlCll
1965 5500 2054 5555 ET
2092 5502 2448 5559 GALEARDI
2489 5503 2724 5561 NOTAE.

596 5596 623 5624 ιι
654 5586 730 5640 De
754 5586 1169 5663 ΙιωνεεερηηΝοη
1193 5589 1505 5659 infrequens
1527 5591 1733 5647 Latinis
1757 5592 2114 5663 scriptoribus

2223 5610 2355 5669 scon
2375 5605 2433 5669 et
2459 5596 2817 5669 llalienticon,
2848 5595 3247 5667 Mythologicon
3272 5598 3563 5669 Fulgentii,
3585 5596 3791 5654 Petronii

519 5667 787 5741 estousus
832 5660 1059 5741 genititli
1103 5675 1261 5717 casus
1303 5660 1884 5741 _ejusmo_di_pluralis,
1923 5679 2115 5741 graecae
2205 5666 2494 5741 _Satiricou
2521 5712 2536 5735 ,
2591 5676 2649 5741 et
2692 5660 2951 5741 Poeticon
3013 5660 3433 5741 Asjronomicou
3476 5660 3561 5729 Β(
3600 5669 3783 5741 Hygini.

518 5722 799 5796 ﬂexionis,
835 5722 905 5783 'ut
937 5738 1205 5786 testantur
1234 5733 1317 5787 vel
1344 5722 1468 5788 libri
1496 5722 1666 5790 Ovidii
1694 5722 2094 5806 Metamoﬁilio.

2205 5738 2375 5794 Etiam
2401 5738 2591 5795 iul'rac.
2623 5738 2658 5791 2
2680 5739 2734 5809 9;
2766 5739 3034 5795 hiereseos.
3072 5738 3291 5797 Fanum.
3358 5761 3400 5816 ει
