3992 6204
91 281 248 338 1113
1348 287 1551 346 LIBER
1597 289 1683 346 DE
1726 290 1734 346 1

1855 290 2158 349 RESIBUS.
3303 292 3443 349 1114

87 394 376 464 propheta
444 405 474 433 α
530 410 644 452 non
696 397 967 454 immerito
997 409 1369 471 comparatum
1415 416 1733 472 agnoscere,
1763 408 1814 466 Α
1840 404 2087 476 quotidie
2127 420 2226 476 per
2262 405 2490 475 aenigma
2520 405 2782 476 compleri
2815 416 2837 442 ο
2869 405 3014 462 cnim
3062 405 3444 476 cognoscimus

87 489 181 559 qui
238 503 378 544 cum
433 489 895 548 infecunditatem
925 494 1199 564 patiatur,
1251 496 1450 566 szepius
1503 498 1732 554 aliorum
1839 497 2182 568 prophetiam
2221 496 2470 554 Jeremiae
2497 498 2801 554 beatissimi
2844 499 2916 553 ita
2963 498 3236 554 dicentem
3277 497 3445 552 τοια-

87 582 286 637 furtim
325 580 488 638 fetus
517 583 810 651 incubans,
851 585 1006 655 quasi
1037 600 1168 642 suos
1201 586 1311 656 jam
1342 589 1490 644 fovet
1516 604 1581 645 ac
1621 589 1738 645 vin-
1840 590 1997 645 movit
2044 591 2248 661 perdix,
2276 591 2484 663 collegit
2518 607 2634 662 qua:
2677 607 2775 646 non
2808 590 3076 662 parturiit,
3122 590 3319 661 faciens
3345 589 3444 645 sibi

85 674 242 730 dicat
277 673 439 729 ﬁlios
472 691 660 747 usque
704 677 769 732 ad
827 687 1039 749 tempus
1086 679 1334 750 aliquod;
1381 695 1611 752 cumque
1658 682 1740 737 eis
1841 683 2044 738 divitias
2073 699 2175 738 non
2200 699 2315 738 cum
2344 685 2639 755 sapientia,
2665 684 2720 737 in
2744 683 2911 738 medio
2939 681 3182 738 dierumt
3213 683 3443 740 derelin-

83 770 201 839 jam
244 778 493 840 tempus
540 771 723 828 artatis
774 772 1097 828 discernens
1142 771 1170 811 ι)
1226 774 1560 843 adcreverit,
1615 785 1740 830 tunc
1837 787 1993 845 quent
2021 792 2158 842 eum,
2189 777 2313 831 etin
2342 786 2601 848 postremo
2627 777 2724 830 erit
2748 777 3002 848 insipiens
3031 774 3272 847 (Jerem.
3304 791 3440 845 xvn,

87 862 324 917 omissis
354 875 378 901 ο
419 863 591 920 falsis
607 866 946 935 parentibus,
974 865 1093 937 jura
1126 877 1408 936 parentum
1432 883 1594 924 sensu
1620 884 1743 938 pro-
1848 868 1961 939 ll).
1995 868 2150 937 Quod
2175 884 2323 925 nunc
2358 869 2676 924 deserentes
2701 867 2944 938 quotidie
2977 878 3001 916 ε
3030 883 3219 923 omnes
3252 879 3446 938 gentes

88 957 216 1028 prio
243 956 671 1025 recordantes,
703 957 992 1029 palamque
1018 959 1534 1024 oculisintuentes.
1587 962 1741 1030 sequi
1845 963 2207 1018 idololatriam
2275 961 2614 1018 mortiferam
2673 959 2909 1029 inimici,
2958 959 3233 1018 Christum
3274 961 3441 1017 etiam

89 1062 189 1103 eos
227 1047 498 1117 amplius
533 1064 643 1105 non
693 1049 1070 1106 demorantur.
1098 1051 1342 1121 Quorum
1367 1067 1529 1109 causa
1584 1053 1741 1110 nobis
1841 1073 2027 1113 verum
2070 1055 2356 1112 Dominum
2402 1054 2471 1110 de
2500 1055 2642 1126 Lege
2689 1064 2742 1110 et
2790 1055 3079 1126 Prophetis
3115 1053 3439 1123 audientes,

93 1139 424 1196 similitudo
456 1141 588 1198 haec
633 1144 878 1197 nuntiata
930 1153 1046 1209 est,
1095 1145 1238 1214 quod
1286 1145 1506 1202 diabolo
1548 1146 1740 1202 relicto
1841 1165 2077 1221 eumque
2097 1165 2222 1205 cum
2256 1149 2423 1205 Patre
2475 1164 2696 1218 semper
2750 1164 2874 1205 esse
2915 1148 3204 1206 credentes
3244 1164 3310 1205 ac
3357 1165 3444 1206 re-

95 1231 412 1302 impielatis
461 1248 663 1300 causa,
692 1234 810 1304 ejus
833 1235 924 1306 qui
969 1236 1156 1291 orbem
1211 1245 1478 1292 terrarum
1509 1253 1606 1293 sua
1637 1239 1740 1294 sub

97 1325 313 1382 ditione
346 1342 487 1382 cum
527 1335 719 1383 tenere
759 1339 1009 1399 putaret,
1043 1338 1327 1401 postquam
1357 1347 1488 1388 vero
1518 1330 1737 1388 Christo

93 1432 332 1493 parente
389 1439 422 1477 a
493 1425 660 1479 nobis
689 1427 806 1480 viso
837 1434 892 1481 et
923 1427 1224 1497 recognito,
1268 1427 1468 1482 omissa
1503 1427 1737 1483 falsitate

98 1517 348 1588 parentis
403 1518 865 1588 mendacissimi,
913 1520 1026 1590 jam
1081 1523 1194 1576 veri
1245 1521 1490 1592 parentis
1535 1521 1735 1578 Christi

100 1611 332 1682 vestigia
358 1610 536 1682 sequi
561 1613 740 1668 onmis
766 1611 931 1668 homo
950 1609 975 1650 ἀ
1004 1629 1110 1670 ηοη
1139 1626 1380 1670 moratur
1399 1630 1732 1686 agnoscens:

1841 1242 2156 1310 cordantes,
2215 1257 2370 1313 reque
2397 1241 2465 1297 ad
2507 1257 2630 1298 eum
2663 1241 2843 1296 modis
2893 1241 3146 1296 omnibus
3175 1239 3202 1276 ιι
3232 1242 3440 1312 suppli-

1843 1350 1936 1392 ces
1967 1345 2258 1406 properant
2281 1334 2585 1404 pervolarc,
2606 1343 2663 1388 ut
2692 1333 3031 1404 compleatur
3061 1332 3346 1403 prophetia
3384 1332 3399 1368 ί
3427 1352 3438 1387 :

1844 1428 2275 1484 Recordabuntur
2303 1437 2349 1482 et
2376 1436 2736 1481 convertentur
2757 1427 2826 1480 ad
2853 1424 3136 1480 Dominum
3163 1423 3437 1482 Christum

1844 1539 2018 1578 omnes
2048 1523 2177 1592 ﬁnes
2199 1521 2331 1576 orbis
2362 1529 2615 1577 terrarum
2640 1519 2816 1592 (Psal.
2848 1534 2980 1587 xxn,
3009 1517 3123 1590 27).

1227 1732 1524 1788 FABRICII
1567 1733 1656 1788 ET
1697 1732 2051 1790 GALEARDI
2089 1733 2316 1789 NOTAE.

170 1848 221 1931 ‘A
241 1843 471 1931 Perdici
517 1863 554 1900 α
584 1845 816 1931 Ιενςιηξα
844 1849 1116 1931 propheta.
1169 1847 1419 1931 Jeremim
1463 1864 1571 1903 xvn
1591 1890 1604 1914 ,
1640 1850 1728 1904 ΙΙ.
1764 1852 1812 1911 Β
1839 1849 2111 1931 editiones
2140 1848 2470 1931 amissis.Sic
2491 1845 3167 1931 inirapaucisinterjcctis
3193 1863 3204 1900 :
3226 1845 3438 1903 Omissa

105 1917 158 1972 S.
188 1916 540 1972 Ambrosius
572 1934 648 1982 Vt,
679 1919 731 1984 '5,
765 1920 816 1974 in
843 1916 1100 1975 lienem.
1137 1938 1150 1974 :
1199 1918 1472 1974 Perdicem
1502 1930 1729 1974 astutam

103 1989 370 2063 nouimus,
402 2005 534 2058 qua:
560 1991 736 2044 aliena
780 2008 873 2045 oua
904 1991 1139 2063 diripiat,
1172 1993 1268 2045 hoc
1297 2001 1370 2045 est
1403 1992 1625 2059 perdicis
1651 1993 1723 2045 al-

103 2060 281 2134 terius,
313 2071 363 2114 et
390 2077 635 2129 corpore
663 2066 830 2132 foveat
859 2080 974 2127 suo,
1010 2060 1100 2116 sed
1147 2064 1345 2132 fraudis
1375 2079 1482 2117 sua:
1503 2067 1728 2134 fractam

105 2131 288 2184 habere
333 2149 449 2185 non
503 2148 698 2204 posse,
743 2136 866 2203 quia
916 2150 1032 2187 cum
1077 2131 1312 2188 eduxerit
1361 2131 1532 2204 pullos
1579 2151 1724 2200 suos,

102 2204 291 2255 amittit
323 2219 446 2267 eos,
506 2205 639 2274 quia
668 2205 753 2258 ubi
789 2221 958 2259 vocent
988 2207 1100 2274 eius
1147 2205 1441 2271 audierint,
1475 2221 1587 2276 qua:
1636 2221 1730 2259 ora

108 2277 369 2343 generavit
402 2315 418 2338 ,
473 2276 671 2329 relicta
718 2293 778 2328 ra
819 2276 886 2329 ad
926 2277 1076 2330 illuni
1132 2294 1185 2332 se
1239 2281 1464 2330 naturali
1509 2278 1732 2347 quodam

106 2361 313 2421 munere
338 2357 386 2400 et
407 2363 608 2421 amore
636 2347 1002 2421 conferuntuu
1043 2347 1220 2421 Hujus
1240 2349 1471 2402 imitator
1500 2359 1573 2401 est
1615 2348 1729 2402 dia-

111 2416 286 2489 bolus,
322 2419 417 2486 qui
458 2419 828 2489 generationes
869 2416 1140 2474 Creatoris
1175 2421 1354 2474 aeterni
1395 2435 1576 2486 rapere
1608 2437 1730 2472 con-

112 2487 286 2552 tendit,
319 2501 368 2542 et
399 2487 618 2560 siquos
648 2491 971 2559 insipientes,
1001 2501 1048 2544 et
1073 2507 1251 2544 sensus
1277 2492 1476 2560 proprii
1498 2500 1729 2545 carentes

111 2561 278 2634 vigore
303 2563 546 2634 potuerit
581 2577 925 2634 congregare,
953 2565 1128 2632 fovens
1160 2579 1244 2616 eos
1267 2563 1524 2617 illecebris
1545 2579 1731 2631 corpo-

112 2630 328 2704 ralibus,
364 2630 456 2686 ubi
485 2630 719 2704 primum
744 2649 842 2687 vos:
869 2630 1060 2687 Christi
1094 2634 1322 2702 parvulis
1351 2635 1507 2704 fuerit
1530 2630 1726 2704 infusa,

118 2702 385 2757 discedunt
403 2715 570 2772 atque
584 2703 652 2756 ad
669 2721 781 2758 eam
800 2722 852 2758 se
870 2708 1139 2775 conferunt
1164 2702 1396 2770 matrem,
1422 2721 1537 2773 quae
1559 2702 1730 2774 pullos

117 2789 268 2847 suos,
317 2775 458 2847 sicut
507 2776 649 2834 avis.
681 2786 911 2847 materno
953 2793 1129 2830 amore
1151 2780 1531 2847 complectitur.
1584 2776 1728 2830 Idem

121 2844 372 2917 traditum
393 2843 811 2911 Cassiodoro'n,
830 2847 920 2908 14,
946 2847 1074 2901 Var.
1103 2843 1298 2914 Enisti,
1324 2848 1555 2916 aliisque
1569 2863 1727 2917 quam

125 2915 366 2987 pluribus
388 2960 404 2982 ,
438 2933 680 2987 quorum
715 2918 832 2973 |0ca
861 2919 1084 2973 laudant
1137 2920 1444 2974 Cotelerius
1474 2915 1544 2974 in
1587 2915 1731 2973 noris

121 2985 182 3060 ad
214 2995 348 3041 tom.
380 2989 426 3043 ΙΙ
460 2985 882 3058 Monumentor.
917 2990 1178 3046 Ecclesia:
1206 2989 1407 3045 Grmcw
1433 3005 1547 3060 pag.
1602 2988 1729 3050 547.

124 3056 345 3130 liuetins
368 3060 439 3114 ad
477 3056 775 3127 Origenem
817 3076 938 3130 pag.
969 3063 1036 3117 l6
1059 3076 1177 3128 seq.
1201 3056 1662 3117 Bochart'us'tom.
1690 3060 1732 3115 II

128 3129 429 3202 lliernzoici
464 3148 519 3202 p.
556 3131 648 3192 84,
682 3142 734 3186 et
775 3129 1007 3187 Allatius
1047 3133 1113 3186 ad
1151 3134 1491 3187 Eustathium
1545 3133 1733 3188 Antio-

126 3199 352 3298 cirentttit
386 3199 590 3298 p215?
615 3218 733 3298 's'eq.
755 3203 904 3298 nVide
927 3214 981 3258 et
1018 3205 1286 3298 Ambrosii
1320 3204 1727 3298 epist.'52;pard
1758 3235 1803 3298 Ο
1836 3199 1935 3260 usu
2012 3204 2165 3274 plura
2230 3199 2390 3274 hujus
2436 3201 2560 3257 libri
2613 3202 2728 3256 loca
2781 3203 3038 3255 lcetorem

129 3269 409 3346 Irentcum,
439 3285 578 3330 tom.
614 3275 656 3328 ΙΙ
679 3269 728 3342 p.
755 3275 858 3331 918
886 3291 1028 3346 seq.,
1057 3278 1317 3329 Athanas.
1337 3269 1468 3328 tom.
1496 3276 1512 3329 1
1540 3274 1726 3343 p.565,

131 3342 272 3417 edin
300 3346 514 3400 noviss.
583 3346 780 3402 Johan.
831 3342 1125 3400 Catnerarii
1161 3347 1419 3417 Symbola
1479 3346 1576 3408 Ill,
1620 3342 1728 3410 68,

131 3411 516 3488 Conthelisiutn
564 3419 632 3472 ad
668 3417 1012 3488 Hippolytum
1042 3419 1111 3472 de
1150 3411 1522 3473 Anti-Christo
1551 3435 1601 3472 c.
1637 3420 1729 3483 55,

137 3483 381 3559 Dircaeum
415 3489 568 3544 notis
596 3489 660 3542 ad
691 3483 747 3544 SI
774 3483 1031 3543 Basilium
1064 3499 1194 3543 tom.
1230 3489 1271 3553 Ι,
1302 3507 1354 3559 p.
1390 3489 1479 3544 et.
1511 3489 1732 3546 Fssmc.

200 3553 228 3592 δ
269 3556 494 3632 Tempus
542 3561 710 3615 (etatis
740 3562 1052 3615 discernens.
1077 3553 1316 3631 Tempus
1344 3577 1452 3631 quo
1480 3579 1576 3632 per
1603 3574 1731 3616 tcta-

139 3635 239 3701 tem
269 3629 597 3687 discernere
649 3641 877 3701 possunt
908 3647 1069 3687 veros
1115 3647 1144 3686 a
1179 3629 1332 3687 falsis
1364 3629 1726 3701 parentibus.

139 3694 306 3773 Prima
335 3711 493 3768 artas,
555 3705 610 3758 in
652 3694 882 3757 homine
909 3719 1154 3773 quoque,
1181 3694 1732 3773 ignorat-discernere

139 3767 316 3842 dextra
349 3789 378 3826 a
420 3767 701 3842 sinistris,
737 3767 940 3829 honuni
963 3791 992 3827 τι
1023 3767 1436 3831 ιῖιιιΙο.ὈοιιΙοι·
1485 3775 1729 3831 Grotiutn

143 3839 201 3893 ad
233 3841 386 3899 Deut.
447 3861 502 3915 I,
534 3846 640 3909 39,
686 3839 748 3901 ὀι
777 3845 930 3917 Jonaa
960 3861 1032 3912 tv,
1065 3847 1152 3900 ΙΙ.
1201 3847 1290 3900 Sic
1319 3849 1492 3917 prima
1547 3846 1734 3902 mundi

142 3920 262 3965 retas
317 3929 424 3970 non
481 3917 668 3972 statim
728 3916 1012 3971 Dominum
1068 3933 1132 3972 ac
1181 3916 1526 3974 Servatorem
1575 3934 1731 3973 suum

143 3985 348 4060 agnovit
368 3995 424 4060 et
444 3997 651 4044 sectata
679 3997 782 4053 est,
813 3989 908 4060 sed
937 4002 1089 4060 nassa
1113 4004 1173 4042 se
1198 4005 1227 4042 a
1248 3989 1467 4044 diabolo
1492 3990 1557 4043 ad
1588 3990 1735 4044 varia

145 4051 458 4114 idololatria:
493 4069 554 4116 et
581 4051 987 4130 superetitionis
1037 4074 1238 4130 genera
1268 4062 1497 4186 turjliriter
1517 4060 1733 4116 abduci.

1410 4147 1588 4186 ABBIC.

1410 4147 1588 4186 ABBIC.

214 4206 234 4233 ε
278 4198 496 4257 Omissis
552 4202 702 4274 falsis
750 4204 1072 4271 parentibus.
1118 4202 1292 4259 Minus
1341 4203 1482 4258 bene
1528 4203 1738 4273 priores

1838 1922 2071 1992 falsitate
2090 1921 2321 1988 parentis
2348 1921 2752 1974 meudacissimi.
2781 1918 3002 1992 Eanum.

1904 1989 1929 2028 ἀ
1975 1991 2156 2046 Omnis
2185 1994 2338 2045 homo
2365 2009 2468 2046 non
2499 2003 2748 2045 moratur.
2790 1990 2846 2044 Id
2882 1999 2967 2044 est
2994 2004 3157 2043 nemo
3188 1997 3437 2045 moratur

1832 2064 1924 2131 qui
1948 2066 2251 2132 agnoverit.
2288 2064 2358 2117 Ita
2388 2064 2530 2134 apud
2559 2061 2796 2116 Flurium
2821 2076 2880 2134 tt.
2924 2062 3013 2124 18,
3043 2077 3176 2134 unus
3204 2062 3283 2134 pir
3313 2059 3436 2114 Nu-

1831 2131 2093 2188 mantinus
2115 2150 2215 2188 non
2245 2134 2376 2204 fuit,
2426 2131 2524 2201 qui
2567 2135 2758 2186 catenis
2796 2133 3088 2204 duceretur.
3122 2131 3270 2185 Talia
3307 2143 3436 2186 sunt

1834 2207 1884 2258 in
1914 2207 2084 2260 sacris
2111 2202 2467 2269 scriptoribus
2495 2207 2626 2259 Luc.
2653 2220 2692 2269 ι,
2718 2205 2806 2265 57,
2839 2202 2934 2258 οὒκ
2957 2202 3268 2262 ἀδυνατήσει
3287 2206 3434 2269 παρὰ

1834 2223 1884 2258 ΙΙΙ
1914 2223 2084 2260 5301⁵18
2111 2223 2467 2269 εθῙῚΙΙΙοΓΙΙΗΙδ
2495 2223 2626 2259 huc.
2653 2223 2692 2269 Ι,
2718 2223 2806 2265 Ol,
2839 2225 2934 2258 ουκ
2957 2223 3268 2262 αουνατησει
3287 2226 3362 2258 πα
3401 2227 3434 2260 α

1829 2285 1904 2351 τῷ
1934 2285 2043 2352 Θεῷ
2071 2284 2173 2332 πᾶν
2201 2278 2367 2352 (inita;
2398 2277 2555 2352 Rottt.
2582 2292 2643 2352 l_tl
2665 2318 2678 2340 ,
2711 2275 2802 2338 ‘20,
2834 2275 2886 2341 ἐξ
2913 2274 3071 2350 ἔργων
3100 2275 3253 2346 νόμον
3280 2278 3336 2330 οὐ
3357 2223 3434 2331 (ςι-

1831 2348 2362 2424 κὰιωθῄσετᾳμςπᾶσα
2394 2350 2546 2424 σᾴρξ.
2581 2348 2796 2424 FABRIC.
2841 2417 2851 2424 _
2903 2348 2948 2424 η-
3392 2418 3403 2424 _
3437 2415 3439 2417 ,

1908 2429 1930 2456 ο
1977 2418 2218 2486 Quatidie
2237 2437 2328 2491 per
2349 2417 2570 2491 wtiigma
2599 2417 2870 2491 compleri.
2901 2417 3014 2471 lloc
3041 2427 3146 2483 est,
3174 2433 3270 2491 per
3292 2418 3435 2472 mul-

1833 2491 2117 2563 titudinem
2153 2488 2551 2563 ncophytorum
2574 2489 2640 2563 ad
2675 2490 2974 2563 Ecclesium
3006 2488 3250 2563 quotidie
3278 2503 3435 2544 acce-

1831 2562 2074 2616 dentium
2100 2559 2453 2630 intelligimus
2477 2562 2711 2630 impleri,
2736 2561 2878 2630 quod
2909 2559 3168 2630 propheta
3195 2560 3434 2615 futurum

1832 2648 1955 2688 eSse
2012 2633 2560 2702 tnuigtnampcrdicis
2591 2633 2932 2701 signiﬁcavit.
2982 2631 3039 2686 In
3089 2647 3250 2700 quam
3304 2647 3434 2688 sen-

1835 2707 2056 2759 tentiam
2086 2720 2210 2758 mox
2240 2707 2514 2774 subjungit
2539 2722 2550 2760 :
2571 2706 2708 2774 quod
2730 2720 2866 2755 nunc
2895 2703 3181 2756 deserentes
3202 2702 3434 2773 quotidie

1832 2793 2006 2830 omnes
2022 2786 2200 2846 gentes
2222 2775 2573 2829 idololatriam
2589 2785 2696 2829 etc.
2725 2775 2891 2828 Porro
2917 2776 3040 2846 licet
3055 2774 3430 2846 enminodiore

1833 2843 2272 2916 ittterpnnctione
2317 2847 2494 2902 locum
2545 2846 2688 2900 hunc
2731 2843 3079 2916 aliquomodo
3115 2843 3326 2914 juvisse
3352 2845 3434 2898 vi-

1831 2915 1991 2984 deor,
2019 2926 2178 2972 antea
2209 2920 2356 2972 enim
2388 2917 2678 2986 conjuncta
2705 2928 2860 2987 erant
2880 2915 3079 2987 verba:
3133 2918 3432 2987 Agnoscens

1831 2990 2059 3060 quotidie
2107 3005 2197 3058 per
2237 2990 2456 3058 amigma
2479 3029 2493 3052 ,
2526 2989 2721 3060 quibus
2771 2986 3160 3060 subjiciehatur
3187 2986 3430 3060 στιγμή,

1833 3057 2171 3116 constructio
2193 3057 2373 3115 tamen
2413 3060 2589 3114 adhuc
2620 3059 2910 3112 admodum
2937 3057 3114 3111 hiulca
3139 3057 3428 3127 atque'im-

1835 3132 2012 3204 pedita
2044 3142 2151 3198 est,
2183 3133 2275 3204 sed
2302 3131 2514 3204 qualem
2545 3147 2670 3204 Anon
2698 3128 2928 3204 alienam
2959 3143 3082 3183 esse
3101 3144 3129 3182 a
3153 3128 3432 3204 Philastrii

3101 3199 3428 3255 edocebunt.

3048 3271 3268 3326 FABRIC.

1912 3346 1931 3385 ί
1980 3347 2340 3418 Derelinquent
2367 3362 2502 3400 eum.
2546 3343 2656 3418 Sic.
2689 3341 2854 3418 LXX,
2887 3358 3025 3418 quos
3057 3344 3144 3418 hic
3184 3344 3434 3412 sequitur

1837 3414 2376 3488 Philastrius;'Vulg.
2406 3432 2535 3472 vero
2561 3416 2934 3488 ctl’agninus,
2963 3414 3281 3488 derelinquet
3322 3430 3428 3488 eas.

1835 3491 2040 3548 Ctml'er
2094 3485 2482 3561 Hieronymum
2513 3488 2581 3543 ad
2629 3487 2770 3541 lnmc
2814 3485 3068 3561 Jercmiae
3097 3485 3312 3561 locum,
3344 3487 3435 3561 qui

1837 3574 2066 3632 utroque
2107 3561 2268 3617 modo
2302 3555 2685 3616 testimonium
2726 3557 3016 3632 propheta:
3065 3558 3301 3632 prolem;
3364 3555 3433 3611 de

1839 3627 2053 3689 narrata
2084 3642 2264 3688 autem
2293 3633 2527 3702 perdicis
2554 3630 2899 3702 proprietate
2920 3627 3289 3702 consulendus
3315 3643 3433 3702 orn-

1840 3707 1968 3762 nino
1999 3698 2355 3760 crudissimus
2383 3698 2683 3758 Bocbartus
2706 3711 2813 3753 tom
2859 3699 2900 3753 ΙΙ
2925 3698 3229 3754 llicrnzoici
3259 3714 3312 3767 p.
3339 3699 3433 3761 84,

1841 3778 1932 3841 85,
1960 3778 2049 3831 ubi
2067 3794 2173 3831 non
2200 3777 2468 3830 modicam
2489 3773 2613 3828 huic
2636 3772 2863 3828 Philastt
2879 3770 2915 3824 ii
2932 3771 3232 3841 praefationi
3258 3773 3433 3824 lucem

1843 3848 2092 3903 all'undit.
2119 3848 2398 3903 Caesar).

1911 3930 1934 3966 ις
1980 3920 2170 3974 Omnes
2196 3929 2388 3990 gentes.
2423 3918 2497 3990 Es
2539 3915 2818 3988 quibusvis
2863 3912 3113 3984 gentibus
3158 3913 3322 3968 etiam
3349 3927 3436 3967 re-

1838 3991 2167 4066 motissimis
2189 3989 2498 4066 quosdam]
2523 4059 2554 4066 __
2634 4058 2672 4066 __
2716 4057 2727 4066 _
2947 4055 2959 4066 .

1911 4063 1938 4133 ει
1980 4054 2274 4133 Supplices.
2307 4061 2446 4133 Male
2471 4054 2604 4133 edit.
2634 4057 2883 4133 llcl_tn_s_..
2915 4054 3194 4123 simplices.

1920 4131 1933 4169 ί
1985 4122 2288 4200 Prophetia.
2315 4132 2434 4198 Quo
2477 4131 2528 4183 in
2563 4129 2682 4200 loco
2712 4126 2980 4182 Philaster
3003 4122 3200 4180 nomen
3230 4122 3439 4178 Christi

1842 4199 2222 4274 explicationis
2249 4217 2412 4258 causa
2435 4199 2682 4256 inseruit.

147 4303 3398 4331 Μ

1425 4429 2134 4515 CATALOGUS

445 4546 725 4611 EORUM
769 4546 905 4623 QUI
947 4547 1162 4609 ANTE
1207 4547 1657 4611 ADVENTUM
1693 4562 1718 4590 ιι
1763 4549 2083 4613 CHRISTI
2126 4546 2568 4610 HERESEOS
2612 4543 3127 4609 ARGUUNTUR.

709 4758 736 4800 δ
762 4760 802 4816 1.
845 4758 1149 4816 ΟΡΙΙΙΎΑΒ.

227 4856 248 4884 c
281 4848 440 4910 primi
488 4864 612 4912 ευηι
649 4855 890 4927 ophitae,
923 4852 951 4892 ἀ
982 4855 1072 4926 qni
1103 4854 1360 4911 dicuntur
1389 4853 1733 4924 Serpentini;

1761 4757 1814 4817 D
1843 4758 1931 4815 isti
1973 4758 2257 4816 colubrum
2288 4769 2620 4816 venerantur
2650 4757 2917 4823 dicentes,
2961 4753 3106 4826 quod
3161 4751 3248 4808 hic
3296 4750 3447 4823 prior

1847 4851 2060 4909 initium
2089 4854 2251 4912 nobis
2299 4853 2539 4910 scientiae
2572 4853 2696 4908 boni
2725 4861 2780 4908 et
2811 4851 2941 4908 mali
2977 4848 3238 4905 attulerit.
3291 4844 3448 4903 Unde

1246 4985 1544 5042 FABRlCll
1587 4984 1674 5041 ET
1714 4984 2070 5042 GALEABDI
2112 4987 2343 5044 ΝΟΤιΕ.

228 5103 468 5181 ﬁliorum
513 5109 602 5181 qui
643 5119 772 5181 ante
807 5110 1082 5181 adventum
1112 5107 1170 5181 ς.
1201 5105 1459 5181 Qumdam
1501 5104 1742 5181 ltmreses

170 5183 228 5252 ex
256 5173 335 5228 his
362 5195 478 5252 qu._r.
518 5173 686 5252 usque
711 5180 779 5236 ad
810 5188 974 5252 caput
1000 5173 1516 5252 duodetr’igesitnum
1547 5191 1577 5230 a
1611 5175 1743 5252 Phi-

172 5238 324 5298 lastro
367 5238 695 5321 referunt'ur,
726 5268 831 5307 non
879 5238 1100 5306 inerunt
1151 5238 1281 5304 ante
1316 5248 1702 5321 adventuan.
1728 5288 1743 5312 ,

172 5325 331 5392 neque
360 5321 456 5376 sub
488 5317 708 5392 Iudaeis,
741 5335 800 5379 ut
842 5323 894 5377 in
937 5321 1150 5392 pruriat.
1182 5321 1450 5376 Philaster
1483 5317 1745 5392 loquitur,

175 5379 519 5460 deﬂuxerunt,
549 5379 731 5450 licete
759 5379 1305 5449 veteri'Testamento
1327 5405 1513 5446 ansam
1545 5379 1749 5444 erroris

177 5456 248 5539 ξξιὶ
280 5456 545 5539 arripuere
585 5468 710 5539 (ἀπὸ
750 5467 907 5539 νόμρρ
942 5466 992 5530 ἐξ
1029 5462 1296 5539 Ἰρυδαίωνν
1320 5465 1577 5539 fucatam.
1626 5461 1751 5539 Epi-

176 5522 322 5609 ig‘hq'}.
373 5522 635 5609 Anctirat‘o
681 5522 923 5609 (Ἀβδη,
1056 5535 1119 5599 ΙΙ,
1165 5551 1230 5609 _p.
1282 5522 1428 5609 18),Δ
1465 5543 1525 5588 ut
1567 5522 1747 5609 statim

179 5591 400 5678 Quintae,
431 5615 484 5660 et
510 5591 728 5677 Cajani,
750 5591 1132 5678 'Sethianique'.
1164 5591 1598 5678 Rectius'itaque
1621 5602 1756 5678 (Γετ-

189 5666 449 5746 tullianus,
480 5666 734 5746 qui-illos
772 5693 819 5733 c.
852 5677 939 5732 45.
981 5666 1136 5733 vocat
1162 5676 1424 5730 Judaistni
1466 5666 1750 5740 haereticos,

189 5736 311 5821 ﬂius
337 5736 508 5816 quiiea':
530 5748 808 5821 Evangelia
835 5749 1064 5821 haeretici
1079 5765 1197 5821 esse
1211 5748 1484 5821 coluerunt
1525 5747 1654 5821 s_ive,
1697 5736 1756 5800 ut

190 5803 387 5870 Hieron.
407 5803 840 5888 verbisittaarﬁui
863 5803 1146 5891 Evangelia
1168 5809 1500 5876 laniaberunt.
1533 5803 1748 5870 anntc.

1918 5102 1946 5140 ι)
1971 5103 2099 5176 [hac
2135 5105 2235 5159 tria
2271 5105 2447 5174 prima
2484 5104 2758 5176 Philastt-ii
2791 5104 2968 5176 capita
2991 5101 3216 5176 dederat
3256 5097 3449 5176 fabri-

1847 5175 1965 5231 cius
1990 5173 2125 5231 Cod.
2164 5171 2516 5247 Pseudepigr.
2551 5185 2682 5231 tom.
2719 5175 2784 5242 γ,
2934 5175 3056 5240 136,
3087 5188 3208 5227 cum
3254 5171 3447 5227 iisdem

1852 5248 2021 5319 ferme
2050 5249 2193 5301 notis
2222 5264 2342 5316 qua:
2376 5249 2462 5304 hic
2491 5258 2856 5319 apponuntur.
2893 5247 3173 5319 GALEARD.

1929 5329 1950 5355 ο
1983 5317 2152 5390 Primi
2175 5311 2292 5374 sunt
2337 5311 2576 5390 Opliittef
2617 5320 2732 5375 Non
2762 5317 3025 5389 temporis
3071 5317 3318 5390 ratione,
3354 5311 3449 5390 sed

1853 5389 1996 5462 quod
2032 5390 2084 5445 in
2115 5391 2290 5459 primo
2316 5385 2499 5447 Statim
2536 5393 2801 5462 principio
2829 5385 2892 5445 ac
2927 5388 3308 5462 limineycluti
3343 5385 3450 5452 pri-

1856 5456 1927 5515 mi
1969 5461 2089 5517 libri
2115 5456 2318 5534 veteris
2359 5456 2688 5518 Testamenti
2715 5456 3081 5534 'impcgerunt.
3114 5456 3315 5513 Mentio
3357 5467 3450 5507 eo-

1861 5547 1980 5604 rum
2011 5533 2151 5602 apud
2192 5533 2548 5604 Augustinum
2586 5535 2654 5588 de
2700 5533 3040 5596 ILnreSiDuS,
3083 5541 3136 5585 et
3166 5536 3448 5580 τιιιειοΐεηι

1858 5602 2233 5674 Praidestinati
2264 5602 2386 5674 cap.
2420 5606 2507 5670 17,
2539 5607 2804 5672 aliosipte.
2837 5605 3053 5658 Fauste.

1929 5672 1952 5711 ἀ
1990 5675 2091 5739 Qui
2120 5672 2363 5729 dicuntur
2399 5675 2712 5744 Serpentini.
2755 5675 2808 5744 Id
2856 5685 2947 5744 est,
2980 5685 3210 5744 quorum
3253 5681 3454 5723 nomen

1859 5745 2050 5802 Latine
2082 5747 2152 5800 ita
2185 5745 2377 5800 efferre
2407 5741 2602 5810 possis.
2637 5744 2741 5799 Pro
2769 5742 3003 5812 Ophitis,
3030 5741 3145 5796 sive
3173 5751 3230 5796 ιιι
3258 5754 3455 5812 [ιεζρθφ

1856 5823 1972 5871 ram
2007 5818 2057 5872 in
2092 5809 2650 5885 pSeud‘d—llierOHYmi
2693 5809 2928 5872 iitdiculo
2957 5813 3216 5872 scr'hilut'
3248 5809 3449 5883 Ofﬁtis.
