3984 6194
547 256 688 311 i263

1846 248 2089 305 SANCTI
2132 247 2519 305 PIIILASTRII

3706 251 3822 310 ιιδι

538 389 661 427 reus
687 372 783 424 erit
805 368 998 442 judicii
1043 366 1273 438 (Matth.
1302 381 1356 431 v,
1387 365 1519 438 22).
1563 365 1801 437 Ideoque
1831 368 2136 436 pellendnm
2167 370 2220 431 Α
2246 380 2345 420 nus
2376 366 2623 435 injicere,
2647 365 2857 421 cmleSti
2883 366 3157 421 sententia
3184 365 3534 421 adeﬁnltum.
3554 365 3669 437 Ipsa
3694 368 3815 421 enim

539 462 929 533 cogitationem
957 475 1024 514 ex
1052 458 1399 528 suggestione
1430 457 1635 512 inimici
1666 458 1926 512 Dominus
1947 458 2144 513 edoce-

538 556 634 610 bat
662 553 845 618 illico,
878 566 944 605 ne
971 564 1092 605 cum
1118 551 1210 604 diu
1242 551 1312 604 sit
1337 550 1390 603 in
1432 549 1654 605 homine
1677 591 1691 614 ,
1721 549 1787 604 ad
1822 562 2140 620 perpetran-

538 648 670 702 dum
704 647 912 701 facinus
940 660 1062 699 eum
1108 652 1372 713 provocet
1402 645 1738 714 proniorem.

541 737 802 795 CXXXII.
844 736 936 791 DE
976 736 1134 790 CAIN
1174 734 1492 790 PECCATO
1544 735 1863 792 HERESIS
1900 735 2138 805 QUARE

813 828 995 885 DEUS
1026 829 1090 883 El
1124 829 1336 883 VITAM
1366 828 1853 886 CONCESSERIT.

613 925 710 979 Est
740 923 964 978 hzeresis
986 936 1104 992 qua:
1134 935 1244 976 uon
1271 931 1423 977 recte
1446 921 1703 992 intelligit
1725 922 1791 976 de
1815 922 1971 989 Cain,
1996 921 2140 991 quod

540 1026 663 1087 post
693 1014 1053 1069 fratricidium
1084 1012 1232 1083 quod
1261 1014 1631 1079 commiserat,
1665 1022 1821 1084 rogat
1853 1014 2137 1068 Dominum

538 1109 678 1165 mori
707 1109 886 1179 potius
913 1122 1075 1178 quam
1099 1106 1337 1171 dimitti,
1368 1106 1555 1162 dicens
1586 1107 1653 1161 ita
1686 1124 1697 1158 :
1729 1115 1753 1142 ἰ
1786 1105 1961 1177 Major
1981 1122 2139 1159 causa

537 1216 612 1260 est
648 1205 691 1258 si
718 1204 963 1256 dimissus
1006 1201 1151 1268 fuero
1172 1244 1185 1265 ,
1217 1210 1266 1253 et
1302 1200 1399 1253 erit
1439 1201 1603 1254 omnis
1629 1199 1716 1271 qui
1744 1200 1994 1253 invenerit
2024 1214 2104 1252 me
2123 1239 2137 1264 ,

537 1296 813 1365 interﬁciet
829 1310 907 1348 me
931 1292 1082 1365 (Gen.
1110 1309 1191 1359 IV,
1209 1293 1401 1365 4).Sed
1423 1294 1687 1349 Dominus
1711 1309 1808 1364 per
1824 1309 1947 1348 eum
1971 1308 2135 1347 unum

539 1391 690 1445 omni
720 1391 956 1444 humano
970 1392 1155 1459 generi
1183 1430 1198 1454 ,
1226 1389 1373 1443 velut
1394 1388 1708 1457 generalem
1745 1387 1995 1442 docendo
2023 1401 2138 1441 mo.

540 1484 702 1549 dum,
735 1498 830 1552 per
880 1481 1201 1550 patientiam
1250 1480 1563 1536 tribuebuat
1599 1480 1857 1535 bonitatis
1900 1493 2014 1533 sua:
2056 1478 2139 1532 in-

536 1576 869 1646 dulgentiam
911 1575 1217 1644 copiosam;
1249 1582 1306 1627 ut
1328 1574 1438 1642 jam
1469 1573 1755 1627 desinente
1779 1574 2011 1636 scelere,
2042 1571 2138 1625 bo-

536 1684 730 1724 norum
766 1682 994 1738 operum
1025 1667 1457 1722 fructuositatem
1481 1675 1869 1735 sequerentur,
1902 1673 2137 1719 certam-

2247 456 2409 512 veluti
2432 458 2751 525 ptenitentia
2770 456 2887 511 ﬁcta
2909 472 3016 512 non
3044 473 3175 513 vera
3207 458 3428 512 iuventa
3461 468 3578 524 est,
3599 473 3714 513 cum
3740 476 3818 513 au-

2246 548 2327 604 dit
2356 565 2384 602 a
2418 549 2651 604 Domino
2678 564 2691 604 :
2730 549 2913 604 Omnis
2934 551 3021 618 qui
3049 552 3303 605 occiderit
3331 550 3495 617 Cain,
3518 561 3702 619 septem
3728 554 3817 606 cin-

2245 645 2407 697 dictas
2448 645 2697 712 persolvet
2723 642 2874 714 (Gen.
2910 661 2981 710 iv,
3020 644 3131 715 15’).
3160 646 3316 702 Unde
3349 657 3405 702 et
3447 648 3657 715 signum
3690 657 3711 683 ε
3743 662 3814 702 ac-

2244 739 2427 809 cipere
2454 738 2657 793 meruit
2683 747 2906 807 prapter
2938 738 3363 806 prenitudinem,
3396 742 3441 794 si
3475 749 3654 794 tamen
3678 739 3812 809 digna

2245 830 2513 884 honorum
2554 844 2780 899 operum
2809 828 2921 898 jam
2961 844 3085 883 eum
3117 824 3811 902 fructuositassequerelur.

2244 923 2350 978 Sed
2398 939 2504 976 non
2536 922 2848 977 invenimus
2894 921 3124 977 fructum
3174 924 3448 978 bonorum
3480 924 3533 977 in
3576 938 3640 979 eo
3666 926 3816 994 ι)ωηὶ-

2242 1016 2425 1070 tentiae
2458 1032 2633 1085 usque
2674 1014 2875 1081 fuisse,
2905 1024 3110 1085 quanto
3142 1017 3316 1086 magis
3344 1016 3414 1071 de
3455 1031 3650 1087 genere
3693 1017 3814 1072 illius

2241 1122 2459 1162 omnem
2486 1108 2822 1177 impietatem
2853 1110 3031 1178 pelius
3053 1108 3073 1138 δ
3099 1109 3423 1178 pullulasse;
3456 1110 3543 1179 qui
3572 1118 3685 1179 post
3707 1125 3811 1164 eum

2244 1199 2491 1254 Ineredes
2532 1199 2832 1267 impietatis
2880 1211 3154 1270 paterna},
3204 1210 3261 1255 et
3311 1201 3659 1255 immanitatis
3702 1202 3815 1254 tanti

2241 1290 2466 1345 sceleris
2495 1292 2817 1357 existentes,
2852 1306 2973 1346 cum
3004 1307 3111 1346 non
3155 1292 3425 1347 malorum
3467 1307 3684 1346 suorum
3713 1308 3809 1360 pa:-

2242 1385 2546 1440 nitudiuem
2578 1400 2771 1456 gerere
2810 1386 3143 1449 voluissent,
3175 1385 3196 1425 τ
3223 1385 3583 1440 annuntiante
3614 1386 3688 1439 eis
3715 1385 3811 1440 Noe

2239 1479 2423 1543 beato,
2456 1489 2870 1547 perseverantes
2904 1479 2954 1532 in
2988 1479 3219 1543 scelere,
3246 1479 3369 1533 diro
3394 1480 3588 1534 mortis
3620 1479 3811 1534 interitu

2242 1588 2340 1642 per
2370 1572 2635 1627 diluvium
2668 1573 2980 1642 perierunt,
3014 1583 3037 1620 ε
3066 1582 3296 1641 excepto
3335 1583 3459 1628 octo
3490 1572 3682 1627 animis
3709 1584 3811 1627 tan.

2242 1664 2523 1722 tummodo
2556 1674 2683 1720 tunc
2716 1666 2999 1734 temporis,
3030 1681 3152 1735 quae
3180 1664 3247 1721 de
3276 1680 3483 1737 genere
3528 1675 3809 1721 sanctorum

533 1780 641 1835 que
669 1764 739 1819 ab
766 1778 833 1818 eo
862 1764 1042 1817 cuncti
1072 1770 1468 1831 cognoscerent
1496 1758 1928 1828 amplectendam
1948 1798 1963 1824 ,
1994 1756 2021 1794 δ
2054 1757 2137 1811 di-
2168 1761 2213 1822 Β
2244 1758 2466 1813 luerunt
2510 1758 2675 1823 editi,
2726 1759 2816 1828 qui
2860 1767 3179 1815 meruerunt
3222 1758 3520 1828 procellam
3570 1760 3664 1814 soli
3698 1760 3806 1813 tanti

534 1864 695 1911 cente
730 1855 958 1908 Domino
981 1872 992 1906 :
1026 1851 1169 1906 Nolo
1192 1860 1409 1905 mortem
1437 1850 1450 1879 ¹
1474 1850 1776 1919 peccatoris,
1795 1865 1950 1919 quam
1980 1858 2035 1901 ut
2063 1864 2143 1902 re-

528 1959 761 2003 vertatur
788 1959 837 2002 et
868 1949 999 2001 vivat
1023 1944 1239 2017 (Ezech.
1274 1960 1472 2010 xxxm,
1508 1942 1635 2013 li);
1670 1951 1727 1996 ut
1748 1943 1882 1996 tanti
1911 1942 2142 1996 sceleris

531 2041 742 2096 cunctis
776 2056 871 2109 per
900 2054 1023 2093 eum
1052 2046 1358 2107 patesceret
1384 2036 1727 2107 pmnitentia,
1758 2036 1920 2105 inque
1942 2048 2025 2099 ea,
2059 2033 2141 2087 in-

529 2132 809 2202 dulgentia
844 2132 1049 2201 pariter
1072 2130 1331 2199 c0piosa;
1365 2138 1421 2183 ut
1451 2128 1832 2198 paenitentiam
1859 2128 1967 2197 jam
1996 2126 2139 2181 bona

528 2225 886 2281 fructuositas
937 2225 1285 2278 hortamento
1320 2222 1412 2276 Dei
1461 2231 1861 2276 monstraretur
1908 2218 2140 2274 homini-

529 2318 654 2381 bus,
677 2332 784 2386 quo
801 2332 918 2371 eam
942 2315 1315 2383 pervidentes,
1346 2314 1581 2368 salutem
1606 2313 1785 2383 potius
1809 2328 1969 2382 quam
1992 2327 2140 2366 mor-

530 2419 643 2463 tem
683 2407 791 2462 sibi
830 2406 1147 2462 desidereut
1176 2405 1590 2476 acquirendam.
1616 2404 1775 2461 Unde
1808 2405 1971 2459 veluti
2004 2418 2137 2458 suus

528 2508 821 2555 accusator
851 2508 1015 2568 atque
1039 2497 1229 2566 judex,
1254 2510 1379 2550 cum
1415 2512 1481 2550 ex
1512 2504 1664 2565 parte
1697 2496 1937 2566 gignitur
1962 2496 2096 2551 Cain
2119 2539 2135 2563 ,

528 2592 720 2649 dicens
750 2592 895 2663 quod
923 2590 1265 2646 commiserit
1309 2589 1671 2643 fratricidium
1692 2630 1706 2654 ,
1737 2589 1929 2644 audire
1955 2604 1983 2641 a
2034 2590 2137 2643 Do-

528 2688 679 2742 mino
703 2686 931 2753 meruit,
964 2695 1020 2739 ut
1049 2686 1092 2739 si
1121 2684 1328 2739 fructus
1366 2684 1637 2737 honorum
1669 2697 1895 2751 operum
1932 2683 1998 2737 de
2025 2697 2133 2737 ca:-

526 2792 643 2837 tero
672 2796 799 2837 eum
830 2788 1175 2848 sequeretur,
1208 2778 1588 2833 remissionem
1624 2777 1765 2831 tanti
1795 2777 2025 2832 sceleris
2047 2792 2136 2830 es-

523 2889 611 2930 set
641 2875 763 2929 sine
791 2873 957 2929 dubio
981 2881 1329 2941 accepturus,
1360 2870 1680 2939 nullumque
1710 2878 1914 2923 metum
1940 2867 2135 2923 mortis

520 2967 821 3023 inferendae
850 2967 963 3037 jam
1006 2965 1378 3035 suSpicaretur
1422 2963 1529 3018 sibi
1557 2972 1577 3001 ²
1605 2963 1672 3017 ab
1699 2962 1881 3032 aliquo
1907 2962 2132 3016 adfutu-

520 3076 661 3115 rum.
696 3058 923 3129 Insuper
947 3058 1112 3114 etiam
1144 3066 1199 3112 et
1226 3057 1249 3087 °
1284 3057 1500 3127 signum
1532 3064 1825 3125 acceperat
1876 3072 1946 3111 ne
1984 3055 2132 3111 occi-

2245 1854 2471 1922 periculi
2503 1853 2767 1908 devitarc.

2363 1944 2649 2001 CXXXIII.
2708 1945 2795 1999 DE
2846 1944 3133 2000 STELLIS
3187 1944 3403 2002 C(ELO
3458 1944 3696 2002 INFIXIS

2875 2037 3215 2093 IIERESIS.

2313 2129 2412 2184 Est
2440 2128 2703 2194 haeresis,
2737 2144 2859 2199 quae
2890 2126 2915 2164 ιι
2948 2129 3148 2183 Stellas
3184 2129 3381 2185 infixas
3412 2138 3564 2199 putat
3586 2145 3695 2185 esse
3716 2132 3733 2159 ³
3760 2130 3803 2184 iu

2240 2221 2437 2276 caelum
2463 2262 2477 2284 ,
2508 2236 2615 2275 non
2654 2218 2664 2255 ί
2698 2219 2766 2275 de
2792 2220 3064 2275 thesauris
3095 2219 3340 2289 locisque
3365 2220 3716 2284 absconditis,
3742 2230 3809 2274 at-

2238 2329 2344 2384 que
2367 2330 2393 2366 a
2413 2314 2528 2368 Deo
2551 2312 2832 2384 dispositis
2860 2313 2911 2366 in
2945 2327 3232 2381 vesperum
3253 2313 3409 2381 jussu
3432 2311 3613 2367 divino
3638 2327 3810 2381 repen-

2239 2416 2291 2463 te
2323 2407 2652 2477 procedere,
2683 2406 3013 2475 statutisque
3046 2406 3198 2460 horis
3221 2406 3242 2435 ⁶
3264 2420 3362 2461 suo
3392 2406 3593 2462 lumine
3616 2422 3807 2462 cursum

2238 2499 2715 2567 ministeriumque
2754 2497 3018 2552 indictum
3065 2512 3367 2567 agnoscere
3399 2516 3411 2550 :
3446 2498 3587 2568 quod
3614 2507 3809 2553 contra-

2238 2590 2374 2645 rium
2404 2590 2751 2660 alieumuque
2775 2588 2928 2645 Fidei
2955 2590 3240 2645 catholica:
3258 2591 3538 2646 invenitur
3556 2592 3599 2645 si
3617 2592 3679 2645 ita
3702 2591 3806 2661 quis

2236 2686 2505 2749 senserit,
2536 2686 2816 2755 magisque
2840 2698 3066 2755 pagana:
3088 2684 3346 2739 vanitatis
3367 2726 3382 2749 ,
3410 2693 3464 2739 ct
3487 2684 3807 2755 philosopho-

2237 2794 2354 2833 rum
2410 2778 2588 2832 inauis
2634 2778 2960 2845 sententize,
3007 2793 3169 2849 quam
3220 2778 3548 2834 Christiana:
3587 2778 3805 2834 scientia:

2237 2869 2441 2925 habere
2477 2870 2813 2925 consortium
2855 2870 3345 2926 demonstrabitur.
3371 2870 3645 2943 Scriptura
3676 2872 3805 2927 enim

2235 2964 2686 3034 omuipoteutiam
2718 2964 2816 3019 Dei
2842 2965 2916 3019 ita
2936 2964 3169 3031 edocet,
3196 2974 3253 3019 ut
3284 2965 3337 3019 in
3371 2965 3523 3021 brevi
3546 2980 3576 3021 e
3599 2965 3805 3019 diversis

2234 3057 2504 3112 thesauris
2532 3071 2864 3112 concurrere
2884 3099 2899 3123 ,
2932 3064 3095 3127 atque
3126 3055 3441 3113 discurrere
3477 3057 3647 3113 sidera
3676 3072 3799 3111 nun-

520 3154 743 3209 deretur
787 3153 854 3207 ab
898 3151 1117 3222 aliquo;
1150 3164 1388 3218 eumque
1414 3151 1578 3204 etiam
1624 3145 1886 3219 dseptem
1936 3164 2125 3219 poenas
2154 3146 2199 3210 C
2233 3149 2477 3213 tiaverit;
2536 3159 2970 3220 ornamentoque
3017 3149 3187 3214 coeli,
3250 3150 3539 3220 noctique,
3586 3159 3641 3205 ut
3682 3150 3801 3204 lucis

524 3244 773 3314 perpeti,
818 3244 861 3298 si
896 3243 986 3313 qui
1034 3242 1316 3298 hominum
1343 3255 1508 3297 ausus
1544 3239 1737 3296 fuisset
1767 3240 1821 3295 in
1850 3256 1973 3296 eum
2008 3257 2125 3297 ma-
2164 3236 2175 3242 ’

2233 3256 2398 3297 causa
2440 3256 2509 3298 ex
2549 3251 2700 3312 parte
2728 3241 2841 3297 sint
2878 3258 2909 3298 a
2951 3242 3061 3298 Deo
3093 3242 3342 3312 prtestita
3394 3253 3554 3314 atque
3579 3256 3797 3300 commo-

1385 3354 1539 3411 COD.
1583 3354 1693 3411 MS.
1734 3354 2084 3412 SANGERM.
2124 3355 2512 3413 LECTIONES
2554 3354 2973 3412 VARIANTES.

583 3457 597 3485 ¹
628 3454 903 3517 peccatoris
924 3457 1160 3517 quantum
1184 3459 1239 3517 ut

583 3519 602 3549 ι
628 3515 689 3566 ab
704 3516 876 3577 aliquo
899 3528 1011 3564 cum
1036 3515 1111 3562 his
1134 3515 1281 3563 etiam

584 3580 605 3609 ³
626 3572 883 3627 deﬁnitum
906 3584 985 3626 est
1007 3589 1020 3624 :
1042 3578 1092 3624 in
1116 3576 1278 3636 ipsa...
1304 3572 1515 3624 fructum
1539 3574 1721 3622 bonum

2282 3451 2304 3481 δ
2329 3448 2593 3522 pullulasse
2614 3456 2724 3513 post
2748 3462 2861 3499 eum

2285 3514 2305 3544 ⁵
2334 3525 2384 3559 ιιι
2406 3510 2532 3559 emlo

2288 3525 2305 3544 ο
2334 3525 2384 3559 ιιι
2406 3525 2532 3561 οωιυ

2288 3575 2308 3604 ⁸
2338 3587 2427 3624 suo
2452 3573 2702 3625 volumine

1630 3658 1925 3715 FABRICII
1964 3660 2054 3715 ET
2093 3658 2451 3717 GALEARDI
2487 3659 2715 3716 NOTAE.

589 3765 616 3793 ι
649 3754 826 3824 Major
850 3769 1006 3807 causa
1031 3761 1106 3807 est
1133 3753 1177 3824 si
1202 3750 1443 3805 dimissus
1483 3752 1654 3824 fuero.
1684 3755 1875 3816 Μείζων
1905 3756 1934 3811 ἡ
1968 3754 2111 3809 αἰτία

520 3852 618 3899 μου
650 3822 995 3906 veneﬁcam;
1018 3846 1101 3906 με.
1125 3822 1333 3905 Sensus
1356 3832 1468 3903 est,
1499 3822 1673 3906 major
1698 3826 1854 3906 culpa
1882 3838 1999 3879 mea
2027 3834 2111 3880 est

515 3892 676 3968 quam
712 3910 767 3952 ut
794 3892 994 3968 dimitti
1018 3892 1260 3968 impunis
1292 3894 1513 3968 possim.
1562 3892 1671 3968 Sed
1708 3893 1815 3959 illi,
1839 3909 1985 3968 quos
2024 3911 2111 3951 re-

516 3964 805 4041 prehendit
831 3966 1298 4041 Philastrius__,__it_a
1332 3964 1644 4041 limaverba
1687 3975 1812 4041 sunt
1838 3965 2109 4041 interpref

517 4035 610 4096 iati
645 4061 657 4095 :
689 4040 895 4111 majore
940 4053 1099 4104 pretia
1128 4036 1336 4091 al’licior
1364 4037 1408 4089 si
1436 4035 1697 4111 dimissus
1740 4036 1922 4111 fu_ero,
1960 4035 2023 4093 ac
2065 4038 2111 4092 si

517 4106 789 4183 legissent
811 4113 1144 4184 τεῇ-ἀφεθῆναι
1163 4129 1228 4184 με
1261 4122 1358 4174 pro
1387 4114 1479 4162 τοῦ
1504 4110 1749 4184 ᾲῖεθῇ-ναι.
1782 4106 2001 4164 FABRIC.

586 4131 777 4180 ζιδεθιιι
811 4134 884 4184 τῳ
910 4131 1144 4184 «palmum
1208 4131 1228 4161 Ξ
1261 4131 1358 4174 μΙύ
1387 4131 1479 4162 του
1504 4131 1749 4179 αφεσηναι.
1782 4131 1849 4161 I‘A

586 4185 612 4223 ι’
639 4184 854 4239 Dicente
878 4180 1123 4234 Domino.
1157 4131 1333 4246 gapra
1362 4193 1483 4246 cap.
1514 4180 1602 4233 89.
1628 4178 1849 4233 FABRIC.

588 4268 609 4294 ο
643 4255 866 4326 Signum
896 4260 1162 4326 acceperat
1198 4266 1261 4302 ne
1293 4249 1629 4326 occideretur.
1657 4248 1777 4326 iloc
1808 4250 2114 4326 ipsumhpro

514 4329 671 4395 signo
704 4319 831 4395 licet
860 4319 1140 4395 accipere,
1171 4319 1314 4395 quod
1358 4335 1463 4395 non
1488 4319 1941 4395 interﬁciendum
1983 4319 2111 4395 Gai-

514 4390 643 4451 num
675 4410 797 4449 esse
824 4394 961 4447 Deus
985 4391 1145 4445 Iidem
1172 4392 1218 4444 ei
1241 4390 1448 4444 Iecerit.
1477 4390 1677 4445 Confer
1699 4406 1820 4459 qua:
1846 4393 2024 4445 notavi
2056 4394 2109 4445 in

2215 3752 2399 3807 audire
2425 3771 2456 3806 α
2484 3752 2709 3807 Domino
2731 3756 2937 3808 meruit.
2971 3754 3191 3810 Fanum.

2291 3822 2311 3860 ί
2339 3824 2686 3905 ᾼΙιιιιιιηιὶᾳμέε
2708 3826 2780 3879 eis
2807 3824 2859 3879 Ν
2864 3826 3111 3905 oe__be_ato.
3140 3824 3297 3882 Unde
3316 3825 3634 3891 δικαιοσύνης
3656 3829 3787 3905 κῆρυξ

2215 3895 2310 3950 ille
2337 3896 2539 3949 dicitur
2570 3894 2612 3949 ll
2634 3895 2783 3950 Pelr.
2813 3912 2882 3962 ιι,
2914 3898 2965 3952 5.
3000 3898 3217 3954 FABRIC.

2290 3976 2313 4012 8
2344 3964 2578 4040 Excepto
2609 3976 2722 4020 octo
2760 3969 2966 4040 animis.
2999 3969 3016 4021 Ι
3050 3970 3199 4023 Pelr.
3237 3985 3292 4023 ιιι
3313 4012 3328 4033 ,
3357 3970 3450 4025 20.
3483 3970 3645 4040 Lugd.
3669 4011 3681 4034 ,
3710 3986 3791 4023 es-

2215 4039 2396 4105 ceptis.
2444 4037 2660 4092 FABRIC.
2690 4039 3009 4105 —-Excepto
3058 4050 3171 4094 octo
3214 4042 3419 4095 animis.
3468 4037 3673 4096 Dieium
3702 4043 3789 4093 hoc

2219 4108 2433 4163 videtur
2473 4112 2627 4180 juxta
2677 4108 2874 4164 Italica:
2920 4109 3115 4180 lingua:
3162 4112 3585 4180 proprietatem,
3622 4121 3789 4165 eccetto

2218 4188 2329 4251 otto,
2360 4180 2545 4233 anime.
2576 4179 2868 4235 Fabricius
2890 4179 3075 4235 monet
3098 4181 3151 4236 in
3180 4179 3430 4251 Lugdun.
3460 4184 3687 4237 editione
3706 4182 3790 4236 ha-

2219 4249 2333 4304 beri
2393 4252 2649 4321 exceptis,
2697 4251 2845 4321 quod
2896 4253 3128 4307 fortasse
3170 4249 3351 4307 ortum
3401 4254 3469 4307 ah
3510 4253 3788 4309 inconsulta

2214 4320 2549 4376 emendandi
2582 4323 2898 4391 prurigine;
2946 4338 3137 4377 verum
3168 4322 3335 4378 editio
3366 4324 3533 4379 Basil.
3561 4324 3785 4381 Sicbardi

2215 4394 2412 4446 retinet
2442 4402 2650 4461 excepto
2680 4394 2794 4446 octo
2820 4394 3025 4447 animis.
3076 4394 3279 4448 Confer
3320 4394 3531 4449 Baluzii
3564 4405 3707 4449 notas
3730 4393 3786 4448 ad

510 4468 713 4522 Codice
738 4459 1461 4534 pseudepigraphoYeteris
1488 4461 1639 4534 Test.
1670 4475 1721 4534 p.
1750 4462 1874 4534 115.
1917 4463 2033 4525 H6,
2058 4473 2114 4517 et
2138 4472 2193 4531 1)
2218 4459 2573 4533 Regiuonem'
2604 4481 2655 4529 p.
2702 4463 2827 4529 591,
2872 4465 2937 4518 ad
2972 4463 3290 4519 Gratianum
3323 4481 3375 4534 p.
3407 4466 3544 4529 514,
3572 4466 3789 4534 itemque

510 4538 674 4592 Joau.
707 4531 1026 4603 Christoph.
1056 4532 1291 4604 Ortlohi_i
1331 4531 1622 4587 diatribam
1661 4531 1728 4585 de
1770 4533 1925 4604 signo
1957 4534 2111 4589 Caini

510 4611 709 4665 editum
741 4602 944 4676 Lipsiae
966 4610 1030 4659 A.
1062 4604 1191 4657 I70!
1208 4643 1221 4655 .
1247 4602 1467 4676 Fiume.

582 4678 608 4716 ά
630 4674 835 4751 Septem
856 4693 1029 4751 patrias
1047 4674 1514 4751 perpeti.__'l‘argum
1534 4675 1791 4731 Uzielidis
1814 4674 2011 4751 Genes.
2033 4692 2101 4741 tv,

511 4754 578 4806 15
603 4769 615 4804 :
652 4744 897 4817 Quisquis
920 4746 1230 4812 interfecerit
1245 4744 1373 4798 Cain
1392 4785 1405 4811 ,
1426 4762 1517 4817 per
1534 4757 1725 4817 septem
1753 4748 2107 4817 generationes

508 4824 638 4876 ultio
668 4816 896 4876 sumetur
937 4820 1000 4873 ab
1028 4833 1107 4872 eo.
1139 4816 1313 4871 Aliter
1342 4832 1535 4886 poenas
1577 4816 1786 4877 sentem
1810 4858 1822 4880 ,
1870 4819 2105 4885 peccatis

505 4893 733 4947 totidem
762 4890 913 4946 Caini
947 4888 1340 4957 respondentes
1368 4888 1590 4955 exponit
1621 4888 1818 4943 Suidas
1862 4890 1912 4941 in
1949 4891 2063 4942 Κάϊν
2086 4931 2099 4954 ,

504 4970 732 5018 secutus
752 4960 1113 5029 Epiphaniam
1132 4959 1198 5013 de
1214 4974 1559 5013 numerorum
1580 4960 1857 5029 mysteriis
1879 4969 2007 5013 tom.
2035 4959 2097 5025 ll,

505 5050 556 5103 p.
591 5033 694 5087 507
726 5028 1432 5103 seq.’Easutc.—_-Eumque
1472 5030 1549 5083 his
1578 5028 1731 5082 etiam
1768 5041 1959 5099 septem
1990 5046 2099 5103 pae-

503 5099 597 5157 nas
625 5099 844 5171 perpeti.
886 5102 1002 5157 Vox
1040 5101 1121 5154 his
1154 5101 1275 5155 loco
1312 5099 1437 5154 huic
1468 5116 1687 5168 prorsus
1721 5102 2060 5155 incommoda
2081 5142 2096 5168 ,

501 5190 662 5245 quam
693 5172 891 5243 ingerit
910 5171 1400 5245 editiollamburg.
1422 5174 1661 5245 omnino
1689 5171 2060 5245 deletitla_erat
2080 5212 2094 5235 ,

498 5242 750 5316 quamvis
771 5250 930 5312 pacto
951 5243 1138 5316 nescio
1158 5257 1265 5316 quo
1293 5242 1345 5295 in
1368 5242 1661 5316 editionem
1677 5258 1903 5316 quoque.
1929 5243 2092 5316 B_asi|.

495 5313 828 5387 irrepserit;
867 5313 963 5369 sed
998 5322 1145 5367 recte
1191 5313 1348 5367 deest
1378 5314 1433 5367 in
1460 5314 1628 5438 editté
1651 5314 1846 5368 Colon.
1874 5325 1929 5369 et
1956 5314 2093 5385 Lug.

1636 5401 1865 5438 ALEABD.

1636 5401 1865 5439 ALEABD.

571 5470 594 5495 θ
623 5457 866 5530 Accipere
915 5457 1119 5530 meruit.
1153 5454 1223 5530 Id
1275 5463 1358 5530 est
1400 5456 1629 5530 accepit.
1671 5457 1747 5509 lla
1798 5455 1998 5510 mereri
2044 5464 2099 5511 et

496 5526 760 5596 ἀξιοῦσθαὶ
787 5528 1021 5596 antiquis
1044 5526 1417 5593 Scriptoribus
1443 5528 1756 5596 frequenter
1780 5536 2091 5594 usurpatur,

498 5612 556 5652 ut
587 5609 843 5653 putarunt
884 5599 1105 5655 Grotius
1132 5598 1197 5651 ad
1242 5598 1432 5651 Matth.
1470 5614 1519 5650 Vl
1544 5639 1558 5662 ,
1594 5599 1615 5650 1
1643 5638 1656 5660 ,
1684 5606 1740 5651 et
1770 5598 1838 5651 Is.
1871 5597 2091 5652 Vossius

494 5670 561 5721 ad
592 5668 854 5736 Iguatium
888 5686 938 5737 p.
966 5670 1091 5725 295.
1122 5670 1217 5723 Sic
1244 5667 1382 5721 infra
1413 5668 1515 5722 hoc
1534 5668 1715 5737 capite
1742 5686 1752 5721 :
1783 5668 1867 5735 qui
1892 5685 2087 5722 merae-

496 5747 616 5812 1ιιιιι
662 5741 938 5806 procellam
978 5742 1075 5793 soli
1102 5740 1234 5794 tanti
1264 5739 1481 5807 periculi
1517 5740 1729 5795 eritare.
1760 5739 1831 5795 Et
1871 5753 2034 5812 supra
2066 5757 2081 5795 :

2220 4534 2287 4606 ad
2318 4534 2647 4606 Capitularia
2682 4550 2867 4604 regum
2897 4536 3225 4591 Francorum
3261 4547 3391 4591 tom.
3447 4537 3488 4591 Il
3510 4581 3524 4599 ,
3559 4555 3611 4606 p.
3644 4535 3783 4590 1.9.19.

2217 4603 2405 4659 Simile
2434 4604 2687 4673 quiddam
2718 4603 2918 4661 Italica:
2938 4606 3138 4675 lingua:
3164 4608 3449 4671 vestigium
3479 4603 3693 4663 memini
3713 4623 3790 4661 me

2215 4675 2624 4744 deprehendere
2649 4678 2699 4730 in
2715 4676 3019 4733 Gaudentio
3040 4694 3109 4733 ex
3139 4693 3270 4733 voce
3290 4677 3544 4732 Brodium
3563 4690 3713 4733 tract.
3736 4678 3784 4739 2,

2216 4761 2265 4815 p.
2284 4746 2354 4801 44
2374 4746 2506 4801 edit.
2534 4747 2746 4812 Patav.,
2775 4749 2902 4803 licet
2928 4748 3260 4818 conjectura:
3289 4764 3424 4804 mete
3444 4766 3629 4818 parum
3653 4750 3788 4802 fave-

2213 4820 2323 4871 riut
2365 4821 2626 4873 Actorum
2664 4819 3031 4888 Lipsiensium
3062 4821 3408 4883 conditores;
3440 4832 3493 4874 at
3523 4823 3664 4876 enim
3701 4835 3789 4876 eos

2212 4890 2358 4944 viros
2406 4899 2564 4961 tenet
2609 4890 2908 4946 insanabile
2954 4891 3144 4946 alienae
3185 4890 3465 4946 industriae
3510 4892 3785 4961 carpenda:

2211 4960 2533 5021 cacoethes,
2564 4971 2623 5013 ut
2651 4961 2820 5029 probe
2849 4973 3050 5015 norunt
3080 4962 3297 5017 eruditi.
3332 4961 3609 5018 ϐΑιεΑιω.

2277 5029 2300 5066 ¹¹
2334 5032 2530 5103 Stellas
2552 5032 2762 5101 inﬁxas.
2798 5033 2867 5088 Ut
2911 5033 3224 5088 immobiles
3256 5034 3569 5103 sint;quod
3599 5033 3782 5088 refellit

2203 5103 2367 5157 etiam
2389 5101 2817 5173 Clirysostomus
2847 5104 2898 5158 in
2928 5103 3129 5159 Genes.
3164 5120 3217 5169 ι,
3251 5104 3318 5158 17
3339 5121 3352 5156 :
3376 5101 3507 5157 Cum
3531 5106 3783 5167 audimus,

2202 5174 2542 5247 posu_it_[)eus
2570 5176 2747 5228 stellas
2779 5176 2830 5247 in
2861 5176 3186 5247 ﬁrmamento
3210 5216 3224 5241 ,
3258 5174 3477 5247 absitiut
3509 5177 3779 5247 cogitemus

2200 5244 2339 5313 quod
2374 5244 2513 5299 Deus
2536 5255 2678 5299 astra
2716 5246 2845 5299 caelo
2881 5246 3113 5314 inﬁxerit
3134 5288 3149 5311 ,
3180 5262 3300 5300 nam
3328 5244 3660 5301 videmus'ea-
3685 5262 3780 5299 mo-

2199 5317 2305 5369 veri
2330 5358 2343 5376 ,
2372 5327 2417 5369 et
2440 5318 2843 5385 unumquodque
2877 5332 3057 5372 eorum
3084 5318 3147 5371 de
3176 5317 3287 5370 loco
3316 5316 3387 5369 ad
3414 5316 3588 5370 locum
3618 5330 3779 5371 trans-

2200 5388 2369 5441 eundo
2392 5404 2599 5441 cursum
2628 5404 2780 5441 suum
2804 5404 3068 5457 peragere.
3088 5388 3223 5443 Vide
3245 5387 3459 5442 Sixtum
3489 5388 3775 5444 Seuensem

2199 5457 2295 5512 lib.
2334 5474 2388 5511 v.
2417 5458 2551 5513 Bibl.
2587 5469 2790 5513 sanetae
2817 5468 3063 5513 annotat.
3097 5461 3185 5513 M.
3210 5458 3431 5514 Fanum.

2278 5528 2292 5565 ί
2328 5528 2401 5581 De
2424 5527 2679 5583 thesauris
2699 5531 2923 5597 locisque
2948 5530 3282 5584 absconditis.
3298 5527 3371 5585 Ut
3389 5529 3480 5584 Ps.
3505 5546 3699 5595 cxxxv,
3718 5529 3770 5581 7:

2194 5599 2249 5679 :0
2272 5601 2462 5679 ἐξάγων
2485 5602 2702 5679 ᾄνέιτέους
2728 5603 2779 5655 ἐκ
2795 5610 2892 5657 τῶν
2914 5603 3184 5679 θησαυρῶν
3203 5604 3387 5657 αὐτοῦ.
3409 5600 3543 5656 Vide
3566 5602 3769 5658 Suidam

2192 5671 2245 5728 in
2268 5656 2541 5746 θῆσᾶυροί.
2567 5656 2784 5728 Frusino.
