3984 6194
203 268 355 327 £265

1463 270 1664 329 LIBER
1699 269 1787 328 DE
1824 269 2261 330 HIERESIBUS.

3373 273 3513 332 1266

194 388 336 442 data
355 429 371 456 ,
397 386 749 460 diversisque
776 388 1038 446 horarum
1062 389 1280 460 spatiis,
1305 389 1458 446 velut
1480 389 1548 445 ad
1569 405 1664 445 sua
1688 390 1808 445 loca
1837 394 1888 455 Α
1916 389 2192 461 penditur.
2232 389 2376 458 Ergo
2417 387 2562 459 quod
2609 389 2686 443 ait
2716 388 3012 460 Apostolus
3043 389 3112 447 de
3139 388 3462 461 quibusdam
3494 405 3512 444 :

194 495 429 534 rursum
472 481 655 535 redire
686 489 886 536 statuta
923 481 1066 550 sint,
1099 493 1158 538 ut
1197 497 1228 537 e
1266 481 1463 552 quibus
1492 481 1628 537 locis
1658 482 1810 538 exire

187 569 472 640 jubentur
501 571 778 642 quotidie,
811 573 878 628 ad
906 588 968 628 ea
998 574 1114 629 loca
1148 575 1347 628 reverti
1379 575 1576 629 iterum
1612 583 1638 610 ⁸
1665 589 1808 645 prae-

189 663 428 720 sidente
470 664 701 735 angelo,
747 673 805 720 et
848 666 1251 736 compellente,
1300 681 1520 721 cursum
1565 664 1809 721 debitum

192 755 498 824 praeterire
513 755 663 811 nullo
686 756 846 812 modo
872 756 1112 826 possint:
1136 759 1149 788 ¹
1175 757 1410 828 hincque
1427 756 1595 812 ellusa
1609 754 1810 813 Christi

191 847 508 905 clementia
540 850 686 904 omni
716 850 1160 906 maniiestaretur
1188 851 1430 906 humano
1471 851 1690 923 generi,
1720 854 1809 922 qui

187 942 401 1012 justis,
431 953 487 998 et
513 944 730 1014 injustis
771 945 825 1000 in
873 945 977 1001 hoc
1009 945 1215 1001 mundo
1258 963 1442 1018 parem
1476 951 1812 1005 concesserit

188 1035 446 1104 gratiam
475 1035 738 1092 bonitatis
763 1039 1096 1094 annuntians
1116 1081 1131 1106 ,
1157 1039 1184 1077 ι)
1207 1040 1295 1110 qui
1320 1041 1481 1095 salem
1513 1058 1664 1096 suum
1687 1043 1814 1097 oriri

192 1129 338 1196 facit
366 1144 526 1196 super
539 1129 715 1198 justas
735 1170 749 1195 ,
775 1139 825 1184 et
853 1131 1073 1202 injustas
1098 1148 1116 1185 :
1141 1141 1186 1185 et
1215 1133 1343 1201 pluit
1367 1149 1526 1202 super
1549 1134 1738 1201 bonas,
1765 1146 1812 1189 et

192 1221 378 1275 malas
414 1220 632 1293 (Matth.
663 1239 716 1291 v,
744 1224 860 1296 45).
900 1236 922 1262 ο
960 1225 1020 1278 Et
1043 1266 1057 1291 ,
1090 1234 1341 1279 noverunt
1362 1228 1561 1293 sidera,
1597 1227 1810 1298 inquit,

193 1312 482 1367 thesauros
516 1330 672 1382 suas,
719 1325 766 1369 et
805 1332 1017 1370 cursum
1056 1316 1364 1388 dispositum
1401 1318 1632 1388 quotidie
1675 1318 1813 1390 (Ba-

194 1406 361 1460 ruch.
397 1422 491 1472 ιιι,
523 1408 612 1477 35,
643 1407 759 1480 34).

281 1561 576 1621 CXXXIV.
607 1564 920 1624 HIERESIS
963 1566 1258 1624 VETERIS
1298 1566 1742 1624 TESTAMENTI

661 1658 900 1714 MULTA
940 1659 1373 1717 REPROBANS.

1914 478 1942 517 ιι
1962 479 2340 536 Manducemus
2355 523 2371 548 ,
2395 490 2441 536 et
2460 480 2690 534 bibamus
2705 521 2722 548 ,
2749 497 2862 535 cras
2885 482 3023 535 enim
3043 482 3346 548 moriemur,
3369 480 3512 552 quod

1913 575 2158 646 profecto
2187 576 2531 646 Paganorum
2551 615 2565 640 ,
2597 584 2653 630 et
2699 575 3092 644 Epicureorum
3123 584 3210 630 est
3248 574 3373 630 talis
3397 574 3514 629 ha:-

1914 669 2050 724 resis
2071 709 2085 734 ,
2114 683 2236 738 quae
2267 668 2390 723 vita:
2420 666 2688 737 pecudum
2717 673 3091 738 comparatur.
3122 666 3396 739 ideoquei
3420 667 3516 721 ha-

1912 779 1996 816 ma
2024 763 2075 816 in
2108 763 2301 816 honore
2325 778 2440 816 cum
2466 770 2599 817 esset
2629 777 2732 816 non
2758 761 3012 817 intellexit
3035 802 3048 827 ,
3082 769 3417 830 comparatus
3440 768 3517 815 est

1914 854 2193 924 pecudibus
2232 854 2591 925 insipientibus
2617 851 2790 921 (Psal.
2839 867 3000 907 χινιιι
3023 893 3038 918 ,
3076 851 3179 917 11,
3205 849 3322 922 21,).
3358 851 3517 906 Salo-

1915 961 2041 1002 mon
2073 948 2255 1018 itaque
2284 956 2338 1002 et
2362 945 2638 1002 carnalem
2671 947 2837 1000 vitam
2869 946 3150 1001 hominum
3175 959 3202 998 a
3231 944 3346 1000 Deo
3385 959 3518 999 con-

1914 1054 2125 1094 cessam
2159 1039 2211 1093 in
2245 1038 2430 1092 multis
2460 1037 2664 1092 divitiis
2688 1035 2989 1104 nuntiavit,
3009 1044 3065 1091 et
3093 1035 3326 1090 futuram
3350 1049 3516 1104 ange-

1917 1132 2091 1186 lorum
2117 1132 2344 1201 gloriam
2373 1129 2727 1186 nihilominus
2753 1131 2806 1184 in
2837 1128 3094 1185 studiosis
3123 1129 3305 1184 inesse
3329 1127 3518 1198 paucis

1913 1223 2380 1290 desiderantibus,
2429 1233 2486 1278 et
2522 1222 2869 1278 credentibus
2896 1221 3239 1293 praedicavit.
3277 1219 3334 1274 Si
3365 1220 3534 1282 enim,

1913 1328 1966 1373 et
1997 1317 2150 1372 dives
2174 1317 2228 1371 in
2258 1315 2362 1371 hoc
2391 1315 2596 1371 sacculo
2619 1315 2754 1370 bene
2777 1321 3036 1385 operatus
3059 1313 3226 1368 tuerit
3245 1353 3258 1377 ,
3285 1324 3514 1367 necesse

1914 1420 1996 1466 est
2027 1419 2086 1464 ut
2125 1419 2180 1465 et
2213 1409 2322 1464 illic
2349 1409 2548 1464 futurae
2573 1409 2697 1463 vita:
2729 1407 3067 1470 consortium
3106 1412 3515 1475 consequatur:

1915 1505 2055 1558 sicut
2081 1506 2224 1558 enim
2257 1512 2314 1559 et
2339 1502 2456 1558 litec
2486 1503 2767 1558 terrestris
2794 1515 2916 1557 esca
2949 1515 2979 1554 a
3011 1499 3125 1555 Deo
3155 1498 3278 1553 data
3299 1507 3416 1563 est,
3441 1497 3516 1551 ita

1914 1608 1969 1653 et
1988 1597 2078 1652 illa
2100 1597 2340 1653 caelestis
2365 1611 2488 1651 esca
2511 1595 2580 1651 de
2601 1595 2746 1665 Lege
2764 1590 3125 1650 desideranda
3149 1598 3234 1645 est
3253 1587 3512 1658 amplius.

1915 1687 1938 1719 ‘
1958 1687 2124 1743 Fides
2154 1689 2354 1758 quippe
2378 1686 2580 1742 Christi
2607 1685 2822 1740 Domini
2849 1682 2918 1738 de
2947 1683 3120 1752 Lege,
3147 1689 3200 1736 et
3227 1678 3516 1749 Prophctis

285 1771 426 1828 Sunt
452 1771 673 1843 quidam
701 1773 941 1832 haeretici
963 1817 978 1841 ,
1007 1776 1099 1847 qui
1129 1777 1199 1831 de
1237 1777 1412 1832 veteri
1457 1777 1808 1833 Testamento
1838 1789 1886 1850 Β
1913 1779 2207 1836 adveniens
2232 1779 2578 1850 cupientibus
2605 1776 2840 1848 gloriosa
2865 1816 2880 1841 ,
2911 1789 3072 1844 quam
3105 1773 3280 1842 magis
3306 1769 3474 1826 Maria
3501 1809 3517 1831 ,

198 1867 384 1922 multa
407 1868 704 1938 reprobant
726 1911 740 1936 ,
775 1869 824 1924 id
853 1879 943 1926 est
965 1869 991 1906 (1
1017 1871 1328 1927 Salomonis
1354 1873 1374 1902 ¹
1399 1871 1770 1940 Ecclesiasten
1793 1915 1808 1939 ,

197 1961 399 2032 paucis
416 1962 633 2032 quidem
656 1965 1024 2035 conscriptum
1049 1967 1366 2031 sententiis,
1386 1981 1601 2022 omnem
1629 1975 1808 2022 tamen

199 2053 533 2109 thesaurum
562 2055 806 2110 ctelestis
835 2057 1078 2113 scientiae
1107 2059 1487 2129 quaerentibus
1521 2061 1808 2114 continen-

200 2153 360 2200 tem:
393 2161 516 2200 nam
557 2147 701 2218 quod
736 2149 992 2204 omnibus
1037 2151 1339 2220 sapientior
1379 2151 1658 2221 prioribus
1697 2151 1803 2219 sit,

201 2246 226 2275 θ
256 2239 380 2309 ipse
411 2239 664 2296 Salvator
695 2249 922 2298 testatus
947 2253 1048 2298 est.
1072 2244 1206 2299 Cum
1243 2245 1431 2315 legunt
1472 2260 1602 2315 ergo
1635 2263 1648 2299 :
1685 2245 1808 2298 0m-

197 2335 296 2387 nia
316 2335 519 2388 vanitas
546 2335 826 2403 vanitatis,
863 2335 881 2374 ί
915 2353 1031 2406 qua:
1059 2337 1152 2392 sub
1183 2339 1309 2393 caelo
1351 2349 1470 2393 sunt
1503 2338 1730 2411 (Eccles.
1756 2355 1804 2406 1,

200 2425 332 2495 ﬂ);
361 2436 415 2482 et
452 2425 797 2483 :Desideraui
838 2429 1057 2496 habere,
1096 2439 1154 2484 ut
1200 2427 1404 2485 didum
1445 2439 1562 2498 est,
1604 2431 1808 2485 diversa

200 2518 441 2590 (Eccles.
468 2535 527 2584 ιι,
543 2521 623 2592 5);
643 2531 696 2576 et
714 2540 726 2575 :
746 2521 886 2577 Deus
903 2524 1030 2578 mihi
1046 2523 1210 2590 dedit,
1227 2524 1421 2595 inquit,
1439 2536 1486 2578 et
1499 2540 1614 2579 ecce
1634 2524 1807 2578 omnia

199 2616 412 2670 vanitas
431 2619 671 2672 vanitatis
698 2618 862 2691 (Ibid.
884 2661 900 2686 ,
918 2621 944 2674 1
959 2621 1010 2692 1)
1034 2637 1060 2686 ',
1081 2621 1260 2677 solum
1287 2631 1470 2677 tamen
1495 2621 1598 2676 hoc
1621 2633 1805 2691 postea

200 2708 360 2763 addit
386 2724 508 2765 esse
531 2725 561 2764 a
591 2710 704 2766 Deo
725 2753 740 2778 ,
774 2721 832 2766 ut
862 2711 910 2766 si
941 2713 1064 2782 quis
1095 2712 1422 2780 manducet,
1454 2724 1507 2769 et
1539 2713 1721 2782 bibat,
1754 2726 1804 2771 et

201 2799 728 2858 benefaciatanimae
749 2818 862 2858 sua:
884 2804 1052 2866 (Ibid.
1077 2805 1192 2876 24).
1216 2805 1368 2874 Quod
1392 2807 1437 2861 si
1462 2806 1601 2862 hanc
1627 2823 1806 2864 escam

199 2891 386 2946 solum
407 2934 420 2956 ,
441 2892 702 2948 authunc
721 2903 906 2963 potum
935 2895 1074 2950 dixit
1094 2912 1217 2952 esse
1246 2900 1402 2953 istius
1429 2899 1641 2964 saeculi,
1661 2899 1682 2930 ³
1702 2900 1809 2954 ιιιί-

202 2982 428 3054 lemque
457 2984 916 3051 carnalem,nihil
941 2999 1125 3042 autem
1149 2988 1346 3044 futurae
1377 2991 1499 3044 vita:
1531 2991 1811 3046 immorta-

202 3075 277 3130 lis
308 3075 458 3131 aliud
490 3085 521 3134 Β,
548 3078 849 3146 nuntiavit,
885 3079 938 3134 in
976 3094 1175 3136 vanum
1207 3082 1492 3137 hominum
1529 3083 1681 3138 labor
1703 3082 1808 3137 im-

1915 1886 2075 1941 quam
2106 1869 2312 1925 Martha
2340 1869 2613 1940 elegerat,
2646 1867 2863 1930 dicente
2891 1865 3122 1920 Domino
3154 1881 3167 1917 :
3204 1864 3218 1912 i
3257 1861 3517 1929 Majarem

1913 1975 2102 2018 sortem
2125 1963 2351 2016 Mariam
2373 1962 2590 2033 elegisse
2605 2003 2619 2028 ,
2638 1977 2753 2032 qua:
2782 1976 2882 2014 nan
2904 1959 3171 2027 auferetur
3193 1955 3256 2010 ab
3279 1973 3337 2010 ea
3359 1954 3514 2028 (Luc.

1913 2073 1943 2111 ι
1969 2098 1982 2124 ,
2024 2057 2138 2125 49).
2175 2057 2321 2126 Ergo
2365 2056 2409 2109 si
2441 2055 2615 2121 dixit,
2647 2054 2845 2107 vanitas
2874 2052 3116 2105 vanitatis
3155 2057 3266 2113 est,
3308 2063 3425 2119 qua
3461 2048 3517 2101 in

1911 2148 2098 2204 alecula
2151 2158 2299 2212 sunt,
2347 2150 2465 2201 haec
2513 2146 2698 2216 utique
2759 2142 3096 2198 trauseuntia
3151 2138 3514 2210 praedicavit,

1913 2249 2138 2311 propter
2167 2239 2403 2294 futuram
2438 2237 2587 2292 illam
2617 2235 2845 2308 gloriam
2871 2221 3206 2290 eminentem
3237 2245 3304 2286 ac
3322 2245 3519 2301 perpe-

1913 2341 2088 2397 tuam,
2126 2340 2184 2386 ut
2213 2331 2284 2385 ait
2313 2329 2609 2398 Apostolus
2639 2345 2650 2381 :
2685 2326 2707 2364 ¹ί
2732 2325 2944 2380 Transit
2974 2324 3107 2379 enim
3148 2324 3321 2394 ﬁgura
3359 2323 3517 2393 hujus

1911 2424 2114 2491 mundi,
2137 2435 2192 2479 et
2214 2423 2389 2494 gloria
2413 2423 2457 2495 (Ι
2476 2422 2599 2477 Car.
2634 2437 2707 2475 vu
2728 2462 2742 2486 ,
2775 2417 2890 2490 ⁸51).
2923 2419 2983 2476 Si
3013 2427 3199 2474 autem
3228 2417 3396 2488 tigura
3417 2457 3431 2482 ,
3460 2425 3518 2472 et

1911 2518 2019 2572 vita
2044 2559 2058 2584 ,
2102 2526 2156 2572 et
2187 2516 2387 2582 honor,
2423 2523 2478 2570 et
2507 2513 2743 2584 dignitas
2779 2510 2969 2567 mundi
3000 2511 3158 2565 istius
3186 2509 3516 2591 cessabunt,

1910 2621 1964 2666 et
1987 2611 2338 2666 destruentnr
2362 2628 2374 2663 :
2400 2609 2488 2664 illa
2517 2607 2718 2679 quippe
2746 2607 2852 2662 erit
2874 2602 3241 2660 desideranda
3267 2601 3514 2659 caelestis

1911 2714 1964 2759 et
2003 2701 2019 2740 1
2052 2702 2300 2772 angelica
2320 2701 2576 2772 dignitas,
2601 2714 2724 2770 quae
2746 2698 2784 2719 ¹¹³
2805 2697 3277 2767 incorporatione,
3304 2707 3367 2747 ac
3394 2705 3517 2761 pas-

1910 2798 2065 2851 sione
2081 2838 2096 2864 ,
2115 2807 2172 2851 et
2198 2794 2600 2850 resurrectione
2616 2791 2816 2861 quippe
2833 2797 2917 2844 est
2939 2786 3144 2841 Christi
3157 2782 3514 2840 credentibus

1911 2894 2236 2957 adventura;
2264 2904 2385 2960 quae
2412 2903 2518 2943 non
2547 2884 2890 2956 temporalis,
2917 2880 3154 2937 carnalis
3172 2922 3186 2947 ,
3211 2893 3274 2933 ac
3305 2877 3510 2933 caduca

1910 2987 2049 3051 erit,
2092 2995 2147 3040 ut
2188 2984 2500 3040 Judaeorum
2542 2976 2846 3037 secundum
2876 2976 3113 3030 litteram
3138 3015 3152 3041 ,
3182 2981 3239 3029 et
3279 2972 3511 3026 aliorum

1913 3079 2095 3135 talium
2117 3077 2460 3149 pereuntium
2485 3117 2500 3142 ,
2533 3075 2586 3130 in
2617 3079 2893 3143 posterum
2917 3076 3101 3124 autem
3125 3065 3261 3122 nihil
3282 3077 3511 3134 exspec-

1071 3239 1225 3297 COD.
1267 3239 1375 3297 MS.
1421 3223 1774 3298 SANGERM.
1815 3240 2197 3298 LECTIONES
2244 3235 2656 3296 VARIANTES.

270 3350 285 3380 ¹
313 3350 524 3414 hincque
547 3350 760 3400 humano
782 3355 959 3414 generi

269 3414 289 3442 ³
314 3411 648 3464 Ecclesiasten
667 3411 865 3480 libru'm,
891 3418 1057 3478 paucis

1821 3358 1866 3419 C
1963 3357 1985 3388 ³
2008 3355 2313 3419 ριὶιειηλςιιιω
2335 3353 2544 3419 carnalis
2566 3358 2674 3412 est;
2700 3349 2820 3399 nihil

1961 3418 1982 3449 ι
2006 3417 2155 3468 Fides
2175 3417 2356 3468 Christi

1315 3543 1618 3600 FABRICII
1657 3544 1748 3600 ET
1786 3545 2142 3602 GALEARDI
2177 3544 2410 3602 ΝΟΤᾸΕ.

280 3667 306 3696 ⁸
335 3657 660 3713 Praesidente
681 3659 883 3730 angelo.
911 3659 992 3730 Ab
1019 3657 1226 3728 angelis
1251 3669 1430 3713 motus
1453 3658 1808 3716 admirandos

203 3731 423 3784 orbium
462 3729 764 3785 caelestiqu
799 3731 910 3798 regi
955 3729 1259 3784 deonerunt
1293 3747 1396 3783 non
1432 3732 1586 3799 pauci
1619 3731 1749 3785 olim
1779 3746 1811 3786 e

203 3801 438 3866 Judasis,
480 3801 676 3871 quibus
719 3801 1094 3856 assentiuntur
1131 3802 1294 3854 etiam
1342 3802 1695 3857 Maimonides
1747 3803 1805 3856 in

207 3872 358 3927 More
386 3871 685 3926 Nebnchim
710 3887 779 3936 ll,
803 3871 838 3924 4
860 3911 874 3934 ,
905 3884 957 3925 et
981 3871 1291 3926 Abarbanel
1321 3872 1385 3925 ad
1411 3873 1562 3926 Isaia:
1590 3889 1664 3926 v1.
1700 3871 1808 3927 Ea-

203 3943 330 3998 dem
352 3945 642 3998 multorutn
668 3957 698 3997 e
718 3941 1043 3997 Christianis
1067 3940 1165 3995 fuit
1187 3945 1456 3996 sententia
1476 3983 1490 4007 ,
1517 3952 1574 3996 ut
1597 3944 1809 3998 Casmte

203 4013 566 4082 ludOpleustm
599 4014 690 4067 lib.
719 4029 788 4079 ll,
817 4029 870 4084 p.
900 4013 1025 4075 150,
1052 4012 1174 4076 155,
1204 4025 1259 4067 et
1285 4012 1469 4067 multis
1497 4015 1619 4068 aliis
1641 4014 1805 4078 locis;

204 4101 307 4139 nec
341 4102 448 4139 non
496 4084 772 4140 Theodori
820 4084 1225 4147 Mopsuesteni,
1273 4098 1435 4152 quem
1479 4099 1544 4137 en
1583 4085 1808 4138 nomine

203 4157 564 4226 reprehendit
616 4155 774 4211 Joan.
822 4156 1161 4222 Philoltonus
1209 4154 1300 4207 lih.
1346 4153 1462 4207 tdc
1514 4153 1808 4226 Creatione

201 4243 254 4282 c.
283 4229 372 4282 12.
406 4227 622 4283 FABRIC.

275 4297 306 4335 ι)
334 4299 434 4366 Qui
466 4299 623 4353 salem
673 4314 842 4351 suum.
888 4298 981 4351 Τὸν
1025 4297 1162 4354 ἥλιον
1213 4299 1374 4352 αὐτοῦ
1422 4296 1676 4350 ἀνατέλλει
1721 4299 1808 4350 ἐπὶ

203 4365 586 4446 πριξηροΰςηκαὶ
639 4372 899 4442 ἀγαθοὺς,
952 4371 1038 4422 καὶ
1085 4369 1272 4442 βρέχει
1318 4369 1400 4422 ἐπὶ
1452 4365 1680 4427 δικαίους
1721 4371 1807 4422 καὶ

202 4440 432 4502 ἀδίκόνς.
467 4440 686 4495 FABRIC.

280 4523 302 4550 π
334 4513 396 4565 lt‘t
443 4530 554 4563 nari
572 4522 690 4565 runt
730 4510 933 4576 sidera,
967 4510 1170 4578 inquit,
1205 4511 1476 4564 thesauros
1516 4525 1654 4563 suos.
1689 4511 1805 4564 Non

205 4583 431 4637 memini
483 4583 596 4637 haec
630 4583 760 4650 ipsis
800 4583 979 4635 verbis
1012 4581 1082 4633 ita
1128 4582 1229 4649 legi
1265 4584 1317 4634 in
1349 4581 1519 4635 sacris
1555 4580 1802 4636 Litteris.

203 4654 270 4706 At
310 4655 359 4706 iu
389 4654 527 4708 libro
549 4654 841 4722 Sapientiw
869 4667 974 4711 vn.
1001 4653 1066 4706 15
1088 4694 1102 4714 ,
1128 4654 1332 4706 mentio
1356 4650 1594 4706 thesauri
1616 4654 1805 4706 ἀνεκλε-

202 4732 334 4784 ποῦς
355 4768 369 4786 ,
405 4733 459 4778 et
487 4725 685 4779 deinde
710 4738 852 4778 vers.
882 4723 948 4777 19
971 4723 1318 4797 celebrantur
1339 4732 1539 4796 τροπῶν
1558 4725 1800 4797 ἀλλαγαὶ,

202 4797 488 4868 μεταϐολαὶ
524 4804 736 4871 καιρῶν,
770 4799 1012 4851 ἐνιαυτῶν
1049 4795 1221 4848 κύκλοι
1248 4799 1329 4850 καὶ
1357 4798 1588 4918 ἀσῦἐρων
1617 4795 1799 4856 θέάεις.

1470 4882 1645 4918 ABRIC.

1470 4882 1645 4921 ABRIC.

276 4939 302 4973 ά
336 4937 636 4992 Salomonis
669 4937 1038 4991 Ecclesiasten.
1065 4935 1288 4989 Judzeos
1309 4977 1324 4999 ,
1367 4945 1420 4991 et
1463 4935 1802 4993 Christianos

202 5009 471 5080 quosdam
495 5011 693 5064 divina:
735 5007 1085 5080 Ecclesiastis
1126 5007 1434 5080 auctoritati
1466 5023 1586 5062 cum
1619 5008 1800 5064 Theo-

203 5077 343 5133 doro
390 5081 772 5150 Mapsnestenn
799 5077 1180 5150 detrahentes,
1208 5078 1464 5133 refellunt
1493 5081 1720 5133 lluetius
1746 5081 1799 5134 in

205 5147 682 5206 Dentonstratione
716 5149 1000 5218 Evangel.,
1033 5147 1358 5203 Frassenius
1406 5151 1458 5202 in
1501 5150 1798 5218 disquisitt.

205 5223 371 5289 Bibl,
401 5223 606 5278 Natalis
635 5222 948 5276 Alexander
977 5219 1046 5289 in,
1068 5220 1300 5273 llistoria
1331 5219 1448 5274 Vet.
1476 5219 1804 5278 Te5t.aetate

203 5288 390 5363 quinta
414 5294 550 5348 diss.
569 5293 602 5348 4
628 5335 640 5358 ,
665 5291 963 5348 Gudiridus
981 5288 1375 5363 Wegnerusde
1393 5291 1652 5363 canonica
1675 5308 1803 5348 auc-

205 5361 424 5419 toritate
473 5366 852 5427 Ecclesiastaa,
883 5372 936 5415 et
971 5377 1078 5426 pra:
1109 5361 1330 5415 caeteris
1350 5361 1508 5416 .loan.
1538 5361 1804 5420 llenrieus

203 5436 485 5490 Michaelis
516 5439 568 5490 in
603 5443 853 5489 accurate
882 5432 1153 5486 elaborata
1187 5433 1318 5486 diss.
1361 5436 1428 5487 de
1471 5433 1803 5491 Ecclesiaste

205 5508 516 5564 Salomonis
545 5506 690 5560 Halm
717 5505 844 5559 Sax.
884 5505 946 5555 Λ.
985 5501 1143 5556 1716.
1181 5501 1397 5557 anmc.

281 5589 304 5614 θ
339 5576 464 5646 Ipse
492 5577 738 5632 Salvator
781 5583 993 5646 testatus
1029 5581 1122 5646 est.
1157 5573 1347 5646 Matth.
1386 5589 1482 5639 xtl,
1524 5575 1634 5641 ης
1669 5576 1798 5631 Luc.

205 5665 288 5717 ιι,
342 5642 437 5714 31,
489 5649 727 5717 Optimus
773 5645 1024 5717 Salvator
1069 5643 1138 5697 de
1179 5642 1440 5717 Sapientia
1491 5646 1803 5701 Salomonis

204 5713 486 5791 egregium
529 5713 1086 5791 iert_tcstimoniun_t;
1128 5713 1384 5791 omnibus
1418 5722 1603 5791 tamen
1654 5717 1803 5791 iﬂum

209 5783 599 5860 SapiEntiorctu
647 5788 813 5842 fuisse
857 5783 1157 5852 prioribus,
1192 5784 1339 5871 ενιοά
1383 5785 1455 5837 ait
1500 5800 1624 5839 eum
1673 5787 1800 5841 Phi-

1913 3659 2131 3714 lastrius
2155 3662 2370 3725 testari,
2405 3673 2677 3730 nusquam
2701 3655 2928 3730 disertis
2954 3655 3138 3730 verbis
3166 3653 3425 3730 afﬁrmat.

1991 3730 2009 3768 τ
2048 3733 2174 3796 Qua:
2201 3730 2292 3784 sub
2321 3736 2448 3786 caelo
2477 3725 2617 3786 sunt.
2654 3727 2821 3796 LXX,
2845 3730 2948 3784 ὑπὸ
2977 3731 3063 3784 τὸν
3092 3728 3243 3787 ἥλιον.
3284 3725 3507 3780 Fanum.

1986 3812 2010 3848 8
2042 3801 2340 3857 Nuntiavit.
2392 3805 2468 3857 Ita
2517 3802 2711 3872 scripsi
2765 3815 2863 3869 pro
2907 3800 3187 3872 nuntiabit.
3232 3796 3509 3872 Vocabula

1913 3874 2196 3928 nuntiandi
2221 3875 2456 3929 libenter
2479 3868 2663 3927 noster
2686 3868 2875 3926 utitur.
2900 3871 2991 3925 Sic
3011 3871 3152 3924 intra
3175 3868 3279 3922 hoc
3298 3869 3506 3936 capite:

1911 3947 2174 3998 carnalem
2209 3947 2367 3999 vitam
2401 3945 2669 3998 hominum
2704 3960 2733 3995 a
2764 3941 2873 3995 Deo
2913 3955 3206 3996 concessam
3245 3939 3298 3990 in
3325 3937 3509 3990 multis

1912 4016 2104 4068 divitiis
2127 4016 2406 4068 nuntiavit.
2434 4019 2610 4082 Atque
2635 4016 2831 4066 iterum
2867 4028 2879 4063 :
2919 4013 3365 4082 diversam_escam
3389 4008 3507 4075 gla-

1910 4087 2142 4154 riamque
2180 4096 2474 4139 sanctorum
2519 4079 2782 4138 hominum
2825 4080 3113 4154 nuntiabat.
3155 4079 3502 4154 Et__rursus-:

1909 4147 2165 4225 vitamque
2191 4155 2509 4226 pereundum
2536 4153 2826 4226 nuntiabat.
2855 4149 3074 4226 Fltumct
3103 4178 3166 4189 --
3205 4147 3503 4226 Νᾳηρὶα-ιίὶι.

1921 4217 2500 4282 νοεαῦαιο’ΝυΝτιΑΝι)ι
2528 4226 2740 4280 libenter
2774 4221 2966 4276 Noster
3001 4221 3182 4286 utitur,
3223 4218 3372 4274 addit
3402 4217 3507 4272 Fa-

1909 4297 2137 4358 bricius.
2172 4299 2413 4367 locisque
2452 4299 2519 4350 ab
2561 4312 2626 4351 eo
2672 4291 2896 4367 prolatis
2945 4292 3061 4346 haec
3103 4292 3334 4367 iungere
3377 4290 3508 4367 licet

1910 4385 2030 4438 cap.
2064 4370 2189 4436 HO,
2219 4363 2518 4423 vax'l’atris
2557 4364 3266 4438 omnipotentisquescientia
3292 4363 3506 4438 nuntia-

1910 4431 2092 4507 baiur;
2127 4431 2246 4510 cap.
2281 4441 2370 4504 75,
2403 4443 2499 4494 hac
2537 4431 2804 4510 nuntiabat
2835 4431 3067 4488 docenda
3084 4448 3262 4510 _;A_c_ap_.
3293 4431 3362 4486 80
3400 4445 3501 4484 ex—

1912 4503 2089 4581 tremo
2115 4503 2314 4566 nuntiat
2344 4503 2536 4581 pariter
2566 4519 2611 4563 et
2643 4509 2947 4581 prophetat;
2970 4516 3023 4560 et
3048 4503 3497 4581 alibi_._GAt.EttRu.

1982 4580 2006 4618 ¹¹
2036 4582 2237 4646 Gra:c.,
2261 4575 2499 4655 Φάἧωμεν
2526 4586 2609 4636 καὶ
2633 4575 2848 4652 ιτίωμεν,
2875 4575 3048 4655 αὔριον
3073 4578 3506 4653 γὰρξὰποθνήσιξο-

1907 4675 2016 4726 μεν.
2051 4655 2318 4726 Laconica
2340 4649 2464 4726 itare
2491 4663 2546 4726 et
2576 4649 3024 4726 γειιιῖρέιιωιιιίει
3053 4649 3176 4698 esse
3206 4655 3423 4726 notatur
3441 4649 3501 4726 in

1909 4713 2079 4778 'vcteri
2107 4725 2295 4778 codice
2334 4725 2684 4778 Biblimheca:
2721 4713 2980 4774 Romanae
3021 4714 3412 4769 monachorum
3441 4713 3500 4767 S.

1908 4794 2089 4849 Basilii
2138 4795 2279 4866 apud
2325 4797 2596 4850 celeberr.
2640 4792 3079 4849 Manttauconutn
3114 4799 3169 4856 p.
3198 4783 3306 4839 21?.
3333 4782 3503 4838 Diarii

1908 4867 2095 4920 italici.
2134 4867 2352 4922 FABRIC.

1990 4937 2000 4974 ί
2037 4937 2204 5001 LXX,
2234 4935 2529 5015 ’Ἄνθρωπος
2574 4939 2622 4990 ἐν
2653 4941 2780 5015 ςτιμῇ
2811 4932 2880 4987 ὧν
2905 4935 2962 4987 οὐ
2985 4939 3222 5015 aurbus,“
3238 4947 3503 5015 rapacita-

1909 5011 2093 5070 εϐληθὴ
2124 5018 2230 5070 τοῖς
2260 5001 2462 5068 mnium
2498 5016 2602 5069 τοῖς
2641 5001 2872 5067 statim;
2911 5007 2998 5059 καὶ
3023 5002 3256 5127 ὠμοίῗὼθη
3301 5001 3502 5058 ὰύτοῖς.

3179 5085 3352 5126 ABRIC.

3179 5085 3352 5126 ABRIC.

1983 5151 1997 5223 ξ
2038 5149 2294 5223 Majarem
2328 5160 2538 5205 sortem.
2564 5156 2664 5209 Τήν
2693 5149 2888 5223 ἀγαθήν
2911 5143 3109 5222 μερίδα.
3143 5143 3364 5223 Fssntc.

1981 5213 2198 5298 FTeit.
2233 5222 2410 5298 (ξι-ωε.
2452 5213 2800 5298 Παράγεεςχᾷρ
2841 5213 3504 5298 1'6_'a"xitta_t.roﬁnxbcyau

1908 5297 2121 5350 τούτου.
2160 5293 2332 5364 Verba
2363 5304 2407 5347 et
2438 5283 2623 5364 glai-ia',
2653 5283 3310 5357 Phil'astrius'eiiplicandi
3340 5293 3504 5336 causa

1905 5365 2168 5432 adjunxit.
2206 5363 2422 5419 FABRIC.
2439 5360 2456 5364 ⁷
2528 5360 2560 5383 ’⁵

1986 5419 2000 5472 ἴ
2040 5437 2289 5507 Angelica
2337 5435 2583 5506 dignitas.
2626 5433 2766 5490 Vide
2802 5447 2923 5502 cap.
2970 5428 3096 5492 leti,
3133 5421 3244 5507 154
3277 5429 3332 5507 et
3373 5419 3499 5474 157.

3131 5494 3349 5548 Ελιςκιο.

1981 5586 2018 5613 η’
2052 5577 2507 5648 Incarporatione_.
2534 5575 2952 5648 Ἑνανθρωπήᾳει.
2981 5568 3055 5648 lta
3075 5561 3362 5648 legendum
3383 5575 3502 5648 uno

1912 5634 2342 5715 νοεειιιυΙο,’‹μιο
2364 5645 2561 5714 saepius
2583 5634 2771 5715 noster
2805 5642 2972 5693 utitur
2998 5643 3056 5715 ιιι
3085 5634 3167 5687 bis
3185 5634 3336 5715 intra
3374 5644 3498 5703 cap.

1915 5700 2416 5782 138,7non'duobus
2446 5700 2502 5765 ἱιι
2529 5713 2659 5766 editi
2689 5714 2742 5765 in
2774 5705 3154 5774 corporaliane.
3185 5700 3404 5756 Fsantc.
