3984 6194
165 241 328 302 1273
1439 248 1643 306 LIBER
1689 248 1775 307 DE

1865 248 2255 309 ERESIBUS.
3344 254 3484 314 i274

163 359 229 414 in
267 361 538 431 praphetis
565 361 767 419 deinde
810 363 1062 421 scientiae
1091 365 1332 421 caelestis
1363 364 1699 432 fecunditas;
1730 367 1782 422 in
1812 379 1865 440 Α
1889 367 1940 420 in
1973 384 2077 438 quo
2107 367 2376 438 apparuit,
2409 367 2460 423 id
2507 375 2590 424 est
2626 383 2698 424 xtt
2725 367 2842 424 dies
2883 378 3004 441 post
3048 370 3100 426 in
3147 384 3257 442 quo
3292 386 3487 442 passus

157 454 532 508 sacerdotibus
562 455 715 510 labor
736 455 916 522 fortis,
944 467 999 512 et
1025 459 1276 528 pertinax
1301 460 1644 514 concertatio
1669 475 1786 514 cer-
1890 470 1973 515 est
2003 461 2055 515 in
2089 461 2311 528 Pascha,
2341 462 2392 515 in
2419 460 2523 516 fine
2545 475 2674 516 vero
2696 461 2748 515 in
2773 476 2880 532 quo
2902 463 3150 529 ascendit
3177 464 3229 518 in
3260 463 3483 530 ctelum,

162 555 450 612 neretur;
481 547 530 600 in
561 549 812 618 apostolis
840 549 1051 604 volatus
1081 550 1328 606 sublimis
1370 551 1424 605 in
1461 551 1660 607 coelum
1685 592 1701 618 ,
1734 561 1790 608 et
1889 553 2031 607 circa
2061 552 2418 608 Pentecosten
2442 553 2711 608 vincentis
2731 562 2816 608 est
2838 554 3039 624 quippe
3065 556 3484 610 consummatio:

159 637 432 693 eminens
478 639 712 710 dignitas
762 651 1187 700 monstraretur.
1251 643 1432 714 thue
1486 645 1787 700 formarum
1888 643 1978 713 qui
2011 658 2139 714 ergo
2165 660 2329 699 unum
2363 645 2582 715 ignorat
2604 644 3492 715 praetermittit.Potestetdealiis

159 738 311 785 ante
340 731 642 787 diversitas
670 733 986 800 nuntiabat,
1017 734 1362 791 diversarum
1389 737 1593 808 quippe
1621 737 1789 791 virtu-
1887 738 2077 794 diebus
2103 749 2124 776 ο
2155 739 2370 794 dubitas
2401 753 2508 794 non
2539 739 2744 795 habens
2773 738 3160 809 plenitudinem
3203 741 3480 809 veritatis,

156 832 290 877 tum
312 818 558 880 cmléstia
589 827 782 881 merita
817 835 841 863 τι
873 827 928 882 in
965 827 1171 883 Christi
1202 830 1494 900 praesentia
1524 829 1785 886 manifes-
1886 829 2028 900 quod
2059 831 2355 887 secundum
2383 827 2410 868 ἀ
2439 840 2684 902 tempore
2714 843 2947 902 quatuor
2970 831 3234 902 cujusque
3259 833 3385 887 anni
3413 832 3487 887 ita

158 926 432 973 tarentur
455 918 511 972 in
540 920 779 988 strculo,
807 921 876 975 ab
916 934 986 976 eo
1015 922 1216 992 quippe
1244 936 1509 978 concessa
1553 922 1785 978 Domino
1887 924 2044 979 nobis
2070 923 2284 979 diversa
2315 924 2509 996 gaudia
2540 939 2568 978 a
2601 923 2820 979 Christo
2849 924 3083 980 Domino
3113 924 3479 995 pullularunt,

154 1009 470 1068 Salvatore
499 1029 511 1065 :
545 1028 672 1068 nam
720 1014 773 1068 in
805 1014 993 1095 Leone
1044 1031 1271 1085 regnum
1316 1014 1693 1083 fortitudinis,
1729 1017 1784 1071 in
1887 1016 1937 1070 id
1968 1026 2050 1072 est
2079 1017 2132 1072 in
2160 1008 2269 1087 quo
2300 1028 2460 1072 natus
2489 1028 2600 1078 est.
2632 1027 2752 1088 post
2784 1013 2834 1072 in
2881 1033 2988 1089 quo
3018 1018 3298 1088 apparuit,
3324 1019 3486 1073 tertio

159 1102 361 1158 Vitulo
401 1105 555 1159 labor
585 1108 925 1172 exuberans,
978 1107 1029 1160 in
1091 1107 1322 1163 llomine
1351 1109 1536 1178 passio
1581 1107 1784 1164 indesi-
1885 1111 1938 1164 in
1971 1125 2078 1179 quo
2111 1126 2303 1182 passus
2330 1119 2413 1168 est
2439 1119 2494 1167 et
2523 1110 2824 1166 resurrexit
2867 1119 2924 1167 et
2956 1111 3105 1166 visus
3144 1120 3261 1179 est,
3292 1120 3488 1182 quarto

155 1209 337 1262 nens,
374 1196 428 1250 in
454 1195 648 1266 Aquila
679 1198 894 1251 volatus
924 1197 1176 1254 sublimis
1201 1200 1540 1271 agnoscitur,
1568 1209 1782 1256 certan-

153 1288 306 1341 tium
335 1286 574 1354 scilicet,
603 1286 632 1324 ι’
659 1299 822 1358 atque
843 1289 1161 1345 micantium
1183 1332 1197 1356 ,
1230 1291 1497 1362 Apostolo
1521 1291 1739 1348 dicente
1764 1309 1776 1344 :

155 1377 376 1434 Nostra
406 1382 726 1436 conversatio
752 1384 766 1413 ¹
797 1384 850 1437 in
873 1383 1014 1438 caelis
1038 1382 1260 1455 (Philip.
1306 1401 1386 1450 ιιι,
1415 1384 1510 1456 20)
1533 1401 1547 1450 ;
1575 1395 1629 1440 et
1656 1403 1667 1436 ε
1693 1402 1779 1439 ra-

154 1474 380 1542 pientur
394 1476 446 1528 in
459 1477 663 1542 caelum,
683 1486 729 1530 et
751 1477 943 1531 erimus
956 1494 1155 1546 semper
1167 1494 1282 1532 cum
1305 1477 1510 1533 Christo
1530 1477 1573 1548 (Ι
1594 1477 1774 1533 Thess.

149 1583 236 1636 ιν,
272 1569 392 1640 17).
427 1569 497 1624 Et
531 1570 790 1628 Dominus
827 1571 1086 1641 dignatus
1127 1580 1211 1626 est
1241 1571 1423 1627 dicere
1457 1590 1470 1628 :
1502 1572 1659 1626 Pater
1689 1572 1778 1626 ubi

150 1676 258 1731 ego
292 1679 410 1715 sum
431 1703 446 1730 ,
475 1665 494 1692 ²
517 1663 632 1717 volo
658 1673 702 1718 et
727 1664 811 1717 isti
837 1665 938 1717 sint
967 1661 1148 1734 (Joan.
1181 1679 1310 1729 xvu,
1342 1663 1462 1735 24).

887 1754 1044 1811 CXL.

230 1848 284 1921 [³
312 1847 454 1906 Sunt
483 1849 1031 1920 quidamdubitantes
1059 1849 1302 1906 haeretici
1333 1851 1401 1907 de
1418 1850 1507 1906 die
1524 1850 1764 1921 Epipha-

149 1944 386 1999 niorum
413 1944 626 1999 Domini
653 1944 954 2000 Salvatoris
977 1946 1063 2015 qui
1088 1945 1397 2001 celebratur
1426 1955 1616 1999 octavo
1643 1944 1764 1999 idus

145 2035 480 2102 Januarias,
508 2037 750 2093 dicentes
781 2037 957 2093 solum
988 2036 1230 2092 Natalem
1261 2036 1464 2092 debere
1493 2051 1588 2092 eos
1620 2037 1765 2092 cele-

146 2127 326 2183 brare
361 2129 574 2183 Domini
605 2136 794 2184 octavo
819 2128 1079 2184 kalendas
1106 2129 1410 2197 Januarias,
1446 2143 1551 2182 non
1584 2137 1760 2185 tamen

145 2221 306 2274 diem
359 2220 820 2291 Epiphaniorum,
854 2222 1167 2293 ignorantes
1212 2221 1358 2292 quod
1406 2222 1508 2276 sub
1558 2222 1678 2292 lege
1708 2230 1763 2276 et

144 2314 463 2370 secundum
512 2316 762 2372 Salvator
792 2319 1083 2374 carnaliter
1131 2319 1310 2372 omnia
1345 2319 1398 2372 in
1429 2332 1488 2372 sc
1518 2326 1572 2373 et
1606 2318 1674 2372 de
1700 2330 1759 2370 se

143 2407 594 2474 consummabat,
617 2415 676 2463 ut
695 2418 750 2464 et
772 2421 1084 2466 nasceretur
1113 2425 1204 2464 vm
1232 2409 1340 2462 kal.
1364 2409 1486 2464 Jan.
1517 2417 1572 2463 et
1596 2422 1761 2478 appa-

144 2508 313 2553 reret
344 2513 416 2552 vr.
442 2499 706 2570 Apparuit
736 2500 902 2572 Magis
928 2511 1049 2573 post
1079 2501 1366 2557 duodecim
1391 2500 1507 2556 dies
1533 2501 1584 2555 in
1618 2507 1756 2555 tem-

144 2591 268 2661 plo.
303 2590 383 2646 Ne
409 2607 538 2662 ergo
589 2595 779 2649 umbra
808 2596 952 2665 quod
996 2611 1185 2651 verum
1236 2605 1352 2652 erat
1394 2605 1674 2665 pareretur
1704 2604 1760 2650 et

141 2686 231 2738 sic
267 2699 298 2739 a
332 2685 502 2755 Magis
531 2686 877 2755 adoraretur,
909 2703 1007 2758 per
1035 2688 1286 2744 ordinem
1313 2688 1513 2757 quippe
1539 2700 1636 2757 pro
1667 2701 1762 2740 no-

145 2784 272 2831 stra
303 2775 482 2832 salute
509 2784 564 2832 et
588 2778 755 2832 annui
785 2778 903 2833 dies
929 2778 1239 2835 festivitatis
1269 2780 1503 2850 majores
1536 2779 1624 2834 isti
1652 2787 1762 2833 sta-

146 2867 260 2923 tuti
291 2876 450 2936 sunt,
481 2878 715 2940 quatuor
745 2871 978 2942 primum
1009 2871 1062 2927 in
1094 2886 1200 2942 quo
1232 2881 1389 2927 natus
1415 2880 1529 2937 est;
1566 2869 1762 2926 deinde

1797 1775 1846 1834 B

1885 1204 1936 1259 iu
1968 1219 2073 1274 quo
2104 1204 2350 1259 ascendit
2389 1205 2441 1259 in
2492 1205 2727 1271 caelum;
2759 1211 2814 1258 et
2861 1203 2976 1258 hzec
3006 1219 3103 1274 per
3133 1221 3332 1259 annum
3363 1207 3483 1261 sine

1883 1297 2285 1354 intermissione
2325 1298 2664 1355 celebremus
2717 1300 3045 1369 generaliter
3109 1301 3481 1366 exsultantes,

1880 1398 2043 1460 atque
2071 1392 2410 1462 hzecintegra
2443 1389 2810 1461 inviolataque
2830 1390 3204 1447 custodientes
3235 1391 3478 1446 detinea-

1880 1501 2020 1541 mus.
2052 1485 2279 1554 Quidam
2309 1495 2487 1541 autem
2520 1485 2662 1540 diem
2714 1484 3144 1555 Epiphaniorum
3182 1485 3476 1556 baptismi,

1879 1580 1969 1634 alii
2019 1578 2510 1635 transformationis
2556 1579 2609 1634 in
2642 1587 2824 1634 monte
2868 1593 2989 1649 quae
3039 1579 3180 1634 facta
3235 1588 3318 1632 est
3357 1591 3481 1634 esse

1878 1671 2212 1743 opiuantur.]

2087 1763 2268 1819 CXLI.
2305 1765 2390 1819 DE
2420 1762 2746 1820 LEVITICO
2784 1761 2944 1819 MOSI
2985 1761 3243 1819 ERROR.

1941 1858 2046 1912 Alii
2092 1866 2219 1913 sunt
2262 1857 2536 1922 haeretici,
2567 1858 2656 1928 qui
2703 1856 2864 1926 Legis
2911 1862 3180 1924 praecepta
3222 1871 3344 1924 quae
3375 1867 3473 1926 per

1871 1949 2052 2004 Mosen
2109 1950 2252 2004 dicta
2299 1960 2425 2003 sunt
2475 1950 2528 2003 in
2583 1948 2828 2004 Levitico
2874 1946 3077 2004 Judaeis
3139 1948 3464 2013 carnaliter,

1869 2051 2163 2111 nostroque
2211 2041 2262 2094 in
2317 2049 2560 2110 tempore
2606 2049 2629 2076 θ
2680 2038 3000 2109 spiritaliter
3046 2039 3285 2094 revelata
3341 2048 3468 2094 sunt

1867 2133 2177 2204 ignorantes
2200 2173 2215 2198 ,
2247 2131 2265 2169 τ
2299 2146 2564 2188 summam
2613 2145 2792 2185 rerum
2844 2130 3190 2186 festivitatem
3215 2140 3239 2178 8
3271 2146 3466 2186 nume-

1867 2240 2094 2295 rumque
2145 2240 2334 2280 earnm
2380 2223 2618 2279 caelestis
2668 2222 2917 2277 utilitatis
2968 2231 3320 2292 praetereunt,
3372 2237 3469 2277 ne-

1867 2318 2105 2374 scientes
2149 2317 2279 2387 quid
2330 2316 2638 2379 celebrent;
2671 2322 2925 2384 putantes
2951 2313 3094 2383 quod
3123 2313 3192 2368 de
3221 2312 3473 2368 Sabbatis

1866 2411 2040 2466 solum
2066 2452 2079 2474 ,
2112 2420 2166 2464 et
2212 2409 2417 2466 Pascha
2450 2417 2505 2463 et
2534 2408 2754 2480 Azymis
2798 2407 2976 2468 Moses
3028 2410 3386 2476 praeceperit,
3416 2415 3472 2461 et

1867 2519 1974 2558 non
2031 2499 2054 2538 ιι
2087 2502 2152 2556 de
2198 2509 2320 2556 octo
2367 2499 2746 2556 festivitatibus
2789 2514 2924 2569 quas
2971 2497 3216 2554 Ecclesia
3277 2497 3468 2552 catho-

1865 2596 1968 2650 lica
1992 2593 2342 2664 cognoscitet
2368 2592 2594 2647 detinet.
2622 2591 2764 2646 Dicit
2785 2591 2928 2645 enim
2969 2590 3038 2644 ita
3072 2591 3249 2645 Moses
3280 2588 3466 2658 (Leuit.

1865 2705 2017 2755 xxttt,
2053 2688 2216 2742 Num.
2249 2703 2438 2754 xxvut,
2472 2702 2620 2751 χχιχ,
2652 2685 2808 2738 Deut.
2838 2684 2948 2754 xw)
2996 2683 3308 2739 Judteoru‘m
3358 2697 3460 2752 po-

1866 2781 1994 2847 pulo
2033 2780 2265 2849 primum
2293 2779 2362 2834 de
2382 2776 2677 2834 Neomenia
2707 2785 2762 2831 et
2785 2774 3058 2839 Sabbatis,
3087 2773 3325 2830 secundo
3355 2771 3367 2808 ί
3401 2773 3472 2827 de

1867 2870 2075 2927 Pascha
2099 2914 2114 2940 ,
2151 2873 2311 2927 tertio
2340 2869 2408 2925 de
2451 2868 2704 2940 Azymis,
2744 2876 2941 2937 quarto
2973 2867 2987 2916 i
3029 2867 3097 2922 de
3144 2864 3430 2934 Manipulis
3451 2882 3471 2932 ;

1015 3026 1169 3084 COD.
1215 3029 1323 3085 MS.
1365 3029 1719 3088 SANGERM.
1760 3030 2145 3089 LECTIONES
2182 3029 2604 3089 VABIANTES.

215 3162 232 3194 ι
268 3163 316 3210 in
339 3161 480 3214 caelis
502 3169 598 3214 est.
624 3163 688 3214 Et

212 3226 234 3255 ³
269 3223 378 3275 volo
401 3232 456 3275 ut
479 3233 530 3276 et
554 3227 630 3277 isti
652 3227 751 3278 sint
775 3239 968 3278 mecum

1783 3169 1829 3232 C
1885 3231 1894 3234 λ
1923 3171 2046 3234 {Ex
2067 3168 2265 3222 laudato
2299 3169 2409 3234 cod.
2448 3169 2704 3234 Sangam.
2739 3166 2942 3220 additur
2967 3165 3072 3218 hcet:
3094 3163 3322 3228 harresis,
3352 3179 3463 3232 quia

1860 3228 2170 3283 desideratur
2195 3234 2244 3282 in
2267 3229 2427 3283 editis.

1258 3376 1563 3435 FABRlCll
1600 3377 1688 3433 ET
1728 3377 2086 3436 GALEARDI
2123 3377 2354 3434 NOTAE.

229 3503 257 3530 ει
290 3492 360 3564 1η
389 3493 584 3564 Christi
628 3494 923 3564 praesentia.
959 3492 1112 3562 Apud
1161 3493 1419 3548 Aretbam
1466 3494 1521 3564 in
1553 3492 1764 3562 Apoca-

148 3563 342 3634 lypsin
367 3607 383 3630 ,
431 3562 684 3618 Christus
729 3563 839 3619 Leo
862 3607 876 3630 ,
906 3564 1028 3635 quia
1077 3565 1190 3618 Rex
1227 3581 1238 3616 :
1275 3564 1416 3619 idem
1463 3563 1676 3618 Vitulus
1706 3574 1764 3618 ut

145 3635 440 3690 Sacerdos
467 3677 481 3700 ,
514 3635 597 3690 vel
647 3637 824 3704 potius
862 3639 1211 3697 sacrilicium,
1246 3647 1300 3689 et
1334 3636 1508 3689 hostia
1545 3654 1556 3687 :
1591 3635 1763 3690 Homo

145 3719 386 3775 propter
438 3721 536 3761 nos
578 3705 752 3760 factus
807 3719 905 3761 :et
933 3708 1126 3775 Aquila
1173 3707 1362 3775 spiritu
1410 3707 1616 3761 crelesti
1659 3723 1760 3762 nos

147 3777 481 3846 impertiens
517 3795 528 3830 :
557 3779 646 3831 Διά
665 3785 754 3833 τοῦ
796 3779 992 3849 λέοντος·
1014 3781 1082 3840 ὡς
1110 3779 1376 3849 βασιλεὺς,
1406 3777 1490 3834 διὰ
1510 3785 1600 3833 τοῦ
1624 3779 1760 3848 μόσ-

149 3871 267 3923 χοιέ
294 3852 364 3923 ὡς
389 3850 579 3923 ἱερεὺς1
607 3850 794 3923 μᾷλλον
816 3847 870 3904 δέ
891 3853 975 3923 καὶ
1003 3847 1208 3923 ἱερεῖον.
1239 3853 1328 3905 Διά
1354 3855 1447 3904 τοῦ
1488 3847 1756 3923 ἀνθρώπου

147 3917 219 3980 ὦς
244 3919 309 3974 δι’
332 3917 467 3992 ἡμᾶς
495 3917 766 3998 ἀνδρωθείς
782 3959 794 3972 .
829 3922 917 3998 Διᾲ
966 3917 1058 3998 ποῦ’
1084 3923 1235 3998 ἀετοῦ
1255 3961 1269 3984 ,
1299 3925 1367 3981 ὡς
1413 3917 1642 3998 χορηᾲῥς
1663 3927 1753 3974 τοῦ

147 3997 404 4055 ζωοποιοῦ
455 3993 744 4062 Πνεύματος
769 4033 783 4056 ,
837 3993 920 4046 καὶ
972 3993 1056 4046 ἐπὶ
1110 3993 1306 4051 πάντας
1372 3993 1750 4113 κοὲξάπτάντος.

1460 4076 1634 4113 ABRIC.

1460 4076 1634 4115 ABRIC.

224 4132 433 4202 bAtque
458 4135 780 4188 micantium.
802 4134 1072 4189 Eminenti
1105 4132 1385 4202 dignitate,
1401 4146 1750 4202 quamsupra

144 4201 355 4259 Christi
386 4204 671 4272 discipulis
701 4206 985 4260 tribuerat.
1024 4204 1097 4259 Ita
1129 4201 1333 4272 optime
1382 4204 1524 4256 hunc
1572 4201 1748 4255 locum

145 4277 396 4330 restituit
426 4271 730 4330 Cotelerius
759 4276 824 4330 ΙΙΙ
852 4271 1183 4330 Monument.
1216 4288 1335 4344 pag.
1369 4271 1494 4336 545,
1527 4286 1651 4327 cum
1697 4275 1748 4326 in

148 4346 319 4402 editis
352 4357 498 4400 esset
528 4348 847 4401 mirantium.
882 4347 1101 4402 Fausto.

227 4429 250 4455 ε
286 4415 528 4472 Dubitas.
562 4417 721 4472 Forte
748 4421 1004 4472 dubitare.
1037 4417 1255 4472 FABRIC.

224 4489 249 4528 ει
282 4487 558 4555 Tempore.
589 4489 730 4558 Lege
762 4499 1012 4559 tempora.
1049 4488 1267 4543 FABRIC.

226 4575 251 4600 υ
283 4561 604 4627 Spiritaliter
630 4555 874 4614 revelata;
908 4559 1191 4614 Manifesta
1223 4557 1461 4626 impleta.
1497 4555 1715 4612 Faontc.

229 4635 250 4674 ί
286 4631 561 4686 Summam
588 4648 761 4684 rerum
783 4632 1128 4701 festivitatem.
1150 4630 1244 4683 Est
1265 4630 1351 4699 qui
1377 4629 1740 4701 legitdierum.

146 4702 258 4758 Sed
291 4703 452 4770 longe
483 4711 704 4770 praestat
735 4699 922 4756 rerum.
959 4703 1053 4755 Est
1096 4701 1240 4755 enim
1287 4715 1458 4770 rerum
1497 4699 1745 4767 festivitas

145 4769 432 4864 ἀντεῖυτξὸν
462 4769 680 4855 verum,
711 4787 774 4864 ac
808 4773 952 4864 realc
976 4771 1164 4864 gratiae
1203 4770 1343 4864 ιιριιὶ1
1367 4769 1704 4864 Testazuettti
1726 4809 1740 4832 ,
1770 4804 1824 4864 Β

145 4843 297 4913 quod
353 4844 632 4898 festivitati
667 4843 942 4898 umbratili
973 4841 1206 4913 dierum_
1237 4841 1302 4904 in,
1326 4841 1469 4908 Lege
1494 4841 1742 4913 lilosaica

145 4909 493 4984 respondere
513 4914 834 4969 Philastrius
863 4915 1134 4984 observat.
1168 4911 1462 4984 Fxnmc_._—
1481 4909 1748 4984 Summam

145 4979 330 5039 rerum
375 4987 723 5056 festivitatem.
775 4985 968 5040 Subdit
1007 4983 1322 5047 Fabricius,
1351 4979 1446 5036 Est
1493 4982 1582 5051 qui
1629 4983 1749 5051 legit

147 5072 357 5111 DIEI'IUII
377 5098 391 5120 ,
423 5058 511 5110 sed
533 5056 683 5128 longe
708 5065 916 5128 praestat
949 5070 1151 5128 annuit.
1180 5056 1436 5128 Quaenam
1464 5055 1746 5128 exempla-

147 5129 234 5182 ria
269 5128 508 5182 habeant
543 5123 744 5180 dierum
787 5127 915 5182 silet
957 5126 1268 5188 Fabricius;
1300 5135 1353 5177 at
1383 5124 1546 5177 Basil.
1577 5123 1746 5178 editio

136 5197 406 5252 .Sichardi
437 5197 564 5265 legit
599 5215 791 5253 rerum.
821 5197 956 5251 Cod.
981 5197 1144 5250 Corb.
1180 5209 1394 5266 quoque
1425 5205 1480 5248 ut
1513 5204 1566 5247 et
1606 5194 1747 5264 Lug-

148 5271 280 5324 dnn.
319 5269 485 5322 editio
513 5271 714 5323 habent
744 5284 933 5321 rerum.
966 5267 1244 5322 GALEARD.
1352 5281 1359 5286 ‘

224 5350 248 5386 κ
282 5339 674 5408 Numerumque
699 5355 874 5393 earum
905 5339 1119 5393 caelestis
1147 5337 1402 5392 utilitatis.
1433 5335 1535 5390 Per
1566 5350 1746 5391 nume-

147 5427 270 5467 rum
303 5412 682 5473 octonarium,
717 5411 924 5463 beatam
957 5410 1430 5473 resurrectionem,
1462 5415 1517 5461 et
1542 5415 1742 5461 :eterna

147 5483 391 5538 cmleStis
424 5482 548 5535 vitae
578 5480 772 5550 gaudia
797 5479 1046 5535 denotari
1067 5478 1362 5550 credebant
1391 5478 1464 5546 pii
1488 5476 1737 5550 Veteres,

150 5569 386 5623 quorum
419 5547 856 5623 locaAlaudarunt
905 5550 1056 5623 ilqu
1100 5548 1390 5623 Menardus
1435 5549 1502 5623 ad
1548 5547 1746 5623 Sacra;

152 5619 480 5680 meritarium
524 5620 772 5692 Gregorii
801 5621 868 5675 M.
901 5637 954 5690 p.
986 5621 1057 5677 ’55
1103 5635 1219 5688 seq.
1245 5629 1300 5692 e_t
1327 5619 1632 5674 Cutelerius
1678 5619 1742 5674 ad

155 5695 459 5765 Epistolam
493 5689 754 5765 Barnabas
783 5689 913 5765 cap.
934 5693 1022 5756 15,
1055 5709 1104 5761 p.
1138 5692 1228 5765 ιζ.
1263 5689 1478 5765 Faenio.

218 5763 242 5802 ι’
292 5765 370 5820 De
414 5773 530 5820 octo
571 5758 928 5830 festivitatibus
983 5758 1111 5832 quas
1175 5759 1404 5815 Ecclesia
1469 5758 1744 5814 catholica.

1867 3493 2137 3564 Tempore
2183 3493 2458 3548 Philastrii
2504 3502 2627 3548 orto
2671 3492 2775 3547 illa:
2808 3492 3130 3548 fesdvitates
3161 3501 3318 3548 erant
3352 3510 3364 3547 :
3399 3495 3458 3548 1ο

1863 3563 2184 3630 Sabbatum,
2210 3565 2274 3618 2°
2303 3564 2517 3619 Domini
2564 3564 2787 3626 Natalis,
2823 3566 2886 3620 ’5ο
2933 3565 3054 3620 dies
3095 3564 3413 3632 Epiphania!
3436 3609 3453 3630 ,

1861 3637 1924 3706 ςιο
1953 3635 2227 3704 Jejunium
2273 3635 2713 3706 Quadragesimte
2733 3676 2749 3701 ,
2777 3635 2840 3690 5"
2883 3645 3071 3704 quarta
3107 3635 3328 3691 Sabbati
3349 3677 3361 3697 .
3393 3636 3455 3690 ϐο

1860 3705 2181 3770 Parasceve,
2209 3709 2268 3761 7°
2293 3707 2515 3762 Pascha:
2533 3707 2810 3773 festitivas,
2829 3718 2876 3761 et
2901 3705 2963 3760 8°
2985 3707 3333 3761 Pentecostes
3359 3707 3455 3761 la:-

1862 3779 1998 3832 titia.
2028 3779 2154 3834 l-ltcc
2183 3779 2359 3834 omnia
2387 3788 2758 3832 memorantur
2783 3778 2833 3830 in
2857 3776 3173 3832 Constituit.
3204 3779 3452 3842 Apostol.

1863 3864 1917 3911 ν,
1952 3850 2018 3903 15
2048 3865 2193 3919 seq.,
2224 3860 2280 3904 et
2306 3851 2444 3918 apud
2479 3850 2698 3904 llierun.
2731 3848 2960 3916 epistola
2990 3848 3215 3912 Ξδ9,ει(1
3247 3847 3450 3903 Cmsar.

1857 3919 2428 3990 dcquatuorjejuniis.
2459 3921 2616 3973 intra.
2638 3935 2689 3974 c.
2717 3919 2840 3973 149.
2864 3922 2880 3986 (
2901 3919 2978 3972 De
2999 3930 3124 3990 octo
3157 3919 3310 3972 festis
3337 3937 3458 3986 qua:

1859 3989 1960 4043 hoc
1988 3991 2109 4044 loco
2139 3989 2422 4045 elttttlICl‘al
2456 3990 2766 4052 Fabricius,
2797 3999 2996 4042 caetera
3025 3989 3237 4056 vulgata
3267 3998 3322 4043 et
3350 3991 3448 4044 ub-

1856 4062 1938 4130 via
1976 4077 1989 4112 :
2020 4061 2086 4112 de
2113 4070 2304 4130 quarta
2337 4060 2544 4113 sabbati
2590 4059 2755 4130 adisis
2779 4058 3100 4130 Constituit.,
3121 4058 3310 4125 Apost.
3348 4077 3416 4114 t'tt
3438 4103 3452 4125 ,

1853 4129 1945 4196 25,
1980 4128 2162 4198 ibique
2198 4128 2526 4185 Cotclcrium
2575 4147 2625 4197 p.
2656 4129 2784 4191 369,
2830 4129 3027 4197 quibus
3073 4130 3276 4183 addere
3329 4131 3454 4186 licet

1855 4203 2188 4254 Amalariutn
2240 4201 2524 4255 diaconum
2577 4215 2629 4252 ιιι
2683 4199 2826 4271 Eccl.
2869 4199 3025 4271 Ol'lic.
3077 4198 3178 4263 27,
3211 4199 3452 4271 itemque

1854 4272 2244 4343 Hieronymum
2291 4274 2598 4327 Comment.
2653 4272 2718 4324 ad
2766 4269 2941 4324 Galat.
2974 4269 3068 4323 lib.
3108 4285 3164 4334 ll,
3211 4285 3261 4324 e.
3298 4269 3450 4343 _4,‘iu

1853 4343 1983 4396 illud
2037 4341 2075 4396 :_
2105 4342 2227 4397 Dies
2276 4343 2592 4404 observatis,
2641 4351 2772 4405 elc.,
2823 4356 2960 4406 quos
3023 4345 3227 4411 profert
3287 4341 3447 4396 Joan.

1855 4413 2057 4484 Fronto
2087 4414 2138 4468 in
2187 4417 2499 4484 praenatans
2543 4413 2609 4466 ad
2635 4412 2806 4484 Vetus
2831 4411 3062 4468 Kalend.
3093 4412 3119 4483 §
3151 4415 3205 4476 5,
3232 4429 3284 4482 p.
3317 4415 3441 4471 154.

1850 4481 2440 4554 Αιιςυειίιιυείιιιοῳιε,
2473 4500 2561 4552 ep.
2591 4484 2660 4539 86
2691 4503 2704 4538 :
2738 4481 2842 4538 Cur
2861 4494 3044 4553 quarta
3071 4481 3118 4538 et
3143 4481 3288 4539 sexta
3331 4503 3442 4541 ma-

1849 4556 1986 4608 xime
2012 4555 2486 4628 jejunetiEcclesia
2529 4554 2622 4608 illa
2670 4555 2803 4607 ratio
2853 4555 2998 4628 reddi
3046 4556 3264 4621 ridetur,
3310 4561 3447 4624 quod

1849 4625 2170 4682 considerato
2199 4627 2476 4694 Evangelio
2506 4629 2620 4694 ipsa
2649 4634 2830 4697 quarta
2861 4625 3061 4697 sabbati
3081 4667 3094 4685 .
3123 4643 3274 4694 quam
3297 4630 3448 4697 vulgo

1848 4710 2085 4765 quartam
2115 4700 2296 4765 feriam
2327 4705 2536 4762 vocant,
2571 4696 2842 4766 concilium
2869 4696 3191 4766 reperiuntur
3217 4697 3286 4748 ad
3314 4696 3448 4750 occi-

1850 4764 2072 4820 dendum
2100 4768 2378 4823 Dominum
2409 4769 2586 4836 fecisse
2611 4764 2804 4820 Judwi.
2831 4764 3030 4820 Coufer
3058 4766 3345 4820 Baronium
3378 4769 3445 4821 ad

1853 4852 1940 4892 au.
1975 4840 2067 4901 57,
2101 4858 2153 4894 ιι.
2183 4841 2284 4894 199
2332 4854 2511 4908 seqq,
2541 4837 2894 4908 Beveregium
2928 4852 2984 4890 ιιι
3022 4836 3238 4892 Codicis
3286 4852 3452 4894 rano-

1855 4925 1982 4980 num
2016 4911 2302 4978 primitiva:
2350 4906 2604 4965 Ecclesiae
2644 4924 2694 4962 c.
2732 4907 2817 4964 10.
2861 4906 3186 4980 GALEARD.)
3226 4908 3447 4979 Septem

1854 4977 1988 5034 festa
2019 4977 2074 5034 iu
2109 4982 2327 5035 homilia
2359 4981 2750 5051 Cht'ysoslomo
2774 4979 3075 5048 supposita.
3110 4977 3233 5046 quae
3261 4977 3450 5051 incipit

1850 5051 2040 5128 «ιλιᾷρά
2065 5056 2156 5124 μὲν
2175 5058 2344 5128 Διιινσὶσοι
2367 5049 2528 5128 έοριὲὴ
2555 5069 2568 5103 :
2601 5049 2954 5128 -l0.Na_tivit_as
2973 5093 3001 5128 ,Δ
3019 5051 3082 5103 2"
3117 5049 3413 5128 Epiphandi
3432 5096 3447 5113 .

1850 5123 1912 5174 3°
1944 5121 2247 5186 Passionis,
2278 5129 2340 5176 4ο
2366 5121 2805 5176 Resurrectiouis
2832 5162 2845 5182 ,
2879 5122 2943 5176 5°
2975 5121 3358 5185 Ascensinnis.
3385 5123 3448 5177 6°

1850 5190 2087 5270 Spiritus
2143 5201 2396 5270 sanctus,
2453 5192 2762 5262 Ἱυ,Ἐϐδόμη
2809 5193 2959 5270 ἐορςςὰ
2986 5194 3451 5270 ἠ-ςιτροᾳδοκ-ωμένη

1849 5265 2015 5340 ᾑμέρᾳ
2027 5271 2123 5340 τῆς
2148 5267 2490 5340 νάναστάσε-ῳμς
2515 5264 3156 5340 rév_vrapévr."Sitti“iter
3181 5267 3233 5320 iu
3280 5264 3451 5340 Prticli

1851 5333 2071 5459 Irt‘mhilia
2113 5339 2184 5397 εἰς
2217 5339 2284 5392 τὰ
2318 5336 2573 5408 γενέθλια,
2620 5333 2761 5388 Bibl.
2815 5334 2989 5390 (ira-c.
3047 5335 3179 5401 VIII,
3231 5353 3284 5406 p.
3316 5337 3444 5390 602.

1871 5421 2068 5459 ⁴ΔΒΒΙϐο

1871 5421 2068 5462 ε’ΔΒιιισ.

1931 5476 1943 5513 ί
1994 5477 2072 5531 De
2123 5476 2345 5532 Pascha.
2406 5476 2504 5533 Die
2545 5492 2633 5530 xiv
2692 5478 2897 5531 mensis
2947 5476 3120 5600 Nisa?
3166 5476 3444 5548 (Martii).

3124 5561 3297 5600 same.

3124 5561 3297 5600 ABRIC.

1929 5620 1942 5670 i
1987 5619 2063 5674 De
2092 5618 2404 5687 Manipulis.
2435 5619 2619 5673 Mense
2652 5617 2812 5671 Sivau
2843 5615 3020 5687 (Maii)
3051 5616 3138 5671 die
3177 5618 3440 5686 quinqua-

1852 5692 2063 5761 gesimo
2095 5705 2216 5761 p05t
2245 5688 2472 5746 Pascha.
2507 5688 2724 5743 FABRIC.
