3984 6194
582 246 721 303 123⁸1

1865 239 2113 300 SANCTI
2154 235 2539 294 PHILASTRII

3746 235 3867 295 im

577 358 799 427 phania,
833 366 857 392 α
907 366 1155 427 quartum
1196 357 1249 411 in
1302 354 1643 411 Pentecoste.
1691 353 1823 409 Nam
1884 355 1938 408 in
2000 354 2174 408 Natali
2204 362 2371 421 Αιιι
2398 357 2535 421 seq.)
2580 358 2635 404 et
2674 348 2887 416 accepit
2937 348 3138 419 Legem
3188 362 3217 401 a
3274 347 3509 403 Domino
3564 347 3865 411 Salvatorc;

576 450 877 505 Salvatoris
927 448 1143 502 Domini
1185 447 1545 517 jejunandum
1585 455 1691 511 est,
1722 446 1927 501 deinde
1968 448 2021 500 in
2050 446 2179 501 Pas-

574 543 692 598 chtc
740 540 1188 611 Quadragesima,
1221 550 1389 612 atque
1428 542 1481 595 in
1511 541 1837 595 ascensione
1887 539 2074 595 itidem
2125 540 2178 594 in

578 634 781 690 ctelum
815 640 938 703 post
967 632 1176 686 Pascha
1216 632 1307 688 die
1355 632 1797 703 quadragesimo,
1833 631 1961 685 inde
2010 645 2181 701 usque

581 727 648 781 ad
680 726 1045 780 Pentecosten
1074 723 1270 778 diebus
1291 722 1480 779 decem
1518 740 1531 776 :
1562 723 1613 777 id
1642 721 1790 793 quod
1828 732 2014 791 postea
2039 720 2182 776 fece-

581 827 709 873 runt
737 816 881 872 beati
912 816 1145 886 apostoli
1195 823 1319 884 post
1348 815 1770 879 Ascensionem,
1803 812 1830 851 ι’
1856 814 2101 883 jejuniis,
2127 822 2182 867 et

578 908 922 965 orationibus
973 908 1315 972 insistentes,
1344 915 1403 961 ut
1432 908 1698 976 scriptum
1742 916 1846 972 est,
1892 906 2034 977 quod
2065 922 2180 961 me-

580 1002 789 1057 ruerint
820 1000 875 1055 in
910 1001 1230 1056 Pentecoste
1262 999 1657 1070 plenitudinem
1702 998 1870 1053 divini
1919 998 2180 1066 Spiritus,

588 1106 641 1149 et
686 1091 1075 1163 perfectionem
1127 1092 1394 1163 consequi
1428 1094 1745 1161 potestatis;
1778 1102 1838 1145 ut
1869 1092 2185 1161 irrigatione

584 1185 753 1240 divini
777 1185 1014 1261 Spiritus
1058 1182 1341 1247 afﬂuente,
1367 1184 1479 1253 jam
1509 1183 1675 1238 armis
1712 1182 1959 1236 instructi
1990 1182 2183 1237 cmles.

581 1280 746 1344 tibus,
772 1288 793 1315 ε
826 1278 975 1331 omni
1004 1274 1352 1331 dubitatione
1379 1275 1621 1345 seposita
1646 1276 1698 1328 in
1724 1290 1825 1344 qua
1854 1283 2009 1328 erant
2032 1285 2182 1337 ante,

583 1381 704 1443 post
762 1379 946 1425 autem
993 1369 1251 1425 doctores
1291 1368 1513 1433 invicti,
1544 1376 1599 1422 et
1648 1368 1873 1438 gloriosi
1913 1378 2186 1437 martyres

582 1464 758 1533 ipsius
783 1463 997 1518 Domini
1028 1462 1146 1518 fieri
1184 1461 1428 1532 quotidie
1454 1461 1852 1532 properabant;
1884 1461 2103 1516 Judmos
2132 1470 2187 1516 et

581 1556 834 1626 Paganos
883 1555 1216 1621 edocentes,
1244 1555 1439 1625 eisque
1486 1556 1555 1609 de
1598 1554 1747 1625 Lege
1800 1564 1855 1609 et
1896 1554 2188 1624 Prophetis

578 1652 859 1708 Christum
890 1651 1091 1721 ubique
1110 1650 1427 1715 Dominum,
1454 1664 1576 1704 cum
1604 1649 1764 1704 Patre
1793 1650 2182 1718 sempiternum

2284 454 2478 514 quarto
2504 442 2650 513 quod
2688 442 2908 496 intravit
2937 443 2991 496 in
3024 454 3229 496 terram
3258 441 3707 511 repromissionis
3755 439 3871 509 (Jo-

2283 550 2393 588 sua:
2420 550 2437 587 ι
2466 532 2603 604 seq.)
2631 551 2644 585 :
2674 531 2772 588 sed
2810 548 2919 587 non
2942 548 3137 588 omnes
3160 533 3513 597 introierunt,
3540 533 3686 585 sicut
3713 531 3872 598 scrip-
3954 546 3955 551 π

2286 636 2399 681 tum
2428 637 2512 681 est
2540 624 2734 694 (Num.
2762 641 2873 691 xiv,
2903 626 2993 689 '50;
3020 641 3202 689 xxxii,
3238 626 3351 695 12),
3380 626 3485 681 nisi
3516 625 3629 679 duo
3658 624 3781 689 soli,
3805 624 3874 680 Je-

2286 735 2401 784 sus,
2432 733 2487 775 et
2508 719 2735 786 Chaleb,
2769 731 2828 774 ut
2853 721 2991 775 dixit
3020 721 3325 789 Scriptura.
3355 722 3463 775 Alii
3511 730 3697 776 autem
3738 719 3875 775 dixe-

2286 821 2434 877 runt,
2466 824 2700 882 quatuor
2725 814 2934 883 jejuni:
2974 824 3100 866 sunt
3136 812 3399 867 Ecclesia:
3440 816 3546 867 ista
3579 813 3633 867 in
3661 821 3877 881 quatuor

2290 906 2443 960 libris
2474 907 2639 969 Mosi;
2669 907 2794 976 quia
2846 910 3078 975 primum
3111 906 3243 961 fecit
3288 908 3431 961 Deus
3476 905 3661 961 omnia
3689 907 3742 959 in
3787 905 3879 961 Cc-

2288 999 2423 1062 nesi,
2459 1010 2514 1052 et
2542 998 2841 1065 hominem,
2868 1008 2926 1053 ut
2952 1000 3211 1069 scriptum
3244 1008 3349 1053 est.
3381 998 3638 1055 Secundo
3668 1000 3722 1052 in
3748 997 3877 1053 Exo-

2286 1090 2377 1155 do,
2407 1094 2427 1122 ²
2454 1107 2562 1160 quo
2586 1091 2655 1147 de
2684 1093 2925 1147 tenebris
2955 1093 3215 1148 liberatus
3236 1095 3350 1148 exit
3371 1094 3550 1148 omnis
3580 1093 3748 1147 homo
3773 1108 3877 1147 cre-

2288 1184 2425 1238 dens
2444 1184 2498 1239 in
2524 1185 2803 1239 Christum
2846 1187 3039 1241 Deum.
3074 1186 3260 1241 Tertio
3283 1187 3305 1217 ³
3325 1187 3512 1257 quoin
3543 1186 3790 1242 Levitico
3808 1189 3878 1241 ol-

2290 1274 2395 1330 fert
2421 1277 2683 1331 sacrificia
2709 1278 2947 1341 diversa,
2964 1292 3086 1347 quae
3112 1279 3436 1333 suntoinnia
3460 1278 3877 1333 Christianitatis

2291 1373 2571 1440 mysteria.
2628 1370 2834 1438 Quarto
2879 1381 3001 1440 post
3058 1372 3393 1426 oblationem
3434 1371 3767 1440 spiritalium
3794 1373 3879 1426 do-

2290 1477 2484 1517 norum
2518 1463 2572 1516 in
2602 1462 2742 1517 libro
2776 1463 2995 1518 Numeri
3028 1474 3304 1518 mereatur
3333 1464 3515 1519 omnis
3563 1463 3743 1519 fidelis
3760 1480 3875 1518 con—

2291 1555 2483 1619 scribi,
2506 1555 2651 1625 quod
2673 1556 2748 1609 ait
2770 1567 2824 1611 et
2848 1557 3107 1611 Dominus
3140 1574 3153 1609 :
3192 1557 3209 1593 ί
3241 1557 3498 1625 Gaudete,
3526 1559 3654 1627 quia
3684 1560 3875 1611 nomina

2289 1658 2455 1700 vestra
2481 1649 2672 1717 scripta
2695 1659 2812 1701 sunt
2834 1650 2887 1702 in
2907 1650 3040 1703 libro
3068 1649 3486 1720 caelorum(Luc.
3519 1666 3577 1717 x,
3610 1650 3731 1719 20).
3762 1651 3875 1706 Ideo

586 1745 976 1814 prophetarum
1052 1742 1381 1797 testimoniis
1446 1741 1869 1811 comprobantes
1894 1782 1910 1807 ,
1958 1741 2186 1811 ejusque
2217 1752 2262 1811 Β
2291 1748 2345 1793 et
2374 1739 2541 1793 David
2576 1741 2644 1795 de
2697 1740 2901 1795 Judzeis
2933 1741 3065 1796 dicit
3116 1753 3179 1793 ιε
3212 1742 3500 1795 Deleantur
3543 1744 3610 1796 de
3650 1743 3778 1796 libro
3814 1746 3875 1796 ri.
3954 1794 3955 1807 ξ

2287 1832 2533 1897 centium,
2572 1844 2617 1887 et
2658 1850 2775 1886 cum
2794 1836 2958 1906 justi:
3007 1852 3111 1890 non
3139 1835 3432 1890 scribantur
3466 1835 3650 1905 (Psal.
3696 1854 3871 1904 vam,
3954 1832 3955 1835 “

585 1837 933 1906 prtesentiam
964 1835 1243 1889 carnalem
1274 1833 1694 1888 saluberrimam
1747 1832 1868 1887 orbi
1916 1841 2182 1888 terrarum

582 1929 995 1984 annuntiantes.
1026 1926 1132 1982 Alii
1161 1934 1342 1980 autem
1367 1934 1558 1995 putant
1578 1922 1603 1960 ἀ
1629 1924 1931 1979 secundum
1955 1935 2186 1994 quatuor

588 2036 833 2094 tempora
866 2023 993 2076 anni
1024 2024 1288 2091 cujusque
1328 2019 1537 2075 dixisse
1561 2018 1920 2088 Scripturam.
1960 2017 2066 2071 Alii
2092 2032 2188 2071 au-

582 2126 693 2173 tem
724 2116 792 2171 de
810 2115 926 2171 Noe
953 2114 1210 2169 dixerunt
1236 2111 1454 2183 quando
1480 2110 1651 2165 audiit
1678 2119 1735 2166 et
1761 2108 1998 2165 credidit
2027 2108 2183 2180 (Gen.

582 2224 666 2274 vi,
696 2208 762 2263 15
805 2223 940 2275 seq.;
993 2221 1086 2272 vn,
1130 2203 1185 2268 5,
1215 2205 1274 2271 7;
1304 2219 1416 2269 vni,
1450 2202 1572 2273 18);
1600 2204 1615 2233 ¹
1646 2202 1774 2257 inde
1829 2218 1951 2257 cum
2002 2216 2183 2257 arcam

578 2300 851 2364 confecit;
878 2308 1069 2369 postea
1107 2306 1289 2352 autem
1311 2311 1435 2351 cum
1468 2296 1695 2351 intravit
1725 2296 1779 2349 iu
1807 2310 1963 2360 eam;
1988 2303 2184 2365 quarto

582 2396 803 2468 quando
823 2395 998 2450 exivit
1024 2395 1092 2449 de
1120 2408 1267 2449 arca.
1302 2394 1408 2448 Alii
1438 2402 1620 2447 autem
1660 2391 1973 2447 Judmorum
1997 2431 2011 2455 ,
2056 2402 2078 2427 ο
2105 2391 2183 2445 ls-

586 2492 698 2547 rael
726 2489 932 2544 dixisse
963 2488 1301 2558 Scripturam
1347 2487 1715 2552 arbitrantur,
1744 2486 1887 2556 quod
1918 2501 2042 2540 cum
2090 2501 2185 2539 au-

580 2582 717 2638 divit
747 2579 948 2653 (Exod.
974 2596 1026 2646 v,
1056 2580 1192 2650 seq.)
1219 2578 1452 2648 p0pulus
1480 2579 1715 2649 primum
1739 2577 1791 2632 in
1820 2576 2057 2649 Egypto
2087 2593 2187 2647 per

580 2675 765 2731 Mosen
800 2683 927 2729 tunc
956 2673 1221 2743 temporis
1250 2681 1303 2727 et
1335 2670 1595 2738 credidit,
1629 2670 1894 2726 liberatur
1936 2671 2006 2727 de
2038 2671 2181 2725 Pha-

580 2781 753 2822 raone
787 2774 841 2822 et
871 2763 1177 2837 Egyptiis;
1208 2762 1408 2819 deinde
1456 2767 1604 2833 quod
1630 2763 1802 2818 exivit
1828 2763 1896 2818 de
1950 2761 2185 2833 Aigypto

582 2857 780 2927 (Exod.
811 2872 887 2913 xtl
909 2856 1063 2928 seq.);
1090 2856 1253 2913 tertio
1278 2855 1423 2926 quod
1466 2855 1520 2911 in
1563 2864 1805 2911 montem
1829 2854 1953 2927 .ivit
1982 2854 2178 2925 (Exod.

2285 1924 2403 1995 29).
2431 1927 2499 1981 Et
2528 1930 2641 1996 ipse
2666 1928 2861 1983 iterum
2897 1948 2909 1981 :
2942 1928 2966 1965 ιι
3002 1930 3068 1983 Et
3096 1932 3152 1984 in
3181 1930 3309 1985 libro
3340 1942 3427 1985 tuo
3467 1932 3521 1985 in
3552 1943 3602 1985 te
3626 1935 3870 1989 credentes

2288 2020 2674 2075 conscribentur
2701 2023 2718 2091 (
2745 2020 2893 2075 Psal.
2935 2038 3195 2089 cxxxvut,
3230 2024 3340 2093 16).
3393 2025 3521 2080 Haec
3558 2028 3721 2081 etiam
3745 2029 3869 2098 jeju-

2288 2112 2376 2165 nia
2406 2112 2419 2148 ί
2460 2114 2512 2167 in
2543 2123 2775 2183 quatuor
2804 2115 3094 2187 Evangelia
3128 2133 3227 2172 nos
3256 2128 3475 2187 oportet
3513 2121 3781 2191 accipere,
3813 2124 3869 2177 de

2292 2204 2303 2251 1'
2344 2205 2690 2271 patriarchis,
2726 2206 3032 2276 prOphetis,
3065 2208 3460 2274 sacerdotibus,
3513 2220 3570 2264 et
3598 2212 3866 2281 apostolis,

2288 2312 2408 2366 qua:
2439 2297 2492 2351 in
2524 2297 2683 2352 nobis
2725 2299 3050 2367 complenda
3104 2310 3255 2355 sunt.
3286 2300 3442 2367 Quod
3479 2303 3713 2373 primum
3749 2304 3868 2359 fides

2286 2392 2740 2462 patriarcharum,
2792 2394 2993 2450 deinde
3044 2394 3218 2451 virtus
3269 2395 3692 2467 prophetarum,
3727 2400 3867 2453 tertio

2287 2487 2440 2543 labor
2467 2488 2829 2556 sacerdotum,
2856 2500 3051 2558 quarto
3096 2491 3468 2559 apostolorum
3502 2492 3763 2561 perfectio
3792 2494 3862 2547 in-

2290 2578 2419 2632 victi
2473 2578 2785 2632 certaminis
2837 2580 3185 2645 nuntiantur;
3225 2598 3345 2652 quae
3375 2582 3610 2640 diversa:
3662 2587 3866 2641 virtutes

2291 2670 2519 2726 invicem
2543 2686 2666 2726 eum
2696 2674 2815 2729 suis
2838 2675 3115 2731 virescunt
3154 2692 3414 2733 connexa:
3443 2680 3790 2748 temporibus,
3822 2688 3867 2734 et

2291 2765 2551 2821 docentes
2575 2766 2822 2823 homines
2846 2767 2871 2806 ιι
2894 2769 3110 2825 diversa
3140 2771 3494 2842 iucunditatis
3517 2774 3707 2844 gaudia
3736 2774 3865 2829 desi-

2290 2856 2626 2924 derantibus,
2653 2868 2708 2914 et
2732 2862 3073 2931 capientibus
3100 2864 3535 2921 subministrant.

1430 2972 1587 3029 COD.
1628 2970 1739 3029 MS.
1781 2970 2131 3029 SANGERM.
2175 2972 2561 3031 LECTIONES
2606 2973 3020 3034 VARIANTES.

649 3073 662 3102 ε
690 3070 872 3122 deinde
896 3083 1007 3122 cum

648 3136 668 3164 ²
692 3133 881 3196 Exodo,
907 3133 1036 3196 quod
1057 3131 1184 3183 de...
1212 3131 1371 3182 exivit
1394 3130 1555 3182 omnis

2208 3067 2253 3131 C
2348 3069 2369 3099 ³
2394 3067 2719 3133 Τετιὶοζίιιιοό
2746 3072 2854 3123 in...
2881 3084 2992 3134 quae
3018 3083 3133 3125 sunt
3160 3074 3228 3124 ibi
3254 3077 3415 3126 omnia

1717 3190 2011 3247 FABRlCll
2052 3192 2141 3247 ET
2181 3192 2535 3250 GALEARDI
2572 3194 2800 3253 NOTAE.

582 3313 757 3371 Verba
789 3313 1060 3370 Philastrii
1105 3328 1158 3383 p.
1203 3311 1305 3366 521
1341 3311 1428 3365 hic
1452 3323 1714 3383 appono:
1744 3309 1847 3362 Alii
1887 3317 2058 3383 autem
2088 3327 2185 3383 pu-

576 3397 688 3442 tant
729 3388 1011 3442 secundum
1048 3379 1269 3453 quatuor
1308 3379 1537 3451 tempora
1564 3381 1687 3453 anni
1723 3383 1971 3453 cujusque
1994 3379 2185 3435 dixisse

580 3460 929 3529 Scripturam.
961 3451 1338 3529 Lugdunensis
1370 3454 1537 3529 editio
1568 3452 1697 3529 legit
1735 3451 2019 3529 secundum
2047 3470 2179 3529 qua-

580 3524 849 3583 tuor'anni
880 3524 1128 3599 cujusque
1160 3524 1370 3599 jejunio
1398 3524 1602 3599 dixisse,
1632 3524 1990 3599 Scripturam,’
2038 3525 2182 3599 esci-

579 3601 660 3655 dit
703 3595 1090 3676 vox_tem'pora,
1120 3595 1302 3676 addita
1332 3606 1414 3676 est
1437 3597 1805 3676 voxnjejunia.
1838 3595 2041 3648 Conl‘cr
2072 3595 2181 3676 Ire—

581 3685 760 3725 n:eum
790 3665 1115 3738 Fragmento
1147 3665 1401 3738 Epistolte
1426 3665 1510 3738 ad
1532 3665 1801 3738 Victorem
1831 3680 2018 3738 papam
2044 3667 2175 3720 edit.

580 3739 835 3795 Massueti
878 3735 931 3808 ρ’.
961 3738 1217 3808 511),ίυ1)1
1244 3735 1340 3801 ait,
1370 3735 1514 3808 quod
1544 3736 1869 3808 jejuniormn
1910 3737 2178 3808 diuersitas

577 3806 957 3865 consensionem
1002 3806 1157 3863 Fidei
1201 3806 1545 3859 commendat.
1581 3806 1735 3860 Hunc
1776 3819 1941 3872 porro
1972 3806 2179 3861 Philas-

577 3884 669 3938 trii
702 3884 878 3937 locum
910 3879 1096 3936 laudat
1134 3875 1570 3933 Elmenhorstius
1617 3876 1682 3930 ad
1712 3876 1902 3930 Minut.
1937 3876 2176 3935 Felicem

581 3971 634 4025 p.
666 3956 733 4009 l9
759 3952 891 4009 edit.
932 3947 1935 4025 Lugduno—Batavzej65$..Gsnmnu.

654 4035 680 4062 ει
703 4025 955 4092 Quartum
992 4018 1045 4076 in
1086 4020 1404 4092 Pentecoste.
1436 4018 1548 4092 Hoc
1573 4018 1836 4089 jejunium
1862 4019 1955 4074 alii
1991 4020 2176 4089 Scrip-

581 4090 735 4153 tores
761 4104 967 4167 ponuut
991 4091 1477 4167 hebdomadepost
1502 4090 1901 4167 _Peu_tec_osten,
1935 4092 2181 4167 _ve_l_post

580 4160 825 4223 octavam
884 4168 1254 4222 Pentecostes.
1311 4161 1447 4216 Vide
1494 4160 1823 4217 Cotelerium
1883 4161 1948 4215 ad
2003 4161 2098 4216 lib.
2150 4180 2179 4216 v

578 4239 873 4295 Constitut.
926 4237 1170 4299 Apostol.
1204 4249 1255 4289 c.
1285 4233 1377 4299 20,
1410 4249 1462 4303 p.
1514 4232 1638 4288 5‘26.
1688 4232 1936 4287 Vicissim
1986 4232 2181 4288 Pente-

579 4321 768 4366 costeu
800 4312 994 4379 ipsam,
1030 4307 1136 4379 hoc
1157 4314 1242 4379 est
1267 4305 1651 4379 quinquaginta
1686 4313 1886 4379 totosa
1916 4304 2181 4379 Pa‘scbate

580 4382 720 4445 dies,
744 4374 991 4450 jejunare
1038 4376 1191 4450 nefas
1220 4376 1459 4450 habuere
1503 4376 1747 4445 plerique
1777 4376 1939 4450 etiam
1972 4374 2181 4450 Philas-

2286 3310 2601 3392 cbariae‘de
2629 3324 2864 3385 quatuor
2894 3314 3153 3392 _j_e_juni_is,
3185 3318 3278 3373 alii
3322 3334 3389 3392 ex
3426 3319 3635 3377 Judzeis
3689 3334 3856 3392 putant

2286 3383 2619 3465 reSpondere
2641 3383 2872 3456 quatuor
2892 3383 3001 3442 illis
3023 3388 3184 3465 rebus
3209 3405 3343 3458 quas
3366 3391 3552 3448 lsraeli
3583 3383 3856 3465 contigisse

2286 3469 2412 3509 mox
2442 3470 2472 3510 e
2494 3455 2643 3513 Mose
2662 3455 3084 3513 commemorat.
3116 3455 3339 3517 Faniuc.

2362 3525 2378 3561 ί
2424 3524 2745 3611 Gaudete...
2780 3530 2840 3611 in
2862 3528 2994 3583 libro
3024 3529 3290 3611 caelorum.
3324 3538 3537 3611 Χαίρετε
3568 3535 3643 3592 ὅτι
3664 3540 3725 3593 τὰ
3750 3539 3854 3591 ὀνό-

2284 3600 2585 3679 μαῖαιύμῷν
2610 3601 2800 3675 ἐγράφη
2821 3602 2869 3655 ἐν
2890 3609 3002 3679 τοῖς
3031 3603 3281 3679 οὐρρινοῐς,
3305 3606 3357 3679 in
3388 3600 3557 3679 dalis,
3582 3610 3716 3677 quod
3745 3608 3854 3663 Phi-

2284 3672 2506 3740 lastrius
2530 3672 2916 3740 interpretatur
2944 3691 2957 3726 :
2983 3674 3039 3725 in
3069 3672 3198 3727 libro
3228 3677 3497 3731 calorum.
3530 3672 3738 3734 Fabam.

2354 3750 2378 3785 ϐ
2422 3739 2776 3795 Deleantur...
2836 3744 3263 3817 ἐξαλειφθήτωσαν
3313 3749 3366 3802 ἐκ
3411 3750 3613 3821 βιϐλίου
3652 3756 3849 3815 ζώντων,

2350 3814 2513 3867 iuerat
2534 3810 2736 3867 δικαίων
2766 3820 2831 3867 uri
2853 3822 3214 3867 Ἷοαωήτωσαν.
3293 3818 3518 3867 Fanum-

2283 3833 2361 3866 και
2384 3833 2513 3867 μετα
2534 3833 2736 3867 οικαιων
2766 3837 2831 3867 ιιη
2853 3836 3214 3867 Ὗοαωῃτωσαν.

2301 3818 2361 3866 ωιὶ
2381 3818 2513 3883 μετὰ
2534 3818 2736 3869 δικαίων
2763 3820 2831 3886 μή
2853 3822 3214 3890 γραφήτωσαν.
3293 3818 3518 3875 Fanittc.

2354 3880 2381 3916 11
2421 3881 2490 3934 Et
2512 3885 2564 3966 tit
2593 3886 2789 3938 libro...
2824 3890 2915 3940 Καὶ
2934 3889 3019 3941 ἐπὶ
3045 3889 3105 3942 τὸ
3127 3889 3317 3958 βιϐλίον
3338 3913 3435 3946 σου
3464 3896 3654 3957 πάντες
3680 3902 3850 3966 79m-

2284 3974 2481 4030 σογτα-ι.
2514 3953 2733 4010 FABRIC.
2807 4026 2842 4030 __
3632 3950 3647 3957 ’
3686 3950 3719 3971 ’⁸

2361 4024 2375 4060 ί
2422 4023 2493 4105 In_
2526 4036 2750 4105 quatuor
2795 4026 3099 4105 Evangelia.
3142 4029 3213 4085 Ut
3249 4033 3488 4103 undique
3532 4039 3852 4105 quaternario

2287 4110 2386 4171 suo
2414 4096 2715 4171 subsidium
2740 4107 2795 4154 et
2823 4096 3088 4155 rationem
3110 4116 3319 4170 qumrat
3347 4096 3688 4171 Pl'iilast'rius,
3710 4110 3852 4161 etiam

2290 4167 2581 4248 Evangelia
2614 4170 2865 4248 advocat,
2896 4167 3142 4248 quorum
3158 4180 3574 4248 quaternionem
3615 4167 3854 4233 similibus

2289 4238 2592 4317 rationibus
2609 4241 2857 4317 mysticis
2870 4238 3252 4317 etallegoricis
3269 4250 3471 4317 passim
3490 4248 3711 4305 Veteres
3722 4265 3853 4303 coni-

2288 4309 2547 4381 mendam
2573 4352 2587 4374 ,
2632 4309 2690 4365 ut
2721 4312 2970 4381 ascriptis
3004 4309 3244 4381 ipsorum
3270 4309 3477 4373 'verbis
3507 4319 3851 4375 demonsnravi

2289 4378 2918 4460 inCodicenApocrzplio
2938 4378 3071 4460 novi
3103 4386 3343 4443 Testam.
3386 4406 3509 4460 pag.
3537 4391 3850 4457 582,ettnm.

579 4454 668 4506 trii
710 4445 892 4515 uitale,
938 4458 995 4504 ut
1034 4449 1143 4521 jam
1176 4462 1241 4501 ex
1271 4445 1609 4521 llieronymo
1651 4446 1861 4509 notavi;
1890 4448 2180 4521 _cui_adde
2208 4447 2257 4505 D
2284 4450 2358 4517 11,
2386 4466 2508 4521 pag.
2562 4445 2690 4519 555,
2740 4445 2867 4510 7'33.
2921 4454 3131 4511 Addam
3180 4445 3404 4515 unicqu
3450 4445 3627 4517 locum
3653 4445 3852 4517 Illabani

579 4524 657 4577 sis
694 4522 907 4592 insigne
932 4521 990 4576 S.
1026 4516 1304 4592 Athanasii
1337 4516 1902 4592 testimoniumquod
1945 4518 2177 4592 vulgavit

578 4588 847 4651 celeberr.
893 4589 1306 4647 Montfauconus
1338 4589 1390 4644 in
1421 4588 1559 4644 Bibl.
1593 4588 1921 4714 (ὶυὶειὶιιὶὲηει
1955 4604 2005 4658 p.
2049 4590 2171 4645 “:2.

1861 4675 2035 4714 ABRIC.

1861 4675 2035 4715 ABRIC.

650 4736 964 4811 Plejuniis,
996 4745 1044 4789 et
1099 4731 1415 4811 oratiunibus
1470 4731 1779 4811 insistentes.
1834 4730 2172 4811 Jejunitir_iitii

577 4810 723 4865 nulla
744 4801 956 4865 diserta
972 4806 1176 4879 mentio
1202 4804 1389 4879 Actor.
1415 4819 1453 4879 l_,
1487 4804 1573 4879 14,
1603 4809 1883 4879 προσευχῇ
1905 4807 1990 4858 καὶ
2006 4801 2173 4861 δεήσει

580 4887 1101 4958 προσκαρτερορντες.
1136 4875 1595 4958 Τθιιιθέιῇθῇιιηὶη,
1626 4875 1687 4958 ξι,
1730 4875 2005 4958 orationes
2044 4889 2173 4928 con-

572 4946 883 5022 jtiltguti'tur'
918 4951 1108 5006 Actor.
1153 4963 1261 5013 XIV,
1294 4948 1385 5014 25,
1434 4947 1838 5020 προσευξάμενοι
1885 4946 2014 5017 μετὰ
2052 4968 2174 5003 νησ-

581 5032 761 5079 ταῶν.⁹
781 5022 998 5078 FABRIC.

654 5105 676 5132 ο
711 5094 864 5149 Omni
895 5091 1214 5147 dubitatione
1255 5089 1479 5160 seposita
1504 5088 1557 5141 in
1585 5105 1687 5159 qua
1712 5096 1854 5142 erant
1883 5098 2025 5160 ante.
2040 5103 2045 5108 '
2065 5087 2171 5160 Rc-

580 5165 740 5235 spicit
762 5165 1178 5226 dubitationem,
1198 5159 1363 5235 immo
1388 5159 2168 5235 abnegutionemf’etriMatth.

576 5231 723 5298 xxvi,
741 5235 810 5291 70
836 5251 952 5305 seq.
970 5244 1025 5290 et
1049 5232 1465 5304 abnegationem
1492 5233 1720 5286 aliorum
1748 5231 2166 5301 Discipulurum.

579 5308 727 5365 Idem
749 5308 836 5362 56.
864 5305 1081 5361 FABRIC.

650 5376 675 5417 ⁶¹
718 5377 1018 5435 Secundum
1054 5384 1277 5447 quatuor
1311 5386 1543 5445 tempora
1596 5375 1761 5447 anni.‘
1788 5373 1898 5428 Leo
1924 5372 2169 5447 ‘Magnus

576 5451 840 5509 Sermone
862 5449 929 5504 18
955 5467 967 5502 :
998 5444 1267 5516 Jejttniunt
1288 5463 1497 5501 vernum
1532 5448 1582 5500 in
1609 5444 2040 5515 Quadragesima,
2072 5460 2171 5498 (Bs-

573 5526 732 5577 tivum
753 5522 808 5576 in
837 5515 1154 5583 Pentecoste,
1180 5522 1480 5572 autumnale
1528 5518 1579 5570 in
1606 5532 1779 5571 mense
1796 5516 2030 5584 septimo,
2060 5515 2174 5569 hie-

576 5595 711 5647 male
731 5603 903 5647 autem
928 5592 983 5645 in
1010 5591 1104 5645 hoc
1125 5590 1213 5657 qui
1236 5599 1308 5644 est
1331 5592 1560 5643 decimus
1587 5584 1918 5658 (Decembri)
1950 5587 2176 5641 celebra-

582 5679 713 5714 mus.
752 5662 968 5717 FABRIC.

651 5744 673 5770 υ
714 5732 884 5786 Israel
913 5733 1104 5787 dixisse
1139 5732 1497 5801 Scripturam.
1548 5729 1751 5787 Locum
1791 5729 2013 5786 allatqu
2070 5730 2171 5787 Za-

2287 4522 2456 4603 bjauri
2489 4524 2581 4578 lib.
2606 4541 2681 4603 “tv
2711 4525 2780 4580 de
2812 4525 3079 4603 liniverso
3117 4543 3168 4583 c.
3203 4531 3267 4595 1,
3298 4533 3473 4587 tom.I
3505 4548 3632 4603 Opp.
3671 4550 3723 4603 p.
3752 4534 3850 4587 83:

2291 4594 2734 4670 Quatuormilites
2761 4598 2852 4667 qui
2876 4610 3098 4664 quatuor
3127 4612 3303 4670 partes
3333 4604 3432 4657 sibi
3457 4604 3523 4659 de
3544 4594 3687 4659 'J'esu'
3718 4604 3849 4658 vesti-

2285 4664 2783 4744 mentis-fecerunt,
2808 4664 3202 4744 prteﬁgurantes
3232 4685 3454 4743 quatuor
3487 4686 3659 4744 partes
3691 4674 3851 4730 Mundi

2283 4751 2395 4803 qua:
2449 4736 2731 4815 diuiserunt
2779 4738 2876 4815 sibi
2920 4736 3131 4815 eloquia
3159 4736 3388 4811 Chiisti,
3446 4736 3581 4801 sicut
3628 4750 3851 4815 scriptum

2284 4817 2369 4888 est.
2402 4806 2695 4888 psalacux
2727 4830 2759 4888 :__
2795 4806 3033 4888 Laftabor
3062 4829 3156 4888 ego
3194 4831 3346 4887 super
3375 4806 3601 4887 eloquia
3633 4806 3848 4872 tua'sirat

2282 4881 2369 4947 qui
2400 4881 2589 4953 invenit
2628 4882 2817 4953 spolia.
2864 4881 3046 4953 Longe
3078 4881 3230 4953 plura
3257 4881 3331 4941 'in
3365 4881 3507 4944 hanc
3549 4888 3846 4945 sententiain

2282 4949 2555 5030 congessit
2566 4953 2687 5030 “sub
2715 4952 2843 5030 _l_i_bri
2891 4949 3100 5030 initium
3133 4956 3273 5012 idem
3324 4959 3583 5015 Rabanus
3628 4976 3745 5030 pag.
3774 4958 3845 5019 77,

2285 5018 2804 5101 [larduiniConcilia
2828 5032 2957 5101 tom.
2992 5024 3092 5101 111,
3128 5041 3183 5095 p.
3216 5031 3353 5085 1985
3379 5046 3502 5101 seq.
3600 5018 3805 5087 Fanum.

2355 5092 2368 5139 i
2396 5089 2779 5171 _Patriarchis,_
2801 5089 3089 5171 prophetis,
3119 5089 3495 5168 sacerdotibui,
3525 5113 3573 5157 et
3607 5101 3842 5171 apostolis.

2281 5162 3047 5244 itemhocnqua-ternione’vide
3073 5162 3194 5239 eap.
3230 5172 3357 5241 159,
3392 5162 3557 5244 atque
3584 5162 3716 5229 inira
3744 5188 3843 5237 cap.

2277 5231 2403 5299 155,
2433 5231 2567 5288 156.
2631 5234 2848 5291 FABRIC.

2322 5303 2374 5387 ,ιε
2411 5303 3001 5387 Diversajucunditatis
3039 5313 3236 5381 gaudia
3258 5313 3841 5387 desiderantibus,_etca-

2282 5376 2557 5455 trientibus.
2604 5376 2678 5430 Ita
2728 5376 3166 5455 legendum'pro
3222 5387 3572 5455 cupientibus.
3627 5376 3756 5441 lnl’ra
3798 5398 3835 5455 ς.

2282 5462 2398 5528 seq.
2435 5464 2448 5501 :
2480 5447 2696 5528 Diversa
2715 5447 3005 5528 gratiarum
3027 5469 3245 5511 munera
3288 5447 3605 5528 diversisque
3629 5453 3840 5524 tempori-

2284 5517 2377 5599 bus
2430 5519 2683 5599 voluntati
2718 5517 3012 5599 hominum,
3039 5541 3101 5599 ac
3145 5529 3422 5599 capacitati
3471 5517 3837 5599 desideratum:

2280 5590 2344 5664 ab
2370 5590 2548 5664 eodem
2568 5591 2862 5662 impertita;
2894 5593 2986 5648 ubi
3021 5596 3175 5664 plura
3210 5590 3278 5652 'iu
3335 5600 3475 5655 hanc
3528 5598 3835 5654 sententiam.

2277 5659 2393 5745 iiox
2428 5661 2617 5745 eodem
2644 5659 2817 5745 capite
2850 5683 2863 5715 ;
2893 5659 3147 5745 diversorii
3173 5668 3391 5736 effusam
3412 5673 3633 5745 gratiam
3663 5668 3835 5735 capien-

2277 5730 2433 5802 tibus,
2473 5742 2519 5788 et
2544 5730 2911 5804 quaerentibus.
2989 5730 3210 5796 1⁴Ἀιιιιιαζ
