4138 6486
394 495 466 518 -Ι
489 495 542 519 1-
570 497 593 519 ΙΙ
618 497 630 519 Ι
812 491 817 492 γ
844 491 887 493 rvi
925 491 953 493 —
980 491 2470 504 "iw—ﬁ.
2688 499 2705 506 _,

408 522 851 532 .j___._.___________
884 526 923 533 _.
948 526 953 531 .
996 521 1016 522 η
1054 521 1328 523 κέν-έν-

1328 528 2399 543 -ο--ν-Αη--υ-ᾲν--η-ο-νμο--αμοη-η-ῼηῒν-κσ-μμδ-ι-ν-α-.

1586 656 2463 792 PIUEFATIO.

453 982 742 1039 Secundus
758 997 985 1052 operum
1023 983 1275 1053 Origenis
1324 993 1503 1041 tomus
1532 986 1913 1056 complectitur
1939 992 2153 1047 residua
2182 993 2302 1060 ejus
2329 995 2381 1048 in
2419 997 2696 1068 Genesim,
2727 1005 2778 1059 in
2812 1007 3077 1078 Exodum,
3133 1014 3185 1069 in
3236 1016 3561 1086 Leviticum,
3594 1022 3648 1077 in

387 1074 674 1141 Neuteros,
712 1075 764 1128 in
795 1075 1298 1137 Deuteronomium,
1324 1075 1377 1130 in
1401 1076 1586 1143 Josue,
1624 1078 1676 1132 in
1735 1079 1981 1147 Iudices,
2019 1084 2073 1138 in
2106 1084 2274 1153 Ruth,
2318 1087 2370 1141 in
2396 1087 2562 1145 libros
2583 1091 2813 1164 Regum,
2839 1101 2889 1153 in
2916 1100 3041 1169 Job,
3063 1074 3131 1159 ac
3164 1107 3383 1163 demum
3416 1111 3467 1164 in
3496 1074 3653 1168 Psal-

389 1182 503 1220 mos
527 1164 849 1238 ἐξηγητικά,
882 1167 967 1221 vel
1022 1166 1364 1238 ἐξηγητικῶν
1414 1169 1714 1239 fragmenta
1740 1174 2023 1244 quamplur

2015 1178 2163 1244 ritna,
2201 1180 2396 1247 partitn
2446 1181 2558 1251 jam
2593 1188 2733 1257 typis
2789 1205 3012 1260 excusa,
3067 1199 3263 1265 partim
3310 1203 3543 1257 nondum
3596 1206 3649 1261 in

389 1259 562 1312 lucem
600 1259 873 1327 evnlgata.
906 1259 1035 1326 Quae
1060 1258 1253 1314 Latine
1317 1270 1525 1315 tantum
1557 1274 1851 1333 supersunt
1876 1281 1942 1321 ex
1979 1266 2427 1345 interpretatione
2461 1273 2661 1342 Ruﬁni,
2694 1293 2757 1333 ea
2788 1282 2854 1335 ad
2889 1258 3129 1342 veterum
3156 1258 3649 1364 manuscriptormii

389 1350 547 1406 ﬁdem
586 1353 961 1407 recensuimus
984 1368 999 1411 ;
1021 1352 1211 1406 ϐιειεειι
1236 1362 1416 1407 autent
1450 1352 1758 1423 fragmenta
1798 1364 1940 1412 unde
1971 1358 2025 1412 in
2062 1360 2204 1415 banc
2252 1362 2546 1420 editionem
2576 1368 2977 1441 adduxerixnns,
3006 1381 3258 1448 specialis
3283 1350 3446 1439 δουρί
3471 1388 3654 1442 unum

385 1442 684 1511 uitio,qu
703 1441 786 1495 vcl
819 1444 884 1495 ad
922 1442 1060 1496 imas
1110 1444 1334 1511 paginas
1367 1443 1541 1512 posita
1572 1456 1681 1507 est,
1718 1446 1799 1500 vel
1853 1448 2149 1517 unicuique
2205 1450 2656 1522 Origcnianorum
2711 1461 2763 1516 iu
2814 1441 3054 1537 singulos
3114 1470 3417 1542 Scriptura:
3473 1494 3648 1533 saera.

386 1533 556 1588 lilu‘os
595 1534 936 1604 ὲξηγητικῶν
967 1533 1275 1589 collectioni
1306 1535 1528 1603 praeﬁxa
1558 1547 1662 1590 est.
1689 1536 1807 1592 Non
1856 1539 2028 1593 levem
2068 1543 2198 1596 mihi
2223 1546 2526 1601 molestiam
2555 1560 2609 1604 et
2633 1552 2872 1610 laborem
2896 1533 3105 1629 peperit
3137 1564 3180 1619 is
3204 1533 3293 1633 qui
3339 1572 3651 1626 necessario

383 1629 665 1684 habendus
700 1630 799 1683 fuit
824 1628 1071 1683 delectus
1098 1644 1289 1682 eorum
1321 1644 1441 1698 qua:
1476 1630 1528 1684 in
1557 1630 1779 1687 Catenis
1814 1633 2020 1689 Gnecis
2048 1638 2146 1691 sub
2176 1641 2394 1695 nomine
2414 1639 2669 1712 Origenis
2709 1628 3180 1711 circumferuntur.
3216 1658 3331 1715 Vidi
3371 1662 3649 1732 fragmen-

380 1731 431 1773 ta
464 1724 647 1776 omnia
701 1722 749 1775 ei
784 1721 1045 1789 ascripta,
1104 1729 1217 1774 tum
1246 1736 1369 1790 qua:
1394 1722 1758 1777 Combeftsius
1801 1740 1831 1777 e
1872 1724 2094 1782 Catenis
2125 1745 2255 1784 mss.
2288 1731 2716 1803 Parisiensibns,
2757 1754 2868 1796 tum
2898 1760 3020 1813 quae
3049 1747 3315 1806 Ernestus
3345 1721 3583 1810 Graiius
3616 1774 3649 1810 ο

377 1812 601 1868 Catenis
637 1814 1029 1883 manuscriptis
1056 1812 1379 1881 Anglicanis
1409 1814 1793 1883 exscripserat.
1834 1816 1928 1871 Illa
1959 1818 2025 1873 ab
2058 1821 2271 1877 erudito
2291 1822 2453 1881 Patre
2476 1827 2753 1885 Ludovico
2784 1837 2850 1888 de
2879 1835 3253 1897 Tournemine
3283 1843 3518 1911 Jesuita,
3552 1865 3644 1916 pc-

380 1919 475 1959 nes
506 1920 666 1975 quem
698 1915 940 1970 exstant,
982 1921 1196 1959 mecum
1240 1907 1657 1974 perhumaniter
1687 1910 2087 1965 communicata
2119 1926 2273 1979 sunt;
2307 1917 2420 1974 haec
2444 1935 2576 1975 vero
2600 1936 2629 1975 a
2660 1923 2996 1983 doctissimis
3026 1930 3217 2000 Anglis
3255 1934 3363 1989 DD.
3409 1907 3644 1993 Valkero

376 2008 429 2053 et
457 1998 678 2054 Bentleo
702 1999 877 2053 amico
900 2014 1126 2067 prorsus
1156 2000 1341 2054 animo
1364 2001 1431 2053 ad
1466 2016 1552 2055 me
1582 2002 1903 2057 transmissa
1929 1994 2078 2058 sunt.
2108 2006 2228 2061 Vidi
2272 2010 2492 2080 insuper
2527 2014 2827 2085 fragmenta
2864 2033 2983 2088 qua:
3034 2025 3235 2091 passim
3284 2029 3387 2081 sub
3420 2032 3643 2085 nonum;

375 2086 626 2160 Origenis
661 2091 930 2145 habentur
964 2090 1017 2144 in
1058 2090 1222 2143 variis
1249 2088 1371 2145 aliis
1401 2090 1713 2145 Graecorum
1746 2091 1971 2146 Patrum
1992 2094 2235 2161 Catenis,
2269 2114 2406 2168 quas
2437 2101 2491 2155 in
2521 2101 2695 2158 lucem
2730 2086 3031 2163 emiserunt
3064 2112 3380 2183 Corderins,
3433 2118 3640 2175 Barba-

377 2198 494 2247 rus,
522 2182 849 2246 Ghislerins,
875 2182 1195 2248 Comitolns,
1231 2181 1492 2237 Patritins
1520 2182 1715 2237 Junius
1778 2195 1835 2239 et
1862 2186 1971 2239 alii.
2005 2186 2116 2243 Sed
2142 2190 2299 2244 valde
2358 2192 2564 2248 incerta
2600 2206 2685 2249 est
2720 2199 2961 2254 oumium
3017 2202 3277 2262 harumce
3310 2181 3637 2268 catenarmn

376 2277 527 2332 ﬁdes.
560 2276 614 2329 In
638 2277 721 2331 his
757 2277 903 2332 enim
938 2275 1155 2331 nomina
1180 2276 1533 2344 scriptorum,
1560 2292 1590 2330 c
1618 2292 1853 2346 quorum
1891 2280 2215 2349 fragmentis
2243 2282 2346 2337 illa:
2371 2289 2771 2345 consarcinata:
2793 2302 2940 2357 sunt,
2977 2294 3050 2350 ita
3106 2313 3345 2370 perswpe
3393 2306 3534 2361 inter
3581 2324 3642 2361 se

370 2370 798 2435 confumlnntur,
818 2379 876 2423 ut
901 2385 1021 2437 quae
1038 2384 1141 2422 una
1169 2368 1372 2422 Catena
1391 2367 1608 2437 Origeui
1648 2369 1894 2436 ascribit,
1914 2386 1976 2425 ea
2006 2373 2058 2426 in
2084 2373 2254 2429 altera
2284 2376 2530 2447 Didyme,
2550 2389 2643 2434 aut
2674 2381 2930 2449 Eusebio,
2956 2396 3050 2441 aut
3071 2367 3522 2461 Theodoreto,vel
3543 2401 3635 2457 alii

371 2468 596 2525 cuilibet
633 2467 918 2533 interpreti
944 2468 1276 2519 tribuantur.
1311 2463 1424 2517 llue
1456 2466 1593 2518 adde
1616 2465 1761 2534 quod
1794 2466 1883 2520 ubi
1918 2468 2157 2524 unanimi
2182 2470 2393 2526 illarum
2426 2488 2698 2532 consensu
2754 2479 2982 2549 aliquod
3013 2484 3375 2554 fragmentum
3417 2493 3638 2564 Ot'igcni

372 2564 653 2627 tribuitur,
681 2563 731 2616 id
762 2561 1038 2615 interdum
1074 2559 1157 2614 vel
1182 2560 1249 2615 ad
1287 2559 1603 2626 Eusebium,
1628 2560 1710 2615 vel
1742 2562 1808 2615 ad
1833 2562 2261 2630 'l‘beodoretum,
2292 2568 2375 2622 vel
2403 2569 2469 2623 ad
2494 2571 2657 2625 alium
2683 2576 2981 2642 quemlibet
3007 2581 3330 2649 scriptorem
3364 2559 3638 2656 pertinere

368 2676 437 2716 ex
466 2661 729 2714 horumce
757 2658 976 2711 Patrum
1010 2656 1173 2712 editis
1205 2658 1616 2711 commentariis
1644 2674 1751 2713 non
1783 2673 1905 2714 raro
1935 2660 2288 2730 deprehendi.
2319 2661 2684 2731 Quamobrem
2715 2669 2805 2723 illa
2834 2673 3014 2727 omnia
3036 2689 3158 2744 quae
3195 2689 3315 2732 sunt
3346 2682 3635 2749 ejusmodi,

371 2751 694 2822 negligenda
719 2763 950 2819 prorsus
971 2757 1025 2801 et
1048 2748 1353 2802 omittenda
1386 2749 1605 2815 censui;
1634 2759 1830 2804 caetera
1872 2765 2003 2806 vero
2027 2754 2385 2810 exscribenda
2420 2767 2475 2812 et
2509 2759 2636 2814 huic
2670 2762 2893 2817 editioni
2924 2764 3212 2822 inserenda
3244 2748 3513 2836 iudicavi.
3552 2778 3636 2833 vel

378 2858 503 2914 qua:
533 2858 595 2898 ex
622 2843 826 2907 Ruﬁni,
859 2841 1194 2912 Ilieronymi,
1226 2851 1320 2893 aut
1345 2840 1573 2895 aliorum
1606 2843 1802 2911 priscis
1844 2844 2390 2914 interpretationibus
2415 2849 2670 2920 Origeuis
2691 2868 2813 2909 esse
2844 2869 3080 2925 constat,
3117 2863 3197 2917 vel
3221 2880 3342 2933 qua:
3397 2866 3624 2939 Origeu;

376 2936 520 2991 falso
551 2937 787 3005 ascripta
820 2950 941 2991 esse
980 2932 1348 2988 demonstrari
1394 2936 1583 3003 nequit
1606 2950 1671 2989 ex
1702 2935 1931 2991 aliorum
1958 2936 2179 2993 Patrum
2213 2941 2265 2993 in
2307 2942 2621 3013 Scripturas
2643 2960 2831 3001 sacras
2859 2932 3317 3019 expositionibus.
3355 2932 3633 3026 Ejusmodi

368 3031 801 3103 fragmentorum
836 3047 903 3086 ex
943 3030 1181 3099 Origene
1210 3032 1427 3084 concise
1452 3029 1616 3084 nimis
1648 3040 2032 3099 excerptorum
2066 3032 2404 3102 interruptus
2451 3049 2828 3104 smpenumero
2860 3050 2946 3097 est
2982 3052 3155 3101 tenor.
3207 3047 3345 3104 lline
3371 3052 3635 3125 pleraque

364 3130 502 3184 adeo
530 3128 766 3182 obscura
788 3136 846 3180 et
883 3127 1124 3181 involuta
1154 3134 1303 3191 sunt,
1340 3134 1397 3179 ut
1422 3125 1538 3181 fere
1569 3124 1778 3189 (Edipo
1809 3125 2126 3193 coniectore
2151 3128 2450 3198 indigeant.
2482 3129 2538 3184 Id
2564 3147 2749 3187 secum
2773 3135 2819 3189 si
2850 3140 2974 3205 quis
3008 3140 3151 3195 serio
3174 3151 3229 3195 et
3262 3146 3489 3200 candide
3512 3124 3637 3218 per-

366 3223 641 3292 penderit,
666 3220 992 3283 faciliorem,
1031 3220 1105 3274 uti
1138 3235 1321 3289 spero,
1352 3223 1566 3276 veniam
1592 3220 1878 3286 concedet,
1905 3222 1949 3277 si
1984 3222 2051 3276 iis
2086 3222 2138 3275 in
2167 3221 2423 3277 Latinum
2452 3239 2756 3280 sermonem
2784 3233 3059 3287 vertendis
3094 3250 3190 3304 per
3220 3235 3628 3301 festinationem

361 3318 507 3372 forte
535 3329 629 3371 aut
680 3315 1089 3386 iucogitautiam
1136 3313 1335 3369 alicubi
1384 3314 1518 3383 lapsi
1568 3330 1777 3369 sumus.
1823 3315 2030 3370 Praeter
2079 3320 2511 3374 commentarios
2548 3331 2605 3375 et
2635 3322 2888 3380 bomilias
2916 3343 3053 3396 quas
3078 3330 3130 3385 in
3170 3333 3416 3390 Psalmos
3448 3339 3624 3393 edidit

359 3408 651 3478 Origenes,
687 3408 946 3462 brevibus
971 3406 1134 3459 etiant
1165 3406 1389 3461 scholiis
1436 3405 1764 3459 Psalterium
1819 3406 2129 3462 illustravit.
2176 3407 2303 3464 llaec
2358 3409 2549 3467 Greece
2591 3430 2750 3470 manu
2796 3418 2996 3486 scripta
3029 3424 3262 3480 credidit
3308 3427 3631 3487 Guillcltnns

360 3502 574 3558 Caveas
605 3502 907 3555 etiamnum
938 3507 1156 3554 exstare
1215 3499 1268 3551 in
1338 3497 1671 3553 bibliotheca
1729 3496 2135 3554 Vindobouensi
2203 3501 2393 3556 codice
2442 3504 2609 3559 theol.
2658 3520 2725 3560 ex
2777 3507 3134 3578 dispositione
3182 3513 3461 3573 Lambecii
3513 3537 3628 3589 xvi,

362 3593 589 3650 Nesselii
631 3610 812 3660 eccm,
843 3594 933 3648 ubi
989 3608 1182 3648 revera
1226 3592 1455 3661 singulis
1490 3593 1739 3647 versibus
1780 3607 1809 3645 a
1854 3594 2045 3662 psalmi
2078 3610 2158 3661 Ix,
2189 3595 2279 3662 10,
2306 3613 2476 3666 usque
2505 3601 2572 3653 ad
2620 3600 2781 3656 tinem
2843 3604 3093 3661 Psalterii
3157 3611 3442 3679 subjuncta
3498 3627 3626 3671 sunt

360 3689 589 3754 scholia,
632 3703 754 3757 qtae
787 3688 841 3741 in
876 3686 984 3741 line
1009 3686 1214 3765 codicis
1240 3684 1459 3753 Origeni
1500 3684 1834 3749 tribuuntur,
1860 3695 1916 3739 et
1974 3687 2231 3742 dicuntur
2282 3692 2635 3759 protopsaltaa
2690 3694 2951 3753 Ecclesia}
3010 3699 3289 3770 cujusdam
3347 3707 3628 3767 Cretensis

361 3796 525 3836 manu
557 3780 849 3848 descripta.
884 3778 1101 3834 Illorum
1132 3762 1296 3833 hodie
1324 3792 1490 3846 penes
1521 3795 1606 3832 me
1629 3789 1711 3833 est
1741 3781 2137 3851 apographum,
2160 3797 2190 3836 a
2220 3782 2528 3839 clarissimo
2548 3786 2977 3862 doctissimoque
3013 3794 3233 3851 domino
3264 3798 3624 3860 Barteinsteiu

358 3872 454 3942 qui
483 3887 629 3926 nunc
656 3872 921 3927 Caesarea:
955 3870 1225 3939 maiestati
1259 3881 1344 3925 est
1371 3888 1402 3924 a
1435 3872 1701 3936 consiliis,
1757 3874 1812 3927 in
1856 3888 2005 3927 meos
2039 3891 2169 3929 usus
2203 3875 2576 3946 descriptum;
2616 3891 2782 3934 totum
2840 3897 2971 3939 vero
3029 3903 3167 3958 opus
3221 3890 3348 3945 illud
3400 3894 3620 3965 Origeui

355 3968 699 4037 suppositum
756 3979 880 4021 esse
934 3963 1021 4018 vel
1058 3967 1183 4021 inde
1219 3967 1355 4022 satis
1385 3965 1575 4036 liquet,
1610 3968 1754 4036 quod
1776 3969 1867 4024 ubi
1913 3969 1980 4024 de
2008 3970 2175 4023 Maria
2207 3969 2453 4042 Virgine,
2501 3974 2585 4028 vel
2618 3975 2704 4028 ubi
2747 3976 2815 4031 de
2846 3976 3007 4035 Patre
3046 3993 3102 4035 et
3151 3982 3288 4039 Filio
3319 3997 3374 4040 et
3416 3963 3621 4059 Spiritu

356 4066 549 4112 sancto
577 4071 762 4112 sermo
792 4068 901 4122 est,
935 4057 1029 4112 illa
1054 4059 1258 4112 diserte
1283 4058 1584 4127 appellatur
1611 4058 1885 4124 θεοτόκος,
1913 4059 2085 4115 Filius
2137 4070 2319 4115 autem
2359 4063 2505 4118 Patri
2531 4066 2816 4136 ὁμοούσιος
2860 4071 3184 4137 praedicatur
3230 4093 3243 4128 :
3294 4093 3412 4146 qua:
3460 4057 3622 4137 voces

357 4147 687 4217 scriptorem
717 4164 823 4203 non
850 4147 1023 4202 solum
1063 4150 1271 4220 synodo
1304 4147 1547 4213 Nicaeua,
1586 4150 1679 4204 sed
1705 4159 1761 4204 et
1787 4151 2021 4205 concilio
2044 4149 2320 4220 Ephesino
2352 4156 2709 4212 recentiorem
2738 4170 2992 4231 arguunt.
3029 4164 3111 4217 Ah
3141 4166 3224 4220 his
3252 4168 3417 4236 igitur
3451 4173 3619 4227 eden-

358 4241 446 4293 dis
466 4241 689 4295 scholiis
732 4241 1122 4296 abstinendum
1147 4257 1271 4311 esse
1305 4241 1457 4297 duxi.
1483 4242 1596 4297 Nec
1625 4243 1787 4297 aliam
1817 4253 2019 4298 sortem
2053 4244 2378 4299 habuissent
2411 4256 2522 4303 tres
2552 4249 2679 4304 item
2713 4250 2848 4306 falso
2876 4256 3095 4325 ascripti
3133 4258 3455 4314 Adamantio
3494 4264 3617 4318 libri

355 4332 410 4384 in
433 4330 555 4395 Job,
590 4348 728 4401 quos
760 4333 828 4386 ad
859 4334 1066 4387 calcem
1089 4332 1248 4401 huius
1279 4332 1409 4387 tomi
1436 4332 1622 4402 rejeci,
1654 4347 1904 4401 quosque
1930 4350 2256 4404 suppressos
2299 4338 2649 4403 maluissem,
2690 4341 2734 4396 si
2778 4341 2832 4397 in
2869 4344 3207 4401 Cenebrardi
3234 4350 3474 4407 editione
3515 4358 3618 4409 sub

355 4425 610 4493 Origenis
644 4424 862 4478 nomine
893 4440 995 4477 non
1028 4424 1535 4480 circumferrentur.
1564 4424 1707 4478 Idem
1745 4423 2150 4491 estojudicium
2183 4430 2249 4483 de
2279 4431 2491 4498 prolixo
2528 4431 2702 4487 altero
2735 4434 2785 4487 in
2848 4446 3017 4490 totum
3066 4438 3262 4493 librum
3319 4442 3419 4498 Job
3463 4461 3615 4502 com-

353 4518 643 4579 tnentario,
674 4517 765 4584 qui
803 4518 990 4587 utique
1020 4518 1072 4571 in
1104 4519 1291 4573 eadem
1318 4517 1656 4574 Genebrartli
1691 4517 1930 4572 editione
1957 4519 2059 4572 sub
2080 4524 2347 4577 ementito
2374 4518 2628 4593 Origenis
2672 4527 2892 4582 nemine
2944 4530 3118 4585 tribus
3173 4534 3332 4587 modo
3368 4537 3531 4593 dictis
3560 4541 3614 4594 in

349 4610 455 4669 Job
483 4611 636 4664 libris
662 4606 858 4664 Latine
893 4620 1101 4664 tantum
1128 4611 1449 4681 subiunctus
1477 4622 1559 4667 cst
1587 4627 1653 4666 ex
1682 4612 2137 4695 interpretatione
2165 4614 2434 4670 Joaehimi
2465 4615 2730 4673 Perionii.
2758 4617 2935 4687 Ipsum
2968 4624 3185 4690 quidem
3228 4626 3279 4679 in
3315 4628 3421 4683 line
3455 4630 3616 4701 hujus

354 4706 487 4761 totni
526 4704 619 4774 qui
641 4703 973 4772 jamjustatu
1005 4702 1058 4756 in
1085 4703 1280 4759 molem
1307 4715 1650 4767 excreverat.
1675 4705 1841 4761 edere
1870 4688 1990 4761 ¹ιιυιι
2028 4705 2205 4772 licuit,
2240 4710 2335 4761 sed
2360 4710 2487 4778 quia
2517 4725 2871 4781 suppressum
2902 4730 3045 4781 aegre
3097 4717 3303 4772 ferrent
3364 4722 3611 4790 plurimi.

349 4798 420 4853 ad
446 4797 590 4852 tertii
623 4796 752 4851 tomi
777 4795 980 4850 calcem
1006 4795 1150 4866 typis
1172 4811 1409 4851 excusas
1436 4796 1623 4850 Graece
1649 4806 1704 4851 et
1739 4795 1933 4854 Latine
1966 4799 2273 4868 reperietur
2313 4797 2410 4869 (a).

422 4890 549 4946 Haec
570 4889 637 4944 de
664 4890 943 4957 operibus,
968 4905 1089 4958 qua:
1111 4890 1350 4943 secundo
1382 4891 1483 4944 hoc
1507 4890 1782 4944 volumine
1812 4893 2187 4955 etmtinentur,
2222 4892 2411 4959 paucis
2437 4895 2714 4960 prtelatus,
2754 4911 2899 4952 nunc
2946 4914 3125 4966 operte
3174 4903 3406 4970 pretium
3438 4902 3611 4957 laetu-

350 5002 470 5039 rum
509 5000 594 5039 me
623 4995 774 5053 pulo,
800 4984 844 5037 si
880 4982 1108 5051 vestigia
1163 4998 1415 5051 premens
1475 4984 1777 5039 doctissimi
1812 4986 2071 5056 auonymi
2100 4986 2189 5053 qui
2218 4985 2442 5040 Lutetia:
2474 4987 2804 5047 Parisiorum
2838 5007 2979 5044 anno
3004 4993 3162 5058 1727,
3186 4999 3323 5063 apud
3348 4995 3612 5054 Jacobutu

349 5079 603 5144 Vincent,
634 5078 848 5132 Gallice
876 5093 906 5129 a
939 5092 996 5130 se
1023 5084 1079 5130 et
1108 5074 1322 5129 erudite
1360 5076 1734 5142 conscriptum
1770 5091 1836 5129 ex
1864 5076 2109 5130 doctrina
2145 5076 2367 5129 Patrum
2404 5076 2472 5130 de
2521 5091 2681 5131 sensu
2730 5077 2957 5133 litterali
2988 5091 3041 5134 et
3068 5083 3133 5136 de
3181 5098 3341 5137 sensu
3380 5089 3609 5156 mystici»

348 5150 645 5237 Scriptura!
682 5186 850 5225 sacra:
881 5178 1174 5223 tractatum
1206 5167 1525 5237 publicavit,
1565 5171 1785 5221 brevem
1816 5168 1992 5247 primo
2023 5169 2310 5223 exhibeam
2359 5169 2502 5223 illius
2530 5181 2883 5240 conspectum
2916 5176 3153 5229 methodi
3190 5195 3350 5247 quam
3388 5182 3452 5232 ad
3524 5182 3607 5235 in.

349 5266 728 5333 terpretandas
760 5265 1071 5333 Seriptnras
1097 5262 1200 5317 sibi
1227 5262 1500 5332 propriam
1553 5261 1682 5316 fecit
1713 5260 1976 5332 Origenes
1997 5303 2012 5325 ,
2037 5262 2236 5318 deinde
2273 5262 2419 5317 illam
2452 5263 2791 5319 enucleatius
2825 5268 3111 5338 explicem,
3151 5281 3205 5323 et
3236 5271 3453 5324 disertis
3485 5271 3605 5340 ejus

346 5359 675 5415 testimoniis
703 5360 1076 5429 comprobem.

793 5475 1109 5554 Synepsis
1145 5472 1557 5551 Origeniaum
1596 5468 1878 5533 methodi
1914 5468 1990 5531 ad
2026 5469 2499 5547 Scripturarum
2538 5473 3159 5553 interpretationem.

422 5602 491 5656 Ea
519 5603 859 5673 potissimum
884 5605 1236 5672 sequentibus
1264 5603 1413 5656 hisce
1436 5599 1738 5655 enuntiatis
1765 5599 2102 5652 continetur.
2137 5597 2189 5651 l°
2220 5596 2441 5666 Triplex
2478 5608 2561 5654 est
2587 5599 2892 5671 Scriptura}
2924 5619 3136 5666 sensus,
3170 5602 3438 5668 litteralis,
3483 5622 3600 5658 mo.

348 5696 499 5763 ralis,
520 5707 575 5750 ct
607 5697 866 5767 mysticus
899 5711 994 5751 seu
1022 5696 1367 5766 allegoricus.
1397 5694 1455 5747 2°
1487 5692 1579 5747 Est
1610 5692 1699 5747 ubi
1730 5690 1880 5745 solus
1918 5689 2207 5755 litterulis;
2240 5699 2325 5742 est
2368 5688 2457 5741 ubi
2488 5692 2636 5745 solus
2684 5692 2909 5746 moralis
2984 5693 3064 5747 vel
3096 5694 3246 5751 solus
3300 5697 3594 5767 mysticus;

416 5814 496 5884 (α)
526 5813 799 5869 Omissum
822 5822 906 5866 est
933 5823 1133 5866 tamen.
1168 5812 1300 5867 Vide
1328 5811 1710 5867 Prmfationem
1745 5809 1808 5863 ι).
1845 5812 1917 5866 De
1944 5807 1993 5863 la
2024 5807 2139 5862 Rue
2170 5808 2235 5861 ad
2270 5816 2402 5861 tom.
2440 5806 2456 5859 Ι
2470 5806 2527 5862 V.

708 5908 979 5967 ΡΑτιιοι..
1016 5907 1135 5967 Gn.
1185 5905 1327 5968 ΧΗ.

3247 5908 3273 5955 1
