4138 6432
468 412 529 464 Η
1657 398 2027 455 ΡΙὶΑ-ΣΓΑΤΙΟ
2065 400 2102 453 Α

2103 399 2158 452 λι)
2199 400 2363 458 TUM.
2410 401 2472 454 Π.
3672 406 3737 457 (θ

468 529 705 596 denique
743 534 825 579 est
850 523 938 577 tibi
972 518 1225 575 litterulis
1254 515 1414 570 simul
1447 524 1503 570 et
1541 514 1803 585 mysticus
1835 525 2032 566 sensus
2065 510 2245 563 locum
2302 510 2527 567 habent.
2559 511 2623 564 5°
2648 509 2705 566 Si
2742 511 3041 579 generatim
3119 530 3205 567 res
3237 524 3533 584 spectetur,
3558 516 3623 569 ιιι
3657 516 3740 569 in.

470 618 805 671 stitutionem
836 625 895 670 et
916 610 1332 668 aediﬁcationem
1362 605 1690 674 simplicium
1723 604 1926 659 sulIicit
1964 602 2218 658 litteralis
2250 617 2466 657 sensus.
2493 603 2553 657 ιο
2585 603 2740 673 Smpe
2773 615 2956 660 tamen
2988 608 3165 660 littera
3200 608 3250 660 in
3286 624 3345 662 se
3386 607 3549 661 habet
3574 606 3736 666 falsa,

471 709 727 770 al-sttrda,
766 720 948 760 secum
982 701 1302 773 pugnantia,
1341 698 1722 768 impossibilia,
1754 706 1808 750 et
1838 705 2038 751 caetera
2067 693 2408 761 huiusmodi,
2446 693 2589 748 unde
2620 695 2730 749 nati
2761 706 2885 749 sunt
2915 712 3137 751 errores
3171 701 3557 767 propemodum
3607 696 3741 752 inli-

471 801 591 853 niti.
624 801 680 853 5ο
711 796 966 869 Mysticus
993 809 1086 848 seu
1120 791 1447 860 allegoricus
1477 804 1674 843 sensus
1698 789 2033 842 auctoritate
2060 787 2193 842 Novi
2236 786 2574 841 Tcstamenti
2601 787 2820 850 nititur,
2854 798 3046 856 estque
3091 791 3313 843 omnino
3360 791 3730 852 necessarius,

464 904 523 945 ut
552 892 615 943 ali
642 888 971 942 adversariis
1000 895 1113 939 tuta
1147 892 1363 937 maneat
1392 884 1593 935 veritas
1615 882 2054 948 Seriplnrarum,
2086 889 2143 932 et
2172 880 2299 947 ipsa:
2331 879 2440 933 Deo
2466 878 2644 947 digna:
2665 879 2991 935 elliciantur.
3024 880 3089 934 6°
3123 881 3501 935 Ditiicillimum
3526 892 3630 943 est,
3669 896 3738 934 ne

465 988 639 1039 dicant
674 976 1025 1049 impossibile,
1055 976 1308 1046 tuysticos
1335 973 1551 1041 assequi
1603 986 1799 1025 sensus
1829 985 1970 1039 quos
2020 971 2073 1023 in
2103 984 2161 1024 se
2208 969 2595 1039 complectitur
2630 970 2942 1040 Scriptura.
2990 972 3049 1025 7°
3080 973 3149 1027 lis
3176 984 3355 1027 tamen
3384 974 3738 1041 assequendis

464 1078 769 1130 conducere
795 1085 995 1139 niteant
1034 1070 1228 1137 regula:
1257 1076 1547 1135 sequentes
1579 1081 1594 1115 :
1629 1063 1877 1116 Primum
1916 1063 1962 1115 si
1989 1062 2390 1116 czcremonialls
2420 1062 2506 1117 lex
2544 1063 2680 1118 adeo
2722 1074 2835 1117 tota
2866 1065 3053 1135 liguris
3083 1067 3239 1134 plena
3289 1066 3649 1129 existimetur,
3674 1074 3737 1119 ut

462 1168 669 1239 singula
696 1167 1096 1235 Scripturaruin
1125 1163 1239 1215 loca
1262 1174 1380 1229 quae
1408 1159 1476 1212 ad
1511 1157 1661 1210 illam
1698 1156 2041 1219 referuntur,
2088 1166 2177 1219 ea,
2234 1168 2304 1209 ne
2358 1170 2466 1208 uno
2497 1156 2719 1224 quidem
2772 1169 3025 1227 excepto,
3088 1176 3191 1213 non
3246 1159 3575 1224 litteraliter,
3640 1160 3735 1213 sed

466 1264 694 1334 mystice
731 1270 935 1313 tantum
961 1257 1330 1325 accipiantur;
1364 1250 1566 1306 deinde
1597 1250 1641 1303 si
1677 1249 1997 1317 ubicunque
2031 1260 2217 1301 sermo
2246 1256 2331 1301 est
2361 1248 2428 1302 de
2479 1247 2807 1314 Jerusalem,
2837 1252 2901 1305 de
2952 1250 3205 1321 Egypto,
3241 1251 3532 1321 Babylone,
3585 1249 3737 1321 Tyro

462 1359 693 1427 aliisque
720 1353 948 1408 terrenis
981 1350 1133 1409 locis,
1158 1358 1325 1401 totum
1355 1345 1408 1399 id
1441 1342 1714 1397 referatur
1744 1340 1811 1393 ad
1844 1339 2090 1395 cmicstia
2120 1338 2235 1394 loca
2265 1380 2282 1404 ,
2308 1353 2429 1408 qum
2457 1340 2764 1393 animarum
2798 1341 2909 1393 siut
2948 1341 3288 1404 habitacula;
3320 1356 3385 1395 ac
3428 1344 3646 1396 demum
3689 1344 3734 1396 si

462 1453 524 1501 ad
550 1450 835 1519 mysticum
872 1459 1093 1498 sensum
1142 1440 1486 1507 coul'tigiatur
1551 1444 1608 1490 et
1675 1436 1963 1489 deseratur
2023 1433 2229 1501 littera,
2261 1433 2474 1503 quoties
2499 1433 2653 1494 falsa,
2680 1434 2884 1488 inutilis
2907 1448 2970 1489 ac
3002 1434 3109 1488 Deo
3138 1437 3354 1503 indigna
3380 1436 3488 1489 visa
3547 1436 3732 1489 fuerit.

459 1544 574 1596 ιιυρ
603 1552 685 1594 est
714 1536 1027 1608 Origeniani
1064 1536 1128 1589 de
1159 1529 1569 1601 interpretanda
1614 1529 1906 1596 Scriptura
1976 1540 2133 1579 sacra
2183 1527 2501 1595 systcntatis
2554 1525 2959 1596 compendium.
2998 1525 3148 1579 Nunc
3208 1528 3551 1582 enucleatius
3604 1527 3738 1583 illud

458 1648 544 1692 est
572 1632 952 1704 explicandum
988 1640 1044 1685 et
1072 1628 1292 1682 disertis
1318 1622 1630 1680 Adantantii
1664 1620 2011 1675 testimoniis
2040 1620 2416 1674 astrueudum.

1231 1745 1425 1799 Λιιτιε.
1460 1741 1498 1795 Ι.
1524 1756 1590 1794 EX
1630 1751 1859 1794 ORIGESE
1895 1751 2125 1790 TBIPLEX
2164 1752 2263 1790 EST
2307 1751 2715 1791 διιιιιιιτυιιηωι
2757 1752 2965 1792 εεκδυς.
3010 1724 3011 1727 Ἴ

536 1889 552 1919 t
590 1869 846 1923 Sanctam
874 1862 1221 1930 Scripturam
1256 1858 1457 1927 (inquit
1487 1855 1675 1911 homil.
1702 1854 1735 1907 5
1765 1854 1815 1907 in
1850 1852 2102 1917 Levitic.,
2139 1868 2287 1906 nunt.
2322 1852 2374 1924 l)
2400 1853 2732 1907 credendum
2774 1863 2857 1906 est
2886 1867 2952 1906 ex
3004 1850 3307 1906 visibilibus
3337 1862 3393 1908 et
3446 1852 3738 1908 invisibili-

455 1962 561 2015 ltus
593 1968 870 2024 constare,
906 1956 1070 2008 \‘clttli
1102 1969 1169 2006 ex
1201 1966 1432 2019 corpore
1461 1950 1724 2019 quodam,
1753 1946 1946 2001 littera:
1979 1946 2192 2001 scilicet
2221 1960 2342 2014 qua:
2370 1946 2621 2011 videtur;
2650 1956 2704 2000 et
2732 1947 2936 2006 anima,
2992 1961 3188 1999 sensus
3219 1947 3307 2014 qtti
3363 1948 3503 2000 intra
3558 1948 3733 2016 ipsam

456 2053 913 2125 deprehenditur;
944 2059 998 2103 et
1030 2047 1251 2117 spiritu,
1277 2045 1578 2099 secundum
1607 2042 1657 2095 id
1687 2041 1831 2110 quod
1854 2038 2020 2093 etiam
2061 2040 2310 2108 quaedam
2342 2039 2395 2091 in
2419 2054 2478 2093 se
2510 2038 2757 2093 cmlestia
2788 2046 2989 2097 teneat,
3031 2046 3088 2090 ut
3119 2039 3409 2105 Apostolus
3430 2038 3580 2102 dicit,
3605 2038 3735 2107 quia

458 2143 748 2214 exemplari
772 2152 818 2197 et
848 2143 1048 2194 umbra:
1068 2137 1369 2192 deserviunt
1396 2134 1684 2189 caelestium
1710 2134 1750 2188 ³,
1786 2150 1804 2182 ι
1858 2130 1955 2184 llic
1977 2145 2178 2200 corpus
2210 2138 2263 2183 et
2295 2130 2476 2183 anima
2516 2145 2679 2183 unum
2711 2131 3069 2198 ettntdemque
3094 2144 3339 2193 sensum,
3371 2146 3561 2198 nempe
3589 2131 3736 2183 litte-

464 2241 656 2303 ralem,
701 2238 1008 2307 designant.
1044 2233 1171 2287 Sola
1209 2231 1353 2287 enim
1387 2244 1480 2299 per
1510 2243 1569 2283 se
1590 2228 1775 2282 littera
1806 2230 1875 2279 alt
1899 2242 1963 2281 eo
1989 2240 2149 2295 quem
2189 2224 2452 2283 continet.
2485 2238 2647 2279 sensu
2677 2224 2889 2277 divulsa
2917 2235 2969 2277 et
3003 2225 3305 2288 abstracta,
3345 2225 3489 2276 aliud
3522 2223 3733 2292 signiti-

462 2350 589 2387 t-are
623 2330 832 2400 nequit,
872 2342 1035 2397 quant
1068 2339 1231 2379 voces
1261 2332 1316 2376 et
1370 2320 1559 2385 verba,
1586 2318 1735 2374 nulla
1797 2315 2264 2384 signiﬁcationum
2317 2328 2453 2383 quas
2502 2314 2582 2368 eis
2630 2313 2819 2367 tribuit
2851 2329 2998 2376 usus,
3046 2313 3234 2366 habita
3299 2315 3530 2367 ratione.
3597 2315 3735 2367 llinc

465 2431 627 2488 igitur
656 2425 835 2495 colligi
862 2431 1044 2494 posset
1084 2420 1354 2489 duplicem
1389 2427 1601 2472 tantum
1632 2416 1703 2472 ab
1760 2413 1995 2483 Origene
2023 2428 2242 2469 sensum
2277 2410 2515 2473 admitti,
2550 2408 2843 2463 litteraletn
2876 2417 2929 2462 et
2977 2407 3268 2479 mysticum
3290 2447 3305 2470 ,
3338 2407 3443 2461 nisi
3499 2422 3559 2462 se
3616 2407 3737 2476 ipse

462 2522 587 2577 aliis
620 2520 673 2575 itt
711 2518 847 2574 locis
874 2515 1242 2572 emendasset.
1281 2508 1448 2563 Paulo
1492 2506 1723 2561 inferius
1761 2503 2002 2573 ejusdem
2033 2502 2269 2558 ltomilia!
2298 2516 2447 2554 unm.
2479 2500 2512 2554 5
2537 2500 2615 2554 sic
2637 2498 2877 2570 loquitur
2939 2518 2953 2554 :
3010 2522 3029 2551 ι
3074 2500 3364 2569 Triplicem
3418 2501 3472 2555 in
3533 2499 3736 2553 divinis

464 2614 765 2688 Scripturis
798 2611 1170 2682 intelligentia!
1200 2620 1343 2673 sirpe
1370 2602 1610 2657 diximus
1634 2601 1873 2664 modum,
1910 2600 2259 2659 historicum,
2291 2595 2550 2649 moralem
2595 2604 2652 2651 et
2706 2597 3040 2667 mysticum:
3077 2598 3220 2652 unde
3254 2608 3308 2651 et
3333 2612 3530 2665 corpus
3559 2597 3737 2650 inesse

462 2714 535 2771 ei.
568 2721 623 2765 et
654 2710 920 2771 animam,
955 2714 1011 2760 et
1033 2703 1283 2772 spiritum
1314 2696 1702 2752 intelleximus.
1745 2713 1764 2746 ι
1797 2693 1901 2749 Ubi
1929 2694 2081 2747 vides
2114 2706 2344 2759 corpore
2373 2701 2426 2743 et
2455 2688 2635 2743 anima
2674 2704 2780 2744 non
2833 2706 2995 2742 unum
3029 2690 3411 2753 eamdemque,
3442 2691 3514 2741 uti
3544 2702 3736 2755 supra.

465 2806 558 2858 sed
588 2802 863 2871 duplicem
888 2808 941 2853 et
964 2814 993 2851 a
1027 2812 1085 2851 se
1114 2794 1347 2849 invicem
1380 2790 1605 2845 omnino
1633 2789 1930 2843 discretum
1960 2801 2201 2846 sensum,
2236 2797 2427 2850 nempe
2463 2780 2755 2834 litteraletn
2781 2792 2831 2833 et
2862 2781 3145 2841 moralem.
3201 2780 3497 2848 designari.
3549 2777 3737 2846 Neque

465 2900 627 2953 aliam
661 2895 986 2950 divisionem
1021 2899 1248 2945 secutus
1276 2897 1359 2940 est
1388 2884 1483 2939 lib.
1526 2896 1578 2934 tv
1608 2880 1687 2935 De
1718 2879 2017 2948 principiis,
2059 2892 2179 2946 pag.
2210 2875 2330 2936 l68,
2365 2873 2452 2926 ubi
2474 2871 2551 2925 ait
2586 2889 2598 2925 :
2631 2889 2649 2921 t
2684 2871 2977 2925 Trilariatu
3016 2873 3178 2941 igitur
3210 2872 3584 2925 describenda!
3606 2876 3738 2925 sunt

466 2992 521 3045 in
542 2997 725 3043 mente
756 2992 1073 3039 sanctarum
1123 2980 1429 3033 litteraruut
1464 2973 1749 3028 sententia:
1782 2988 1795 3024 :
1829 2980 1887 3023 ιιι
1921 2967 2224 3037 simplicior
2251 2964 2470 3035 quidem
2496 2964 2564 3015 ali
2612 2963 2725 3031 ipsa
2753 2964 2917 3017 veluti
2950 2980 3117 3017 carne
3142 2962 3465 3031 Scriptura,
3492 2977 3601 3032 quo
3632 2979 3728 3017 no-

394 3072 397 3073 r
466 3082 611 3143 mine
650 3078 867 3133 obvium
898 3072 1017 3143 ejus
1043 3086 1265 3126 sensum
1298 3064 1663 3135 appellamus;
1689 3060 1781 3129 qui
1809 3074 1934 3113 vero
1968 3058 2306 3126 aliquantum
2350 3054 2679 3115 ascenderit,
2714 3052 2781 3106 ab
2816 3052 2929 3114 ipsa
2953 3052 3355 3121 quodammodo
3384 3050 3564 3106 anima
3586 3052 3728 3123 ejus:

468 3174 747 3243 perfectus
772 3142 1028 3222 autem...
1063 3179 1092 3215 a
1124 3162 1240 3230 lege
1264 3154 1496 3227 spiritali
1524 3154 1819 3207 tedilicetur
1849 3150 2094 3203 umbram
2132 3148 2367 3202 habente
2398 3146 2703 3200 futurorum
2732 3145 3020 3197 honorum.
3055 3142 3120 3196 Ut
3145 3145 3291 3197 enim
3327 3144 3488 3198 homo
3522 3152 3740 3199 constat

467 3232 719 3335 corpore,
750 3261 931 3316 anima
963 3265 1018 3311 et
1041 3255 1256 3325 spiritu,
1291 3252 1362 3305 ita
1385 3260 1438 3304 et
1461 3247 1746 3316 Scriptura
1781 3258 1903 3312 qua:
1930 3243 2115 3297 divina
2142 3239 2549 3310 dispensatione
2580 3238 2632 3292 iit
2677 3234 2955 3290 hominum
2977 3234 3207 3288 salutent
3236 3234 3360 3288 data
3381 3244 3486 3289 est.
3528 3253 3545 3287 t
3599 3232 3745 3304 Lege

468 3331 713 3430 insuper,
743 3358 791 3411 si
823 3360 998 3417 vacat,
1035 3363 1158 3420 qua:
1191 3354 1377 3417 postea
1412 3341 1617 3397 ibidem
1647 3338 1915 3393 habentur
1944 3351 2094 3389 llllltl.
2130 3333 2198 3388 12
2228 3344 2284 3387 et
2315 3331 2401 3388 l3.

1040 3495 1235 3549 Aartc.
1266 3488 1327 3542 ll.
1366 3494 1594 3541 τιιιιιιει
1636 3494 1757 3538 me
1798 3494 1989 3534 scasus
2026 3492 2127 3533 nos
2166 3489 2363 3539 υιιρυε
2401 3486 2674 3529 scalarum

1542 3498 1594 3539 ιι
1636 3494 1757 3538 ιιτε
1798 3494 1989 3534 bENSUS
2026 3492 2127 3533 NON
2166 3489 2363 3539 υιιρηε
2401 3484 2810 3529 εειιιιτιιιιιιιιι
2851 3482 3176 3524 ιεηιιτιιι.

547 3646 565 3677 ι
596 3619 866 3691 Quoniam
894 3614 1095 3683 (inquit
1131 3609 1225 3663 lib.
1253 3623 1307 3662 tv
1340 3603 1415 3658 De
1450 3601 1748 3674 principiis,
1782 3610 1932 3653 nnm.
1962 3593 2047 3666 12)
2076 3593 2374 3664 Scriptura:
2408 3590 2656 3661 quaedam
2680 3597 2826 3653 sunt,
2855 3599 2973 3656 qua
2997 3584 3130 3639 nihil
3162 3584 3361 3640 habent
3385 3596 3734 3653 corporeum.

473 3679 672 3777 alicubi
705 3713 824 3770 sola
855 3679 1017 3765 veluti
1050 3706 1233 3761 anima
1268 3710 1324 3756 et
1350 3699 1577 3768 spiritus
1620 3691 1951 3765 quaerendus
1982 3699 2089 3743 est.
2123 3704 2141 3738 ι
2188 3684 2422 3741 Homllla
2460 3693 2647 3739 autem
2674 3683 2957 3737 undecima
2987 3682 3043 3735 in
3072 3679 3361 3745 Numeros,
3395 3682 3486 3734 ttbl
3528 3682 3595 3735 de
3629 3682 3747 3750 lege

472 3774 654 3882 Agim,
674 3821 795 3878 qua,
824 3799 1096 3874 “milia
1123 3796 1305 3853 oﬁ‘erri
1342 3789 1613 3866 praecipit,
1644 3787 1852 3844 clarius
1882 3793 2118 3840 mentem
2143 3796 2296 3836 suam
2328 3780 2504 3849 aperit
2546 3779 2632 3834 his
2664 3777 2848 3833 Verbis
2881 3792 2896 3829 :
2938 3792 2959 3828 t
3001 3774 3152 3829 Hanc
3180 3787 3311 3844 ergo
3346 3774 3520 3843 legem
3552 3777 3747 3829 obaer-

474 3865 592 3957 vari
627 3865 791 3956 etiam
816 3865 1115 3952 secundum
1143 3888 1384 3943 litteram
1410 3886 1549 3940 sicut
1577 3890 1632 3937 et
1665 3879 1771 3934 alia
1805 3875 2070 3932 nonnulla
2104 3873 2476 3928 necessarium
2508 3880 2660 3940 puto.
2714 3868 2859 3925 Sunt
2901 3870 3051 3924 enim
3078 3865 3359 3935 aliquanta
3392 3867 3530 3935 legis
3582 3880 3739 3921 man-

473 3995 622 4059 data,
645 4007 765 4061 qua:
792 3990 957 4043 etiam
989 3980 1127 4039 Novi
1157 3976 1493 4037 Testamenti
1528 3972 1783 4043 discipuli
1815 3968 2123 4024 uecessarla
2158 3964 2546 4020 observatione
2569 3964 2911 4017 custodiunt.
2957 3960 3047 4024 Et,
3096 3960 3141 4015 sl
3180 3961 3420 4024 videtur,
3478 3960 3629 4030 prius
3678 3961 3750 4012 de

475 4092 543 4145 iis
575 4052 708 4159 ipsis
742 4098 862 4151 qua:
885 4082 937 4135 in
963 4078 1081 4149 lege
1104 4075 1324 4147 quidem
1356 4069 1586 4139 scripta,
1620 4066 1714 4121 sed
1744 4074 1926 4118 tamen
1964 4064 2017 4116 in
2052 4056 2359 4124 Evangeliis
2384 4052 2727 4111 observanda
2764 4059 2930 4117 sunt,
2964 4065 3152 4108 seruio
3173 4060 3491 4117 moveatur;
3539 4063 3591 4105 et
3621 4065 3746 4105 cum

478 4144 614 4236 haec.
643 4144 939 4248 patuieriut,
968 4144 1095 4224 tunc
1120 4144 1234 4238 iam
1264 4164 1395 4234 quid
1420 4162 1472 4217 in
1496 4161 1577 4215 eis
1625 4159 1789 4213 etiam
1840 4151 2163 4225 spiritaliter
2186 4147 2377 4205 sentiri
2410 4147 2629 4213 debeat,
2664 4148 3047 4216 requiremus;
3076 4153 3201 4201 sunt
3231 4145 3376 4199 enim
3403 4146 3495 4213 qui
3550 4148 3628 4197 ita
3664 4144 3749 4196 di-

477 4254 623 4334 cant,
645 4234 775 4337 quia
811 4263 855 4317 si
892 4259 1098 4329 aliquid
1121 4234 1364 4312 vomnino
1384 4251 1793 4310 observandum
1817 4256 1903 4303 est
1924 4242 2220 4301 secundum
2249 4243 2511 4303 litteram,
2540 4255 2639 4294 cur
2686 4250 2794 4293 non
2840 4247 2895 4293 et
2928 4248 3122 4293 cuncta
3152 4237 3487 4292 seruentur?
3513 4234 3570 4289 δι
3621 4251 3752 4291 vero

479 4342 549 4417 ad
582 4328 879 4431 spiritalem
915 4328 1329 4423 intelligentiam
1363 4354 1484 4417 qua:
1509 4344 1591 4399 lex
1620 4344 1887 4407 continet,
1916 4336 2203 4393 referenda
2236 4347 2386 4400 sunt,
2432 4331 2575 4387 nihil
2609 4332 2833 4386 omnino
2886 4332 3187 4386 secundum
3219 4329 3481 4391 litteram,
3504 4328 3600 4381 sed
3637 4330 3748 4395 spi-

485 4420 716 4509 ritaliter
747 4449 944 4503 debent
979 4420 1231 4499 universa
1264 4439 1524 4495 discerni.
1557 4437 1668 4492 Nos
1696 4452 1830 4490 vero
1866 4435 2153 4502 utriusque
2179 4430 2506 4486 assertionis
2533 4424 2880 4483 insolentiam
2914 4433 3313 4495 temperantes,
3337 4420 3514 4491 qualis
3564 4422 3750 4491 regula

485 4553 535 4601 in
572 4543 945 4615 hujuscemodi
980 4540 1116 4610 legis
1147 4534 1493 4592 sermonibus
1522 4529 1862 4587 observanda
1901 4528 1996 4590 sit,
2027 4543 2093 4581 ex
2134 4526 2465 4579 auctoritate
2489 4521 2798 4577 divinarum
2843 4518 3254 4587 Scripturarntn
3291 4512 3539 4584 proferre
3578 4522 3754 4567 tenta-

485 4645 679 4697 bimus.
731 4659 749 4691 ι
787 4637 875 4691 Illa
908 4648 1089 4689 autem
1135 4647 1297 4701 quam
1339 4627 1573 4697 prol'ert,
1605 4622 1792 4692 regula
1848 4620 2101 4689 sequenti
2166 4618 2517 4673 distinetioue
2554 4614 2796 4668 nititur:
2854 4611 3203 4681 Qumcuuque
3263 4608 3421 4676 legis,
3470 4605 3753 4676 praecepti,

485 4730 807 4793 testimonii,
840 4724 1102 4788 mandati,
1132 4719 1385 4791 iustitiae,
1413 4714 1630 4786 iudicii,
1654 4722 1788 4777 etc.,
1822 4712 2045 4766 vocibus
2074 4710 2483 4778 exprimuntur,
2507 4721 2567 4758 ea
2593 4706 2773 4759 omnia
2806 4719 2911 4757 non
2937 4710 3065 4757 sunt
3093 4701 3236 4754 inter
3271 4715 3329 4753 se
3350 4698 3752 4752 confundenda.

487 4830 639 4884 Licet
658 4825 803 4879 enim
836 4815 1317 4876 indiscriminatim
1349 4811 1574 4866 nomine
1607 4806 1744 4877 legis
1778 4805 2173 4876 signiﬁcentur,
2202 4803 2345 4857 aliud
2379 4814 2556 4857 tamen
2588 4811 2670 4854 est
2705 4798 2815 4864 lex,
2848 4797 2995 4853 aliud
3025 4796 3363 4855 mandatum,
3384 4805 3488 4849 etc.
3525 4795 3755 4860 Aposto-

489 4925 576 4979 lus
610 4918 828 4989 quidem
871 4914 1040 4981 legent
1066 4908 1313 4963 umbratn
1338 4918 1459 4957 esse
1485 4901 1639 4953 docet
1672 4900 1979 4951 futurorum
2014 4893 2277 4949 bonorum
2302 4898 2344 4957 ’,
2371 4905 2428 4947 at
2457 4908 2561 4947 non
2592 4894 2721 4947 item
2758 4890 3093 4956 mandatum,
3127 4901 3238 4943 etc.
3297 4886 3435 4941 llinc
3492 4887 3757 4955 Origenes

485 5016 645 5068 infert
670 5007 932 5080 quidquid
967 5004 1106 5071 legis
1136 4998 1356 5054 nomine
1386 4997 1438 5049 iit
1467 4992 1747 5048 Mosaieis'
1775 4989 1927 5044 libris
1954 4987 2297 5058 exprimitur,
2340 4986 2391 5040 id
2448 4994 2621 5040 totum
2666 4984 2905 5055 mystico
2948 4996 3109 5036 sensu
3164 4977 3546 5048 expmtendum
3596 4993 3753 5040 esse;

484 5124 642 5163 secus
670 5121 797 5158 vero
832 5098 1093 5171 quidquid
1128 5092 1390 5154 mandati,
1423 5087 1741 5149 testimonii,
1797 5081 2285 5154 jtistitia:,judicii,
2325 5087 2458 5143 clc.,
2514 5077 2740 5133 vocibus
2773 5075 3102 5129 declaratur.
3165 5089 3185 5123 ι
3228 5070 3351 5124 llaec
3388 5085 3519 5137 ergo
3542 5069 3756 5137 singula

487 5200 687 5267 (inquit
707 5164 895 5251 eadem
932 5164 1198 5258 humilia),
1231 5201 1350 5255 qua:
1386 5195 1729 5252 nequaquam
1774 5182 2077 5233 secundum
2125 5176 2363 5229 litteram
2416 5172 2758 5227 observanda
2800 5185 2919 5223 esse
2969 5168 3098 5221 dicit
3129 5164 3443 5235 Apostolus,
3508 5164 3755 5216 invenies

486 5256 667 5349 omnia
708 5294 821 5347 fere
874 5288 1010 5357 apud
1046 5256 1283 5355 Moysen:
1307 5282 1406 5336 sub
1466 5280 1596 5349 legis
1651 5274 1806 5330 titulo
1856 5274 2148 5342 designari.
2204 5269 2324 5323 .Iutn
2360 5284 2495 5322 vero
2541 5268 2586 5320 si
2646 5266 2696 5319 in
2735 5280 2801 5319 eo
2839 5263 2981 5331 quod
3012 5260 3149 5316 dicit
3184 5276 3199 5313 :
3240 5256 3365 5311 Non
3395 5258 3617 5318 occides,
3654 5269 3755 5305 non

488 5391 809 5445 adulterium
842 5389 1027 5457 facies,
1056 5402 1157 5437 non
1186 5380 1447 5450 [uraberis
1470 5378 1512 5441 ³,
1544 5384 1599 5429 et
1622 5374 1831 5442 reliqua
1865 5370 2203 5437 huiusmodi,
2230 5381 2334 5419 nou
2365 5363 2611 5418 invenies
2639 5361 2894 5430 quoniam
2931 5358 3063 5425 legis
3097 5356 3311 5409 titulum
3355 5355 3408 5408 In
3444 5356 3510 5408 iis
3538 5351 3753 5422 praemi-

488 5486 641 5549 serit,
674 5482 766 5536 sed
816 5482 984 5547 magis
1035 5478 1150 5529 lucc
1194 5472 1446 5526 mandata
1479 5470 1753 5529 videntur,
1786 5476 1838 5519 et
1864 5465 1985 5517 ideo
2019 5476 2127 5513 non
2162 5458 2476 5511 exiuanilur
2502 5456 2641 5523 apud
2680 5452 2974 5521 discipulos
3000 5449 3275 5517 Evangelii
3324 5447 3590 5515 scriptura
3631 5448 3756 5497 ista.

490 5580 584 5632 sed
627 5573 975 5641 adimpletur,
1002 5570 1149 5635 quia,
1180 5575 1237 5617 ιιι
1261 5565 1396 5626 dixi,
1428 5574 1535 5615 non
1578 5556 1919 5617 mandatum,
1959 5551 2054 5604 sed
2083 5551 2165 5603 lex
2199 5548 2401 5600 dicitur
2455 5545 2653 5599 habere
2688 5544 2934 5596 umbram
2984 5545 3290 5595 luturorum
3354 5542 3643 5621 bonorum.
3694 5538 3759 5592 Et

492 5672 614 5725 ideo
643 5676 756 5721 haec
786 5664 891 5717 ttob
916 5679 939 5715 s
969 5661 1261 5713 secundum
1296 5658 1532 5709 litteram
1566 5647 1920 5706 custodienda
1950 5653 2101 5697 sunt.
2129 5640 2268 5706 Quid
2298 5655 2437 5710 Opus
2465 5648 2546 5693 est
2578 5640 2631 5691 iu
2666 5637 2751 5691 his
2778 5636 3091 5705 allegoriam
3124 5648 3394 5705 qumrere,
3453 5646 3578 5685 cum
3627 5632 3760 5685 acdi-

568 5852 583 5881 ¹
625 5848 787 5902 llehr.
827 5861 944 5910 \‘ltl,
982 5844 1033 5898 5.
1112 5844 1127 5871 ²
1161 5839 1329 5892 llcbr.
1377 5851 1428 5899 ι,
1470 5834 1519 5889 l.
1596 5828 1817 5902 “‘Exod.
1851 5842 1939 5891 xx,
1978 5825 2043 5878 l3
2094 5838 2245 5893 seqq.
