4138 6472
386 451 454 504 15
1641 443 2018 504 ΡΒᾸΕΡΑἸῚΘ

2052 447 2143 502 AD
2177 447 2345 504 TOM.
2383 448 2446 503 ll.
3587 459 3653 512 μ

383 567 507 618 licet
528 562 691 617 etiam
722 557 940 614 littera?
967 554 1325 613 Ostendimus
1360 568 1494 624 ergo
1524 555 1773 625 quaedam
1805 571 1928 611 esse
1958 568 2078 625 quae
2106 558 2329 612 omnino
2370 572 2478 612 non
2545 570 2672 613 sunt
2727 563 2993 617 servanda
3050 565 3350 620 secundum
3412 570 3650 622 litteram

383 660 536 729 legis,
559 667 613 713 et
639 673 761 714 esse
796 657 1041 725 quaedam
1071 670 1190 723 quae
1218 653 1474 722 allegoria
1509 653 1722 721 penitus
1774 653 2063 707 immutare
2093 662 2199 707 non
2247 653 2430 718 debet,
2459 655 2554 709 sed
2585 656 2811 711 omnino
2866 658 2937 711 ita
2996 669 3053 713 ιιι
3105 659 3405 727 Scriptura}
3465 666 3530 716 de
3588 665 3655 719 iis

380 755 685 818 centiueut,
720 748 1063 808 observanda
1089 759 1236 803 sunt.
1277 748 1430 803 Nunc
1465 747 1703 817 requiro,
1745 748 1790 801 si
1845 756 1970 802 sunt
2006 747 2188 818 aliqua
2222 760 2344 817 qua:
2372 760 2429 805 et
2468 754 2767 805 secundum
2810 753 3043 809 litteram
3092 757 3311 825 quidem
3346 768 3493 813 stare
3525 773 3655 829 pos-

380 855 531 910 sunt,
564 843 871 899 necessario
898 851 1078 895 tamen
1112 841 1166 895 in
1198 841 1281 895 eis
1308 838 1566 909 allegoria
1609 840 1961 909 requirenda.
1994 860 2012 892 ι
2048 842 2387 910 Argmncnto
2428 853 2509 895 est
2539 844 2586 896 ei
2618 855 2728 897 tum
2758 844 2889 898 illud
2920 847 3062 913 quod
3095 849 3160 901 de
3193 851 3538 904 matrimonio
3571 855 3656 909 die

380 953 524 998 ctum
557 954 717 1009 e5t,et
739 943 807 998 ad
836 942 1021 998 Jesum
1051 952 1212 1010 atque
1241 941 1541 996 Ecclesium
1572 940 1640 993 ab
1674 939 1936 1009 Apostolo
1958 941 2216 1006 refertur,
2254 950 2367 994 tum
2402 940 2628 1021 historia
2663 943 2850 997 lsmael
2878 953 2932 997 et
2974 945 3143 1009 lsaac,
3194 947 3340 1015 Agar
3363 958 3416 1002 et
3474 946 3649 1013 Sarus,

381 1054 502 1105 qua:
531 1039 822 1107 allegorice
855 1038 921 1092 ab
944 1040 1133 1093 eodem
1161 1036 1421 1107 Apostolo
1449 1039 1746 1105 exponitur
1776 1054 1788 1089 ε
1819 1047 1933 1090 tum
1980 1030 2163 1090 subdit
2197 1052 2211 1089 :
2257 1054 2275 1085 ι
2314 1035 2691 1104 Ostendimus,
2721 1045 2781 1092 ut
2815 1040 3033 1109 opinor,
3083 1042 3412 1099 auctoritate
3454 1044 3651 1099 divina:

380 1132 700 1200 Scriptus-aa,
732 1149 798 1187 ex
828 1133 895 1189 iis
925 1148 1042 1202 qua:
1080 1133 1131 1187 in
1165 1133 1284 1202 lege
1305 1133 1508 1200 scripta
1547 1141 1699 1196 smit,
1724 1131 1900 1201 aliqua
1935 1131 2154 1200 penitus
2178 1129 2503 1202 refugienda
2528 1148 2673 1197 esse,
2699 1142 2753 1188 et
2779 1136 3041 1200 cavenda,
3075 1148 3143 1192 ne
3173 1140 3470 1194 secundum
3502 1140 3651 1196 litte-

380 1237 495 1274 ram
525 1222 593 1275 ab
622 1223 898 1293 Evangelii
932 1224 1211 1294 discipulis
1246 1224 1643 1287 observentur;
1671 1224 1919 1291 quasdam
1946 1236 2075 1277 vero
2113 1222 2427 1277 omnimode
2454 1236 2511 1278 ut
2549 1225 2749 1295 scripta
2798 1236 2925 1281 sunt
2964 1228 3250 1283 obtinenda
3285 1246 3301 1297 ;
3330 1230 3432 1286 alia
3472 1244 3649 1286 autem

380 1314 581 1369 habere
606 1316 823 1384 quidem
856 1318 1150 1371 secundum
1190 1317 1432 1371 litteram
1462 1317 1749 1369 veritatem
1780 1316 1888 1379 sui,
1925 1316 2166 1381 recipere
2195 1326 2376 1372 tamen
2412 1319 2618 1373 utiliter
2660 1326 2716 1374 et
2766 1322 3077 1375 necessario
3102 1323 3265 1376 etiam
3293 1324 3647 1396 allegoricum

376 1421 615 1461 sensum.
657 1407 773 1480 Erit
805 1423 936 1477 ergo
964 1407 1074 1478 jam
1098 1408 1357 1477 sapientis
1380 1407 1573 1461 scriba:
1602 1415 1658 1459 et
1685 1406 1864 1460 edocti
1892 1407 1958 1460 de
1995 1421 2161 1475 regno
2191 1406 2305 1475 Dei,
2344 1410 2435 1477 qui
2476 1410 2616 1465 sciat
2664 1411 2732 1466 de
2783 1414 3055 1468 thesauris
3095 1412 3179 1467 his
3210 1416 3458 1483 proferre
3510 1430 3648 1473 nova

374 1510 429 1553 et
462 1508 643 1552 vetera
665 1543 679 1565 ,
708 1499 1221 1569 scirequomodoin
1264 1513 1592 1567 unoquoque
1630 1498 1751 1552 loco
1785 1497 2086 1567 Scriptura:
2112 1511 2204 1554 aut
2230 1498 2451 1567 abjiciat
2480 1503 2695 1570 penitus
2724 1504 3063 1560 occidentem
3097 1505 3355 1572 litteram,
3392 1520 3483 1564 aut
3506 1527 3641 1565 con-

374 1588 887 1645 ﬁrmetomnimode
915 1600 974 1645 ut
1014 1591 1313 1651 utilem,ac
1379 1590 1743 1645 necessariam
1779 1591 1971 1661 probet
1994 1590 2188 1646 littera
2227 1595 2565 1657 doctrinam;
2607 1605 2720 1659 aut,
2770 1608 3024 1653 manente
3050 1598 3303 1665 historia,
3339 1614 3647 1671 opportune

371 1692 427 1733 et
456 1681 715 1735 rlecenter
746 1682 1055 1739 introducat
1096 1683 1259 1736 etiam
1293 1683 1587 1753 mysticum
1622 1697 1901 1737 sensuum
1939 1682 2004 1737 Et
2040 1687 2231 1753 paucis
2262 1686 2602 1756 iuterjectis:
2636 1707 2653 1739 ι
2686 1688 2854 1757 lgitttr
2881 1706 2945 1745 cx
2979 1693 3063 1746 his
3120 1707 3239 1760 qua:
3299 1696 3645 1764 protulimus,

368 1778 579 1846 paucis,
608 1778 651 1829 si
679 1778 769 1842 qui
813 1786 939 1830 sunt
984 1778 1213 1831 studiosi
1253 1779 1304 1829 in
1334 1778 1633 1847 Seripturis
1656 1779 1873 1841 divinis,
1917 1779 2172 1845 perfacile
2203 1781 2456 1844 colligere
2484 1793 2734 1851 poterunt
2758 1784 2924 1838 etiam
2970 1793 3299 1841 cazterorum
3331 1789 3646 1843 distinctio-

371 1888 486 1926 nes.
525 1872 756 1941 Sapiens
782 1873 925 1933 enim
954 1874 998 1927 si
1037 1874 1243 1936 audiat,
1274 1874 1475 1942 inquit,
1515 1875 1761 1939 verbum,
1791 1892 1896 1929 non
1930 1877 2107 1930 solum
2136 1876 2401 1943 laudabit,
2427 1880 2523 1933 sed
2555 1888 2610 1931 et
2644 1879 2860 1946 adjiciel
2892 1878 2958 1932 ad
2997 1878 3147 1932 illud.
3189 1878 3329 1945 Quid
3373 1879 3591 1949 adjiciet
3622 1882 3648 1937 ?

374 1968 441 2023 Ut
468 1971 720 2024 discutiat
748 1979 801 2024 et
826 1971 1101 2024 discernat
1128 1971 1178 2023 in
1203 1970 1436 2040 singulis
1465 1972 1769 2039 quibusque
1795 1971 2052 2039 capitulis
2085 1972 2245 2042 legis,
2278 1971 2366 2026 ubi
2455 1973 2708 2043 fugienda
2742 1974 2813 2026 sit
2850 1973 2982 2043 legis
3024 1973 3201 2026 liltera
3230 2013 3245 2036 ,
3291 1976 3381 2029 ubi
3436 1977 3641 2046 ample-

378 2064 602 2130 ctenda,
633 2065 724 2118 ubi
765 2064 926 2119 etiam
965 2066 1204 2119 narratio
1238 2066 1480 2119 historia:
1508 2082 1631 2119 cum
1676 2067 1903 2136 mystica
1946 2068 2285 2136 expositione
2316 2069 2622 2122 conveniat.
2664 2068 2913 2124 Christus
2953 2069 3097 2122 enim
3136 2084 3235 2123 nos
3286 2070 3518 2124 redemit
3576 2073 3646 2126 de

365 2153 657 2209 maledicto
680 2154 834 2224 legis,
865 2172 971 2210 non
1009 2172 1109 2210 nos
1139 2156 1373 2211 redemit
1412 2158 1478 2209 de
1503 2157 1792 2212 maledicto
1825 2140 2086 2223 mandati,
2132 2173 2231 2213 nec
2262 2163 2328 2213 de
2357 2158 2643 2213 maledicto
2670 2160 2988 2223 testimonii,
3028 2175 3128 2214 nec
3152 2159 3219 2215 de
3242 2162 3529 2215 maledicto
3557 2162 3644 2233 ju-

354 2246 650 2308 ‘diciorum,
677 2248 771 2301 sed
804 2250 869 2301 de
906 2248 1197 2303 maledicto
1237 2248 1404 2316 legis;
1436 2249 1615 2314 idest,
1648 2264 1714 2303 ne
1743 2249 1973 2318 subjecti
1998 2266 2246 2304 essemus
2275 2251 2679 2305 circutncisioni
2713 2248 2920 2316 carnis,
2956 2262 3056 2306 nec
3093 2252 3463 2305 observationi
3501 2256 3641 2307 Sab-

363 2338 644 2403 butorum,
676 2341 904 2411 aliisque
931 2342 1119 2395 horum
1143 2342 1437 2411 similibus,
1465 2359 1585 2413 quae
1614 2361 1721 2399 non
1755 2345 1807 2398 in
1843 2344 2136 2410 mandatis,
2171 2348 2265 2401 sed
2292 2346 2346 2400 in
2380 2347 2502 2415 lege
2528 2347 2784 2401 discenda
2815 2356 2947 2401 sunt
2978 2347 3306 2402 contineri.»
3345 2348 3420 2402 Ex
3448 2350 3639 2402 horum

362 2433 751 2501 principiorum
785 2435 925 2489 serie
951 2434 1236 2506 Origenes,
1261 2437 1480 2505 quando
1512 2448 1835 2493 accuratum
1860 2440 1926 2493 de
1967 2439 2202 2507 mystico
2242 2453 2405 2494 sensu
2434 2438 2635 2494 habere
2676 2438 2789 2492 vult
2819 2450 3153 2502 sermonem,
3201 2440 3427 2495 vocibus
3468 2440 3641 2494 utitur

363 2526 516 2578 valde
541 2527 829 2590 restrictis,
857 2538 913 2580 ut
940 2544 1063 2581 cum
1092 2529 1316 2583 bomilia
1356 2530 1544 2597 quinta
1584 2529 1636 2583 in
1664 2520 1967 2583 Leviticum
2008 2530 2084 2584 ait
2109 2529 2450 2597 Scripturam
2488 2549 2505 2582 ι
2553 2531 2800 2599 quantam
2830 2531 2881 2583 in
2923 2543 2987 2585 se
3012 2528 3258 2585 caelestia
3294 2532 3631 2597 continere,»

359 2628 416 2671 et
440 2618 531 2675 lib.
559 2634 613 2672 tv
629 2619 707 2672 De
735 2621 1030 2689 principiis,
1069 2638 1087 2671 ‹
1124 2621 1561 2689 dispensationes
1586 2618 1850 2690 quasdam
1882 2621 2139 2691 mystieas
2167 2620 2396 2675 iudicari
2427 2634 2525 2689 per
2556 2621 2925 2690 Scripturasa
3488 2632 3491 2635 λ

1067 2738 1258 2792 Αιιῐιο.
1423 2751 1488 2791 DE
1513 2752 1809 2791 υτιιιτΑτΕ
1848 2753 1918 2792 ΕΤ
1951 2751 2304 2790 ΡΒΕὸΤΑΝΐΙᾹ
2341 2750 2533 2790 SENSUS
2572 2751 2916 2793 LITTERALIS.

432 2850 510 2905 Ex
549 2852 783 2922 Origene
813 2852 907 2908 lib.
935 2866 987 2906 tv
1016 2852 1090 2906 De
1116 2853 1411 2922 principiis,
1444 2866 1596 2908 num.
1630 2852 1721 2917 12,
1748 2851 2040 2907 litteralem
2075 2866 2299 2906 sensum
2339 2868 2357 2901 ι
2395 2852 2560 2905 etiam
2590 2866 2685 2920 per
2710 2867 2769 2906 se
2800 2851 2987 2905 utilem
3012 2866 3133 2907 esse
3183 2860 3363 2921 pesse,
3399 2863 3633 2908 testatur

358 2952 547 2998 eorum
580 2945 864 2999 multitudo
895 2947 985 3015 qui
1024 2945 1254 3015 ingenue
1292 2951 1347 2999 et
1369 2944 1691 3014 simpliciter
1716 2944 2094 2999 crediderunt.
2137 2962 2155 2993 ι
2201 2940 2405 2995 Ibidem
2436 2943 2535 2995 sub
2563 2942 2725 2996 linem
2758 2957 2908 2997 num.
2946 2942 3035 3006 Η,
3066 2953 3357 3012 postquam
3389 2942 3631 3012 singula-

362 3038 454 3089 ιὶιιι
490 3041 767 3093 enarravit
800 3041 852 3094 in
884 3053 994 3109 quo
1036 3040 1287 3095 litteralis
1320 3056 1514 3094 sensus
1553 3041 1839 3105 consistat,
1862 3040 1943 3094 sic
1966 3039 2247 3093 concludit
2276 3055 2289 3091 :
2322 3058 2339 3090 ι
2372 3038 2425 3090 id
2453 3038 2598 3091 enim
2618 3038 2949 3107 propositum
2978 3037 3098 3102 fuit,
3124 3047 3183 3091 ut
3210 3042 3383 3108 ipsum
3413 3055 3633 3109 quoque

298 3198 301 3201 _
358 3130 729 3196 spiritualium
763 3133 1165 3194 indumentum,
1201 3131 1254 3186 id
1287 3142 1388 3194 est,
1417 3134 1560 3201 quod
1594 3133 1644 3186 in
1678 3131 1981 3202 Scripturis
2010 3144 2339 3200 corporeum
2371 3137 2478 3191 est.
2519 3129 2573 3183 in
2606 3130 2791 3184 multis
2824 3146 2927 3184 non
2954 3128 3024 3183 sit
3055 3130 3265 3193 inutiie,
3302 3132 3395 3185 sed
3432 3133 3629 3187 uiuitos

356 3224 555 3292 pessit,
590 3234 855 3292 quantum
886 3240 1118 3295 capaces
1145 3235 1294 3287 sunt,
1320 3227 1573 3280 meliores
1620 3224 1857 3279 edicere.
1898 3241 1916 3273 ι
1952 3222 2155 3277 Eodem
2191 3220 2311 3275 fere
2350 3220 2511 3273 modo
2540 3219 2864 3274 diluitCelsi
2893 3220 3194 3276 calumnias
3221 3221 3315 3275 lib.
3351 3238 3403 3275 tv
3429 3236 3626 3278 contra

358 3317 731 3386 impudentem
795 3317 943 3371 illum
1002 3317 1370 3387 Epicureum,
1407 3316 1651 3371 tiutn.49
1695 3336 1709 3370 :
1748 3335 1765 3367 ι
1804 3314 1957 3381 Quod
2009 3314 2055 3369 si
2107 3313 2351 3381 legisset,
2398 3311 2593 3381 inquit,
2650 3321 2864 3367 nostras
2930 3327 3087 3380 teque
3148 3313 3329 3368 animo
3384 3315 3629 3384 Scriptu-

360 3425 466 3471 ras,
500 3427 603 3463 non
638 3410 865 3464 dixisset
896 3410 1082 3480 utique
1107 3424 1195 3464 eas
1226 3426 1329 3463 non
1354 3426 1505 3476 posse
1537 3410 1851 3478 allegoriam
1899 3410 2032 3476 pati.
2091 3406 2279 3475 Neque
2308 3405 2454 3459 enim
2487 3418 2553 3459 ex
2585 3403 2808 3458 historia
2841 3403 2976 3473 ipsa,
3008 3404 3102 3458 sed
3136 3421 3203 3458 ex
3240 3407 3543 3475 propltctiis
3577 3411 3627 3461 in

354 3502 551 3568 quibus
575 3501 815 3556 historia:
850 3510 1161 3566 narrantur,
1186 3512 1520 3570 cognoscere
1550 3511 1634 3554 est
1664 3512 1785 3568 qua:
1817 3501 1925 3553 sint
1956 3498 2215 3562 hiatoriae,
2259 3512 2382 3566 qua:
2408 3511 2473 3552 eo
2506 3496 2612 3549 line
2643 3494 2858 3563 scripta:
2882 3505 3008 3549 sunt
3064 3505 3120 3550 ut
3146 3497 3420 3567 allegoriis
3446 3500 3626 3566 expli-

355 3596 613 3649 carentur
649 3614 663 3651 :
693 3595 836 3665 quod
863 3596 1268 3665 sapientissime
1301 3598 1580 3665 provisum
1610 3604 1715 3658 est,
1766 3605 1824 3647 ut
1875 3602 1929 3647 et
1980 3592 2212 3661 simplici
2250 3589 2490 3644 tidelium
2522 3589 2702 3659 vulgo,
2730 3597 2786 3641 et
2815 3588 2882 3641 iis
2913 3588 3103 3656 paucis
3137 3589 3626 3660 convenirent,q-d

355 3705 443 3744 res
478 3690 643 3743 altius
666 3692 720 3744 et
757 3692 1054 3760 prudenter
1082 3688 1319 3743 serutari
1354 3687 1573 3749 vellent,
1606 3696 1700 3739 aut
1737 3692 2020 3755 possent.)
2053 3684 2117 3737 Et
2145 3681 2282 3737 libro
2317 3681 2512 3748 primo,
2549 3695 2699 3733 num.
2734 3678 2795 3733 18
2828 3697 2843 3732 :
2880 3680 3061 3749 (Age,
3107 3679 3283 3745 Celse,
3338 3682 3522 3750 profer
3571 3685 3623 3738 in

356 3784 588 3837 medium
616 3783 760 3847 Lini,
797 3780 1001 3846 Musaei,
1028 3779 1229 3848 Orphei
1265 3788 1542 3849 poemata,
1572 3787 1627 3833 et
1660 3778 1985 3849 Pherecydis
2039 3775 2341 3830 historiam.
2375 3774 2640 3841 Compara
2680 3773 2794 3825 hzec
2827 3773 3032 3841 scripta
3092 3789 3214 3827 cum
3249 3774 3450 3845 Moysis
3487 3776 3625 3844 legi—

353 3879 473 3942 bus,
516 3876 733 3929 illorum
757 3874 1015 3929 historias
1051 3889 1173 3929 cum
1203 3874 1319 3942 ejus
1350 3873 1620 3937 historiis,
1653 3870 1892 3927 murales
1917 3871 2133 3925 illorqu
2183 3866 2404 3938 regulas
2439 3882 2563 3922 cum
2609 3864 2724 3933 ejus
2757 3865 2971 3935 legibus
3002 3874 3057 3921 et
3082 3868 3388 3936 praeceptis.
3421 3866 3620 3923 Consi-

352 3971 483 4024 dera
513 3978 631 4023 ntra
658 3969 769 4023 sola
797 3969 1027 4024 lectione
1051 3969 1328 4022 auditores
1361 3982 1389 4020 a
1427 3966 1576 4019 vitiis
1609 3978 1868 4027 avocare,
1896 3972 2018 4016 utra
2037 3946 2089 4015 in
2115 3976 2341 4030 pravum
2370 3960 2627 4014 indurare
2666 3959 2837 4028 magis
2865 3958 3104 4011 valeant.
3132 3958 3195 4013 Et
3226 3960 3413 4013 animo
3444 3971 3620 4015 tecum

352 4060 527 4128 cogita
572 4069 695 4113 tuos
725 4058 846 4111 illos
877 4060 1171 4126 scriptores
1202 4057 1403 4109 nullam
1435 4067 1573 4123 pene
1615 4054 1923 4121 vulgarium
1966 4052 2230 4105 lectorum
2290 4048 2547 4104 habuisse
2598 4050 2892 4111 rationem,
2940 4048 3032 4102 sed
3072 4063 3227 4102 suam
3273 4049 3339 4102 iis
3384 4044 3515 4103 solis
3569 4063 3629 4104 ut

358 4166 517 4203 vocas
547 4150 939 4219 philosophiam
975 4148 1404 4217 scripsisse,an
1443 4146 1761 4215 tropologiis
1794 4146 1942 4196 illam
1986 4143 2377 4212 alleget-iisque
2420 4142 2767 4210 interpretari
2814 4141 3037 4195 scirent.
3069 4142 3140 4194 At
3192 4140 3408 4211 Moyses
3483 4142 3629 4197 haud

353 4263 511 4299 secus
539 4252 602 4297 ac
632 4254 892 4298 strenuus
921 4253 1130 4305 orator,
1166 4242 1257 4310 qui
1293 4242 1528 4309 aliquam
1560 4240 1781 4292 dicendi
1815 4238 2048 4306 figuram
2083 4236 2379 4289 meditatus
2416 4236 2622 4288 nttllum
2661 4234 2887 4288 verbum
2922 4233 3130 4303 profert
3157 4235 3304 4303 quod
3348 4238 3617 4305 duplicem

350 4354 570 4392 Sensum
604 4339 806 4391 habere
844 4352 949 4389 non
982 4336 1173 4405 possit,
1220 4336 1269 4387 in
1303 4334 1416 4386 suis
1442 4332 1684 4398 quinque
1708 4328 1863 4382 libris
1897 4329 2145 4381 eannlem
2178 4326 2494 4380 observavit
2519 4324 2759 4395 regulam
2790 4364 2805 4387 ,
2854 4325 2924 4377 ita
2962 4337 3022 4377 ut
3061 4339 3232 4393 neque
3293 4327 3627 4382 multitudini

349 4433 659 4486 .ludaeorum
682 4431 775 4502 qui
808 4429 924 4498 ejus
956 4430 1166 4498 legibus
1198 4427 1551 4496 regebantur,
1585 4422 1799 4475 dederit
1831 4422 1884 4474 in
1924 4420 2165 4473 moribus
2192 4418 2452 4488 peccandi
2507 4417 2719 4483 locum;
2762 4431 2937 4485 neque
2970 4417 3348 4487 sagacioribus
3395 4416 3620 4472 lectori-

350 4530 451 4583 bus
480 4530 569 4597 qui
610 4529 718 4580 rari
745 4535 893 4591 sunt,
933 4521 1367 4595 legis-latorisque
1400 4518 1739 4570 voluntatem
1771 4515 2027 4582 indagare
2055 4512 2387 4576 volentibus,
2421 4511 2613 4565 altiora
2646 4509 3026 4579 perscrulaudi
3058 4508 3284 4563 materia
3320 4510 3571 4565 defuerit.
3600 4531 3617 4561 ι

352 4624 412 4677 Et
443 4625 638 4676 iteruut
674 4620 771 4672 lib.
803 4633 875 4682 tv,
911 4629 1062 4669 num.
1089 4615 1158 4667 50
1191 4631 1206 4666 :
1243 4632 1262 4663 ι
1292 4608 1653 4680 Itreptissima,
1690 4609 1888 4675 inquit,
1923 4620 2032 4659 tuto
2062 4605 2243 4674 potius
2301 4604 2462 4673 impia
2495 4618 2613 4671 qua:
2651 4601 2823 4657 (ζιωυί
2874 4600 3097 4655 fabulati
3133 4613 3279 4656 sunt.
3308 4600 3499 4656 Nostra
3529 4620 3626 4658 au-

354 4732 458 4771 tem
484 4718 647 4770 etiam
676 4713 1069 4782 simpliciorum
1095 4706 1428 4761 multitudini
1467 4712 1596 4757 sunt
1635 4700 2045 4756 accouunodata
2084 4716 2099 4752 :
2140 4697 2239 4752 sed
2272 4696 2432 4764 hujus
2472 4696 2653 4764 captui
2681 4709 2739 4750 se
2783 4704 3154 4763 attetnperare
3204 4709 3308 4748 non
3365 4704 3627 4748 curarunt

350 4813 663 4866 Graecarunt
708 4805 1019 4858 fabularum
1045 4811 1318 4855 auctores.
1359 4798 1510 4853 Unde
1541 4814 1644 4851 non
1681 4797 1956 4850 immerito
1989 4810 2140 4850 esua
2174 4795 2449 4864 republica
2492 4791 2644 4847 Plato
2694 4789 2910 4843 fabulas
2954 4789 3219 4858 ejusmodi
3271 4798 3325 4843 et
3372 4799 3617 4858 poemata

353 4903 698 4957 esterminat.
742 4918 762 4949 ι

658 5022 848 5074 Anrtc.
892 5008 979 5072 iV.
1021 5028 1087 5071 DE.
1128 5031 1325 5072 racsrs.
1367 5028 1621 5069 nsunots
1659 5027 1836 5079 noun
1880 5022 2297 5068 turessmtuuus
2331 5020 2451 5072 ous;
2488 5020 2538 5062 IN
2581 5022 2641 5062 se
2678 5021 2951 5061 contum
2993 5020 3306 5060 SGRIPTUHA.

432 5138 541 5193 lloc
573 5150 656 5192 est
681 5139 930 5208 Origenis
959 5138 1282 5207 principium
1317 5139 1557 5190 onmium
1590 5134 1825 5188 maxime
1855 5132 2205 5202 stupendum,
2237 5131 2495 5199 quodque
2550 5127 2808 5195 majorem
2864 5141 3051 5180 secum
3103 5124 3394 5192 perniciem
3436 5122 3621 5177 affert.

357 5231 531 5298 Ipsum
565 5230 996 5284 iudiseriminate
1027 5232 1092 5281 ad
1120 5245 1336 5284 onmem
1365 5228 1730 5295 Scripturam,
1754 5228 1856 5280 hoc
1890 5236 1998 5286 est,
2020 5225 2085 5275 ad
2121 5232 2417 5290 utrumque
2451 5216 2865 5273 Testamentum
2884 5224 2938 5270 et
2970 5210 3037 5268 ad
3065 5213 3306 5283 singulas
3339 5213 3625 5281 utriusque

354 5326 691 5381 Testameuti
718 5337 920 5395 partes.
957 5328 1023 5380 ad
1051 5328 1219 5395 leges.
1244 5327 1311 5379 ad
1349 5335 1644 5394 prmcepta,
1676 5323 1742 5375 ad
1773 5320 2122 5376 narrationes
2153 5318 2470 5381 historicas,
2510 5323 2567 5369 et
2616 5315 2683 5368 ad
2719 5314 2866 5383 ipsas
2895 5321 3065 5381 usque
3097 5307 3409 5379 prophetias
3434 5320 3625 5363 exten-

354 5423 455 5474 dit.
490 5419 754 5485 Quoniam
802 5433 930 5472 vero
975 5418 1240 5486 prolixam
1276 5417 1513 5493 postulat
1558 5413 1823 5487 articulus
1862 5412 1966 5467 iste
2020 5412 2485 5480 disquisitionem,
2535 5406 2589 5462 in
2646 5407 2831 5477 plures
2866 5404 3018 5459 illum
3044 5402 3413 5473 paragraphos
3465 5417 3620 5457 seea-

356 5517 550 5568 bimus.

355 5627 382 5694 §
427 5628 462 5679 Ι.
497 5626 577 5679 Ex
607 5625 833 5697 Origene
868 5624 1147 5694 Scriptura
1171 5639 1325 5676 sacra
1358 5633 1465 5697 tam
1504 5617 1639 5697 Novi
1674 5634 1832 5697 quant
1881 5614 2421 5697 Vellerisfestqmenti
2447 5613 2737 5697 serpullum
2766 5608 3043 5666 litteraiem
3092 5618 3299 5661 sensum
3335 5604 3616 5672 intellecta,

1336 5690 1501 5743 nauita
1542 5684 1694 5742 habet
1722 5688 1883 5758 falsa.
1910 5685 2141 5739 absurda
2170 5696 2214 5737 et
2242 5684 2611 5752 impossibilia.

425 5809 761 5863 Paradoxum
795 5809 924 5862 illud
959 5808 1114 5863 nobis
1148 5802 1402 5876 proponit
1431 5803 1571 5857 libro
1599 5818 1652 5857 tv
1689 5801 1763 5855 De
1795 5800 2086 5868 principiis,
2129 5814 2277 5852 num.
2316 5798 2383 5851 15
2410 5807 2465 5851 et
2496 5796 2584 5862 16,
2612 5797 2696 5851 bis
2729 5796 2909 5849 verbis
2951 5812 2964 5847 :
3003 5813 3022 5846 ι
3068 5793 3332 5860 Quoniam
3368 5792 3411 5846 si
3473 5788 3606 5856 legis

353 5907 559 5961 utilitas
593 5918 647 5961 et
674 5908 932 5961 varietate
967 5904 1246 5959 obiectans
1286 5900 1526 5955 historiae
1558 5898 1731 5954 series
1759 5887 1963 5965 ubique
1994 5909 2052 5950 se
2093 5894 2371 5964 proderet,
2399 5907 2503 5947 non
2539 5892 2724 5959 utique
2760 5888 3183 5946 credidissemus
3244 5886 3387 5941 aliud
3452 5882 3615 5953 quid-
