4138 6448
470 390 495 449 ί
507 394 539 446 .‘5
1760 389 2104 449 PREFATH

2130 406 2136 439 ι
2175 396 2266 449 At)
2306 390 2467 451 TOM.
2510 392 2575 448 ιι.
3700 403 3764 459 ιδ

467 510 591 559 dam
632 515 831 576 przeter
873 505 925 559 id
964 503 1107 574 quod
1131 502 1352 559 obvium
1388 511 1495 570 est,
1527 504 1580 559 itt
1609 502 1921 575 Scripturis
1950 505 2184 576 intelligi
2214 520 2397 575 posse;
2436 505 2645 559 idcirco
2678 502 2772 559 Dei
2800 500 3036 557 Verbum
3063 505 3115 557 itt
3166 506 3283 574 lege
3319 520 3383 561 ac
3414 506 3643 562 historia
3674 514 3765 563 ln-

469 599 684 668 terponi
725 599 943 653 curavit
982 598 1309 653 olfendicula
1340 608 1397 654 et
1438 599 1802 667 impossibilia
1830 601 2109 669 quaedam.
2154 616 2220 654 ne
2250 598 2496 653 dictione
2522 596 2657 651 nihil
2678 606 2876 666 praeter
2908 596 3223 651 illecebram
3255 597 3493 654 habente
3521 599 3761 667 deliniti,

464 705 520 747 et
546 693 679 746 nihil
711 694 818 748 Deo
856 694 1081 762 dignum
1102 694 1475 756 addiscentes,
1510 694 1730 750 tandem
1770 708 1799 746 a
1828 694 2101 762 dogmatis
2128 694 2472 758 recedamus,
2515 702 2608 745 aut
2660 690 2814 745 nudae
2871 689 3071 745 littera:
3130 690 3348 761 penitus
3392 692 3759 756 adliceremus,

467 788 604 843 nihil
632 788 867 843 divinius
896 789 1287 858 percipiamus.
1326 787 1458 842 lllud
1494 797 1761 858 pra-terea
1784 789 2071 843 sciendum
2101 799 2185 843 est
2223 807 2236 843 :
2266 788 2402 843 Cum
2435 803 2503 843 eo
2538 786 2812 859 praecipue
2841 797 3049 857 spectet
3078 786 3173 841 Dei
3214 787 3453 842 Verbum
3485 798 3545 842 ut
3596 788 3760 842 intel-

473 880 711 947 ligentia:
732 882 1001 953 spiritalis
1028 883 1479 950 consequentiam
1503 882 1778 936 custodiat
1813 881 1867 936 in
1904 882 2065 937 rebus
2092 882 2264 953 gestis
2291 891 2345 935 et
2378 881 2635 951 gerendis
2665 919 2681 943 ,
2721 880 2815 934 ubi
2847 880 3143 935 secundum
3176 879 3461 935 historiam
3494 880 3764 950 qua-piam

466 976 674 1030 invenit
705 993 827 1047 qua:
852 978 1069 1031 arcanis
1101 976 1217 1030 istis
1240 976 1645 1030 accommodari
1672 986 1918 1044 possent,
1948 975 2058 1030 illis
2088 991 2220 1029 usus
2256 985 2365 1037 est,
2402 971 2589 1027 multis
2615 972 2898 1029 occultans
2922 973 3314 1028 abstrttsiorent
3346 990 3569 1029 sensum
3602 991 3616 1038 ;
3672 974 3763 1029 ubi

466 1083 595 1121 vero
629 1068 987 1136 explananda:
1017 1067 1090 1121 illi
1128 1066 1457 1135 spiritalium
1484 1068 1813 1121 connexiotti
1848 1083 1954 1121 non
1986 1066 2347 1120 conveniebat
2376 1075 2650 1121 certarum
2688 1067 3049 1135 quarumdam
3076 1081 3256 1120 rerum
3299 1067 3551 1133 historia,
3586 1071 3759 1124 inter-

462 1159 636 1213 seruit
666 1158 952 1227 Scriptura
990 1158 1232 1212 historia:
1259 1157 1403 1227 quod
1436 1159 1641 1213 factum
1677 1175 1782 1212 non
1810 1168 1953 1223 erat,
1980 1158 2089 1213 imo
2126 1158 2418 1227 aliquando
2443 1160 2585 1226 quod
2620 1157 2736 1211 ﬁeri
2780 1173 2883 1211 non
2913 1169 3162 1227 poterat;
3197 1160 3527 1230 quandoque
3577 1174 3762 1217 autem

463 1250 608 1318 quod
630 1260 851 1318 poterat
877 1250 1098 1319 quidem
1131 1248 1271 1312 lieri,
1300 1248 1393 1303 sed
1440 1258 1620 1303 tamen
1654 1246 1854 1301 factum
1893 1262 2001 1301 non
2034 1258 2139 1301 est.
2172 1248 2385 1301 Accidit
2416 1248 2581 1301 etiam
2615 1248 2915 1311 interdum,
2972 1259 3030 1301 ut
3070 1264 3259 1317 pauca:
3314 1251 3621 1317 intetjecta:
3648 1255 3761 1309 sint

463 1348 735 1402 dictiones
766 1346 1008 1412 veritati,
1042 1346 1086 1398 si
1119 1345 1189 1399 ad
1223 1360 1421 1415 corpus
1452 1354 1686 1413 spectes,
1726 1359 1831 1399 non
1863 1354 2273 1397 consentanem.
2306 1345 2401 1399 Est
2430 1343 2521 1397 ubi
2559 1343 2740 1397 multat
2776 1344 3087 1412 hujusmodi
3115 1356 3263 1399 sunt.
3295 1346 3438 1400 Idem
3468 1348 3582 1404 fere
3603 1351 3761 1421 judi-

461 1439 607 1493 cium
640 1438 706 1491 de
737 1438 853 1507 lege
882 1436 1169 1492 ferendum
1200 1445 1302 1502 est,
1338 1436 1427 1491 ubi
1464 1450 1609 1506 stupe
1634 1435 1911 1505 quidpiam
1950 1436 2222 1504 reperitur
2256 1451 2353 1505 per
2390 1450 2449 1489 se
2486 1435 2619 1489 utile
2642 1445 2693 1490 et
2718 1437 3059 1505 temporibus
3087 1436 3222 1507 legis
3252 1441 3623 1507 conveniens;
3653 1444 3763 1498 ali-

462 1531 684 1594 quando
712 1540 895 1585 autem
927 1529 1074 1583 trulla
1110 1539 1336 1600 apparet
1358 1530 1588 1583 utilitas.
1631 1530 1773 1596 Quin
1798 1539 1852 1583 et
1893 1529 2169 1583 interdum
2205 1530 2599 1598 prmcipiuntur
2631 1529 3016 1598 impossibilia,
3044 1543 3097 1585 et
3135 1532 3185 1585 id
3232 1535 3455 1603 quidem
3482 1552 3548 1590 eo
3570 1539 3759 1592 consi-

466 1625 563 1691 lio,
597 1626 767 1694 utqui
790 1627 1103 1696 sagaciores
1132 1636 1188 1679 et
1217 1627 1271 1680 in
1301 1641 1481 1680 rerum
1511 1626 1866 1694 inquisitione
1893 1626 2138 1679 acriores
2163 1635 2313 1689 sunt,
2356 1642 2477 1679 sese
2511 1642 2691 1678 rerum
2733 1627 3064 1696 scriptarum
3097 1631 3527 1685 consideratioui
3594 1644 3759 1703 atque

463 1717 869 1786 investigationi
910 1719 1130 1785 dantes,
1182 1718 1283 1773 sibi
1317 1718 1554 1772 maxime
1584 1721 1967 1785 persuadeant,
1999 1719 2220 1789 dignum
2261 1720 2367 1773 Deo
2411 1719 2463 1772 itt
2499 1719 2607 1773 illis
2633 1720 2795 1773 rebus
2820 1735 3038 1772 sensum
3087 1722 3259 1791 qumri
3309 1737 3585 1791 oportere.
3639 1726 3757 1781 Non

462 1810 639 1863 solum
672 1820 855 1863 autent
889 1810 956 1864 de
999 1810 1065 1864 iis
1091 1826 1209 1878 qua:
1244 1812 1535 1865 adventum
1562 1810 1763 1867 Christi
1798 1821 2218 1880 praeesset-unt,
2243 1810 2358 1866 hzec
2382 1811 2620 1881 Spiritus
2648 1820 2872 1865 sanctus
2898 1812 3234 1878 procuravit,
3266 1816 3360 1867 sed
3397 1825 3582 1885 utpote
3614 1818 3760 1873 idem

462 1905 623 1958 unius
650 1904 1006 1973 ejusdemque
1054 1904 1143 1959 Dei
1179 1905 1439 1974 Spiritus,
1468 1906 1608 1961 idem
1646 1906 1699 1958 in
1724 1904 2037 1975 Evangeliis
2067 1916 2123 1959 et
2158 1905 2533 1973 apostolorum
2564 1905 2785 1972 scriptis
2812 1903 2939 1958 fecit
2968 1918 2982 1957 :
3013 1920 3136 1958 cum
3186 1921 3283 1959 nec
3332 1907 3420 1961 illa
3452 1912 3758 1964 secundum

458 1999 796 2070 corporalem
828 2015 1048 2053 sensum
1072 2002 1295 2055 omnino
1335 2002 1608 2055 sinceram
1639 2000 1877 2055 habeant
1910 2000 2195 2056 historiam
2226 2015 2417 2054 eorum
2466 2015 2587 2067 qnze
2629 2009 2884 2054 contexta
2927 2008 3079 2063 sunt,
3107 2008 3163 2053 et
3225 2010 3401 2055 tamen
3454 2001 3597 2056 facta
3649 2018 3758 2057 non

461 2100 624 2152 sunt;
662 2103 761 2143 nec
811 2089 963 2158 leges
996 2098 1050 2141 et
1080 2098 1349 2158 prmeepta
1378 2088 1619 2143 habeant
1661 2089 1858 2142 rationi
1905 2101 2305 2143 consentanea.
2354 2107 2375 2142 ι
2412 2088 2580 2144 Suam
2635 2089 2832 2143 deinde
2874 2091 3203 2144 sententiam
3249 2101 3497 2146 astruere
3560 2094 3758 2147 nititur

464 2186 652 2240 nmltis
682 2187 984 2256 Scriptura:
1023 2186 1156 2241 locis
1178 2201 1299 2255 qua:
1324 2192 1509 2253 postea
1539 2183 1779 2237 examini
1816 2196 2007 2238 nostro
2060 2183 2437 2251 subjicientur.
2476 2184 2729 2252 Ejusdem
2766 2185 2887 2239 libri
2944 2201 3095 2239 nunt.
3158 2187 3191 2241 8
3235 2197 3292 2241 et
3339 2187 3394 2254 9,
3448 2200 3739 2259 postquam

458 2278 803 2334 fundamenti
841 2279 960 2333 loco
986 2278 1131 2333 hanc
1159 2293 1278 2349 qua:
1302 2286 1454 2330 extra
1492 2277 1924 2332 controversiam
1953 2288 2061 2341 est,
2099 2276 2383 2331 veritatem
2416 2280 2625 2347 posuit,
2655 2293 2721 2333 ex
2761 2278 3103 2347 ignoratione
3133 2284 3229 2334 via:
3254 2296 3359 2346 qua
3390 2282 3755 2335 insistendum

460 2374 527 2426 sit
563 2384 623 2425 ut
646 2375 712 2425 ad
750 2371 1158 2441 Scripturarum
1193 2370 1618 2440 intelligentiam
1647 2373 2026 2441 perveniatur,
2066 2382 2226 2428 natos
2247 2385 2368 2426 esse
2393 2384 2613 2425 errores
2639 2370 2905 2435 inﬁnitos,
2958 2372 3011 2425 in
3050 2372 3360 2438 exemplum
3407 2373 3621 2427 adducit
3654 2373 3757 2428 Ju-

459 2468 629 2531 dzens,
658 2466 971 2534 haereticos,
1001 2466 1404 2535 nonnullosque
1437 2467 1519 2521 sui
1556 2467 1819 2536 temporis
1840 2467 2205 2533 Christianos,
2238 2476 2296 2521 ut
2324 2466 2375 2520 in
2401 2465 2624 2520 litterali
2664 2466 3075 2535 Scripturarum
3103 2453 3561 2539 interpretatione
3589 2472 3755 2523 sitttnt

458 2576 584 2618 esse
626 2563 821 2632 probet
846 2562 1036 2616 falsam
1066 2563 1228 2617 istam
1253 2562 1399 2616 viam
1425 2576 1548 2631 qua:
1578 2564 1644 2615 ad
1678 2563 2036 2631 prmcipitium
2088 2564 2256 2617 ducit.
2288 2582 2307 2614 ι
2350 2561 2479 2615 Duri
2511 2561 2697 2626 corde,
2728 2560 2927 2629 inquit,
2963 2571 3016 2615 et
3047 2562 3230 2617 idiota:
3281 2563 3372 2631 qui
3405 2578 3435 2617 e
3463 2563 3752 2617 circumci-

459 2658 616 2711 sione
643 2663 793 2717 sunt,
821 2655 1233 2723 prophetiarum
1259 2668 1378 2721 qua:
1426 2653 1492 2705 de
1548 2649 1767 2706 Christo
1799 2652 2099 2716 loquuntur
2150 2654 2444 2707 dictionem
2504 2652 2657 2721 sequi
2704 2666 2762 2706 se
2825 2653 3227 2717 existimantes,
3289 2656 3341 2707 ltt
3410 2654 3753 2710 Salvatorem

382 2772 389 2781 κ
459 2760 709 2805 nostrum
750 2764 859 2802 non
884 2746 1274 2811 crediderunt;
1307 2757 1358 2801 et
1391 2761 1516 2801 cum
1544 2738 1792 2801 rsensibili
1833 2747 1990 2800 modo
2016 2762 2121 2801 non
2155 2746 2641 2814 cernerentipsum
2677 2744 3007 2815 praedicasse
3053 2748 3288 2816 captivis
3345 2750 3755 2819 remissionem,

460 2857 637 2912 neque
663 2840 969 2895 mdilicasse
1004 2854 1150 2902 eam,
1180 2853 1342 2908 quant
1368 2853 1496 2892 vere
1528 2840 1761 2894 credunt
1790 2853 1916 2893 esse
1967 2839 2245 2892 civitatem
2278 2837 2397 2903 Dei,
2430 2852 2609 2905 neque
2657 2839 3062 2893 exterminasse
3098 2854 3293 2893 currus
3351 2838 3635 2907 Ephraim,
3692 2852 3751 2895 et

458 2951 660 3006 equum
683 2934 751 2989 de
773 2931 1103 2995 Jerusalem,
1137 2944 1309 2999 neque
1333 2931 1592 2999 butyrum
1616 2938 1668 2984 et
1698 2930 1801 2984 mel
1824 2929 2160 2994 comedisse,
2198 2943 2375 2997 neque
2406 2929 2726 2998 priusquam
2772 2937 2965 2982 nosset
3028 2939 3124 2982 aut
3168 2928 3395 2999 eligeret
3448 2931 3612 2995 mala,
3641 2930 3754 2985 ele-

458 3028 604 3097 gisse
630 3026 832 3082 bonum
859 3041 873 3090 ;
916 3024 1021 3079 rati
1054 3024 1285 3092 insuper
1316 3036 1438 3075 esse
1465 3038 1493 3075 a
1527 3023 1810 3092 prophetis
1845 3022 2166 3089 praedictum
2202 3020 2321 3075 fore
2356 3029 2415 3074 ut
2444 3021 2605 3090 lupus
2634 3021 2840 3074 animal
2871 3020 3183 3089 quadrupes
3219 3037 3344 3075 cum
3375 3040 3514 3091 agno
3558 3039 3749 3091 pasce-

460 3132 628 3187 retnr,
664 3119 865 3190 pardus
892 3132 1018 3173 cum
1057 3116 1221 3171 haedo
1248 3116 1655 3179 stabularetur;
1689 3114 1907 3177 vitulus,
1939 3124 2133 3167 taurus
2163 3122 2217 3167 et
2262 3112 2348 3167 leo
2388 3112 2550 3167 simul
2585 3124 2947 3180 pascerentur
2968 3121 3025 3166 et
3049 3129 3077 3166 a
3108 3115 3340 3183 puerulo
3368 3115 3748 3181 ducerentur;

457 3211 553 3266 bes
586 3222 640 3266 et
665 3227 824 3265 ursus
844 3225 955 3265 una
988 3208 1247 3280 pabulum
1280 3215 1581 3269 sumerent,
1611 3221 1799 3261 eorum
1830 3206 2078 3277 parvulis
2104 3206 2266 3261 simul
2295 3206 2591 3272 educatis;
2628 3206 2713 3261 leo
2736 3221 2955 3276 quoque
2988 3217 3045 3260 Ill
3099 3208 3196 3261 bos
3224 3209 3377 3277 palea
3405 3220 3747 3277 vesceretur;

460 3304 594 3359 nihil
628 3305 820 3358 ltoruut
853 3303 912 3357 in
940 3303 1057 3371 ejus
1091 3318 1252 3371 quem
1279 3300 1557 3355 Christum
1584 3301 1881 3364 credimus,
1915 3301 2153 3354 adventu
2199 3301 2537 3355 sensibiliter
2564 3310 2851 3355 cernentes
2876 3302 3102 3363 factum,
3156 3301 3446 3357 llominnnt
3500 3317 3751 3359 nostrum

456 3397 645 3454 Jesum
671 3406 880 3450 tantunt
908 3396 1064 3450 abest
1098 3404 1156 3448 ut
1181 3394 1513 3463 receperint,
1551 3402 1613 3447 ut
1646 3393 1824 3461 potius
1845 3407 1972 3445 emn
2007 3401 2265 3460 tanqttant
2306 3408 2428 3447 sese
2477 3403 2672 3447 contra
2734 3393 2822 3461 jus
2882 3393 3167 3447 Christum
3221 3397 3564 3464 praedicaret,
3600 3402 3751 3455 cruci

458 3491 753 3548 aﬂiserint.
787 3488 1039 3543 lla-retici
1070 3498 1250 3542 autent
1286 3486 1530 3555 legentes
1572 3502 1586 3540 :
1627 3484 1773 3555 Ignis
1802 3485 2004 3539 exarsit
2026 3499 2091 3537 ea:
2119 3486 2202 3537 ira
2234 3485 2417 3550 mea‘;
2449 3495 2542 3541 et:
2578 3486 2688 3555 Ego
2740 3487 2887 3542 Deus
2935 3489 3215 3544 temulalor
3275 3491 3493 3547 reddens
3536 3511 3751 3563 peccatu

458 3594 670 3656 patrum
700 3583 755 3635 in
787 3579 928 3649 ﬁlios
956 3579 1009 3631 in
1038 3580 1252 3631 tertiam
1284 3587 1330 3630 et
1357 3587 1605 3647 quartam
1641 3576 2035 3645 generationem
2056 3576 2111 3641 ⁸;
2150 3586 2207 3630 et
2242 3596 2253 3630 :
2303 3574 2529 3630 Paenitet
2561 3594 2643 3630 me
2675 3580 2891 3633 tinxisse
2927 3580 3068 3636 Saul
3101 3585 3152 3633 in
3190 3585 3430 3651 regem';
3460 3596 3514 3640 et
3556 3607 3571 3642 :
3637 3588 3753 3660 Ego

458 3678 722 3735 Dominus
754 3675 955 3743 faciens
982 3689 1165 3741 pacem
1194 3684 1240 3725 et
1263 3687 1449 3724 creans
1477 3669 1620 3723 mala
1646 3670 1701 3735 ’;
1728 3681 1782 3723 et
1812 3668 1919 3722 alio
1944 3667 2065 3723 loco
2089 3686 2109 3723 :
2142 3669 2262 3723 Non
2280 3679 2355 3723 est
2384 3671 2584 3722 malum
2603 3672 2656 3723 in
2685 3671 2893 3727 civitate
2918 3676 3060 3744 quod
3091 3691 3193 3727 non
3216 3677 3394 3743 fecerit
3427 3680 3682 3736 Dominus
3706 3688 3750 3750 ’ς

456 3785 512 3825 et
550 3772 679 3825 illttd
711 3770 936 3836 insuper
969 3782 983 3818 :
1018 3765 1412 3819 Descenderam
1438 3763 1579 3816 mala
1611 3780 1642 3815 a
1678 3761 1907 3816 Domino
1941 3765 1996 3815 in
2024 3775 2203 3831 portas
2232 3760 2606 3817 Jerusalem’:
2640 3775 2732 3819 et:
2765 3764 3002 3831 Spiritus
3036 3768 3206 3821 malus
3240 3786 3272 3822 a
3308 3768 3417 3824 Deo
3445 3774 3748 3841 suﬂ‘ocabat

459 3864 591 3921 Saul
614 3866 695 3929 ¹⁰;
724 3873 779 3917 et
810 3862 895 3917 his
927 3859 1127 3915 similia
1154 3858 1550 3929 propemodum
1585 3856 1824 3919 infinita,
1855 3872 2055 3927 negare
2087 3858 2303 3927 quidem
2331 3871 2427 3912 eas
2470 3872 2591 3911 esse
2639 3858 2731 3912 Dei
2774 3858 3096 3929 Scripturas
3126 3876 3233 3913 non
3283 3864 3401 3915 ausi
3446 3874 3599 3927 sunt,
3652 3868 3747 3919 sed

462 3958 605 4011 illius
627 3969 791 4025 quem
823 3952 994 4008 Judzei
1029 3951 1237 4015 colunt,
1264 3948 1543 4004 Creatoris
1582 3960 1679 4003 eas
1710 3961 1833 4001 esse
1866 3947 1990 4009 rati,
2024 3947 2183 4015 quasi
2231 3946 2587 4014 imperfectus
2617 3934 2717 4001 n'ec
2750 3954 2925 4003 bonus
2951 3959 3097 4003 esset
3150 3950 3240 4004 ille
3287 3952 3562 4014 conditur,
3598 3954 3749 4007 arbi-

462 4050 587 4104 trati
625 4056 751 4103 sunt
773 4046 1061 4099 advenisse
1093 4043 1440 4099 Salvatorem
1471 4039 1562 4110 qui
1594 4037 1983 4109 perlectiorem
2015 4039 2373 4093 annuntiaret
2410 4036 2603 4103 Deum,
2632 4054 2796 4108 qnent
2829 4040 3016 4094 dicunt
3043 4058 3151 4096 non
3193 4057 3318 4098 esse
3346 4046 3534 4097 tnuttdi
3590 4046 3749 4114 opill-

460 4158 601 4203 eetn,
631 4141 683 4194 in
710 4139 891 4192 varias
918 4151 980 4191 ea
1015 4136 1080 4191 de
1126 4150 1185 4190 re
1219 4133 1426 4201 abrepti
1467 4131 1803 4195 sententias;
1830 4140 1885 4185 et
1912 4140 2200 4199 postquam
2232 4147 2261 4185 a
2302 4131 2564 4189 Creatore
2602 4132 2695 4199 qui
2725 4142 2809 4186 est
2852 4133 3129 4203 ingenitus
3164 4135 3312 4189 solus
3338 4134 3499 4200 Deus,
3533 4137 3749 4191 defece-

462 4243 612 4297 tnnt,
647 4232 919 4303 ligutrntis
946 4229 1312 4289 adhaeserunt,
1343 4224 1670 4294 excogitatis
1692 4223 1902 4278 lictitiis
1943 4222 2346 4293 hypotltesibus
2373 4223 2675 4278 secundum
2709 4238 2847 4291 quas
2897 4227 3038 4277 facta
3084 4241 3206 4279 esse
3237 4236 3433 4296 putant
3484 4227 3747 4291 visibilis,

458 4340 510 4383 et
540 4327 645 4383 alia
679 4325 933 4397 qua:datn
966 4320 1288 4385 imisibilia,
1323 4335 1444 4390 qtne
1467 4319 1654 4373 animo
1676 4318 1779 4373 sibi
1807 4318 2109 4372 tinxerunt.
2136 4317 2449 4383 Quinetiam
2474 4315 2838 4384 simpliciores
2870 4318 3140 4377 nonnulli,
3178 4323 3271 4388 qtti
3308 4334 3366 4372 se
3402 4319 3470 4373 de
3502 4318 3745 4375 Ecclesia

458 4438 584 4479 esse
606 4417 1209 4491 gloriantur,Creatore
1244 4416 1462 4485 quidem
1496 4413 1705 4467 nullum
1746 4412 2008 4481 majorem
2045 4413 2388 4476 existimant,
2416 4426 2605 4463 sanant
2640 4410 2820 4463 hacin
2864 4426 2924 4463 re
2966 4410 3203 4480 amplexi
3256 4414 3615 4478 sententiam;
3650 4430 3745 4467 ve-

463 4531 584 4569 rum
619 4529 679 4567 ea
718 4511 785 4565 de
818 4512 938 4579 ipso
963 4507 1329 4577 suspicantur,
1364 4518 1484 4572 qua:
1523 4518 1591 4557 ne
1629 4503 1696 4555 de
1718 4503 1944 4556 homine
1976 4502 2200 4570 quidem
2225 4504 2609 4557 crudelissimo
2632 4512 2687 4555 et
2726 4502 3089 4570 injustissiuto
3114 4503 3366 4571 cogitare
3403 4504 3485 4559 las
3536 4507 3627 4559 sit.
3677 4506 3746 4561 lis

458 4622 640 4667 autem
675 4579 930 4661 omnibus
954 4603 1098 4657 nulla
1141 4599 1404 4654 falsarum
1449 4597 1789 4666 opinionum,
1819 4596 1967 4650 nulla
2002 4597 2301 4666 impietatis
2348 4606 2406 4651 et
2450 4592 2772 4651 stolidorntit
2805 4598 2870 4651 de
2917 4598 3025 4651 Deo
3078 4612 3391 4652 sermonum
3437 4616 3599 4655 causa
3626 4620 3747 4656 esse

457 4706 564 4759 alia
613 4703 854 4764 videtur,
893 4713 1055 4769 quam
1108 4695 1400 4764 Scriptura
1444 4708 1553 4749 non
1608 4691 1910 4747 secundum
1970 4692 2275 4763 spiritalem
2319 4707 2538 4749 sensum
2600 4692 2905 4759 intellecta,
2951 4695 3047 4749 sed
3097 4696 3395 4749 secundum
3452 4697 3744 4752 litteraleut

458 4806 702 4868 accepta.

462 4917 490 4988 ᾗ
536 4912 597 4968 ΙΙ.
639 4911 722 4965 Ea:
753 4909 980 4978 Origene
1010 4908 1063 4961 in
1097 4903 1475 4988 dlosaicalege
1523 4901 1692 4988 multa
1722 4912 1843 4988 sunt
1883 4918 2003 4983 qua;
2054 4902 2270 4984 litterali
2312 4913 2722 4988 sensunaccepta
2771 4904 2979 4988 nullam.
3025 4904 3213 4988 habent
3266 4906 3477 4988 seriem,
3542 4908 3745 4988 nul/ant

535 4973 984 5050 consequentium,
1014 4979 1106 5031 sed
1136 4977 1315 5044 potius
1338 4974 1687 5043 impossibilia
1718 4981 1863 5041 sunt,
1895 4974 2092 5027 rationi
2142 4975 2435 5039 contraria,
2468 4973 2577 5027 Deo
2609 4975 2848 5045 indigna,
2883 4987 2928 5028 et
2963 4975 3161 5045 legibus
3211 4992 3354 5029 ntere
3384 4980 3630 5031 humanis
3660 4979 3745 5030 in-

529 5054 682 5123 j‘eriot
696 5070 748 5104 (ι.

532 5175 658 5232 Lib.
693 5190 767 5227 vtt
797 5182 988 5226 contra
1018 5168 1253 5229 Celsum,
1289 5182 1439 5220 num.
1469 5166 1540 5219 20
1573 5174 1629 5219 et
1661 5164 1753 5234 21,
1791 5166 2018 5233 objectis
2066 5166 2133 5220 ab
2190 5166 2293 5220 hoc
2342 5164 2611 5234 Epicureo
2643 5172 2839 5218 contra
2897 5162 3070 5232 legent
3105 5161 3395 5216 Mosaicant
3428 5178 3534 5217 non
3589 5163 3749 5218 aliter

462 5268 782 5339 respondet,
810 5280 973 5333 quam
1007 5261 1293 5330 repudiato
1326 5256 1545 5312 litterali
1576 5271 1763 5311 sensu.
1830 5278 1846 5309 ι
1876 5258 2005 5312 Dico
2038 5259 2225 5328 igitur,
2267 5258 2464 5325 inquit,
2498 5255 2668 5325 legem
2696 5256 2964 5327 duplicem
2998 5270 3139 5321 esse,
3178 5254 3402 5309 alteram
3432 5257 3745 5317 Iitteralem,

464 5359 809 5433 spiritualetn
849 5356 1105 5415 alteram,
1158 5362 1214 5404 ttt
1248 5350 1361 5420 jam
1412 5360 1541 5400 ante
1575 5362 1674 5400 nos
1706 5349 1926 5416 quidam
1964 5350 2290 5403 docuerunt.
2359 5347 2669 5402 Litteralem
2712 5363 2817 5401 non
2874 5356 2981 5401 tam
3023 5364 3124 5402 nos
3170 5363 3331 5417 quant
3372 5347 3509 5403 Deus
3544 5349 3658 5415 ipse
3692 5348 3742 5400 in

462 5471 573 5512 uno
602 5470 632 5509 e
664 5449 950 5523 prophetis
995 5448 1224 5515 loquens
1270 5454 1429 5497 vocat
1471 5441 1683 5511 judicia
1734 5460 1837 5497 non
1888 5441 2045 5503 bona,
2096 5450 2357 5509 pt'tt’t‘t’pla
2390 5456 2492 5493 non
2526 5446 2658 5494 bona
2683 5441 2760 5507 “;
2798 5442 3103 5510 spiritualis
3141 5456 3270 5495 vero
3319 5441 3460 5509 apud
3494 5441 3743 5492 eunulent

379 5593 384 5597 .
462 5546 787 5619 prophetam
822 5539 1124 5609 appellatur
1156 5552 1183 5586 a
1216 5533 1324 5586 Deo
1346 5532 1555 5601 judicia
1587 5534 1742 5595 bona,
1772 5538 2035 5601 praecepta
2058 5529 2193 5581 bona
2224 5530 2284 5580 ".
2320 5528 2480 5583 Certe
2506 5531 2769 5599 propheta
2802 5534 2991 5584 eodem
3018 5532 3067 5584 ιη
3095 5532 3212 5587 loco
3241 5548 3423 5585 SCt'tttIl
3450 5532 3743 5601 pugnantia

463 5654 570 5694 non
606 5637 761 5693 dicit.
802 5637 979 5704 Atque
1011 5634 1173 5688 etiam
1208 5632 1281 5685 illi
1319 5629 1523 5684 Paulus
1556 5634 1823 5684 consonat
1858 5624 1987 5677 dum
2018 5621 2099 5675 ait
2129 5622 2383 5686 litteram,
2419 5637 2539 5691 qua:
2573 5624 2713 5679 idem
2745 5634 2827 5678 est
2855 5640 2920 5677 ac
2953 5639 3146 5678 sensus
3171 5624 3447 5687 litteralis,
3480 5624 3740 5686 occidere,

532 5838 553 5867 ⁸
603 5835 806 5889 let-em.
844 5849 933 5898 λγ,
973 5833 1058 5886 ii.
1136 5834 1155 5861 ⁵
1206 5829 1376 5881 Exod.
1430 5826 1622 5898 “,5.
1697 5826 1735 5898 ‘_
1772 5823 1810 5898 In
1840 5823 2114 5898 Deg.__xv,
2154 5825 2166 5879 l

2104 5865 2114 5892 ,
2154 5825 2237 5880 ll.
2315 5827 2334 5857 ⁷
2368 5826 2471 5881 lsa.
2506 5841 2629 5893 XLV,
2664 5825 2715 5882 7.
2794 5828 2815 5860 ⁸
2855 5829 3044 5885 Amos.
3078 5842 3163 5893 ttt,
3195 5826 3250 5882 6.
3330 5826 3351 5858 ⁸
3381 5825 3543 5881 Mich.
3579 5840 3619 5893 I,
3650 5823 3738 5878 12.

466 5909 547 5963 l°l
582 5909 711 5977 lieg.
744 5894 1021 5975 simpli).
1101 5903 1140 5934 “
1170 5901 1371 5953 liuet-lt.
1405 5913 1496 5965 xx,
1524 5897 1614 5951 ‘25.
1696 5896 1739 5925 "
1776 5895 1937 5962 lbid.,
1972 5894 2062 5947 2!.
