4138 6456
372 434 444 491 Π
1638 418 2006 484 ΡΒᾹΞῈΑΤΙΟ

2000 430 2011 479 l
2051 425 2141 480 AD
2176 421 2340 479 TOM.
2385 420 2445 475 11.
3578 417 3634 464 IR

372 564 429 606 et
454 551 717 621 spirimm,
747 553 836 620 qui
866 553 1004 607 idem
1034 551 1309 622 signiﬁcat
1333 564 1396 606 ac
1431 563 1623 605 sensus
1648 546 1973 617 spiritualis,
2012 543 2277 611 viui/imre
2302 538 2369 593 ".
2409 534 2563 605 Apud
2599 532 2824 589 Paulum
2854 531 3020 600 igitur
3052 529 3298 622 invenire
3324 538 3405 584 est
3438 528 3634 622 Slil‘lllt-l

374 644 441 697 iis
470 620 589 713 qua:
615 644 755 713 apud
793 620 1110 713 prophetam
1143 644 1416 700 contraria
1465 641 1566 697 sibi
1601 655 1721 694 esse
1757 638 1925 693 videri
1958 644 2196 706 possent.
2260 631 2393 686 Nam
2431 625 2885 698 quemadmodum
2917 621 3165 676 Ezechiel
3193 623 3346 687 dicit,
3394 622 3485 676 hic
3516 620 3638 713 qui-

372 712 495 790 dem
532 754 545 790 :
581 712 711 790 Dedi
738 712 813 792 eis
834 712 1047 807 judicia
1078 753 1182 791 non
1222 736 1358 790 bona
1390 744 1440 788 et
1463 742 1724 802 prwcepta
1759 746 1867 784 non
1893 731 2028 783 bona
2052 731 2107 784 in
2131 729 2320 799 quibus
2362 742 2465 777 non
2508 723 2670 777 vivent
2697 720 2774 783 ”;
2810 716 2920 772 illic
2951 733 3078 772 vero
3115 735 3129 772 :
3164 715 3299 768 Dedi
3338 715 3413 767 eis
3430 712 3638 782 judicia

372 830 505 881 bona
530 838 578 881 et
618 838 878 898 prwcepta
912 835 1047 884 bona
1090 831 1145 883 in
1176 830 1365 898 quibus
1388 829 1557 882 vivent
1586 827 1629 859 ⁸⁸
1657 842 1671 889 ;
1712 825 1791 879 sic
1827 824 2030 878 l‘aulus
2061 823 2150 877 ubi
2187 822 2358 891 legem
2394 816 2686 873 litteralem
2716 813 3027 880 deprimere
3053 810 3187 872 vult,
3218 810 3295 862 ait
3327 825 3340 861 :
3372 807 3430 861 Si
3464 816 3639 859 autem

370 924 689 976 ministratio
718 924 905 977 mortis
939 923 1128 977 litteris
1157 923 1455 991 deformata
1486 922 1539 974 in
1592 919 1877 986 lapidibus,
1911 918 2012 987 fuit
2043 918 2099 970 in
2133 916 2329 986 gloria,
2361 914 2439 968 ita
2474 923 2529 965 ut
2564 927 2666 964 non
2695 918 2899 979 possent
2934 906 3204 960 intendere
3232 904 3331 973 ﬁlii
3364 902 3534 956 Israel
3582 902 3635 952 itt

370 1013 562 1080 [aciem
598 1014 797 1085 Moysis
827 1028 1040 1085 prapter
1063 1016 1289 1085 gloriam
1336 1013 1508 1068 vultus
1538 1012 1654 1081 ejus
1678 1026 1795 1080 qua:
1826 1018 2153 1072 evacuatur;
2199 1006 2460 1078 quomodo
2492 1021 2593 1057 non
2629 1002 2797 1069 magis
2830 998 3150 1053 ministratio
3194 995 3410 1062 spiritus
3453 992 3634 1085 erit-iu

367 1105 537 1173 gloria
566 1107 652 1162 '5?
695 1083 833 1164 VUbir
860 1083 1042 1163 autem
1065 1083 1380 1162 admiratur
1409 1114 1464 1160 et
1508 1104 1775 1175 approbat
1809 1103 2007 1172 legem,
2043 1103 2186 1156 illam
2229 1098 2569 1170 spiritualem
2605 1103 2764 1149 vocat
2810 1111 2823 1146 :
2860 1091 3087 1155 Scimus,
3138 1087 3338 1158 inquit,
3386 1085 3513 1156 quia
3553 1083 3643 1135 lea:

366 1198 665 1265 spiritualis
711 1212 786 1253 est
811 1201 873 1255 ".
913 1199 1060 1253 Illam
1097 1199 1264 1253 etiam
1328 1197 1601 1269 approbat
1639 1196 1742 1251 hoc
1778 1196 1898 1250 loco
1944 1212 1959 1250 :
2006 1192 2193 1263 Itaque
2219 1192 2303 1245 lea:
2337 1190 2549 1261 quidem
2593 1196 2799 1247 sancta,
2839 1194 2886 1238 et
2934 1181 3244 1236 mandatum
3281 1188 3545 1241 sanctum,
3592 1185 3640 1226 et

360 1289 594 1357 justum,
644 1293 917 1345 etbonum
944 1292 1006 1344 ³⁸.
1051 1290 1206 1345 Nunc
1246 1290 1289 1344 si
1326 1289 1493 1344 verba
1544 1289 1678 1358 legis
1702 1288 1867 1357 justis
1902 1285 2125 1340 divitias
2170 1284 2513 1353 pollicentur,
2543 1278 2733 1334 Celsus
2758 1276 3097 1331 occidentem
3127 1273 3363 1326 litteram
3396 1279 3639 1333 secutus,

370 1384 437 1437 de
467 1385 626 1437 emt-is
663 1384 816 1440 hisce
850 1384 1053 1440 divitiis
1081 1382 1498 1453 promissionem
1534 1380 1803 1449 intelligat
1838 1397 1852 1433 :
1901 1394 1999 1432 nos
2031 1377 2178 1432 illaut
2214 1375 2485 1445 pertinere
2520 1373 2749 1427 dicimus
2793 1368 2858 1421 ad
2895 1368 3014 1422 illas
3046 1365 3266 1421 divitias
3298 1379 3416 1433 qua:
3452 1364 3643 1416 oculos

370 1482 565 1530 mentis
588 1487 816 1541 acuunt,
862 1487 918 1533 et
966 1477 1165 1547 quibus
1193 1475 1345 1528 dives
1379 1474 1440 1527 ﬁt
1483 1474 1682 1543 aliquis
1709 1474 1763 1525 in
1792 1471 1933 1525 omni
1966 1473 2117 1524 verba
2150 1479 2197 1522 et
2226 1470 2281 1521 in
2320 1467 2461 1521 omni
2496 1465 2716 1519 scientia
2745 1464 2805 1516 '9.
2834 1482 2852 1514 ι
2894 1461 3005 1517 Nec
3041 1460 3218 1515 minus
3253 1470 3437 1529 aperte
3465 1456 3643 1512 homi-

368 1571 436 1626 lia
472 1575 527 1626 ll
568 1573 620 1626 in
659 1572 903 1626 Exodum
936 1587 1089 1626 suam
1123 1586 1186 1624 ea
1230 1572 1296 1624 de
1326 1583 1385 1623 re
1419 1578 1655 1621 mentem
1688 1567 1933 1619 declarat
1965 1565 2051 1618 his
2078 1562 2264 1618 verbis
2298 1580 2315 1618 :
2363 1581 2381 1613 ι
2409 1562 2464 1616 Si
2498 1562 2619 1629 quis
2648 1569 2732 1613 est
2771 1557 2863 1627 qui
2909 1557 3091 1626 legens
3124 1554 3362 1625 Moysem
3397 1568 3641 1606 murmu-

369 1677 450 1719 rat
478 1666 741 1720 adversus
762 1680 911 1729 eum,
935 1671 988 1717 et
1015 1661 1264 1730 displicet
1286 1660 1333 1714 ei
1357 1660 1439 1715 lex
1472 1674 1593 1727 qua
1617 1658 1913 1713 secundum
1940 1658 2177 1710 litteram
2215 1656 2419 1724 scripta
2444 1664 2548 1717 est,
2575 1652 2717 1721 quod
2745 1651 2798 1703 in
2827 1648 3009 1703 multis
3036 1663 3145 1701 non
3175 1647 3392 1701 videtur
3420 1660 3643 1701 servare

365 1755 843 1825 consequentiam,
890 1752 1131 1807 ostendit
1166 1753 1212 1806 ei
1258 1750 1468 1822 Moyses
1498 1760 1729 1819 petram,
1780 1764 1901 1818 qua:
1930 1758 2015 1804 est
2046 1748 2320 1813 Christus,
2371 1756 2424 1801 et
2462 1744 2682 1799 adducit
2710 1757 2837 1797 eum
2866 1741 2934 1795 ad
2968 1741 3165 1810 ipsam,
3204 1749 3261 1793 ut
3308 1739 3434 1793 imle
3489 1739 3643 1794 bibat

364 1857 425 1902 et
458 1846 670 1900 reﬁciat
700 1845 848 1899 sitim
893 1858 1069 1896 suam.
1101 1861 1118 1894 ι
1177 1840 1376 1895 Verum
1410 1856 1540 1897 ecce
1586 1858 1651 1898 ex
1687 1841 1910 1898 homilia
1941 1840 2173 1909 septima
2215 1839 2267 1892 in
2297 1837 2595 1892 Levitienm
2625 1836 2853 1888 alterum
2899 1833 3076 1887 locum
3107 1831 3269 1901 longe
3300 1830 3522 1900 majoris
3550 1848 3645 1885 au-

366 1940 581 1995 dacim:
621 1957 642 1989 ι
666 1938 724 1993 Si
771 1938 1128 2000 assideamus,
1177 1936 1372 2005 inquit,
1409 1936 1627 2001 litterte,
1675 1947 1730 1992 et
1759 1936 2057 1992 secundum
2092 1936 2197 1989 hoc
2246 1933 2329 1987 vel
2365 1933 2508 2000 quod
2538 1928 2760 1993 Judaiis,
2813 1927 2904 1981 vel
2934 1927 2985 1981 id
3016 1925 3159 1994 quod
3208 1925 3369 1994 vulgo
3406 1925 3642 1988 videtur,

364 2033 701 2102 accipiamus
730 2048 852 2103 qua:
880 2032 930 2085 in
965 2030 1078 2100 lege
1106 2031 1313 2099 scripta
1345 2040 1496 2097 sunt,
1527 2030 1796 2085 erubesco
1823 2029 2011 2084 dicere
2038 2040 2095 2082 et
2122 2026 2374 2081 conﬁteri
2407 2025 2535 2094 quia
2574 2023 2710 2076 tales
2739 2023 2887 2092 leges
2913 2018 3130 2074 dederit
3163 2019 3321 2072 Dens.
3369 2015 3645 2071 Vidchnu-

367 2139 455 2182 tur
484 2127 628 2181 enim
656 2126 829 2195 magis
858 2125 1134 2191 elegantes
1158 2131 1211 2177 et
1241 2123 1605 2179 rationabiles
1630 2124 1912 2180 hominum
1941 2122 2109 2192 leges,
2138 2118 2289 2173 verbi
2321 2119 2516 2188 gratia,
2554 2115 2637 2170 vel
2662 2113 3053 2174 Rotnanorum,
3084 2110 3168 2164 vel
3200 2108 3641 2176 Atheniensium,

364 2218 446 2273 vel
480 2218 1042 2273 Lacedmmoniorum.
1074 2234 1093 2268 ι

614 2332 642 2403 §
690 2331 779 2386 Ill.
831 2331 1034 2385 Eadem
1061 2329 1322 2399 principia
1347 2327 1416 2381 ad
1449 2325 1680 2395 plurima
1714 2321 1915 2377 Veteris
1949 2320 2267 2376 Testantenti
2294 2332 2554 2389 pra'cepta
2587 2321 2652 2373 ab
2685 2321 2909 2392 Origene
2934 2324 3423 2378 accommodantur.

437 2446 671 2501 Ilomilia
710 2453 906 2514 quarta
940 2444 996 2499 in
1027 2453 1196 2513 caput
1223 2452 1435 2497 sextum
1465 2440 1693 2495 Levitici
1723 2438 2004 2508 explicans
2042 2438 2147 2492 ista
2183 2436 2351 2492 verba
2384 2454 2398 2491 :
2433 2436 2742 2507 Quicunque
2786 2440 3015 2508 tetigerit
3060 2441 3421 2509 sanctificata,
3455 2450 3502 2495 et
3533 2441 3645 2510 ipse

360 2537 810 2604 sanctiﬁcabitur,
860 2537 939 2591 ait
973 2554 986 2590 :
1028 2555 1046 2588 ‹
1073 2535 1427 2590 Redenndum
1460 2541 1548 2587 est
1577 2532 1739 2587 nobis
1768 2534 1835 2587 ad
1870 2530 2245 2600 expositiones
2278 2528 2623 2595 evangelicas
2659 2539 2828 2600 atque
2864 2531 3217 2601 apostolieas,
3267 2545 3325 2587 ut
3354 2531 3440 2585 lex
3471 2533 3646 2601 possit

365 2630 623 2700 intelligi.
690 2627 802 2684 Nisi
841 2628 986 2683 enim
1017 2626 1268 2683 velamen
1302 2624 1595 2680 abstulerit
1645 2624 2001 2694 Evangelium
2050 2622 2118 2678 de
2166 2621 2310 2677 facie
2341 2622 2537 2692 Moysi,
2573 2638 2677 2676 non
2713 2632 2891 2691 potest
2940 2624 3113 2679 videri
3147 2623 3329 2679 vultus
3372 2622 3511 2693 ejus,
3544 2640 3644 2680 nec

363 2737 564 2778 sensus
591 2722 711 2791 ejus
743 2720 996 2792 intelligi.
1057 2719 1198 2775 Vide
1228 2733 1364 2787 ergo
1406 2718 1677 2788 quomodo
1707 2718 1759 2772 in
1788 2716 2031 2771 Ecclesia
2065 2715 2434 2785 apostolorum
2462 2715 2712 2786 discipuli
2746 2717 2943 2771 adsunt
2975 2718 3061 2773 his
3094 2734 3215 2789 quae
3245 2719 3455 2791 Moyses
3489 2719 3639 2775 scri—

361 2814 492 2883 psit,
528 2825 585 2868 et
607 2813 913 2868 defendunt
937 2828 1000 2869 ea
1032 2812 1175 2881 quod
1199 2819 1255 2867 et
1284 2811 1683 2866 rationabiliter
1707 2810 1919 2883 impleri
1949 2819 2175 2879 queant,
2214 2817 2269 2864 et
2297 2808 2700 2865 rationabiliter
2730 2813 2934 2881 scripta
2969 2813 3114 2877 sint;
3160 2812 3474 2868 Iudaeorum
3506 2826 3639 2867 vero

364 2905 623 2959 doctores
663 2916 717 2958 et
768 2902 1133 2975 impossibilia
1167 2905 1283 2959 haec
1313 2913 1370 2958 et
1398 2902 1822 2971 irrationabilia,
1853 2914 2148 2973 sequentes
2181 2902 2443 2965 litteram,
2480 2903 2707 2958 faciunt.
2740 2924 2759 2957 ι
2809 2904 3051 2961 Ulterius
3078 2907 3255 2960 adhuc
3281 2906 3641 2976 progreditur

364 2993 589 3048 homilia
616 2994 904 3063 sequenti:
934 3011 955 3044 ι
979 2992 1105 3048 Haec
1128 2995 1331 3054 omnia.
1363 2996 1566 3064 inquit,
1590 2995 1695 3049 nisi
1723 2994 1830 3050 alio
1859 3009 2024 3049 sensu
2054 2992 2390 3062 accipiamus
2417 3010 2579 3062 quam
2610 2995 2807 3051 littera:
2833 3006 3035 3063 textus,
3070 2998 3212 3052 sicut
3234 2998 3349 3067 jam
3377 2997 3638 3059 diximus,

364 3098 489 3135 cum
529 3082 583 3136 in
616 3084 859 3139 Ecclesia
896 3086 1217 3150 recitantur,
1273 3086 1615 3141 obslaeulum
1653 3088 1827 3159 magis
1875 3099 1931 3144 et
1981 3089 2390 3143 subversiooem
2421 3088 2748 3142 Christianae
2800 3088 3068 3158 religioni,
3125 3105 3287 3158 quam
3367 3090 3638 3142 rationem

361 3173 894 3246 mdiﬁcationemque
947 3176 1310 3245 prmstabunt.
1342 3198 1360 3231 ι
1420 3178 1552 3232 Item
1585 3178 1679 3233 lib.
1706 3194 1757 3232 tv
1792 3177 1867 3231 De
1895 3179 2196 3247 principiis,
2248 3194 2397 3234 num.
2428 3178 2517 3242 l7,
2550 3177 2654 3231 alia
2690 3178 2827 3248 legis
2864 3188 3131 3247 prrecepta
3182 3179 3372 3242 refert,
3422 3193 3542 3248 qua:
3566 3180 3635 3234 ad

363 3268 608 3323 litteram
643 3280 800 3340 putat
830 3271 916 3326 vel
949 3288 1054 3325 non
1088 3272 1306 3337 debere,
1357 3274 1443 3329 vel
1492 3289 1598 3328 non
1631 3289 1791 3343 posse
1842 3274 2074 3329 servari.
2140 3292 2157 3325 ι
2182 3271 2238 3327 Si
2274 3272 2339 3326 ad
2377 3272 2543 3341 leges,
2592 3272 2784 3341 inquit,
2814 3273 2979 3326 etiam
3016 3272 3285 3327 Mosaicas
3330 3274 3642 3338 veniamus,

360 3365 635 3439 plurimae,
666 3367 712 3420 si
744 3368 810 3421 ad
844 3368 1083 3422 litteram
1111 3368 1465 3425 observanda:
1494 3377 1647 3433 sunt,
1678 3368 1979 3423 absurdum
2005 3386 2021 3435 ;
2073 3369 2194 3424 alia:
2224 3367 2559 3437 impossibile
2590 3367 2931 3437 praecipiunt.
2985 3368 3296 3423 Absurdqu
3333 3376 3419 3421 est
3456 3368 3639 3422 vultu-

360 3475 484 3515 rum
523 3475 677 3513 esum
708 3460 1011 3530 prohiberi,
1050 3476 1174 3515 cum
1206 3474 1364 3516 nemo
1397 3475 1465 3514 ne
1496 3470 1741 3515 extrema
1770 3460 1985 3530 quidem
2015 3470 2242 3530 urgente
2278 3460 2421 3515 fatue
2451 3474 2518 3515 eo
2546 3460 2741 3514 adduci
2776 3460 3035 3529 potuerit,
3069 3470 3127 3513 ut
3157 3461 3224 3514 ad
3258 3461 3399 3514 istud
3434 3458 3641 3513 animal

358 3554 707 3625 ceni‘ngcret.
770 3555 908 3612 Octo
937 3557 1146 3612 dierum
1181 3555 1421 3611 infantes
1451 3569 1560 3609 non
1594 3554 1914 3608 circumcisi
1946 3555 2305 3609 exterminari
2335 3569 2365 3609 e
2397 3569 2599 3625 genere
2626 3570 2723 3608 suo
2748 3554 3032 3623 jubentur,
3061 3570 3183 3608 cum
3219 3556 3398 3625 potius
3431 3556 3477 3609 si
3509 3554 3637 3625 quid

360 3646 429 3699 de
459 3648 544 3701 his
580 3648 646 3701 ad
680 3648 921 3703 litteram
967 3650 1257 3704 servandis
1311 3648 1669 3704 sanciendum
1706 3658 1846 3712 erat,
1883 3650 2104 3719 prmcipi
2159 3657 2442 3719 oporteret
2473 3657 2539 3703 ut
2577 3664 2766 3705 eorum
2806 3659 3062 3718 parentes
3094 3649 3176 3703 vel
3204 3665 3394 3704 eorum
3435 3649 3636 3705 ultores

360 3742 833 3800 interﬁcerentur.
869 3744 1027 3799 Nunc
1060 3754 1241 3799 autem
1297 3743 1373 3797 ait
1405 3742 1689 3812 Scriptura
1724 3759 1739 3796 :
1774 3741 1959 3796 Omnis
2002 3759 2114 3796 mas
2159 3743 2563 3797 incircumcisus
2592 3742 2684 3813 qui
2716 3758 2820 3797 non
2851 3742 3258 3797 circumsidetur
3305 3753 3490 3798 octavo
3525 3746 3635 3810 die,

357 3840 544 3904 peribit
592 3838 657 3892 de
710 3838 903 3907 papqu
955 3838 1141 3893 suo".
1185 3836 1338 3903 Quod
1370 3837 1418 3890 si
1473 3835 1827 3906 impossibilia
1870 3851 1993 3905 quae
2024 3835 2140 3905 lege
2171 3838 2587 3907 praecipiuntur,
2639 3836 2803 3891 vultis
2831 3851 3084 3901 noscere,
3129 3838 3637 3897 animadvertamus

361 3929 742 4000 tragelapltum
772 3945 838 3983 ex
869 3929 938 3985 iis
968 3944 1089 3984 esse
1121 3927 1492 3982 animantibus
1518 3941 1637 3997 quae
1665 3926 1969 3983 consistere
2008 3927 2060 3981 in
2094 3942 2273 3980 rerum
2307 3937 2498 3982 natura
2551 3942 2657 3981 non
2716 3935 2945 3996 possunt
2982 3944 3191 3998 aquam
3234 3938 3413 3986 tamen
3452 3942 3511 3987 ut
3536 3949 3634 4004 pu-

360 4036 481 4075 rum
505 4021 663 4089 jubet
686 4036 785 4076 nos
816 4022 1030 4092 Moyses
1058 4022 1277 4077 offerre.
1320 4022 1595 4093 Gryphem
1634 4038 1912 4093 nunquam
1964 4023 2212 4078 auditum
2241 4033 2327 4078 est
2357 4025 2425 4079 ab
2456 4024 2676 4079 homine
2704 4034 2924 4094 captum
2960 4040 3082 4079 esse
3113 4042 3128 4078 :
3165 4042 3327 4094 quem
3358 4029 3634 4086 nihilomi-

366 4125 470 4164 nus
505 4113 593 4166 edi
626 4122 777 4166 vetat
811 4112 1109 4183 legislator.
1157 4113 1267 4169 Sed
1300 4123 1357 4169 et
1389 4113 1890 4169 celebratissimum
1930 4112 2227 4169 Sabbatum
2259 4115 2308 4169 ei
2343 4115 2438 4185 qui
2472 4124 2733 4171 accurate
2762 4117 3118 4185 perpenderit
3150 4118 3265 4172 lucc
3296 4121 3457 4173 verba
3487 4137 3501 4174 :
3535 4118 3639 4177 Se-

360 4202 550 4257 debitis
585 4202 729 4256 domi
756 4213 941 4257 vestra
966 4203 1180 4273 singuli,
1214 4220 1361 4259 nemo
1396 4214 1620 4258 vestrum
1644 4216 1794 4259 exeat
1821 4221 1849 4259 e
1878 4203 1993 4258 loco
2027 4221 2126 4260 suo
2160 4207 2247 4259 die
2272 4206 2495 4275 septima
2519 4206 2587 4273 “,
2622 4207 2892 4261 videbitur
2940 4223 3051 4263 non
3084 4224 3246 4279 posse
3283 4210 3350 4264 ad
3388 4211 3630 4267 litteram

360 4293 667 4361 observari,
695 4310 822 4348 enm
856 4295 1061 4348 nullum
1091 4294 1293 4349 animal
1322 4310 1418 4364 per
1450 4305 1617 4349 totam
1649 4296 1792 4349 diem
1823 4296 2111 4351 immotum
2136 4297 2329 4351 sedere
2363 4308 2548 4366 queat.
2572 4316 2591 4348 )

357 4406 390 4484 ς
431 4409 521 4465 ιν.
564 4407 650 4463 Ea:
684 4410 928 4490 Origettis
962 4420 1130 4465 mente
1162 4412 1217 4463 in
1260 4410 1437 4490 Veteri
1463 4410 1793 4490 Testamento
1822 4412 2068 4480 quietiam
2105 4420 2177 4490 ut.
2213 4420 2357 4490 gesta
2389 4424 2702 4490 narrantur,
2745 4429 2863 4483 qua:
2893 4421 3069 4468 tamen
3101 4431 3369 4490 nunquam
3397 4418 3632 4490 contige-

624 4492 780 4546 runt;
810 4482 916 4534 alia
947 4498 1066 4551 qua:
1090 4492 1246 4550 prout
1277 4482 1603 4549 referuntur,
1628 4482 1769 4551 falsa
1793 4494 1943 4545 sunt,
1968 4499 2031 4536 ac
2059 4484 2281 4553 proinde
2311 4483 2531 4537 litterali
2575 4500 2729 4536 sensu
2758 4482 2861 4536 non
2901 4493 3021 4537 sunt
3056 4482 3380 4553 accipienda.

426 4595 764 4667 Argumenta
810 4598 1041 4667 primum
1074 4598 1181 4652 erit
1215 4597 1270 4652 id
1315 4598 1465 4667 quod
1495 4597 1716 4651 homilia
1748 4606 1906 4652 sexta
1963 4597 2018 4652 in
2050 4597 2306 4654 Get'tesim
2344 4600 2412 4654 de
2442 4599 2670 4654 historia
2703 4598 2852 4654 Sane
2897 4612 2952 4655 et
2981 4601 3297 4659 Abimeleeb
3324 4609 3631 4664 adnotavit.

360 4705 383 4740 ι
406 4687 539 4755 Quae
584 4689 763 4753 nobis,
797 4688 999 4757 inquit,
1029 4688 1324 4743 aediﬁcatio
1347 4691 1451 4745 erit
1485 4688 1811 4758 legentibus,
1863 4689 2141 4745 Abraham
2175 4700 2383 4743 tantum
2412 4690 2808 4761 patriarcham,
2838 4707 2944 4745 non
2981 4692 3154 4747 solum
3191 4702 3476 4751 mentitum
3509 4716 3634 4758 esse

356 4781 679 4838 Abimelech
709 4781 845 4851 regi,
877 4780 973 4835 sed
1005 4790 1062 4835 et
1090 4782 1407 4851 pudicitiam
1439 4782 1691 4853 conjugis
1719 4783 2065 4853 prodidisse?
2105 4782 2243 4850 Quid
2276 4801 2374 4840 nos
2404 4786 2639 4841 aediﬁcat
2676 4788 2811 4841 tanti
2850 4788 3175 4858 patriarcha:
3204 4808 3361 4858 uxor,
3396 4795 3439 4849 si
3471 4808 3629 4866 pute-

359 4888 449 4932 tur
477 4877 1035 4933 contaminationibus
1068 4877 1315 4946 exposita
1350 4892 1451 4945 per
1474 4879 1886 4933 conniventiam
1920 4879 2269 4934 maritalem?
2323 4879 2449 4935 Haec
2477 4879 2647 4936 iudici
2681 4893 2895 4951 putent,
2944 4892 3001 4938 et
3024 4885 3070 4939 si
3106 4884 3199 4953 qui
3233 4902 3360 4943 cmn
3389 4892 3471 4945 eis
3499 4905 3629 4949 sunt

359 4969 556 5024 littera;
588 4971 771 5036 amici,
809 4987 921 5026 non
968 4972 1217 5041 spiritus.
1248 4992 1273 5025 ›
1302 4972 1597 5028 llistoriam
1636 4972 1897 5031 Rebecca:
1922 4990 2088 5045 quam
2136 4976 2303 5030 refert
2328 4976 2551 5031 homilia
2587 4978 2655 5031 10
2705 4980 2757 5032 in
2794 4980 3047 5035 eumdem
3094 4980 3372 5040 Geneseos
3402 4986 3621 5055 librmn,

360 5064 466 5117 hac
494 5065 560 5119 ad
594 5066 874 5121 auditores
898 5066 1332 5138 interrogatione
1364 5067 1639 5122 concludit
1674 5084 1688 5121 :
1727 5089 1743 5120 ι
1772 5068 1896 5124 llaec
1931 5070 2141 5125 fabulas
2168 5070 2375 5140 putatis
2406 5086 2549 5136 esse,
2603 5082 2657 5126 et
2685 5072 2945 5128 historias
2977 5090 3204 5132 narrare
3237 5080 3288 5132 in
3326 5078 3624 5149 Scripturis

361 5155 626 5224 Spiritum
658 5157 951 5229 sanctum?
981 5195 997 5210 .
1022 5193 1039 5211 .
1071 5195 1087 5210 .
1150 5156 1305 5227 Saepe
1327 5158 1441 5227 jam
1469 5158 1578 5212 dixi
1611 5158 1755 5228 quod
1790 5159 1845 5212 in
1875 5158 1963 5213 his
1998 5174 2103 5212 non
2135 5161 2377 5214 historice
2409 5172 2724 5225 narrantur,
2757 5163 2851 5217 sed
2887 5166 3148 5235 mysteria
3178 5176 3569 5226 contexuntur.
3593 5190 3614 5225 ι

360 5248 599 5316 ldipsnm
635 5249 968 5317 paradoxum
1018 5250 1265 5305 obtrudit
1293 5250 1514 5307 homilia
1552 5251 1728 5319 prima
1760 5253 1813 5305 in
1845 5252 2090 5307 Exedunt
2119 5267 2133 5305 :
2173 5270 2192 5303 ί
2220 5251 2334 5306 Non
2381 5254 2559 5316 nobis,
2616 5254 2814 5322 inquit,
2847 5254 2964 5310 haec
2994 5256 3061 5310 ad
3094 5258 3377 5313 historiam
3409 5263 3616 5333 scripta

361 5349 512 5404 sunt,
542 5357 717 5410 neq-ue
741 5346 1040 5411 putandum
1072 5353 1154 5399 est
1179 5344 1350 5400 libros
1394 5345 1609 5400 divinos
1641 5343 2023 5417 Egyptiorum
2076 5356 2226 5415 gesta
2256 5361 2501 5401 narrare.
2553 5346 2658 5401 Sed
2695 5342 3052 5417 qnac'scripta
3088 5359 3236 5416 sunt,
3273 5350 3339 5405 ad
3373 5364 3614 5409 nostram

360 5435 670 5488 doctrinam
717 5436 915 5505 scripta
944 5446 1091 5490 sunt.
1120 5456 1137 5488 ι
1206 5437 1273 5491 Et
1300 5437 1521 5492 homilia
1554 5440 1606 5491 in
1638 5439 1888 5493 eumdem
1939 5438 2139 5492 librum
2178 5439 2439 5500 secunda,
2484 5437 2572 5492 ubi
2603 5440 2668 5493 de
2696 5438 2977 5509 .tEgyptiis
3017 5441 3406 5498 obstetricibus
3436 5460 3616 5500 sermo

360 5538 445 5580 est
479 5540 495 5581 :
537 5544 556 5577 ‹
585 5525 667 5591 Si,
700 5528 895 5596 inquit,
925 5530 1224 5583 secundum
1260 5529 1505 5585 historiae
1537 5529 1908 5584 narrationem
1939 5529 2280 5598 suscipienda
2308 5540 2493 5586 essent
2520 5546 2640 5600 quae
2666 5532 2873 5599 scripta
2911 5544 3063 5594 sunt.
3098 5533 3313 5587 videtur
3341 5534 3445 5590 hoc
3474 5540 3619 5606 quod

359 5619 494 5674 dicit
528 5619 837 5689 Scriptura,
882 5623 1007 5690 quia
1044 5638 1149 5675 non
1198 5621 1447 5676 fecerunt
1495 5621 1822 5677 obstetrices
1863 5620 2162 5677 secundum
2197 5623 2339 5692 quod
2386 5634 2723 5693 pneceperat
2768 5625 2848 5680 eis
2899 5641 2993 5679 rex
3020 5622 3263 5695 Egypti,
3311 5637 3457 5683 stare
3505 5645 3612 5685 non

434 5774 549 5853 ’.³11
580 5777 828 5853 Cor.__tn,
876 5780 963 5853 6._
1019 5780 1062 5812 “
1097 5781 1292 5838 Ezech.
1328 5799 1420 5847 xx,
1474 5782 1567 5837 ΞΒ.
1646 5783 1687 5853 ’P
1718 5782 1852 5837 lhid.
1905 5784 1996 5839 2i.
2097 5786 2137 5818 ’⁵
2176 5785 2214 5841 ll
2244 5784 2370 5840 Cor.
2401 5800 2481 5853 In,
2524 5785 2577 5852 7,
2610 5786 2664 5842 8.
2744 5786 2784 5818 ¹⁷
2813 5786 2967 5841 Rom.
2995 5801 3070 5852 Ix,
3106 5785 3197 5844 l5.
3273 5788 3316 5821 ’⁸
3338 5786 3493 5853 lbid.,
3525 5790 3612 5847 l2.

362 5846 408 5881 "
440 5846 459 5902 Ι
486 5846 609 5904 Cor.
646 5864 681 5916 ι,
713 5850 764 5904 5.
844 5852 889 5883 ¹⁰
924 5850 1062 5907 Gen.
1101 5867 1233 5920 xvn,
1276 5853 1359 5910 ll.
1409 5846 1478 5886 ⁷²¹
1511 5852 1691 5909 Exod.
1719 5870 1833 5919 xvi,
1862 5855 1949 5911 29.
