4138 6420
486 324 555 381 l’)
1728 319 2106 377 ΡΒᾹΞΈΑΤΙΟ

2145 321 2234 376 Μ)
2274 323 2434 377 ΤΟΜ.
2479 321 2542 377 ll.
3670 324 3741 376 ΞΟ

484 455 661 509 posse.
695 458 711 490 I
758 439 823 497 Et
854 448 1137 510 postquam
1171 440 1349 506 inepta
1382 455 1608 509 prorsus
1636 454 1697 492 ac
1728 437 1864 490 futili
1898 436 2198 491 subtilitate
2231 439 2281 489 id
2305 440 2536 507 probare
2560 448 2790 493 conatus
2814 448 2915 501 est,
2950 440 3027 492 sic.
3060 440 3231 495 infert
3267 459 3280 495 ε
3320 458 3336 491 τ
3364 439 3488 493 Ihec
3523 440 3737 493 iulerlm

485 541 709 597 tuopter
735 546 830 586 eos
864 534 953 601 qui
984 531 1143 585 amici
1179 542 1302 586 sunt
1340 532 1553 594 litterae,
1590 541 1642 583 et
1676 548 1779 583 non
1813 540 2003 600 putant
2036 530 2205 600 legem
2244 530 2542 599 spiritalem
2570 546 2715 593 εδει),
2746 541 2799 584 et
2824 533 3146 601 spiritaliter
3170 532 3589 599 intelligendam.
3635 530 3740 584 Sed

481 639 577 677 nos
611 625 705 693 qui
732 627 910 679 omnia
942 643 1062 695 qum
1089 628 1289 695 Scripta
1318 636 1467 688 sunt,
1507 641 1612 680 non
1647 641 1745 693 pro
1778 624 2183 679 narrationibus
2209 625 2620 691 antiquitatum,
2654 625 2747 678 sed
2772 641 2867 693 pro
2896 625 3187 692 disciplina
3212 634 3265 678 et
3296 624 3525 677 utilitate
3557 632 3737 673 nostra

478 715 769 771 didicimus
795 718 1015 787 scripta,
1050 719 1162 773 [nec
1200 736 1317 787 quat
1344 721 1615 788 leguntur,
1652 719 1813 771 etiam
1849 730 1992 769 nunc
2019 715 2133 771 fieri
2171 716 2222 771 in
2263 717 2363 771 hoc
2394 717 2619 779 tuundo,
2651 718 2740 785 qui
2772 716 3041 787 ﬁlgyptus
3070 716 3366 786 ﬁguraliter
3390 715 3611 776 dicitur,
3645 713 3739 768 sed

480 806 531 859 in
566 824 891 878 unoquoque
922 822 1163 863 nostrum
1195 811 1652 880 deprehendimus
1678 848 1692 863 .
1722 848 1735 861 .
1764 847 1780 863 .
1823 806 1937 860 ﬂoc
1966 806 2009 858 si
2044 807 2115 859 ita
2149 809 2470 877 accipiatur,
2508 822 2565 861 ιιι
2617 809 2875 876 scriptum
2905 820 3008 873 est,
3041 824 3147 861 non
3182 807 3354 861 solum
3384 807 3517 859 nihil
3548 819 3740 859 conse-

474 904 734 969 quentia},
772 905 867 958 sed
900 916 953 958 et
989 906 1267 958 inanitatis
1302 906 1501 957 habere
1536 903 1829 972 plurimum
1879 900 2175 954 videbitur.
2203 922 2220 952 ι
2274 901 2448 954 Aliam
2489 900 2752 966 triumphi
2790 902 3069 954 materiam
3122 900 3389 967 reperisse
3432 913 3491 951 se
3532 898 3739 966 putavit

474 993 529 1043 in
562 1002 752 1053 Ot'tavo
786 1002 841 1049 et
890 1012 1034 1049 nono
1081 996 1245 1053 Josne
1279 996 1575 1063 capitibus,
1609 995 1699 1049 ubi
1737 992 1898 1048 Josue
1927 997 2133 1049 dicitur
2165 1009 2231 1047 ex
2262 1008 2524 1061 expresso
2553 992 2644 1046 Dei
2680 1001 2734 1047 et
2773 992 2971 1064 Moysis
3006 996 3261 1046 mandato
3295 994 3562 1061 integrmn
3598 990 3737 1043 Deu-

475 1084 837 1139 teronomium
891 1088 941 1140 in
978 1088 1245 1157 lapidilms
1278 1089 1643 1157 inscripsisse.
1710 1108 1727 1139 ι
1754 1089 2033 1153 Quomodo
2065 1089 2263 1157 (inquit
2297 1088 2518 1141 homilia
2553 1087 2587 1140 9
2639 1088 2691 1139 in
2725 1085 2911 1154 Josue)
2959 1087 3194 1155 potuerit
3230 1097 3337 1139 tam
3386 1098 3639 1153 magnum
3672 1081 3736 1133 li-

473 1176 632 1230 brum
665 1177 748 1231 vel
781 1178 1184 1244 assistentibus,
1238 1183 1319 1237 vel
1370 1184 1819 1251 permanentibus
1858 1184 1925 1236 ibi
1962 1184 2087 1237 [iliis
2120 1184 2281 1236 Israel
2320 1183 2657 1246 describere,
2691 1186 2761 1236 ita
2818 1194 2875 1235 ιιι
2920 1199 3027 1235 non
3076 1182 3417 1236 discederent
3458 1193 3740 1247 usquequo

473 1271 747 1337 scriptura
780 1282 858 1328 tet
891 1290 1143 1329 versuum
1186 1277 1469 1332 ﬁniretur?
1508 1278 1606 1332 Vel
1639 1282 1805 1335 etiam
1840 1285 2118 1350 quomodo
2154 1282 2434 1350 potuerint
2468 1280 2672 1349 lapides
2703 1280 2890 1332 altaris
2929 1280 3072 1333 ferre
3109 1288 3217 1331 tam
3252 1277 3430 1347 magni
3461 1275 3582 1328 libri
3616 1289 3742 1325 con-

473 1362 811 1416 tinentiam?
868 1368 1059 1420 Dicant
1106 1371 1238 1424 mihi
1290 1371 1375 1427 isti
1407 1384 1709 1428 assertores
1742 1374 1935 1427 litterae
1970 1372 2166 1437 Judaei,
2220 1374 2309 1441 qui
2344 1374 2597 1443 spiritum
2633 1373 2765 1441 legis
2806 1374 3081 1441 ignorant,
3134 1372 3403 1442 quomodo
3434 1368 3485 1420 in
3522 1368 3623 1421 hoc
3654 1367 3739 1420 hi-

471 1455 659 1510 storia:
684 1458 887 1513 veritas
916 1461 1343 1519 demonstratur.
1370 1484 1387 1516 ι
1427 1466 1545 1520 Alia
1569 1468 1838 1537 ejusmodi
1867 1468 2114 1538 exempla
2145 1466 2351 1539 profert
2384 1468 2478 1521 lib.
2507 1483 2557 1521 tv
2587 1467 2661 1520 De
2687 1470 2985 1537 principiis,
3018 1483 3168 1523 num.
3210 1465 3275 1520 l6
3308 1490 3317 1520 ;
3357 1484 3373 1515 ι
3399 1466 3530 1531 Quis
3553 1464 3736 1534 igitur,

472 1548 668 1617 inquit,
699 1567 849 1607 sana:
887 1557 1082 1613 mentis
1109 1560 1506 1616 exiStimaverit
1542 1564 1775 1633 primam
1805 1574 1861 1621 et
1891 1565 2187 1619 secundam
2222 1574 2273 1617 et
2303 1564 2522 1617 tertiam
2552 1563 2718 1627 diem,
2754 1574 2807 1615 et
2839 1577 3147 1631 vesperam,
3180 1571 3234 1613 et
3268 1575 3424 1613 mane
3452 1560 3568 1611 sine
3601 1558 3736 1619 sole,

471 1642 622 1707 tuna,
646 1654 702 1697 et
730 1644 930 1713 stellis,
966 1658 1019 1702 et
1049 1664 1170 1703 eam
1204 1666 1324 1721 quae
1360 1653 1521 1708 veluti
1552 1656 1726 1725 prima
1758 1666 1901 1719 erat,
1928 1656 2072 1712 diem

2105 1656 2226 1710 sine
2256 1654 2398 1709 calo
2430 1653 2639 1708 fuisse?
2674 1656 2803 1721 Quis
2829 1656 2966 1709 adeo
3015 1652 3269 1713 stolidus,
3298 1662 3354 1705 ιιι
3384 1661 3534 1721 putet
3568 1650 3732 1702 υιἿΗη

471 1750 620 1787 more
643 1735 879 1795 hominis
908 1741 1159 1811 agricola:
1179 1744 1452 1813 plantasse
1483 1748 1699 1804 hortum
1753 1750 1805 1803 in
1834 1749 1985 1803 Eden
2039 1748 2105 1801 ad
2131 1749 2423 1811 orientem,
2460 1747 2548 1800 tibi
2585 1746 2786 1818 lignum
2822 1745 2940 1799 vine
2968 1744 3208 1813 posuerit
3241 1744 3385 1812 quod
3418 1742 3519 1795 sub
3551 1741 3737 1791 ociilos

470 1838 525 1880 et
570 1843 762 1884 sensus
795 1833 1037 1899 caderet,
1071 1846 1129 1889 ut
1161 1838 1251 1909 qui
1286 1841 1567 1909 corporeis
1596 1842 1856 1897 dentibus
1906 1842 2141 1896 fructum
2189 1848 2489 1913 gustasset,
2522 1840 2688 1891 vitam
2726 1839 2847 1890 inde
2883 1838 3171 1905 reciperet,
3203 1845 3257 1889 et
3292 1848 3482 1886 rursus
3530 1831 3654 1884 boni
3684 1840 3738 1880 et

470 1920 596 1973 mali
630 1925 901 1996 particeps
929 1928 1108 1991 ﬁeret.
1159 1934 1250 2000 qui
1299 1931 1532 1987 fructum
1564 1950 1628 1988 ex
1666 1936 1769 1989 hac
1809 1935 2008 1990 arbOre
2036 1935 2355 2003 decerptmu
2388 1932 2754 1987 comedisset?
2807 1930 2870 1982 lit
2901 1945 3021 1981 eum
3050 1927 3191 1981 Deus
3225 1927 3451 1980 meridie
3481 1926 3531 1977 in
3576 1940 3736 1992 para-

467 2011 584 2069 diso
617 2016 897 2072 aiubulare
942 2020 1164 2085 dicitur,
1208 2035 1266 2077 et
1294 2024 1465 2078 Adam
1498 2025 1600 2079 sub
1643 2028 1842 2081 arbore
1875 2027 2218 2089 delitescere,
2255 2025 2523 2079 neminem
2562 2024 2801 2078 arbitror
2829 2023 3079 2076 dubitare
3128 2022 3210 2075 his
3244 2024 3471 2088 tigurate
3505 2034 3605 2087 per
3632 2032 3732 2085 ap-

467 2115 746 2167 lHrculem
780 2106 1092 2175 Ιιίειυτίειηι,
1121 2126 1241 2177 qua:
1272 2123 1448 2167 tamen
1477 2116 1836 2184 corporaliter
1870 2132 1977 2170 nou
2005 2116 2324 2185 contigerit,
2357 2114 2605 2183 quaedam
2641 2115 2869 2169 indicari
2904 2115 3181 2185 mysteria.
3234 2113 3369 2167 Cain
3398 2124 3611 2179 quoque
3648 2124 3733 2162 re-

465 2193 665 2248 cedens
693 2212 721 2248 a
756 2198 1077 2269 'conspcetu
1118 2204 1232 2267 Dei,
1292 2206 1580 2261 manil'eSIe
1629 2209 1950 2275 prudentem
2005 2208 2263 2262 lectorem
2297 2217 2476 2261 movet
2531 2217 2587 2260 ut
2618 2207 2858 2276 requirat
2892 2208 3023 2277 quid
3068 2207 3235 2260 lactes
3267 2204 3360 2259 Dei
3414 2204 3508 2265 sit,
3540 2213 3594 2254 et
3625 2217 3735 2272 quo

463 2304 623 2342 sensu
657 2294 780 2360 quis
814 2296 965 2349 exire
1018 2298 1185 2365 possit
1230 2298 1300 2352 ab
1328 2315 1411 2354 ea.
1480 2303 1586 2356 Sed
1620 2303 1752 2371 quid
1792 2303 1987 2356 attinet
2017 2306 2171 2372 plura
2207 2302 2413 2366 dicere,
2466 2317 2589 2355 cum
2625 2301 2907 2355 innumera
2952 2299 3219 2369 ejusmodi
3276 2298 3479 2367 scripta
3509 2296 3731 2367 quidem

462 2396 583 2436 esse
612 2393 869 2454 tanquam
908 2402 1059 2459 gesta
1090 2392 1320 2457 iuerint;
1357 2410 1462 2448 non
1492 2407 1641 2467 gesta
1689 2411 1818 2450 vero
1844 2406 1909 2450 ut
1943 2398 2121 2451 littera
2152 2404 2334 2459 sonat,
2383 2395 2582 2465 quivis,
2614 2396 2776 2448 modo
2809 2410 2916 2449 non
2953 2393 3110 2463 plane
3135 2391 3306 2462 stipes
3334 2390 3427 2455 sit,
3474 2390 3736 2459 colligere

464 2480 654 2545 possit.
677 2498 695 2531 ι

462 2618 492 2688 §
550 2618 724 2693 νηιην
754 2620 928 2677 littera
974 2634 1021 2679 et
1052 2625 1289 2678 historiis
1334 2625 1645 2693 evangelici:
1676 2626 1911 2679 admittit
1943 2626 2193 2693 Origenes
2233 2621 2529 2683 mendacia,
2554 2630 2601 2672 et
2631 2621 2679 2693 ei
2718 2621 3030 2673 ridebantur
3064 2620 3395 2685 evangelium
3426 2622 3568 2689 facta
3595 2636 3731 2673 non-

533 2692 679 2742 nulla
708 2691 821 2745 loco
867 2712 973 2746 non
1001 2712 1099 2747 suo
1136 2713 1380 2747 ttarruue
1414 2691 1478 2747 eti
1504 2698 1883 2763 interpoluue;
1920 2691 2231 2748 alia‘autem
2266 2703 2319 2745 ut
2349 2706 2490 2759 gesta
2521 2692 2781 2756 retulisse,
2816 2707 2936 2760 quw
2974 2702 3147 2743 tamen
3197 2708 3461 2758 nunquam
3500 2693 3736 2760 contige-

533 2772 680 2813 runt.

539 2890 558 2923 ι
586 2873 665 2924 Ad
702 2871 1152 2941 approbationem
1191 2872 1383 2927 horum
1423 2872 1626 2942 (inquit
1674 2872 1863 2927 homil.
1889 2870 1922 2924 6
1959 2872 2011 2925 in
2046 2871 2263 2941 Isaiam)
2298 2881 2355 2926 et
2398 2873 2627 2928 alterius
2673 2872 2862 2942 scripti
2911 2872 2981 2926 de
3021 2872 3311 2942 Evangelio
3362 2875 3729 2927 testiunmium

465 2964 825 3033 proferemus,
860 2966 1003 3031 quod
1030 2965 1187 3034 juxta
1219 2979 1316 3020 eos
1365 2967 1456 3035 qui
1509 2976 1718 3019 tantum
1756 2965 1995 3020 litteram
2038 2979 2365 3033 sequuntur,
2404 2967 2747 3021 mendacium
2780 2975 2884 3021 est.
2943 2965 3081 3019 Dicit
3110 2965 3367 3020 Salvator
3388 2975 3444 3019 et
3473 2964 3732 3018 Dominus

465 3072 650 3115 noster
678 3064 743 3113 ad
773 3060 1070 3129 discipulos
1105 3060 1155 3113 in
1194 3060 1488 3129 Evangelia
1518 3059 1823 3114 secundum
1860 3060 2131 3115 Jonnnem
2164 3079 2177 3114 :
2207 3061 2268 3115 Si
2318 3062 2677 3125 credideritis,
2710 3077 2811 3113 non
2842 3062 3013 3114 solum
3033 3075 3152 3131 qua:
3181 3076 3272 3128 ego
3304 3059 3468 3128 facio,
3496 3058 3731 3127 facietis,

462 3153 552 3206 sed
578 3164 625 3205 et
657 3154 863 3224 majora
909 3156 1096 3207 horum
1131 3153 1339 3221 facietis
1360 3154 1427 3208 “.
1470 3152 1761 3208 Videamus
1791 3169 1924 3223 ergo
1958 3154 2001 3207 si
2052 3153 2256 3222 majora
2288 3155 2468 3223 aliqua
2499 3154 2731 3208 fecerint
2764 3154 3039 3223 discipuli.
3074 3154 3212 3219 Quid
3249 3153 3421 3221 majus
3449 3162 3532 3205 est
3563 3167 3726 3220 quam

464 3256 733 3301 mortuum
765 3246 1069 3301 suscitare?
1095 3246 1249 3313 Quis,
1279 3262 1383 3301 non
1416 3248 1539 3301 dico
1568 3256 1835 3309 nostrum,
1874 3248 1968 3300 sed
2004 3247 2403 3315 apostolorum,
2440 3256 2712 3299 mortuum
2749 3246 3077 3299 suscitavit?
3124 3245 3310 3300 ltelert
3345 3246 3568 3301 historLa
3600 3245 3725 3314 quia

460 3337 661 3393 Paulus
689 3339 993 3408 Eutychum
1029 3339 1379 3392 resuscitavit
1418 3354 1447 3391 a
1483 3341 1734 3403 mortuis,
1771 3349 1826 3394 et
1862 3339 2057 3391 Petrus
2092 3339 2371 3402 Tabitam,
2417 3354 2540 3407 quae
2574 3340 2971 3407 interpretatur
3019 3341 3240 3394 Dorcas.
3302 3342 3409 3395 Ista
3462 3350 3641 3392 autem
3674 3352 3729 3394 et

462 3432 564 3485 alia
596 3432 906 3500 hujusmodi
941 3432 1170 3487 inveniri
1200 3442 1449 3501 possunt.
1496 3431 1597 3487 Ubi
1633 3442 1758 3486 sunt
1792 3434 2035 3503 majora?
2083 3433 2190 3487 Sed
2221 3444 2276 3487 et
2313 3449 2490 3488 cmcos
2525 3433 2779 3487 Salvator
2817 3433 2944 3487 fecit
2978 3448 3196 3487 rursum
3230 3434 3437 3495 videre,
3474 3442 3549 3494 et,
3585 3435 3726 3500 quod

464 3529 639 3595 majus
671 3539 778 3593 est,
808 3545 903 3583 eos
939 3528 1027 3599 qui
1063 3529 1142 3582 sic
1174 3529 1286 3582 nati
1325 3530 1564 3584 fuerunt.
1624 3530 1929 3584 Exhibeant
1966 3547 2101 3599 quos
2133 3545 2309 3585 czecos
2342 3533 2407 3585 ab
2438 3543 2595 3585 utero
2624 3531 2873 3583 manilms
2915 3530 3281 3598 apostolorum
3316 3539 3538 3583 curatos
3564 3544 3726 3595 aspe-

463 3623 665 3676 xerint.
707 3622 773 3676 Et
809 3622 911 3675 alia
950 3622 1162 3677 inﬁnita
1201 3630 1381 3691 potest
1408 3622 1475 3675 de
1510 3621 1807 3691 Evangelio
1836 3623 2082 3678 invenire
2117 3625 2207 3692 qui
2237 3624 2453 3693 quaerit,
2501 3622 2627 3691 quia
2660 3638 2834 3689 neque
2861 3622 3088 3690 apostoli
3119 3622 3201 3675 bis
3234 3623 3437 3689 majora
3476 3620 3728 3682 iecerint,

462 3728 638 3781 neque
668 3728 855 3767 eorum
887 3729 1256 3768 successores.
1300 3711 1500 3766 Verum
1534 3728 1713 3767 sermo
1742 3713 2037 3782 Scriptura:
2065 3716 2179 3770 tale
2211 3716 2469 3785 quiddam
2506 3714 2717 3768 locutus
2740 3722 2823 3766 est
2854 3730 2867 3766 :
2901 3712 2994 3767 llis
3028 3728 3149 3781 quze
3181 3729 3282 3781 ego
3313 3713 3439 3776 ieci,
3470 3728 3730 3780 corpora-

464 3806 603 3861 libus
639 3818 731 3859 vos
765 3803 968 3871 majora
1021 3804 1257 3858 facietis.
1316 3804 1424 3873 Ego
1454 3803 1553 3857 l'eci
1607 3819 1894 3873 resurgere
1928 3820 1995 3857 ex
2029 3806 2257 3859 mortuis
2285 3804 2669 3874 corporaliter,
2726 3818 2821 3855 vos
2856 3817 3141 3871 resurgere
3170 3803 3379 3857 facietis
3404 3819 3471 3857 ex
3499 3806 3730 3859 mortuis

460 3896 796 3966 spiritaliter.
844 3896 952 3965 Ego
987 3897 1145 3949 caecis
1179 3894 1436 3950 sensibile
1481 3896 1581 3949 hoc
1644 3895 1825 3949 lumen
1881 3895 2049 3949 inl'ndi
2088 3919 2099 3952 :
2130 3912 2224 3951 vos
2250 3896 2547 3965 spiritalem
2579 3896 2752 3949 lucem
2802 3910 2909 3948 nou
2939 3896 3245 3948 videntibus
3275 3895 3495 3951 dabitis.
3543 3895 3726 3967 Usque

462 3995 527 4047 ad
563 3993 705 4046 hanc
732 4003 913 4045 autem
949 3992 1091 4045 diem
1129 3993 1243 4045 tncc
1281 3991 1485 4057 majora
1535 3991 1688 4058 signa
1720 3990 2098 4059 corporalibus
2131 4008 2251 4062 qua:
2282 3991 2411 4045 fecit
2435 3989 2617 4054 Jesus,
2662 4006 2763 4059 ego
2796 3990 2951 4044 video
2984 3990 3102 4043 tieri
3132 4004 3228 4057 per
3257 3988 3605 4048 ﬁdelissimos
3638 3994 3726 4046 di-

460 4086 699 4155 seipulos
730 4086 880 4141 .lesn.
905 4106 922 4137 ι
994 4085 1164 4139 Tomo
1201 4086 1486 4139 undecimo
1521 4086 1573 4139 in
1604 4084 1869 4141 Joannem
1922 4087 2146 4161 dubitat
2185 4103 2253 4141 an
2306 4101 2493 4140 revera
2526 4086 2776 4140 Christus
2823 4086 3123 4140 vendentes
3158 4101 3188 4140 e
3222 4086 3424 4156 templo
3459 4088 3721 4157 ejecerit:

466 4198 486 4231 ι
509 4179 563 4233 Si
596 4188 797 4241 tamen,
830 4177 1025 4247 inquit,
1060 4180 1171 4232 lia-c
1199 4178 1425 4232 historia
1458 4179 1708 4250 contigit.
1734 4198 1752 4231 ι
1793 4179 2079 4234 Dubitaudi
2114 4194 2303 4233 ansam
2340 4179 2466 4233 inde
2496 4181 2681 4243 sumit,
2712 4181 2856 4247 quod
2885 4180 3030 4248 apud
3058 4178 3197 4234 alios
3221 4189 3333 4233 tres
3363 4182 3728 4246 evangelistas

461 4277 761 4344 ingressum
794 4272 917 4327 Jesu
960 4273 1161 4326 Christi
1195 4273 1245 4326 in
1272 4271 1574 4327 Jerusalem
1625 4274 1740 4328 haec
1774 4273 2005 4327 historia
2042 4274 2303 4342 excipiat,
2336 4289 2367 4327 ι
2400 4272 2611 4327 Joanne
2640 4287 2768 4327 vero
2815 4271 3177 4340 conjungatur
3212 4272 3453 4339 ejusdem
3483 4273 3662 4325 itineri
3697 4292 3728 4325 ρ

458 4370 677 4426 Galilaea
716 4370 768 4423 in
800 4367 1097 4422 Jerusalem
1134 4378 1257 4437 post
1297 4368 1621 4423 miraculum
1657 4370 1709 4423 in
1747 4371 1951 4439 nuptiis
2000 4379 2298 4439 patratum.
2358 4368 2415 4423 In
2447 4369 2699 4424 confesso
2735 4383 2877 4423 nunc
2905 4376 2992 4419 est
3035 4367 3174 4433 apud
3207 4379 3400 4420 omnes
3431 4366 3511 4420 bis
3542 4383 3569 4419 a
3598 4365 3725 4421 Jcsu

464 4466 762 4517 renitentes
792 4477 823 4516 θ
876 4461 1076 4529 templo
1117 4462 1322 4530 cjectos
1374 4463 1565 4529 fuisse,
1622 4465 1697 4519 uti
1735 4464 1902 4533 liquet
1936 4480 2002 4519 ex
2035 4466 2216 4519 verbis
2248 4465 2712 4534 evangelistarum
2764 4465 2910 4517 inter
2936 4475 2996 4514 se
3042 4460 3274 4515 collatis.
3328 4460 3503 4513 Aliter
3538 4470 3720 4513 tamen

460 4556 631 4610 sentit
658 4556 947 4625 Origenes,
983 4569 1079 4608 nec
1113 4556 1227 4609 ﬁeri
1260 4570 1421 4624 posse
1445 4556 1749 4619 existimat,
1779 4565 1839 4608 ut
1870 4558 2356 4611 contradictionem
2389 4557 2661 4625 ejusmodi
2690 4556 2959 4624 quispiam
2995 4564 3293 4619 removeat,
3345 4554 3587 4624 quandiu
3640 4555 3724 4608 hi-

460 4647 667 4703 storico
700 4647 882 4700 sensui
919 4648 1241 4703 :ullizerebit.
1296 4647 1465 4717 Negat
1496 4648 1591 4702 lib.
1622 4664 1671 4702 tv
1704 4648 1780 4703 De
1810 4652 2109 4719 principiis,
2155 4667 2302 4705 num.
2329 4652 2419 4715 l6,
2465 4650 2749 4705 Christum
2777 4666 2807 4701 a
2844 4648 3061 4704 diabolo
3097 4648 3421 4702 translatum
3460 4648 3626 4701 fuisse
3671 4648 3723 4697 in

457 4738 735 4793 excelsum
789 4751 1049 4803 montem,
1105 4741 1250 4792 unde
1299 4755 1407 4792 uno
1438 4749 1711 4793 momento
1755 4744 1937 4794 omnia
1966 4744 2117 4797 orbis
2163 4752 2435 4799 terrarqu
2469 4757 2636 4811 regna
2669 4743 2770 4796 sub
2796 4743 2983 4796 oculos
3018 4742 3137 4812 ejus
3170 4742 3489 4811 subjeoerit.
3532 4759 3551 4791 ι
3582 4742 3722 4791 Sex-

456 4840 614 4883 t-enta
642 4830 774 4894 alia,
812 4831 1006 4900 inquit,
1043 4833 1128 4885 his
1160 4832 1358 4884 similia
1392 4832 1441 4885 in
1471 4832 1781 4903 Evangeliis
1807 4839 2097 4891 observare
2126 4838 2249 4892 licet
2282 4836 2547 4890 attentius
2579 4836 2777 4905 legenti
2817 4854 2831 4889 :
2867 4836 3009 4888 unde
3039 4834 3255 4903 colliget
3280 4834 3346 4889 iis
3371 4848 3492 4902 qua:
3526 4848 3724 4883 Sﬁt'llll-

459 4926 587 4977 dum
635 4925 872 4978 litteram
906 4938 1057 4997 gesta
1111 4935 1261 4991 sunt,
1294 4927 1399 4979 alia
1440 4938 1650 4982 attexta
1701 4945 1821 4984 esse
1853 4948 1969 4999 quw
2020 4948 2128 4986 non
2174 4934 2539 5003 contigerunt.
2568 4950 2587 4983 ι
2645 4931 2843 4985 Durius
2884 4931 3063 4984 adhuc
3104 4929 3343 4997 loquitur
3374 4938 3429 4982 et
3460 4929 3719 4993 majorem

460 5016 742 5084 paradoxa
774 5032 871 5070 suo
903 5018 1318 5085 amplitudinem
1353 5016 1544 5073 tribuit
1595 5031 1724 5074 tom.
1760 5036 1788 5073 κ
1822 5022 1871 5074 in
1910 5020 2095 5086 Joam,
2148 5040 2298 5076 num.
2324 5024 2379 5087 ἓ,
2437 5024 2529 5076 ubi
2562 5023 2630 5076 de
2662 5036 2877 5077 recessu
2912 5019 3039 5075 Jesu
3088 5021 3140 5073 in
3170 5020 3446 5075 Galilznm
3478 5023 3592 5075 ha-e
3622 5023 3720 5072 ad-

460 5115 612 5159 notat
638 5124 653 5160 :
685 5124 702 5156 ι
734 5107 1002 5160 llarumcu
1034 5125 1213 5161 rerum
1248 5110 1530 5165 veritatem
1560 5112 1722 5165 sitam
1771 5129 1894 5169 esse
1926 5132 2152 5169 necesse
2182 5126 2267 5168 est
2302 5116 2354 5169 in
2385 5132 2548 5170 sensu
2579 5113 2807 5183 spiritali
2835 5130 2850 5177 ;
2902 5123 2995 5165 aut
3022 5113 3069 5166 si
3102 5112 3442 5167 dissonantia
3474 5128 3579 5167 non
3609 5113 3719 5167 sol-

458 5202 622 5263 vitur,
676 5203 1038 5253 rect-dequm
1089 5211 1174 5256 est
1218 5220 1244 5253 ιι
1284 5205 1387 5257 tide
1432 5204 1869 5274 Evangeliorum,
1911 5220 2168 5277 tanquam
2206 5227 2326 5278 qua:
2358 5224 2484 5263 vere
2522 5226 2626 5263 non
2674 5210 2783 5261 siut
2810 5209 3013 5274 scripta
3060 5222 3157 5275 per
3201 5204 3484 5273 Spiritum,
3542 5222 3720 5275 neque

456 5294 569 5346 sint
600 5292 893 5356 diviniora,
922 5311 1095 5364 neque
1123 5300 1329 5365 optimo
1361 5300 1552 5354 ordine
1584 5314 1973 5356 commentata.
2042 5304 2283 5374 Utroque
2309 5288 2456 5359 enim
2494 5302 2651 5354 ttiodo
2692 5302 2892 5355 dicitur
2922 5299 3208 5367 Scriptura
3246 5298 3494 5354 ordinata
3529 5298 3717 5351 fuisse.

456 5386 557 5450 Qui
593 5388 738 5438 enim
792 5387 1061 5455 recipiunt
1106 5403 1343 5460 quatuor
1375 5392 1689 5465 Evangelia,
1743 5412 1842 5450 nec
1873 5398 2197 5451 existimant
2244 5406 2598 5467 apparentem
2630 5397 3036 5450 dissonantiam
3062 5410 3307 5465 auagogc
3333 5394 3577 5459 dissolvi,
3614 5394 3722 5446 so:-

459 5488 590 5530 vant
626 5480 913 5545 praelii-tas
944 5497 971 5531 a
1008 5484 1163 5536 nobis
1193 5484 1559 5542 dubitationes
1604 5490 1672 5541 de
1722 5491 2085 5559 quadraginta
2136 5490 2329 5544 diebus
2365 5487 2706 5551 tentationis,
2739 5488 2833 5557 qui
2866 5487 3093 5541 minime
3142 5486 3317 5543 locum
3366 5487 3566 5541 habere
3596 5502 3720 5554 pus—

459 5578 587 5623 sunt
622 5572 761 5638 apud
789 5568 1069 5627 Joannem.
1137 5577 1345 5643 Dicant,
1384 5582 1605 5650 quando
1650 5581 1814 5636 fuerit
1844 5581 2003 5636 Jesus
2037 5582 2365 5653 Capharnai.
2407 5580 2540 5635 Nam
2573 5582 2615 5635 si
2658 5592 2781 5649 post
2810 5597 2905 5637 sex
2939 5596 2968 5632 ιι
3002 5579 3272 5650 baptismo
3297 5595 3397 5635 suo
3446 5580 3582 5645 dies,
3618 5578 3714 5631 fuit

525 5749 566 5777 ²²
603 5742 756 5806 Juan.
800 5769 905 5815 xiv,
945 5754 1026 5807 12.
