4138 6462
402 369 470 427 21
1713 348 2036 407 PREFATI

2048 348 2085 405 0
2125 348 2217 405 AD
2253 344 2415 404 TOM.
2447 344 2511 403 ll.
3611 342 3682 397 22

409 487 743 557 (iapbarnai,
774 501 897 540 cum
946 490 1101 539 sexta
1128 482 1216 537 die
1245 480 1448 534 factum
1482 478 1551 532 sit
1603 476 1653 531 in
1684 477 1889 544 nuptiis
1924 476 1976 527 in
2006 474 2150 527 Cana
2179 472 2412 526 Galiltuae
2464 468 2803 523 miraculum.
2842 468 3188 537 perspicuum
3224 476 3328 530 est,
3360 480 3533 534 neque
3563 478 3682 517 tcu-

415 590 588 637 tatum
619 581 809 639 fuisse.
843 592 1021 648 neque
1069 576 1123 629 in
1156 572 1385 627 Nazaris
1416 570 1609 632 fuisse,
1645 584 1824 638 neque
1856 566 2122 622 Joannem
2157 563 2415 617 traditttm
2448 561 2635 617 fuisse.
2660 580 2680 613 ν
2741 561 2796 613 ΕΙ
2830 561 2991 628 paulo
3018 572 3142 629 post
3170 579 3182 613 ε
3216 580 3237 613 ο
3259 559 3413 628 Quod
3443 560 3489 614 si
3514 561 3683 613 inter-

409 674 731 745 rogantibus
759 669 913 725 nobis
936 669 1155 739 quando
1186 668 1419 736 primum
1453 663 1552 717 tult
1585 663 1637 716 in
1669 661 1993 730 Capharnao
2021 658 2295 719 Christus,
2330 657 2422 725 qui
2458 656 2746 710 lectionem
2780 654 3019 709 Matthmi
3072 655 3525 723 reliquorumque
3553 652 3690 706 dno-

407 784 535 822 rum
591 775 916 836 sequuntur,
955 766 1162 826 dicent,
1210 770 1332 830 post
1369 758 1752 817 teutationem,
1799 755 2018 823 quando
2075 754 2262 808 relicta
2301 752 2573 807 Nazareth
2624 751 2901 821 profectus
2951 749 3218 804 habitavit
3249 748 3302 801 itt
3337 746 3688 815 Capharnao,

411 877 537 929 qua:
567 871 650 915 est
700 861 891 913 civitas
923 857 1193 912 maritima
1223 871 1237 919 ;
1286 852 1556 922 quomodo
1606 847 1771 903 simul
1798 863 1987 902 verum
2035 861 2159 901 esse
2205 847 2391 900 dicent
2423 853 2477 898 et
2506 845 2634 899 illttd
2665 845 2807 913 quod
2842 846 2981 913 apud
3016 842 3327 897 Matthtenm
3360 850 3414 893 et
3446 840 3688 894 Marcum

410 955 625 1011 dictum
657 964 758 1021 est,
795 954 979 1009 Jesnm
1010 950 1303 1008 secessisse
1334 949 1389 1002 in
1421 945 1725 1006 Galibeatn,
1757 953 2013 1012 tanquam
2054 942 2147 1010 qui
2176 942 2421 995 audisset
2450 938 2715 994 Joannem
2754 939 3012 992 traditnnt
3044 939 3242 1003 fuisse;
3274 948 3324 989 et
3357 936 3509 997 illttd,
3546 936 3690 1001 quod

414 1056 651 1123 positum
689 1060 773 1105 est
825 1049 968 1117 apud
1018 1045 1311 1105 Joannem,
1362 1039 1604 1095 nondum
1658 1038 1827 1092 fuisse
1862 1037 2166 1104 Baptistam
2202 1036 2512 1103 conjectura
2545 1034 2598 1088 in
2644 1042 2948 1102 carcerem,
2980 1032 3074 1089 sed
3105 1032 3387 1102 baptizare
3423 1030 3475 1082 in
3509 1027 3693 1081 Aiunt:

413 1148 563 1216 iuxta
591 1142 801 1197 Salim?
851 1140 899 1193 id
930 1139 1072 1209 quod
1106 1136 1329 1205 ponitur
1358 1141 1480 1201 post
1510 1128 1856 1185 mansionem
1890 1129 2102 1183 Domini
2141 1128 2196 1182 in
2228 1127 2580 1196 Capharnao,
2627 1135 2681 1181 et
2703 1135 2824 1193 post
2852 1141 3142 1180 ascensum
3175 1124 3241 1177 ad
3272 1123 3691 1194 Jerosolymamv

419 1241 658 1309 indeque
693 1238 758 1291 ad
788 1234 1026 1289 Iudaeam
1058 1232 1403 1292 descensum,
1458 1232 1512 1279 et
1543 1233 1665 1294 post
1697 1223 1901 1278 multas
1932 1222 2069 1277 alias
2103 1222 2222 1291 ejus
2251 1223 2516 1278 actiones.
2544 1220 2749 1277 iPorro
2767 1218 3143 1291 Evangelistas
3170 1219 3272 1273 hac
3305 1218 3417 1271 sola
3459 1233 3695 1273 excusa-

418 1339 573 1392 tione
598 1334 853 1402 dignatur
887 1329 1086 1383 ibidem
1115 1328 1365 1385 num.4:t
1394 1322 1511 1379 Non
1540 1318 1881 1391 reprehendo
1909 1327 2093 1375 autem
2125 1319 2271 1388 ipsos
2313 1318 2498 1388 aliquo
2528 1324 2689 1387 pacto
2717 1318 3123 1387 transposuisse
3154 1315 3223 1370 ad
3254 1314 3547 1371 utilitatem
3578 1328 3696 1384 πυγ-

417 1430 571 1486 stica:
597 1420 1059 1482 considerationis
1103 1420 1297 1472 harum
1345 1429 1551 1476 rerum,
1602 1412 1677 1476 id,
1725 1412 1870 1480 quod
1899 1412 2184 1480 (quantum
2211 1413 2405 1465 attinet
2433 1412 2499 1464 ad
2545 1411 2853 1473 historiam)
2883 1412 2987 1466 alio
3014 1411 3172 1465 modo
3210 1412 3422 1465 factum
3476 1408 3693 1475 fuerat;

417 1522 491 1578 ita
515 1519 738 1589 utquod
765 1532 873 1572 uno
898 1516 1019 1571 loco
1042 1513 1247 1567 factum
1274 1511 1474 1572 fuerat,
1509 1516 1770 1575 tanquam
1806 1507 1859 1560 itt
1883 1506 1990 1560 alio
2017 1518 2231 1577 gesmm
2263 1509 2359 1573 sit,
2397 1517 2718 1573 narrarent;
2751 1515 2805 1561 et
2835 1509 2976 1576 quod
3006 1523 3113 1562 nuo
3145 1516 3412 1577 tempore,
3442 1516 3697 1577 tanquam

418 1618 474 1673 in
502 1616 648 1683 alio;
682 1624 739 1669 et
772 1612 905 1669 illud
935 1609 1080 1679 quod
1112 1622 1218 1659 uno
1246 1605 1405 1658 modo
1443 1601 1854 1672 pronuntiatum
1877 1600 2077 1667 fuerat,
2102 1617 2225 1657 cum
2255 1603 2490 1672 quadam
2517 1603 2841 1659 alteratione
2865 1603 3154 1659 referrent.
3181 1603 3526 1674 Propositum
3553 1604 3699 1659 cuitu

420 1712 529 1768 illis
545 1720 665 1769 erat
688 1724 817 1764 vera
838 1719 1066 1761 narrare
1083 1712 1139 1758 et
1163 1700 1523 1769 spiritualiter
1538 1706 1595 1752 et
1626 1697 2020 1767 corporaliter,
2041 1698 2133 1753 tthi
2159 1698 2381 1765 liceret;
2416 1699 2509 1754 ttbi
2532 1706 2714 1755 autem
2736 1714 2845 1755 non
2875 1700 3225 1769 contingebat
3247 1710 3560 1770 utrumque,
3589 1716 3700 1754 rem

424 1803 681 1870 prmferre
710 1799 1042 1871 spiritualem
1067 1793 1141 1848 rei
1163 1807 1455 1862 corporeae,
1475 1798 1685 1846 servata
1710 1803 1852 1855 saepe
1875 1781 2100 1842 veritate
2124 1787 2386 1857 spirituali
2410 1791 2461 1842 in
2487 1791 2751 1860 corporali
2777 1793 2857 1863 (ut
2881 1793 3074 1862 aliquis
3101 1794 3326 1863 diceret)
3353 1796 3689 1852 mendacio»

1496 1874 1523 1944 §
1562 1874 1647 1928 Vl.
1689 1875 1765 1929 De
1799 1876 2072 1944 praeceptis
2112 1875 2246 1930 Novi
2286 1875 2600 1933 Testamenti

486 1969 606 2024 Lib.
634 1981 685 2023 tv
722 1967 799 2023 De
832 1966 1131 2037 principiis,
1163 1981 1318 2025 num.
1350 1966 1441 2032 l8,
1490 1968 1823 2038 probaturus
1850 1967 2057 2037 aliquot
2086 1984 2208 2025 esse
2241 1968 2374 2025 Novi
2404 1970 2745 2027 'l'cstamenti
2790 1978 3054 2043 praecepta
3083 1984 3112 2024 a
3141 1968 3339 2040 quibus
3363 1970 3543 2025 omnis
3572 1986 3698 2025 seu.

414 2077 508 2118 sus
537 2061 834 2115 historicus
867 2060 938 2114 ita
974 2058 1309 2126 excluditur,
1333 2070 1392 2115 ut
1420 2062 1532 2117 sola
1571 2062 1624 2118 in
1664 2062 1772 2115 illis
1804 2062 2165 2132 intelligentia
2202 2064 2467 2133 spiritalis
2498 2066 2790 2133 quaerenda
2827 2066 2923 2128 sit,
2977 2064 3055 2119 sic
3087 2063 3344 2119 disserit:
3378 2061 3535 2117 dam
3569 2079 3698 2118 vero

411 2159 460 2214 si
496 2158 562 2211 ad
592 2153 943 2223 Evangelium
976 2154 1262 2208 veniamus
1296 2162 1346 2206 et
1378 2155 1579 2208 similia
1615 2157 1985 2225 requiramus,
2013 2159 2142 2226 quid
2178 2175 2207 2213 a
2250 2159 2465 2216 ratione
2498 2161 2669 2231 magis
2704 2160 2967 2223 alienum,
3011 2175 3173 2230 qutun
3208 2160 3349 2214 istud
3377 2177 3390 2213 :
3420 2157 3697 2214 Neminem

411 2264 504 2319 per
550 2248 687 2301 viam
722 2245 1084 2301 salutaveritis
1107 2247 1180 2309 “,
1209 2246 1351 2317 quod
1381 2247 1640 2317 apostolis
1668 2250 1995 2320 pr:ecepisse
2021 2251 2368 2308 Salvatorem
2417 2253 2782 2324 simpliciores
2811 2253 3165 2308 existimant?
3216 2252 3276 2306 Et
3316 2268 3442 2307 cum
3476 2255 3697 2308 dexteri

414 2343 635 2405 maxilla
673 2342 884 2413 percuti
920 2343 1142 2408 dicitur,
1178 2360 1265 2398 res
1290 2353 1377 2398 est
1406 2360 1433 2396 a
1473 2344 1759 2399 verisimili
1797 2361 2021 2415 prorsus
2050 2348 2377 2416 abhorrens,
2410 2366 2533 2407 cum
2565 2350 2746 2405 ontnis
2775 2350 2866 2419 qtti
2896 2350 3158 2419 percutit,
3195 2348 3295 2402 nisi
3333 2358 3522 2403 natura
3552 2364 3700 2402 man-

412 2453 511 2494 cus
544 2436 735 2502 fuerit,
774 2437 999 2493 dextera
1036 2453 1195 2491 tnanu
1235 2437 1521 2497 sinistram
1557 2439 1827 2495 maxillam
1872 2438 2053 2499 feriat.
2100 2442 2285 2512 Neque
2310 2454 2492 2512 potest
2521 2459 2586 2500 ex
2619 2443 2916 2513 Evangelia
2946 2442 3151 2513 percipi
3177 2456 3287 2513 quo
3310 2450 3472 2512 pacto
3510 2443 3698 2497 dexter

410 2534 606 2590 oculus
632 2531 919 2588 oﬂ‘ensioni
949 2533 1037 2588 sit.
1103 2533 1172 2589 Ut
1206 2535 1352 2590 enim
1384 2536 1750 2591 concedamus
1784 2553 1946 2606 posse
1974 2540 2285 2609 quempiam
2316 2540 2553 2596 videndo
2602 2540 2989 2610 scandalizari,
3025 2554 3123 2595 cur
3164 2554 3287 2593 cum
3316 2538 3422 2593 duo
3448 2538 3589 2593 oculi
3620 2544 3698 2590 vi-

413 2628 598 2692 deant,
630 2630 837 2681 crimen
874 2627 926 2681 in
974 2627 1225 2683 dextrum
1273 2628 1709 2685 transferendum
1739 2632 1863 2686 est?
1900 2632 2032 2701 Quis
2056 2636 2225 2690 etiam
2260 2636 2581 2705 sibimetipsi
2626 2634 2871 2692 infensus
2902 2636 3045 2704 quod
3076 2635 3275 2688 viderit
3317 2634 3602 2688 mulierem
3632 2635 3698 2685 ad

412 2724 911 2793 concupiscendum
943 2739 1086 2788 eam,
1121 2739 1345 2779 causam
1383 2741 1640 2797 regereris
1668 2728 1720 2781 itt
1749 2744 1913 2783 untttn
1946 2730 2202 2786 dextrum
2232 2732 2469 2798 oculum,
2503 2733 2703 2787 merito
2733 2732 2875 2787 hunc
2902 2735 3076 2799 ipsum
3102 2730 3403 2798 abjecerit?
3432 2730 3699 2784 Prteterea

412 2818 706 2885 Apostolus
742 2819 987 2889 prtecipit
1034 2819 1223 2875 dicens
1273 2841 1286 2873 :
1323 2822 1679 2876 Circumcisus
1707 2823 1903 2894 aliquis
1934 2835 2153 2881 vocatus
2177 2828 2300 2881 est?
2346 2845 2453 2880 non
2486 2830 2717 2881 adducat
2748 2829 3068 2897 pra'putiunt
3094 2826 3162 2880 “.
3205 2824 3443 2881 Primum
3472 2825 3700 2896 quilibet

412 2906 532 2965 lucc
566 2911 665 2966 abs
695 2926 754 2967 re
780 2922 1092 2982 prmterque
1121 2913 1461 2984 propositum
1494 2916 1680 2971 dicere
1708 2916 2028 2987 Apostolutn
2058 2919 2283 2976 videbit.
2346 2919 2483 2975 Nam
2517 2920 2792 2990 quomodo
2818 2921 2885 2975 de
2915 2920 3119 2990 nuptiis
3147 2928 3198 2973 et
3227 2918 3478 2973 castitate
3510 2915 3705 2986 marci-

416 3006 571 3071 piens
602 3023 708 3061 non
756 3008 1006 3064 videatur
1040 3010 1153 3063 haec
1192 3019 1397 3064 temere
1450 3012 1880 3081 interposuisse?
1920 3015 2125 3070 Deinde
2155 3017 2279 3087 quis
2315 3031 2549 3087 peccare
2581 3016 2730 3069 illum
2763 3016 2987 3082 dixerit,
3040 3015 3132 3084 qui
3163 3014 3399 3069 vitandae
3427 3011 3703 3085 obscoeni-

417 3104 546 3157 tatis
573 3116 933 3170 causa,qnam
971 3099 1165 3169 vulgus
1195 3102 1607 3157 circttmcisioni
1656 3104 1841 3161 inesse
1872 3116 2049 3176 putat,
2091 3108 2453 3181 revocare,si
2484 3107 2599 3162 ﬁeri
2629 3117 2833 3179 potest,
2870 3107 3192 3178 praeputium
3227 3116 3459 3161 conatus
3491 3105 3696 3161 fuerit?

414 3195 541 3251 llaec
590 3195 775 3249 omnia
824 3209 853 3246 a
883 3193 1043 3249 nobis
1094 3194 1236 3247 dicta
1271 3203 1422 3258 sunt,
1482 3202 1539 3248 ut
1588 3198 1943 3253 ostendamus
1993 3214 2097 3252 non
2133 3214 2195 3254 ea
2228 3201 2341 3255 sola
2392 3199 2718 3269 quatlittera
2758 3200 3001 3264 exhibet,
3053 3198 3392 3266 propositum
3430 3196 3601 3252 fuisse
3645 3205 3702 3251 et

412 3306 533 3359 quae
563 3304 750 3346 sacras
779 3287 938 3343 nobis
983 3287 1194 3342 litteras
1239 3287 1410 3353 dedit,
1444 3288 1642 3343 divinat
1669 3290 1856 3344 virtuti
1890 3293 2207 3362 explicare:
2251 3294 2456 3365 quippe
2501 3307 2620 3363 qua:
2660 3292 2929 3349 interdum
2987 3291 3283 3346 secundum
3317 3290 3555 3343 litteram
3602 3292 3703 3343 mi-

414 3388 561 3440 nime
613 3399 739 3439 vera
773 3384 908 3447 sint,
946 3383 1043 3438 sed
1095 3392 1149 3436 et
1177 3382 1416 3437 absurda
1453 3391 1509 3436 et
1542 3382 1941 3452 impossibilia;
1980 3398 2090 3441 tum
2142 3398 2348 3443 attexta
2382 3404 2504 3445 esse
2532 3387 2787 3444 nonnulla
2835 3402 3016 3443 rerum
3056 3399 3332 3459 gesutrum
3365 3387 3613 3441 historia:
3648 3398 3701 3439 et

413 3476 483 3529 iis
516 3474 726 3543 legibus
754 3487 875 3542 qua:
906 3472 1204 3527 secundum
1242 3471 1480 3526 litteram
1517 3473 1669 3526 utilia
1710 3477 2053 3545 prtecipiunt.
2088 3498 2106 3529 ι

414 3591 444 3663 §
476 3590 585 3646 νη.
626 3591 910 3646 Duriorcm
955 3590 1092 3663 hanc
1125 3590 1422 3663 doctrinam
1456 3590 1736 3663 paululum
1765 3593 1990 3659 emollit,
2038 3610 2194 3663 aeque
2233 3593 2485 3646 adversus
2528 3608 2617 3646 eos
2648 3592 2885 3661 defendit
2919 3592 3009 3663 qui
3058 3592 3229 3658 ipsum
3276 3589 3601 3663 pessumdati
3644 3589 3701 3663 iu

485 3663 779 3729 Scripturis
815 3676 997 3714 sensus
1045 3658 1288 3713 litteratis
1316 3662 1539 3715 crimine
1598 3664 1941 3715 accusabant.
2003 3658 2224 3717 Sensum
2256 3663 2533 3715 litteralem
2569 3664 2624 3714 in
2662 3658 2895 3715 maxima
2930 3658 3223 3725 Scripturw
3250 3670 3399 3728 parte
3442 3661 3698 3723 admittit,

483 3734 576 3786 sed
614 3732 807 3800 ubique
836 3731 987 3784 illum
1023 3747 1128 3784 non
1153 3733 1411 3798 agnoscit.
2456 3758 2477 3768 κ

489 3867 508 3901 ι
534 3849 612 3904 Ne
639 3850 766 3920 quis
794 3863 924 3911 vero
953 3847 1159 3918 (inquit
1189 3847 1290 3902 lib.
1320 3863 1375 3902 tv
1403 3845 1481 3902 De
1503 3849 1802 3920 principiis,
1843 3862 1994 3902 num.
2027 3846 2117 3919 19)
2153 3860 2253 3900 nos
2286 3846 2599 3915 suspicetur
2629 3845 2680 3898 in
2729 3845 2989 3901 omnibus
3041 3846 3095 3901 id
3127 3846 3333 3914 dicere,
3380 3848 3581 3905 nullam
3614 3852 3701 3907 bi-

413 3944 642 4003 storiam
677 3944 995 4013 contigisse,
1030 3944 1286 4012 quoniam
1315 3942 1497 4012 aliqua
1536 3960 1644 3999 non
1676 3944 1940 4015 contigit,
2004 3952 2060 3998 et
2088 3942 2292 3997 nullam
2323 3941 2497 4011 legem
2524 3940 2594 3996 ad
2639 3941 2878 3998 litteram
2911 3956 3033 3998 esse
3058 3944 3410 4011 servandam,
3442 3932 3701 4017 quoniam

413 4038 596 4107 aliqua
622 4036 920 4091 secundum
968 4035 1210 4091 litteram
1243 4044 1339 4089 aut
1366 4037 1607 4092 absurda
1660 4047 1755 4090 aut
1791 4035 2153 4106 impossibilia
2184 4036 2464 4105 praecipit;
2522 4033 2603 4089 vel
2636 4048 2759 4104 quae
2787 4035 2852 4089 de
2881 4035 3167 4090 Salvatore
3199 4038 3402 4110 scripta
3432 4050 3581 4105 sunt,
3614 4055 3704 4094 se-

414 4130 654 4185 cundum
700 4129 988 4184 litteralem
1019 4144 1242 4183 sensum
1291 4146 1399 4185 non
1432 4146 1555 4187 esse
1583 4147 1746 4194 vera;
1794 4140 1891 4183 aut
1924 4130 2128 4187 nullam
2164 4129 2335 4199 ipsius
2365 4130 2537 4198 legem
2571 4138 2626 4183 et
2657 4139 2986 4198 praeceptum
3014 4131 3223 4185 servari
3258 4143 3534 4201 oportere,
3563 4137 3699 4188 dit-i-

413 4239 535 4279 tuus
585 4221 875 4277 manifeste
912 4220 966 4275 in
994 4221 1318 4292 quibusdam
1349 4224 1591 4279 historia;
1625 4223 1913 4278 veritatem
1947 4223 2106 4277 nobis
2134 4238 2398 4292 apparere
2442 4241 2454 4276 :
2496 4221 2646 4275 verbi
2685 4221 2884 4291 gratia,
2915 4221 3215 4286 Abraham,
3258 4223 3412 4280 lsaac
3441 4235 3495 4279 et
3526 4224 3702 4282 Jacob

412 4331 536 4370 cum
570 4330 677 4368 una
707 4329 803 4368 sua
835 4328 1276 4383 unumquemque
1305 4328 1480 4369 uxore
1509 4315 1564 4368 in
1596 4314 1796 4382 duplici
1830 4313 2086 4382 spelunca
2122 4312 2365 4381 sepultos
2391 4327 2517 4367 esse
2566 4312 2619 4366 in
2656 4311 2930 4376 llcbrom;
2967 4312 3186 4366 Sicbem
3216 4311 3456 4383 Josepho
3490 4317 3542 4370 in
3573 4334 3702 4386 por-

414 4410 613 4464 tionem
644 4423 766 4464 esse
798 4409 1152 4471 attributam;
1189 4407 1489 4462 Jerusalem
1530 4408 1879 4477 metropolitn
1913 4423 2035 4462 esse
2065 4406 2287 4472 Jndtetn,
2316 4407 2367 4462 in
2413 4423 2516 4476 qua
2550 4422 2580 4461 a
2610 4405 2901 4463 Salomone
2948 4407 3273 4463 mdiﬁcatum
3307 4411 3410 4466 fuit
3440 4416 3697 4484 templum

410 4503 528 4569 Dei,
572 4513 628 4559 et
674 4503 780 4557 alia
835 4514 1117 4557 sexcenta.
1177 4502 1345 4558 Multo
1390 4505 1537 4559 enim
1586 4504 1736 4574 plura
1790 4514 1918 4559 Stltll
1966 4506 2265 4558 secundum
2320 4503 2606 4557 historiam
2641 4506 2795 4569 vera,
2835 4519 2999 4572 quam
3037 4521 3160 4573 quae
3196 4522 3344 4561 ntere
3388 4509 3695 4577 spiritualia

410 4601 518 4656 illis
550 4609 761 4656 attexta
796 4608 946 4655 sunt.
997 4598 1230 4654 Rursum
1281 4600 1405 4669 quis
1446 4598 1664 4655 inﬁcias
1716 4600 1839 4653 ierit
1874 4599 2189 4653 mandatum
2239 4598 2342 4654 hoc
2384 4614 2398 4650 :
2447 4596 2669 4653 Honora
2705 4608 2904 4667 patrem
2937 4607 3083 4652 tuum
3116 4609 3165 4654 et
3192 4610 3410 4656 matrem
3437 4612 3606 4667 tuam,
3635 4617 3692 4660 ut

408 4698 537 4751 bene
570 4697 639 4750 sit
666 4695 762 4749 tibi
784 4696 855 4761 ³⁸,
883 4698 1046 4751 etiam
1078 4696 1194 4749 sine
1223 4696 1417 4751 altiore
1447 4696 1803 4766 intelligentia
1834 4696 1967 4749 utile
1994 4711 2114 4750 esse
2140 4711 2206 4750 ac
2242 4694 2591 4762 servandum,
2633 4695 2870 4750 maxime
2897 4711 3018 4749 cum
3050 4695 3250 4751 Paulus
3282 4697 3474 4753 iisdem
3505 4702 3691 4755 verbis

408 4792 538 4846 illud
573 4790 1016 4846 commendarit?
1054 4789 1193 4857 Quid
1225 4792 1421 4846 attinet
1451 4792 1640 4847 dicere
1669 4793 1736 4847 de
1765 4793 1978 4847 caeteris
2005 4804 2021 4844 :
2051 4789 2176 4845 Non
2205 4791 2566 4855 mazchaberis,
2611 4807 2713 4843 non
2746 4792 2973 4854 occides,
3010 4808 3112 4845 non
3143 4791 3344 4859 furtum
3376 4792 3562 4861 facies,
3593 4811 3695 4849 non

408 4888 547 4942 dices
583 4886 779 4955 falsum
813 4887 1169 4941 testimonium
1201 4888 1286 4941 '6?
1332 4889 1544 4942 Rursus
1576 4888 1630 4942 in
1664 4886 1954 4958 Evangelio
1984 4886 2239 4941 mandata
2270 4887 2517 4954 qutedatn
2554 4887 2761 4955 scripta
2791 4896 2941 4948 sunt,
2970 4886 3036 4941 de
3069 4886 3268 4955 quibus
3297 4902 3402 4941 non
3431 4889 3693 4957 quasritnr

410 4986 589 5040 sintne
636 4984 703 5039 ad
734 4985 971 5039 litteram
1020 4986 1290 5039 servanda
1336 5000 1510 5040 necne
1550 5002 1565 5038 :
1610 4984 1913 5053 cuiusmodi
1953 4983 2082 5038 illud
2113 4993 2198 5038 est
2226 5004 2238 5039 ;
2266 4980 2378 5051 Ego
2427 4983 2549 5036 dico
2584 4982 2749 5046 vobis,
2795 4982 3096 5050 quicunque
3126 4983 3295 5035 iratus
3330 4982 3493 5053 fuerit
3534 4983 3696 5052 fratri

412 5095 509 5141 suo
531 5080 602 5147 “,
632 5088 688 5137 et
714 5096 840 5151 qua!
868 5091 1196 5152 sequuntur.
1241 5081 1305 5135 Et
1332 5100 1345 5136 :
1371 5079 1487 5151 Ego
1532 5082 1650 5136 dico
1678 5082 1823 5135 vobis
1855 5096 1959 5135 non
1984 5079 2176 5150 jurare
2202 5081 2413 5133 omnino
2438 5078 2506 5132 ³⁸.
2563 5076 2630 5130 Et
2672 5077 3088 5131 custodiendum
3125 5087 3208 5130 est
3243 5077 3377 5131 illud
3404 5078 3648 5148 Apostoli
3674 5093 3690 5133 :

412 5176 673 5244 Corripitc
700 5180 983 5249 inquietos,
1023 5180 1377 5235 consulamini
1409 5178 1798 5248 pusillanimes,
1825 5179 2077 5247 suscipite
2104 5176 2369 5244 inﬁrmos,
2395 5175 2659 5245 patientes
2686 5183 2849 5228 estote
2893 5175 2962 5226 ad
3012 5188 3191 5228 omnes
3216 5175 3291 5239 ἰς
3338 5174 3552 5227 tametsi
3596 5175 3690 5243 qui

412 5284 500 5324 res
530 5267 694 5323 altius
729 5281 1064 5337 scrutantur,
1092 5285 1425 5343 componere
1453 5272 1666 5342 possint
1700 5271 2045 5327 altitudinem
2073 5268 2355 5339 sapientia:
2387 5269 2482 5323 Dei
2532 5281 2659 5321 cum
2687 5265 2912 5320 litterali
2957 5265 3338 5320 mandatorum
3370 5279 3554 5319 sensu.
3590 5263 3693 5319 Ve-

411 5376 715 5422 rumtamen
746 5368 837 5438 qui
868 5369 1127 5423 attentius
1158 5368 1372 5437 legerit,
1424 5368 1481 5424 in
1513 5368 1789 5425 nonnullis
1817 5367 2078 5437 ambiget,
2114 5380 2213 5420 nec
2242 5366 2360 5420 sine
2393 5363 2563 5419 multo
2593 5363 2849 5418 examine
2876 5361 3235 5432 pronuntiare
3272 5358 3477 5428 poterit
3508 5367 3688 5412 utrum

412 5459 527 5513 haec
559 5475 680 5530 quae
713 5471 933 5531 putatur
960 5463 1210 5527 historia,
1247 5466 1544 5519 secundum
1575 5464 1812 5518 litteram
1845 5463 2112 5519 acciderit
2143 5476 2333 5525 necne,
2366 5470 2422 5515 et
2471 5459 2705 5529 hujusne
2742 5458 2875 5527 legis
2903 5458 3073 5510 verba
3126 5456 3392 5511 servanda
3441 5455 3575 5517 siut,
3618 5468 3688 5506 an

410 5564 589 5606 aecus.
632 5552 997 5619 Quamobrem
1031 5573 1256 5613 necesse
1285 5568 1370 5614 est
1415 5570 1474 5614 ut
1499 5570 1791 5614 accuratus
1826 5557 1994 5612 lector
2026 5567 2247 5613 servato
2276 5557 2380 5611 hoc
2408 5553 2720 5610 Salvatoris
2753 5562 3051 5623 prmcepto,
3088 5549 3407 5604 acrutamini
3446 5546 3691 5616 Scriptu-

410 5696 686 5826 3“’l.,t:c.l
712 5700 1202 5828 xhll-éss’1lﬁor.
1236 5720 1334 5772 vn,
1371 5707 1457 5763 l8.
1492 5707 1538 5739 τε
1636 5707 1808 5763 Exod.
1846 5723 1938 5773 xx,
1977 5708 2063 5761 12.
2145 5705 2190 5738 ιε
2230 5703 2390 5771 lbid.,
2430 5702 2498 5758 ts
2522 5713 2576 5759 et
2603 5716 2756 5772 seqq.
2856 5699 2903 5731 ’τ
2950 5668 3141 5752 Matth.
3181 5710 3236 5762 ν,
3278 5692 3373 5751 22.
3446 5692 3495 5728 "
3526 5691 3686 5759 Ibid»
