4138 6480
402 339 473 394 23
1697 345 2036 404 ΡΒᾸΞΡΑΊἭ

2042 350 2067 405 3
2112 351 2207 404 Al}
2242 349 2404 407 'I'OM.
2442 352 2506 408 ll.
3607 365 3676 423 21

404 477 493 514 ras
516 460 583 521 ³ο,
617 459 965 529 quamlonam
992 476 1177 515 verum
1211 460 1281 515 sit
1311 461 1453 531 quod
1484 460 1664 517 littera
1697 474 1880 527 sonat,
1910 466 2255 533 quandonam
2288 468 2361 521 sit
2388 467 2751 537 impossibile,
2785 470 3072 540 diligenter
3100 478 3370 545 exploret,
3419 490 3471 533 et
3502 498 3566 535 ex
3598 486 3675 535 εἰ-

405 551 614 607 milium
646 568 840 607 vocum
893 554 1304 624 comparatione
1350 552 1607 607 diffusum
1639 554 1843 623 ubique
1876 571 1974 623 per
2001 556 2322 626 Scripturas
2368 575 2588 615 sensum
2622 562 2741 630 ejus
2785 565 2932 633 quod
2985 571 3281 622 secundum
3325 570 3556 627 litteram
3588 588 3675 632 est

406 648 765 717 impossibile,
814 665 911 719 pro
943 649 1152 705 viribus
1184 650 1492 719 investiget.
1520 670 1539 701 ι
1582 648 1719 704 lluic
1771 652 1847 705 rei
1885 653 2200 720 aptissimus
2240 656 2461 724 insuper
2497 667 2581 711 est
2617 657 2767 713 locus
2816 661 2959 715 alter
3002 678 3065 717 ex
3102 665 3329 719 humilia
3357 670 3582 737 septima
3620 674 3674 727 in

403 743 685 808 Cenesim,
728 746 821 799 ubi
855 754 1143 813 postquam
1176 743 1330 800 Isaac
1375 756 1433 801 et
1464 744 1660 800 lsmael
1696 747 1982 800 historiam
2016 749 2227 809 retulit,
2274 751 2451 818 seipse
2477 751 2558 805 sic
2590 752 2929 824 interregat:
2959 758 3139 823 cQuid
3175 761 3342 829 ergo?
3384 764 3531 816 Isaae
3566 780 3675 819 non

402 847 488 890 est
520 838 817 892 secundum
852 853 1075 892 carnem
1110 838 1304 891 natus?
1337 836 1454 894 Non
1482 854 1604 893 eum
1630 840 1842 909 peperit
1872 840 2045 895 Sara?
2072 840 2191 894 Non
2223 855 2307 896 est
2340 844 2743 900 circumcisus?
2784 848 2895 903 Hoc
2926 851 3100 919 ipsum
3127 854 3272 919 quod
3299 854 3519 908 ludebat
3545 871 3677 910 cum

404 926 616 992 lsmael,
673 943 778 982 non
814 929 867 982 in
892 944 1063 983 carne
1095 927 1358 981 ludebat?
1410 926 1522 984 Hoc
1557 938 1642 984 est
1670 932 1816 985 enim
1866 933 2009 1000 quod
2044 934 2295 988 mirabile
2322 944 2405 989 est
2439 937 2491 990 in
2523 938 2767 1007 Apostoli
2815 956 3002 1003 sensu,
3048 944 3192 1011 quod
3239 945 3305 997 de
3336 947 3532 1013 quilms
3563 965 3676 1000 non

401 1033 579 1091 potest
605 1022 851 1079 dubitari
877 1023 1007 1092 quin
1038 1026 1336 1078 secundum
1373 1039 1596 1081 carnem
1628 1038 1777 1097 gesta
1810 1029 1940 1091 sint,
1990 1029 2107 1083 hac
2157 1030 2249 1085 ille
2300 1032 2433 1086 dicit
2465 1048 2585 1089 esse
2620 1034 2933 1105 allegorica,
2969 1049 3026 1091 ut
3058 1055 3161 1093 nos
3205 1042 3331 1108 quid
3365 1042 3677 1096 faciendum

401 1116 474 1171 sit
508 1118 559 1171 in
599 1117 818 1171 caneris
850 1116 1190 1181 noverimus,
1222 1127 1277 1172 et
1303 1118 1357 1171 in
1384 1118 1473 1173 bis
1505 1120 1739 1175 maxime
1770 1120 1823 1176 in
1855 1121 2056 1190 quibus
2088 1123 2219 1177 nihil
2259 1124 2441 1177 divina
2477 1124 2593 1196 lege
2638 1128 2857 1198 dignum
2894 1130 3149 1185 historica
3191 1134 3403 1187 videtur
3435 1134 3677 1190 indicare

404 1223 669 1265 ΙΠΙΙΊὮΙΚ).
693 1228 713 1259 ι

401 1329 597 1381 ABTIC.
629 1324 691 1380 ν.
735 1339 997 1383 Ιῐδτιωε
1026 1342 1219 1383 θεκςυς
1258 1343 1484 1383 κιτιτωι
1518 1343 1899 1383 Αυρτοκιτιτε
1933 1344 2051 1383 κονι
2092 1346 2461 1393 τεςτμιεκτι.
2509 1350 2715 1397 ESTQL‘E
2747 1348 2946 1389 013130
2976 1353 3347 1403 Νεσεςςηωε,
3383 1357 3454 1397 υτ
3480 1356 3542 1396 ΑΒ
3574 1357 3673 1398 πο-

891 1413 1078 1455 ετωυε
1106 1414 1250 1454 TOTA
1278 1414 1493 1453 ΙΔΝΕΑΤ
1536 1414 1766 1453 νειιιτλε
1794 1415 2229 1464 SCRIPTUBABUI,
2266 1418 2335 1457 ΕΤ
2369 1419 2496 1457 IP55
2526 1419 2627 1457 Ι)εο
2660 1420 2833 1460 MONS
2861 1420 3202 1463 REDDAN’IUI.

474 1520 531 1577 In
565 1523 667 1576 hoc
700 1520 937 1577 articulo
967 1535 1073 1577 non
1120 1521 1345 1575 multum
1376 1522 1573 1590 diuque
1602 1522 1953 1587 immorabor,
1984 1523 2185 1592 quippe
2214 1524 2305 1592 qui
2359 1524 2616 1593 patientia
2652 1525 2870 1580 lectoris
2900 1529 3176 1591 abuterer,
3228 1530 3272 1583 si
3301 1532 3370 1582 ad
3406 1545 3660 1599 compro-

406 1615 643 1668 bandum
675 1615 932 1685 mysticus
959 1630 1153 1671 sensus
1188 1618 1241 1670 in
1276 1614 1555 1686 Scriptura
1587 1631 1746 1672 sacra
1772 1618 2044 1672 admissos
2070 1617 2239 1673 fuisse
2263 1620 2333 1671 ab
2372 1617 2623 1689 Origene,
2651 1621 2816 1673 inulta
2863 1621 2982 1688 ejus
3022 1637 3377 1693 congererem
3420 1627 3669 1681 testimo-

407 1709 516 1761 nia.
566 1709 699 1775 Quae
744 1710 892 1763 enim
933 1711 1195 1766 hactenus
1228 1711 1440 1781 prolata
1471 1722 1621 1779 sunt,
1675 1712 1765 1767 illa
1805 1712 2011 1787 nullum
2047 1729 2109 1769 ea
2152 1717 2220 1769 de
2256 1730 2315 1768 re
2349 1716 2627 1769 dubitandi
2682 1714 2861 1769 locum
2906 1717 3241 1787 relinquunt,
3292 1722 3673 1791 neminemque

406 1799 556 1860 latet.
587 1817 693 1856 non
733 1804 855 1859 ideo
886 1806 1211 1875 reprehendi
1241 1806 1550 1878 Origenem.
1581 1810 1724 1878 quod
1754 1809 1957 1878 ingenii
1989 1810 2214 1865 solertia
2275 1812 2537 1877 caruerit,
2573 1827 2678 1881 qua
2717 1812 2995 1881 mysticos,
3053 1829 3189 1882 quos
3216 1830 3404 1869 revera
3436 1816 3675 1883 comple-

407 1896 576 1949 ctitur
602 1894 904 1966 Scriptura,
937 1914 1131 1953 sensus
1162 1899 1537 1970 investigaret,
1586 1901 1679 1955 sed
1706 1903 1849 1970 quod
1872 1916 1934 1955 ea
1968 1902 2021 1955 in
2059 1915 2119 1955 re
2154 1900 2382 1955 nimium
2421 1902 2641 1973 ingenio
2673 1917 2771 1956 suo
2812 1903 3119 1967 indulserit,
3156 1915 3209 1959 et
3239 1915 3422 1975 spreto
3453 1907 3675 1963 litterali

407 2004 571 2045 sensu
609 1991 896 2063 allegorias
924 1995 1205 2066 quaesierit
1254 1996 1389 2051 locis
1419 1999 1809 2065 propemodum
1841 1997 2145 2053 innumeris
2186 2012 2217 2051 a
2266 1999 2466 2067 quibus
2494 2014 2715 2068 prorsus
2746 1998 2939 2054 alienae
2973 2010 3117 2055 sunt.
3178 2001 3290 2055 Duo
3331 2012 3542 2057 tantum
3572 2002 3673 2058 ob-

406 2089 748 2143 servabimus
780 2106 901 2158 qua:
933 2091 1155 2144 maximi
1195 2100 1323 2145 sunt
1371 2092 1633 2145 momenti
1684 2109 1699 2146 :
1746 2093 1802 2145 1⁶
1833 2091 2090 2164 Mysticos
2121 2106 2315 2147 sensus
2348 2094 2674 2147 auctoritate
2718 2092 2854 2149 Novi
2885 2093 3219 2149 Testamenti
3249 2096 3431 2157 inniti,
3480 2097 3675 2164 probat

410 2190 521 2234 tum
557 2183 848 2237 traditione
875 2182 1151 2247 Ecclesiae,
1211 2194 1321 2238 tum
1353 2184 1588 2256 ipsomet
1628 2186 2038 2256 Scripturarum
2072 2186 2341 2252 consilio;
2397 2186 2454 2240 2'
2476 2195 2667 2239 contra
2703 2184 2948 2240 infideles
2979 2186 3321 2240 demonstrat
3368 2187 3677 2256 allegoricis

407 2275 664 2328 sensibus
691 2275 1008 2343 Scripturas
1044 2286 1261 2332 nostras
1290 2294 1395 2331 non
1431 2293 1757 2349 repugnare.
1800 2277 1966 2345 Quod
1994 2279 2037 2332 si
2071 2279 2216 2333 inter
2249 2280 2415 2332 citata
2450 2278 2517 2333 ab
2551 2279 2675 2347 ipso
2709 2279 3006 2348 Scriptura:
3039 2279 3350 2333 testimonia
3385 2280 3452 2333 ad
3490 2289 3675 2333 aucto-

408 2369 627 2420 ritatem
661 2367 907 2438 mysticis
933 2368 1184 2421 sensibus
1229 2368 1654 2433 conciliandam,
1710 2369 1975 2426 nonnulla
2026 2380 2153 2423 sunt
2182 2385 2303 2440 quae
2340 2385 2532 2439 parum
2586 2371 2651 2424 ad
2699 2385 2812 2423 rem
2864 2369 3090 2435 faciunt,
3120 2385 3187 2423 eo
3218 2370 3409 2423 saltem
3462 2370 3678 2425 nomine

413 2456 712 2514 laudandus
741 2469 847 2521 est,
876 2459 1017 2528 quod
1042 2458 1325 2513 disertiora
1351 2470 1407 2515 et
1434 2460 1631 2531 quibus
1661 2462 1886 2532 quaestio
1917 2462 2081 2531 plane
2106 2463 2287 2517 decisa
2319 2463 2411 2526 sit,
2451 2477 2557 2515 non
2592 2462 2855 2525 omiserit,
2874 2461 3179 2530 cuiusmodi
3214 2461 3406 2521 sunt:l
3435 2462 3563 2517 Cor.
3594 2478 3674 2531 is,

404 2552 474 2617 9;
507 2552 756 2621 lCor.'x,
786 2556 807 2609 l
845 2563 899 2609 et
929 2568 1121 2625 seqq.;
1154 2555 1331 2611 Galat.
1365 2572 1443 2622 iv,
1475 2557 1539 2611 21
1571 2567 1625 2613 et
1653 2572 1843 2627 seqq.;
1879 2556 2076 2628 Ephes.
2101 2574 2154 2622 v,
2177 2558 2238 2612 3|
2269 2574 2284 2623 ;
2318 2556 2528 2611 Coloss.
2556 2571 2615 2621 η,
2641 2556 2725 2623 16,
2752 2559 2847 2623 l7;
2880 2556 3045 2611 Hebr.
3073 2571 3191 2622 τιτι,
3216 2557 3283 2622 5;
3321 2558 3448 2611 item
3475 2572 3596 2627 cap.
3618 2570 3674 2621 ι,

410 2648 463 2711 1,
496 2658 547 2702 et
578 2664 697 2718 cap.
728 2665 804 2712 Ix,
834 2649 856 2703 l
892 2659 946 2704 et
971 2665 1124 2722 seqq.
1167 2651 1301 2705 Vide
1327 2650 1421 2705 lib.
1448 2666 1500 2704 tv
1533 2650 1609 2705 De
1634 2651 1935 2721 principiis,
1970 2666 2120 2707 num.
2149 2651 2215 2705 l2
2240 2661 2295 2705 et
2317 2652 2408 2715 15,
2439 2662 2494 2705 et
2524 2651 2619 2705 lib.
2644 2666 2697 2705 rv
2730 2660 2914 2705 contra
2947 2650 3175 2704 Celsum.
3482 2644 3485 2647 ’

478 2744 886 2811 Scripturarum
925 2746 1234 2800 auctoritati
1268 2746 1657 2801 auctoritatem
1704 2746 2099 2801 ecclesiastica:
2134 2746 2447 2801 traditionis
2487 2745 2757 2815 adjmtgit,
2789 2755 2843 2799 et
2891 2756 3175 2813 postquam
3208 2742 3304 2799 lib.
3333 2758 3384 2796 iv
3423 2741 3497 2797 De
3522 2742 3672 2812 prin-

405 2841 582 2909 cipiis,
620 2856 746 2895 num
771 2841 827 2907 8,
860 2844 1268 2897 demonstrasse
1302 2843 1406 2897 sibi
1437 2842 1587 2898 visus
1617 2842 2015 2897 estlitteralem
2065 2856 2283 2896 sensum
2335 2842 2668 2895 inlinitorum
2707 2855 2958 2895 errorum
2998 2854 3219 2895 causam
3250 2839 3550 2901 exstitisse,
3587 2839 3667 2894 sic

410 2933 655 3001 loquitur
682 2950 833 2988 num.
858 2936 931 2991 9:
962 2953 981 2986 ο
1008 2934 1352 3006 Quapropter
1381 2936 1447 2991 iis
1471 2936 1562 3005 qui
1589 2951 1912 3007 persuasum
1945 2936 2146 2991 habent
2190 2949 2379 2990 sacros
2410 2936 2573 2989 libros
2602 2950 2705 2987 non
2748 2933 3029 2988 hominum
3065 2946 3185 2986 esse
3220 2931 3668 2995 commentarius,

408 3031 502 3085 sed
535 3033 706 3085 sancti
747 3030 983 3100 Spiritus
1018 3032 1222 3097 afllatu,
1279 3034 1561 3089 voluntate
1594 3034 1690 3089 Dei
1727 3035 1971 3106 parentis
2000 3036 2379 3089 universorum
2417 3050 2511 3100 per
2541 3031 2727 3086 .lcsum
2761 3031 3040 3085 Christum
3091 3033 3329 3099 scriptos
3379 3044 3499 3084 esse
3525 3040 3579 3082 et
3606 3029 3677 3080 ad

410 3142 509 3181 nos
534 3129 869 3195 pervenisse.
901 3142 1007 3197 qua
1042 3131 1122 3182 via
1153 3129 1206 3182 in
1237 3144 1423 3185 eorum
1454 3130 1687 3187 lectione
1723 3131 2080 3185 insistendum
2112 3144 2235 3185 esse
2264 3129 2420 3184 nobis
2450 3131 2719 3193 videatur,
2774 3126 3023 3181 indicare
3063 3122 3409 3189 conabimur,
3456 3132 3671 3178 servata

408 3221 650 3276 cmlestis
694 3227 991 3277 secundum
1039 3225 1443 3280 successionem
1493 3225 1862 3295 apostolorum
1912 3225 2173 3281 Ecclesia!
2204 3222 2330 3280 Jesu
2366 3224 2573 3279 Christi
2625 3221 2835 3291 regula.
2895 3221 2959 3275 Et
2998 3235 3121 3277 esse
3163 3220 3379 3289 quidem
3414 3218 3676 3287 mystica:

407 3319 667 3385 quasdam
714 3320 1148 3388 dispensationes
1180 3334 1316 3390 quas
1361 3320 1564 3375 divina:
1600 3306 1903 3391 Scriptura:
1938 3323 2198 3384 indicant,
2250 3323 2415 3375 etiam
2448 3321 2808 3389 simpliciores
2846 3318 3081 3373 fidelium
3129 3316 3391 3377 credunt;
3428 3328 3680 3382 quaenam

409 3429 540 3469 vero
572 3415 655 3469 lia:
684 3415 814 3479 sint,
865 3415 1077 3470 cordati
1104 3425 1160 3470 et
1183 3418 1416 3471 modesti
1456 3418 1669 3472 nescire
1698 3434 1757 3473 se
1790 3418 2048 3474 fatentur.
2080 3437 2099 3469 ι
2158 3417 2308 3472 Nihil
2343 3418 2429 3472 his
2464 3417 2646 3471 verbis
2674 3416 3008 3470 accuratius.
3066 3410 3334 3467 Generaie
3364 3408 3491 3462 illud
3523 3407 3671 3475 priu-

408 3509 635 3575 cipium,
682 3513 823 3579 quod
854 3512 1123 3582 mysticos
1147 3513 1198 3566 in
1235 3513 1418 3567 Veteri
1446 3512 1796 3568 Testamento
1826 3530 2024 3568 sensus
2055 3515 2229 3581 ponit,
2282 3512 2594 3581 apostolicae
2629 3509 2889 3563 doctrina:
2918 3523 3044 3577 pars
3075 3516 3155 3559 est
3187 3515 3242 3558 et
3273 3502 3473 3557 veritas
3498 3510 3669 3563 certa,

410 3620 535 3675 quae
566 3606 873 3660 ministerio
919 3617 1199 3674 pastorum
1252 3608 1318 3660 ad
1352 3623 1451 3661 nos
1487 3624 1658 3675 usque
1693 3610 1963 3678 pervenit.
2023 3608 2130 3663 Sed
2161 3609 2388 3677 quinam
2418 3615 2547 3661 sunt
2588 3604 2903 3675 singulatim
2936 3617 3131 3657 sensus
3158 3600 3232 3654 illi
3267 3597 3521 3669 mystici?
3556 3595 3677 3662 Qua

413 3701 497 3755 via
538 3701 616 3757 illi
661 3717 800 3770 quos
830 3702 1069 3772 Spiritus
1100 3713 1323 3758 sanctus
1355 3704 1457 3758 sibi
1505 3705 1811 3774 proposuit,
1864 3704 2257 3760 discernuntur
2306 3703 2376 3756 ab
2422 3702 2489 3755 iis
2518 3716 2654 3770 quos
2686 3699 2802 3754 sola
2843 3697 3012 3768 gignit
3057 3692 3387 3764 imagiuaudi
3438 3690 3558 3744 vis?
3619 3688 3673 3741 ld

412 3813 639 3865 prorsus
670 3808 756 3853 est
800 3810 954 3853 extra
984 3799 1184 3854 limites
1216 3801 1544 3865 traditionis,
1579 3811 1633 3857 et
1664 3801 1906 3856 laborem
1936 3809 2090 3856 creat
2136 3798 2220 3852 vel
2254 3799 2386 3860 ipsis
2415 3796 2765 3867 peritioribus
2797 3790 3242 3861 iusuperabilem,
3292 3797 3351 3841 ut
3400 3786 3517 3854 ipse
3546 3782 3673 3836 Ori-

412 3908 578 3961 genes
604 3894 827 3948 fatetur.
866 3894 1001 3950 llinc
1040 3911 1264 3965 perraro
1309 3898 1376 3951 ad
1422 3896 1720 3967 Scriptura:
1751 3896 2168 3963 traditionisque
2199 3894 2581 3949 auctoritatem
2612 3889 2865 3955 recurrit,
2904 3889 3065 3957 idque
3091 3894 3327 3947 tantum.
3358 3897 3481 3937 Cum
3514 3894 3683 3946 μηδ’

414 3990 572 4042 ratim
618 4004 816 4045 sensus
860 3990 1137 4060 allegorici
1172 3996 1376 4047 veritas
1420 4003 1504 4047 est
1534 3992 1936 4047 constituenda.
2002 3989 2232 4056 Quando
2268 3998 2447 4044 autem
2482 3989 2550 4042 ad
2598 3985 2956 4054 singulariqu
3002 3985 3242 4035 locorum
3278 3977 3675 4033 discussionem

416 4081 583 4147 venit,
635 4081 895 4136 continuo
925 4082 1129 4151 profert
1155 4082 1307 4147 illud,
1367 4082 1421 4137 in
1453 4098 1561 4153 quo
1591 4091 1875 4151 tantopere
1902 4080 2007 4135 sibi
2040 4079 2367 4148 complacet,
2419 4093 2450 4132 e
2487 4077 2683 4131 littera:
2713 4072 3044 4128 falsitatibus
3073 4080 3127 4125 et
3154 4064 3679 4126 contradictionibus

414 4176 637 4229 ductum
685 4186 1089 4245 argumentum.
1136 4176 1235 4232 Ubi
1271 4177 1439 4232 semel
1476 4176 1688 4231 tantilla
1736 4176 1917 4231 oritur
1966 4172 2275 4239 difﬁcultas,
2324 4174 2584 4233 continuo
2638 4170 2929 4225 litteralem
2981 4181 3204 4223 sensum
3254 4164 3482 4224 deserit,
3542 4169 3597 4215 et
3622 4160 3677 4212 in

414 4269 685 4337 allegoria:
714 4272 920 4339 campis
946 4282 1230 4341 evagatur,
1260 4273 1335 4326 uti
1370 4282 1515 4341 patet
1541 4287 1572 4326 e
1604 4271 1933 4327 testimoniis
1959 4270 2195 4325 articulo
2219 4281 2414 4340 quarto
2446 4268 2645 4324 allatis.
2689 4265 2817 4321 Haec
2855 4274 2963 4328 est,
2993 4272 3052 4317 ut
3084 4264 3157 4315 ita
3186 4262 3388 4323 dicam,
3423 4254 3676 4324 Origenis

416 4363 742 4418 translatitia
771 4364 966 4430 clavis,
1014 4366 1261 4435 tantique
1310 4367 1436 4421 fecit
1476 4381 1631 4421 suum
1684 4366 1815 4421 illud
1852 4366 2212 4437 paradoxum,
2248 4374 2306 4417 ut
2337 4363 2403 4416 ad
2450 4362 2579 4416 illud
2610 4361 2725 4415 fere
2772 4372 2992 4411 onmem
3018 4353 3353 4409 elucidanda:
3380 4348 3680 4416 Scriptum

411 4469 585 4513 artem
626 4470 865 4514 revocet.
905 4460 1041 4515 Hinc
1075 4471 1155 4515 tot
1190 4464 1301 4515 fere
1345 4464 1401 4516 in
1426 4460 1597 4526 Novo,
1629 4471 1760 4529 quot
1802 4462 1855 4516 in
1897 4461 2075 4516 V'eteri
2120 4462 2497 4521 Testamento,
2534 4456 2794 4523 mysticos
2825 4466 3023 4505 sensus
3056 4448 3311 4516 ponebat.
3374 4444 3513 4510 Quis
3547 4439 3675 4493 iull-

411 4554 528 4607 cias
558 4554 679 4607 ierit
713 4553 825 4608 suis
873 4570 1087 4624 quoque
1119 4552 1531 4609 diﬁicultatibus
1561 4555 1827 4625 implicari
1858 4553 2066 4607 Novum
2096 4549 2549 4606 Testamentum?
2591 4546 2789 4600 Multas
2821 4546 2876 4597 in
2931 4556 2997 4596 eo
3023 4541 3223 4611 reperit
3252 4538 3539 4607 Origenes,
3570 4534 3681 4625 imo

411 4645 598 4714 plures
627 4661 790 4715 quam
825 4646 963 4701 alius
994 4623 1248 4717 quilibet,
1282 4646 1523 4715 reperire
1555 4623 1760 4699 debuit.
1830 4643 1937 4700 Sed
1968 4644 2195 4698 dolenda
2234 4656 2462 4713 prorsus
2500 4654 2619 4696 sors
2655 4637 2866 4691 illorum
2915 4633 3156 4689 locorum
3188 4640 3295 4692 est,
3323 4640 3461 4696 quos
3496 4627 3561 4677 ad
3595 4623 3680 4675 Iit-

414 4753 587 4797 teram
622 4743 886 4811 probabili
920 4742 1189 4797 solutione
1225 4742 1574 4811 interpretari
1624 4758 1728 4796 non
1758 4749 1972 4811 poterat
2008 4758 2023 4794 :
2068 4755 2190 4793 nam
2220 4736 2510 4793 confestim
2541 4734 2706 4789 solito
2752 4747 2871 4788 sese
2909 4729 3141 4784 includit
3168 4719 3594 4796 propugnaculo,
3624 4724 3681 4771 et

411 4839 699 4907 repudiato
731 4839 948 4894 litterali
980 4854 1143 4894 sensu
1180 4838 1530 4894 arbitrarium
1564 4839 1724 4893 nobis
1753 4846 1808 4891 et
1840 4852 1983 4906 saepe
2012 4833 2437 4889 insulsissimam
2475 4829 2791 4899 allegoriam
2823 4824 3087 4879 obtrudit.
3260 4914 3263 4915 ν
3436 4908 3448 4915 _
3540 4908 3551 4915 _
3637 4904 3648 4915 ⁸

482 4931 783 4988 Plurimum
813 4947 994 4989 tamen
1031 4934 1079 4989 ei
1113 4935 1214 4989 hoc
1244 4934 1464 4989 nomine
1504 4935 1755 4992 debetur.
1786 4934 1929 5001 quod
1963 4930 2372 5000 Scripturarum
2403 4937 2715 4982 nostrarum
2747 4922 3036 4993 allegorias
3066 4934 3093 4971 a
3124 4914 3270 4972 Celsi
3308 4908 3683 4967 insultationi-

410 5028 515 5081 lius
550 5028 864 5084 vindiearit.
911 5029 1113 5084 Contra
1145 5028 1432 5083 historiam
1463 5028 1663 5100 Moysis
1690 5028 2071 5083 deblaterabat
2098 5026 2398 5094 Epicureus
2430 5022 2539 5087 ille,
2574 5036 2674 5076 nec
2708 5019 2817 5089 pati
2849 5023 3063 5085 poterat
3108 5022 3166 5064 ut
3197 5007 3493 5077 allegorice
3519 5014 3683 5100 capt)-

414 5135 661 5188 ncretnr,
693 5133 748 5178 et
777 5125 914 5180 alius
940 5141 1102 5195 quam
1135 5124 1385 5179 litterulis
1416 5124 1466 5177 in
1495 5093 1569 5179 ea.
1590 5138 1785 5179 sensus
1814 5132 2171 5193 quaereretur.
2213 5120 2358 5174 Idem
2388 5120 2453 5173 de
2486 5116 2713 5185 reliquis
2752 5109 3055 5179 Scripturis
3095 5101 3374 5195 eﬁutiebat
3397 5113 3415 5151 :
3439 5096 3533 5151 sed
3561 5093 3686 5147 vide

413 5233 520 5287 quo
553 5229 714 5286 pacto
742 5194 1059 5274 confutetur
1087 5217 1156 5271 ab
1186 5217 1419 5287 Origene
1456 5217 1595 5271 libro
1622 5226 1804 5270 contra
1842 5217 2051 5270 Celsum
2080 5223 2297 5283 quarto,
2328 5227 2476 5265 num.
2503 5211 2595 5276 48,
2621 5208 2691 5262 49
2715 5217 2771 5261 et
2794 5206 2884 5269 50,
2912 5214 2968 5257 et
2996 5202 3089 5255 lib.
3114 5215 3154 5261 1,
3191 5214 3245 5252 ιιι
3280 5194 3367 5250 I3-

517 5332 711 5390 Anric.
736 5332 827 5387 Vl.
871 5349 1296 5397 DIFFICILLIIUI,
1326 5350 1393 5388 NE
1422 5350 1585 5389 sicut
1612 5349 1959 5392 IanSsiBILE.
1993 5349 2148 5387 nvsri

1956 5374 1959 5391 ι
1993 5348 2269 5396 ιιγέτιευε,
2302 5346 2433 5394 QUOS
2465 5343 2758 5383 SCRIPTURA
2791 5334 3203 5379 εοιιινιεετιτυιι
3232 5330 3419 5371 SENSUS
3443 5328 3590 5368 INVE-

1931 5420 2177 5458 STlGABE.

491 5516 616 5573 Haec
652 5520 853 5573 veritas
882 5520 1137 5590 Origenis
1192 5520 1432 5573 animum
1474 5520 1632 5574 valde
1684 5522 1899 5575 vidrtur
1949 5520 2216 5575 achcisse.
2264 5538 2282 5568 ι
2308 5518 2372 5571 Ει
2408 5532 2530 5571 esse
2561 5513 2774 5584 quidem
2826 5508 3025 5581 (inquit
3053 5506 3145 5559 lib.
3172 5520 3222 5558 tv
3262 5504 3337 5557 De
3384 5502 3679 5571 principiis,

419 5623 571 5661 num.
597 5609 653 5679 9)
694 5610 954 5678 mysticas
1002 5610 1266 5679 quasdam
1297 5610 1730 5679 dispensationes
1778 5626 1914 5680 quas
1948 5609 2146 5664 divina:
2175 5609 2472 5678 Scriptura:
2524 5604 2787 5665 indicant,
2846 5602 3010 5655 etiam
3048 5597 3410 5665 simpliciores
3443 5593 3681 5647 fidelium

424 5704 693 5768 credunt;
722 5718 973 5773 quaenam
1004 5718 1135 5760 vero
1164 5705 1267 5759 illze
1301 5706 1429 5771 sint,
1461 5707 1672 5761 cordati
1714 5716 1769 5761 et
1802 5706 2035 5761 modesti

2067 5706 2275 5760 nescire
2309 5718 2367 5759 se
2400 5702 2659 5756 fatentur.
2705 5699 2883 5765 Quare
2913 5697 2955 5750 si
2991 5694 3112 5765 quis
3141 5693 3446 5747 sriscnetur
3469 5690 3536 5745 de
3558 5704 3686 5745 con-

567 5841 608 5872 ⁸⁰
640 5840 793 5895 Joan.
832 5860 878 5907 γ,
912 5842 979 5895 59
