4138 6458
320 357 399 412 25
1602 351 1954 410 ΡΒᾸΞΡΑΤΙ(

1968 360 1976 402 l
2008 355 2102 408 AD
2140 352 2307 410 TOM.
2350 355 2414 410 ll.
3531 360 3602 414 ‘36

320 491 517 546 gressu
566 473 662 529 Lot
706 488 826 527 cum
877 472 1112 536 ﬁliabus,
1145 472 1212 525 de
1265 472 1476 526 duabus
1506 473 1771 525 uxoribus
1819 474 2117 536 Abraham,
2166 475 2233 526 de
2266 473 2481 527 duabus
2509 472 2793 527 sororibus
2836 488 2957 543 qua:
2981 483 3284 544 nupserunt
3312 473 3500 537 Iacob,
3528 478 3598 528 de

320 572 539 627 duabus
571 558 785 625 ancillis
811 584 935 639 qna:
987 583 1054 622 ex
1086 567 1204 637 ipso
1251 578 1606 637 pepererunt,
1636 566 1771 619 nihil
1806 566 1954 619 aliud
1985 568 2389 636 respondebunt
2435 580 2597 635 quam
2629 573 2883 637 mysteria
2917 568 3033 623 haec
3071 584 3194 624 esse
3231 584 3258 622 a
3295 569 3449 624 nobis
3482 585 3593 623 non

322 667 620 722 intellecta.
682 667 787 718 Sed
834 674 891 719 et
938 663 1276 718 tabernaculi
1306 662 1570 717 fabricam
1619 677 1741 715 cum
1792 661 1997 730 legunt,
2031 664 2318 715 credentes
2349 676 2471 730 qum
2521 661 2723 729 scripta
2751 670 2877 715 sunt
2906 678 3026 718 esse
3058 662 3278 732 ﬁguras,
3340 674 3596 731 (μιτιιινιιιιι

319 774 446 829 quae
481 761 690 829 possint
719 759 784 811 ad
814 758 1055 827 singulas
1087 758 1420 812 tabernaculi
1455 766 1639 827 partes
1673 757 2103 810 accommodare.
2147 755 2330 824 Neque
2360 770 2491 809 vero
2530 756 2582 809 in
2615 771 2680 809 eo
2714 757 2856 825 quod
2892 758 3125 812 credunt
3153 757 3227 812 rei
3263 758 3496 825 alicujus
3530 760 3595 809 li-

320 869 511 921 gni-am
559 870 683 909 esse
715 854 1147 917 tabernaculum,
1201 853 1484 915 falluntur,
1520 852 1614 906 sed
1646 868 1769 907 cum
1802 852 2067 906 rationem
2101 852 2245 906 illius
2279 850 2433 919 cujus
2466 862 2626 924 typus
2655 863 2738 907 est
2790 854 3221 918 tabernaculum,
3255 864 3421 908 certa:
3469 857 3586 907 eui-

321 952 467 1019 piam
499 951 601 1014 rei,
633 961 791 1019 prout
822 950 1063 1019 postulat
1097 948 1393 1018 Scriptura:
1423 947 1678 1019 dignitas,
1706 959 1892 1017 aptare
1930 948 2140 1011 volunt,
2169 949 2456 1017 aliquando
2483 952 2779 1011 aberrant,
2823 960 2878 1004 et
2904 966 3122 1004 omnem
3147 951 3364 1019 quidem
3396 965 3592 1002 narra-

327 1045 527 1097 tionem
560 1060 679 1113 quae
726 1043 810 1098 vel
839 1044 1048 1112 nuptias
1093 1052 1342 1112 spectare
1370 1043 1606 1107 videtur,
1651 1042 1734 1097 vel
1763 1041 2053 1097 liberorum
2085 1043 2544 1110 procreationem,
2576 1041 2658 1094 vel
2688 1042 2849 1109 bella,
2901 1053 2991 1095 aut
3039 1042 3172 1094 alias
3199 1041 3471 1109 quaslibet
3502 1042 3588 1093 hi-

323 1137 524 1191 storias
551 1152 672 1207 quae
702 1137 861 1207 vulgo
887 1136 1229 1190 circumferri
1261 1145 1508 1205 possunt,
1536 1136 1733 1206 ﬁguras
1763 1148 1883 1189 esse
1928 1133 2242 1201 declarant;
2286 1135 2381 1188 sed
2416 1150 2647 1203 quarum
2694 1150 2878 1189 rerum
2911 1135 3096 1203 ﬁgura:
3132 1134 3264 1197 sint,
3313 1132 3584 1185 interdum

326 1239 550 1300 propter
582 1229 829 1283 habitum
872 1245 977 1283 non
1028 1228 1168 1281 bene
1201 1227 1587 1297 compositum,
1639 1224 1929 1294 aliquando
1977 1233 2201 1295 propter
2252 1224 2638 1288 temeritatem,
2687 1228 3017 1295 quandoque
3054 1226 3219 1278 etiam
3254 1224 3395 1291 quod
3424 1236 3585 1288 supra

328 1324 549 1377 modum
582 1321 897 1376 hominibus
920 1320 1140 1375 difﬁcile
1161 1320 1233 1375 sit
1264 1336 1352 1375 res
1381 1318 1641 1384 ejusmodi
1671 1317 1978 1387 explorare,
2005 1316 2400 1385 quantumlibet
2430 1318 2552 1386 quis
2578 1319 2914 1372 exercitatus
2940 1329 2994 1371 et
3025 1316 3312 1384 perspicax
3342 1313 3446 1379 sit,
3477 1327 3583 1364 non

324 1414 395 1467 ita
449 1413 732 1481 evidenter
764 1420 1009 1482 apparet,
1044 1427 1143 1466 nee
1175 1412 1513 1481 singulorum
1556 1410 1694 1463 ratio
1725 1408 1906 1461 afferri
1940 1416 2136 1478 potest.
2164 1425 2182 1458 ι
2222 1405 2478 1461 Eamdem
2511 1423 2706 1463 sensus
2753 1408 3013 1477 mysticos
3046 1403 3417 1472 investigandi,
3439 1398 3586 1454 difﬁ—

321 1507 576 1561 cultatem
610 1506 927 1575 prophetiis,
958 1505 1285 1574 Evangeliis,
1319 1506 1573 1559 omnibus
1607 1505 1838 1573 denique
1868 1501 1999 1556 Novi
2034 1501 2368 1557 Testamenti
2398 1501 2703 1572 Scripturis
2734 1505 2913 1558 inesse
2946 1501 3144 1556 asserit
3174 1499 3417 1566 ejusdem
3448 1496 3581 1551 libri

321 1610 473 1651 ltllm.
507 1597 588 1651 IO.
631 1595 746 1651 lmo
776 1598 916 1650 infra
947 1613 1095 1650 ntttn.
1123 1595 1192 1649 26
1218 1594 1492 1647 afﬁrmare
1515 1608 1620 1648 non
1656 1593 1873 1646 dubitat
1903 1594 2183 1647 minimam
2222 1593 2603 1663 mysticorum,
2633 1610 2773 1663 quos
2800 1594 3083 1662 Scriptura
3117 1592 3300 1655 habet,
3327 1606 3583 1645 sensuum

320 1700 528 1757 partem
559 1688 775 1758 ipsimet
803 1688 973 1741 Paulo
1002 1696 1338 1754 compertam
1371 1685 1559 1740 fuisse.
1619 1704 1639 1738 ι
1666 1683 1720 1739 Si
1751 1687 1893 1754 quis,
1926 1686 2122 1754 inquit,
2170 1688 2421 1741 curiosus
2450 1688 2891 1754 explanationem
2933 1686 3270 1755 singulorum
3312 1684 3589 1752 requirat,

323 1781 503 1834 veniat
550 1790 605 1832 et
635 1778 915 1831 nobiscum
966 1777 1169 1845 pariter
1202 1775 1388 1829 audiat
1453 1777 1728 1844 quomodo
1774 1773 1978 1828 Paulus
2020 1774 2296 1841 apostolus
2349 1790 2443 1843 per
2477 1776 2743 1844 Spiritum
2771 1784 3019 1829 sanctum
3067 1776 3159 1844 qui
3208 1784 3586 1843 perscrutatur

326 1871 489 1925 etiam
522 1869 785 1937 profunda
823 1868 939 1934 Dei,
994 1867 1336 1922 altitudinem
1369 1865 1564 1919 divina:
1593 1866 1875 1936 sapientiae
1922 1880 1987 1919 ac
2019 1865 2265 1921 scientiae
2297 1876 2571 1931 scrutatis,
2624 1880 2726 1919 nec.
2775 1875 2955 1921 tamen
2984 1867 3051 1919 ad
3099 1865 3282 1927 ﬁnem,
3314 1874 3387 1927 et,
3420 1875 3480 1916 ιιι
3511 1866 3589 1918 ita

317 1962 571 2023 dixerim,
603 1962 670 2014 ad
704 1962 948 2014 intimam
978 1958 1343 2026 cognitionem
1373 1956 1676 2028 praevalens
1708 1957 2016 2026 pervenire,
2059 1956 2439 2026 desperatione
2474 1958 2549 2012 rei
2584 1966 2640 2012 et
2665 1967 2884 2026 stupore
2912 1958 3113 2011 clamat
3136 1966 3192 2009 et
3226 1955 3401 2010 dicit:
3428 1952 3472 2007 Ο
3502 1953 3582 2007 αἰ-

317 2054 487 2106 titudo
523 2054 830 2107 divitiarum
877 2050 1148 2117 sapientia:
1181 2057 1231 2102 et
1269 2049 1501 2102 scientia:
1536 2048 1631 2101 Dei
1656 2048 1719 2101 ³¹.
1781 2046 1845 2101 Ει
1873 2050 2015 2116 qttod
2043 2048 2426 2116 desperatione
2477 2047 2734 2116 perfecta:
2772 2049 3275 2118 comprehensionis
3304 2048 3410 2102 hoc
3458 2062 3582 2115 pro-

316 2143 669 2205 nuntiaverit,
708 2142 832 2195 andi
866 2142 1039 2211 ipsum
1066 2141 1335 2194 dicentem
1376 2156 1401 2215 εκ
1433 2137 1605 2203 Quam
1632 2137 1996 2191 iuscrutabilia
2027 2147 2150 2191 sunt
2177 2138 2389 2207 judicia
2417 2137 2536 2203 Dei,
2566 2148 2611 2191 et
2636 2154 2795 2208 quam
2826 2140 3209 2209 inuestigabiles
3241 2140 3339 2193 via:
3367 2138 3482 2207 ejus
3510 2138 3585 2193 ”.

317 2233 436 2287 Non
470 2234 616 2286 enim
660 2233 815 2300 dicit,
858 2231 1071 2286 difﬁcile
1097 2246 1254 2300 posse
1301 2220 1538 2286 scrutari
1564 2228 1769 2297 judicia
1806 2230 1922 2293 Dei,
1952 2232 2046 2285 sed
2078 2232 2303 2285 omnino
2334 2246 2438 2285 non
2474 2247 2667 2301 posse;
2716 2247 2814 2286 nec
2845 2232 2983 2286 dixit
3016 2230 3230 2286 difﬁcile
3266 2232 3578 2300 investigari

312 2341 479 2397 posse
516 2328 632 2380 vias
672 2327 813 2393 ejus,
856 2327 951 2379 sed
983 2341 1087 2379 non
1119 2340 1278 2395 posse
1324 2317 1664 2393 investigari.
1703 2325 2198 2394 Quantumcunque
2224 2324 2367 2379 enim
2402 2325 2530 2394 quis
2567 2324 2619 2378 in
2658 2326 2954 2379 scrutando
2977 2332 3292 2394 promoveat
3314 2331 3368 2378 et
3398 2323 3580 2376 studio

316 2421 611 2476 intentiore
659 2422 1000 2489 promoveat,
1044 2420 1218 2488 gratia
1252 2408 1487 2488 quoque
1512 2417 1604 2471 Dei
1639 2416 1877 2486 adjutus,
1915 2431 2188 2486 sensuque
2216 2416 2571 2480 illuminatus,
2602 2417 2669 2471 ad
2694 2416 2991 2486 perfectum
3025 2417 3185 2469 ﬁnem
3225 2431 3416 2469 eorum
3455 2431 3579 2484 qua:

314 2512 688 2581 requiruntur,
733 2510 1020 2578 pervenire
1056 2525 1158 2562 non
1196 2509 1416 2577 poterit,
1450 2521 1546 2561 nec
1576 2506 1754 2561 omnis
1782 2522 1935 2562 mens
1961 2523 2085 2577 qua:
2115 2516 2299 2562 creata
2332 2517 2437 2575 est,
2479 2509 2736 2577 possibile
2766 2507 2929 2563 habet
2957 2508 3065 2563 ullo
3097 2523 3296 2577 genere
3323 2524 3578 2577 compre-

314 2604 574 2665 hendere,
613 2606 707 2656 sed
730 2613 785 2655 nt
818 2600 1083 2655 invenerit
1125 2602 1369 2668 quaedam
1411 2613 1479 2652 ex
1508 2599 1595 2653 his
1618 2613 1737 2666 quae
1760 2607 2100 2665 quaeruntur,
2136 2598 2330 2653 iterum
2358 2600 2502 2653 videt
2531 2600 2634 2653 alia
2668 2616 2788 2668 quae
2818 2598 3109 2668 quaerenda
3142 2610 3290 2654 sunt.
3332 2599 3487 2665 Quod
3521 2610 3576 2653 et

312 2695 359 2748 si
386 2694 452 2747 ad
485 2694 596 2762 ipsa
635 2692 979 2761 pervenerit,
1012 2692 1184 2743 multo
1213 2692 1410 2744 iterum
1439 2692 1592 2761 plura
1619 2706 1687 2745 ex
1722 2689 1827 2743 iiiis
1857 2705 1978 2758 qua:
2009 2690 2177 2758 qna-ri
2202 2689 2461 2755 debeant,
2493 2692 2821 2761 pervidebit.
2854 2712 2873 2745 ι
2913 2692 3316 2747 Commentario
3339 2693 3392 2746 in
3434 2693 3578 2762 psal-

313 2801 461 2839 mum
492 2786 748 2854 primtnn,
784 2799 907 2853 pag.
933 2782 1040 2837 526
1063 2793 1117 2837 et
1151 2782 1279 2847 527,
1306 2783 1693 2837 documentum
1724 2780 1826 2835 sibi
1855 2780 1924 2834 ab
1956 2780 2183 2836 llebrazo
2213 2781 2473 2854 traditum
2509 2782 2676 2837 refert
2700 2792 2757 2837 et
2802 2784 2873 2837 ita
2906 2784 3101 2854 probat
3129 2792 3186 2837 ιιι
3217 2799 3324 2838 non
3354 2783 3575 2837 aliunde

314 2853 716 2946 magisrliqueat
744 2876 871 2944 quid
895 2876 961 2930 de
992 2876 1273 2944 Scriptura
1313 2890 1467 2929 sacra
1514 2874 1746 2944 ipsemet
1778 2873 2008 2929 sentiret
2036 2895 2048 2929 :
2079 2892 2098 2924 ι
2127 2853 2641 2940 Prteclarissimnm,
2673 2876 2867 2945 inquit,
2899 2853 3283 2932 documentum
3323 2879 3481 2932 nobis
3507 2879 3576 2932 ab

312 2972 540 3027 Hebraeo
567 2971 632 3024 de
659 2969 807 3023 omni
845 2970 1122 3039 Scriptura
1177 2968 1440 3021 traditum
1472 2982 1841 3037 proponemus
1888 2985 1902 3022 :
1947 2967 2164 3023 dicebat
2208 2970 2354 3022 enim
2405 2968 2492 3023 ille
2532 2969 2767 3024 similem
2796 2984 2915 3024 esse
2946 2968 3285 3039 Scriptorum
3311 2969 3579 3026 divinitus

315 3066 550 3118 amatam
583 3066 806 3135 pmpter
834 3065 1224 3119 obscuritatem
1256 3079 1377 3133 quae
1407 3062 1459 3116 in
1488 3078 1549 3117 ea
1578 3072 1685 3127 est,
1723 3062 1910 3117 multis
1939 3063 2228 3119 domiciliis
2260 3079 2368 3117 uno
2416 3063 2648 3118 :ediﬁcio
2683 3064 2994 3133 conclusis;
3024 3065 3316 3133 unicuique
3349 3064 3576 3117 domici-

311 3160 384 3213 lio
418 3157 727 3226 appositam
780 3156 977 3209 clavim
1033 3172 1142 3208 non
1176 3155 1276 3224 ipsi
1307 3154 1747 3218 convenientem,
1784 3156 1972 3224 sicque
2000 3155 2294 3222 dissipatas
2340 3171 2460 3209 csse
2494 3156 2677 3208 claves
2724 3170 2822 3223 per
2856 3155 3154 3222 domicilia,
3194 3171 3299 3208 non
3354 3169 3575 3223 respon-

308 3252 502 3304 dentes
551 3247 797 3317 singnlas
831 3248 899 3303 iis
932 3246 1223 3302 domiciliis
1254 3247 1452 3316 quibus
1487 3247 1748 3315 apposita:
1774 3258 1901 3302 sunt
1948 3267 1961 3302 :
2004 3263 2141 3316 opus
2173 3264 2305 3301 vero
2339 3248 2498 3317 longe
2531 3247 2908 3303 dillicillimnm
2940 3260 3061 3302 esse
3097 3248 3339 3302 invenire
3365 3246 3577 3311 claves,

308 3352 364 3397 et
390 3357 484 3396 eas
533 3341 686 3395 cellis
731 3348 943 3410 aptare,
991 3355 1128 3409 quas
1154 3341 1371 3409 aperire
1404 3349 1666 3407 possunt:
1693 3340 1873 3409 itaque
1898 3341 2061 3396 etiam
2095 3339 2407 3409 Scripturas
2438 3340 2720 3394 abstrusas
2776 3340 2993 3409 quidem
3031 3340 3154 3394 illas
3184 3338 3434 3407 intelligi.
3468 3354 3575 3391 non

308 3435 525 3488 aliunde
551 3435 780 3501 sumptis
814 3447 978 3502 quam
1012 3433 1080 3486 ab
1112 3431 1244 3499 ipsis
1292 3431 1528 3485 invicem
1564 3430 1901 3499 argumentis
1934 3430 2320 3500 intelligentiae,
2356 3446 2475 3500 qua:
2511 3430 2562 3484 in
2598 3445 2659 3484 se
2696 3430 2899 3485 habent
2927 3430 3228 3499 dispersam
3266 3422 3576 3498 exponendi

308 3527 596 3581 rationem.
629 3546 650 3578 ι
715 3524 841 3580 llzec
876 3526 1134 3594 mysticos
1162 3524 1456 3593 Scripturre
1488 3538 1681 3579 sensus
1723 3526 2002 3579 scrutandi
2047 3524 2332 3580 difﬁcultas
2392 3525 2528 3579 adeo
2582 3524 2967 3594 insuperabilis
2992 3526 3210 3595 Origeni
3261 3525 3573 3585 videbatur,

306 3633 366 3676 ut
400 3636 511 3676 suae
557 3636 623 3675 ea
660 3621 726 3674 de
769 3635 828 3674 re
874 3618 1163 3675 sententia:
1207 3619 1433 3673 omnino
1463 3626 1885 3673 consentaneum
1919 3618 2110 3689 agendi
2140 3619 2405 3673 rationem
2457 3618 2728 3672 habuerit.
2773 3617 3033 3685 Quamvis
3061 3618 3265 3687 ubique
3315 3616 3574 3688 mysteria

305 3722 681 3775 consectetur,
733 3711 902 3766 libere
949 3722 1125 3765 tamen
1160 3725 1312 3764 suam
1347 3724 1411 3763 ea
1462 3709 1515 3763 in
1569 3724 1626 3763 re
1668 3710 1960 3765 conﬁtetur
2004 3709 2353 3779 imperitiam,
2390 3721 2446 3765 et
2474 3710 2519 3765 si
2560 3727 2697 3779 quos
2733 3711 3008 3765 detexisse
3034 3724 3093 3763 se
3127 3719 3280 3779 putat
3309 3711 3577 3780 mysticos

304 3820 519 3871 sensus,
557 3818 652 3857 eos
678 3818 894 3872 semper
922 3818 1045 3856 cum
1073 3818 1265 3871 magna
1299 3801 1464 3854 animi
1493 3802 1576 3855 sui
1610 3801 1880 3856 modestia
1913 3802 1966 3855 in
2005 3800 2179 3856 lucem
2206 3802 2434 3871 profert.
2499 3802 2732 3856 llomilia
2761 3803 2949 3871 quinta
2996 3803 3050 3856 in
3073 3801 3355 3866 Genesitu,
3386 3803 3474 3858 ubi
3505 3803 3572 3856 de

307 3895 500 3966 ﬁguris
534 3908 671 3963 quas
720 3894 919 3948 veteris
948 3893 1084 3961 legis
1130 3893 1396 3948 sacriﬁcia
1428 3893 1808 3960 continebant,
1858 3908 2164 3949 sermonem
2216 3895 2398 3961 habet,
2450 3910 2543 3951 eas
2592 3912 2755 3964 supra
2796 3895 3211 3965 intelligentiam
3245 3910 3400 3949 suam
3447 3909 3576 3950 esse

303 3986 532 4041 candide
584 3982 807 4039 fatetur.
877 4003 895 4035 ι
921 3984 1038 4039 Non
1075 3993 1275 4044 autem,
1313 3984 1512 4053 inquit,
1546 3985 1739 4041 dubito
1768 3985 1938 4040 mttlta
1971 4001 2093 4042 esse
2140 4001 2263 4055 quae
2290 4002 2390 4042 nos
2418 3987 2610 4052 latent,
2643 3999 2699 4041 et
2729 4003 2951 4043 sensum
2983 3997 3235 4042 nostrum
3284 3998 3566 4057 superant.

304 4079 423 4134 Non
457 4080 605 4133 enim
654 4093 843 4133 sumus
876 4077 1020 4130 illius
1045 4068 1233 4130 'meriti
1282 4086 1341 4130 ut
1375 4077 1646 4144 possimus
1676 4079 1860 4134 dicere
1897 4096 1912 4134 :
1945 4077 2059 4133 Nos
2093 4088 2273 4133 autem
2316 4096 2525 4134 sensum
2552 4080 2754 4137 Clu-isti
2783 4081 3033 4135 habemus
3055 4081 3122 4139 ”.
3149 4121 3163 4135 .
3185 4120 3200 4136 .
3245 4082 3376 4136 Eam
3407 4098 3572 4151 quant

304 4182 450 4223 nunc
476 4167 714 4221 diximus
742 4164 875 4233 legis
905 4163 1143 4217 animam
1192 4164 1557 4232 requiramus,
1589 4177 1852 4235 quantum
1897 4167 1963 4222 ad
1993 4182 2233 4236 praesens
2262 4179 2475 4238 tempus
2510 4181 2743 4240 spectat.
2803 4171 3001 4227 Nescio
3035 4182 3216 4228 autem
3267 4175 3312 4229 si
3348 4190 3571 4245 possum

302 4259 468 4313 etiam
496 4258 562 4312 ad
592 4256 843 4325 spiritum
874 4250 994 4319 ejus
1026 4254 1324 4309 ascendere
1352 4256 1406 4309 in
1437 4256 1521 4310 his
1558 4271 1677 4324 qua:
1714 4258 2098 4315 desacriﬁciis
2143 4260 2280 4314 lecta
2313 4271 2461 4314 sunt.
2494 4280 2514 4313 ι
2560 4261 2815 4330 Majorem
2851 4263 3031 4318 adhuc
3078 4280 3190 4333 prae
3218 4281 3276 4321 se
3306 4266 3412 4321 fert
3447 4267 3570 4321 ani-

302 4352 380 4404 mi
414 4348 736 4404 modestiam
773 4346 993 4402 bomilia
1025 4346 1311 4401 undecima
1357 4347 1412 4400 in
1468 4345 1761 4413 Numeros,
1799 4347 1887 4400 ubi
1926 4348 2001 4401 ait
2046 4365 2061 4403 :
2119 4368 2137 4400 ‹
2164 4349 2228 4403 Ει
2262 4351 2307 4404 si
2355 4366 2599 4405 mererer
2627 4367 2727 4420 ego
2758 4354 2915 4408 hodie
2958 4370 3213 4425 magnum
3245 4357 3479 4427 aliquem
3513 4367 3569 4410 ct

301 4458 516 4497 summo
544 4441 802 4512 pontiﬁce
828 4439 1051 4507 dignum
1088 4453 1309 4492 sensum
1343 4438 1611 4508 proferre,
1663 4439 1734 4493 ita
1766 4449 1825 4493 ut
1850 4454 1917 4493 ex
1949 4440 2014 4494 iis
2045 4443 2298 4498 omnibus
2324 4457 2444 4512 quae
2487 4442 2766 4513 loquimur
2795 4453 2850 4498 et
2880 4446 3157 4511 docemus,
3187 4458 3334 4503 esset
3365 4448 3569 4517 aliquid

297 4541 574 4609 t-gregittttt
608 4534 751 4605 quod
805 4548 1020 4589 summo
1049 4532 1324 4588 sacerdoti
1359 4532 1575 4601 placere
1620 4533 1859 4597 deberet,
1909 4544 2124 4603 poterat
2154 4536 2384 4592 fortasse
2418 4536 2531 4592 ﬁeri
2585 4548 2643 4591 ut
2674 4539 2897 4609 angelus
2929 4542 3021 4608 qui
3052 4555 3252 4609 prmcst
3286 4544 3567 4611 Ecclesiae,

296 4649 366 4688 ex
394 4630 648 4685 omnibus
673 4628 836 4682 dictis
861 4624 1066 4681 nOStris
1093 4623 1323 4693 eligeret
1351 4624 1577 4693 aliquid,
1614 4632 1668 4676 et
1698 4625 1818 4679 loco
1848 4626 2216 4694 primitiarum
2259 4628 2488 4682 Domino
2520 4628 2587 4683 de
2618 4628 2796 4697 agello
2823 4632 3004 4685 cordis
3038 4633 3144 4685 mei
3176 4632 3418 4690 offerret.
3458 4638 3566 4691 Sed

295 4744 398 4798 ego
432 4740 517 4779 me
547 4723 664 4778 scio
693 4738 801 4777 non
840 4720 1061 4783 mereri,
1093 4732 1193 4774 nec
1224 4719 1477 4773 conscius
1503 4733 1622 4772 sum
1666 4718 1823 4783 mihi,
1869 4721 2011 4789 quod
2053 4722 2179 4777 talis
2224 4738 2419 4779 sensus
2451 4708 2761 4781 inveniatur
2793 4724 2846 4778 in
2906 4740 2991 4779 me
3031 4741 3191 4783 quem
3225 4729 3446 4799 dignum
3478 4731 3567 4800 ju-

296 4821 440 4873 dicet
472 4816 696 4885 angelus
727 4813 820 4883 qui
852 4828 951 4869 nos
982 4810 1205 4877 excolit,
1256 4808 1456 4865 oerrre
1508 4824 1609 4878 pro
1642 4810 1899 4878 primitiis
1930 4810 2015 4864 vel
2050 4827 2148 4881 pro
2196 4814 2576 4885 primogenitis
2608 4820 2859 4875 Domino.
2900 4823 3079 4892 Atque
3114 4822 3319 4874 utinam
3365 4822 3472 4877 tale
3496 4824 3567 4878 sit

294 4910 442 4980 quod
476 4907 751 4976 loquimur
795 4914 850 4958 et
891 4906 1171 4966 docemus,
1203 4910 1394 4955 utnon
1428 4916 1526 4969 pro
1555 4902 1732 4955 verbis
1761 4902 1963 4957 nostris
1992 4905 2347 4959 condemnari
2382 4924 2711 4968 mereamur.
2771 4911 3056 4967 Snﬁiceret
3101 4912 3260 4965 nobis
3295 4913 3410 4966 hare
3441 4930 3567 4981 gra-

296 5005 395 5055 tia.
427 5020 445 5050 ι
483 4999 752 5054 Praeterea
785 4999 1012 5067 insignis
1037 5012 1099 5051 ea
1134 4997 1201 5051 de
1228 5010 1287 5050 re
1313 4993 1465 5050 locus
1487 5004 1669 5049 exstat
1703 4996 1921 5050 bomilia
1957 4997 2131 5066 prima
2165 4999 2215 5051 in
2252 4999 2497 5057 Exodum
2529 5025 2541 5059 :
2572 5024 2591 5056 ι
2621 5004 2680 5060 Si
2715 5006 2873 5070 mihi,
2902 5007 3099 5077 inquit,
3139 5006 3399 5062 Dominus
3431 5024 3567 5063 con-

296 5094 495 5148 cedere
545 5091 865 5160 dignaretur
897 5089 1162 5161 spiritalis
1201 5086 1550 5157 agriculturae
1593 5086 1962 5155 disciplinam,
2002 5089 2045 5143 si
2086 5092 2339 5157 peritiam
2375 5094 2588 5151 colendi
2642 5097 2786 5151 ruris
2816 5097 3068 5164 donaret,
3108 5115 3246 5152 unus
3292 5115 3472 5153 sermo
3496 5115 3564 5155 ex

299 5187 385 5239 his
412 5201 532 5254 quas
576 5188 800 5242 recitata
832 5195 984 5251 sunt,
1018 5187 1070 5239 in
1108 5193 1316 5237 tantum
1346 5192 1531 5253 posset
1561 5182 1719 5253 longe
1746 5183 1961 5252 lateque
1987 5184 2231 5254 diffundi,
2278 5187 2322 5242 si
2360 5199 2536 5246 tamen
2568 5203 2623 5247 et
2662 5191 2970 5247 auditorum
3022 5194 3300 5263 capacitas
3336 5194 3559 5256 sineret,

297 5293 355 5334 ιιι
386 5281 474 5333 vix
512 5280 666 5332 nobis
718 5278 786 5332 ad
815 5279 1198 5345 explicandum
1228 5276 1506 5331 sufﬁceret
1553 5275 1691 5330 dies.
1754 5273 2110 5331 Tentabimus
2160 5288 2340 5333 tamen
2375 5295 2472 5348 pro
2519 5283 2728 5338 viribus
2783 5287 2986 5340 nostris
3038 5285 3221 5351 aliqua
3269 5283 3559 5349 disserere,

295 5370 512 5425 etiamsi
568 5383 743 5438 neque
795 5370 951 5423 nobis
982 5371 1237 5423 universa
1272 5367 1569 5439 explicare,
1620 5384 1796 5435 neque
1845 5368 2001 5423 vobis
2049 5380 2243 5425 cuncta
2295 5376 2485 5429 audire
2528 5377 2782 5445 possibile
2829 5378 3108 5447 cst;quia
3149 5388 3203 5432 et
3247 5377 3350 5430 hoc
3384 5376 3560 5447 ipsum

294 5476 620 5532 agnoscere,
652 5461 796 5531 quod
830 5477 995 5530 supra
1029 5462 1177 5516 vires
1205 5470 1425 5516 nostras
1450 5461 1519 5514 sit
1555 5461 1752 5513 horum
1792 5460 2042 5525 scientia,
2071 5478 2179 5516 non
2212 5479 2397 5532 parvae
2427 5466 2669 5522 arbitror
2697 5484 2817 5523 esse
2842 5471 3075 5539 peritiae.
3106 5489 3125 5520 ι

406 5582 599 5637 Anrtc.
622 5580 729 5636 VII.
770 5598 904 5637 rues
934 5598 1197 5639 PROPONIT
1226 5598 1464 5638 uacuus
1490 5598 1681 5646 cursus
1709 5599 2050 5641 nvs'rtcoauu
2080 5602 2317 5644 sensuum
2344 5606 2758 5648 INTELLIGENTIA
2794 5610 3034 5649 FACILIUS
3069 5609 3448 5650 COIPARETUB.

367 5674 549 5729 Prima
589 5676 774 5746 regula
823 5691 943 5746 quas
978 5678 1252 5745 praacipue
1298 5677 1352 5731 in
1383 5675 1637 5731 Mosaicis
1672 5675 1826 5731 libris
1875 5677 2055 5735 locum
2096 5681 2276 5750 habet,
2322 5683 2586 5751 ejusmodi
2623 5697 2709 5740 est
2756 5703 2769 5739 :
2819 5704 2836 5737 ι
2866 5685 3139 5754 Quidquid
3186 5686 3238 5741 in
3275 5685 3558 5757 Scriptura

366 5808 407 5840 "
445 5808 598 5863 Rom.
640 5828 715 5877 χι,
748 5813 835 5866 55.
920 5814 961 5845 ³²
994 5812 1127 5866 ibid.
1209 5813 1252 5844 ³³
1301 5813 1477 5868 lCor.
1525 5831 1581 5871 tt.
1627 5817 1709 5870 16.
