4138 6420
541 303 613 356 97
1835 297 2210 354 PRALFATIO
2247 298 2336 353 AD
2377 298 2538 354 TOM.
2582 297 2642 351 ll.
3750 301 3819 355 28

549 426 812 491 mandati,
868 424 1146 494 prmerpti,
1181 422 1505 484 testimonii,
1547 422 1794 493 justiti.e,
1829 424 2047 491 judicii,
2096 435 2229 486 etc.,
2279 426 2501 476 vocibus
2536 421 2889 491 exprimitur,
2945 419 2996 472 id
3050 418 3117 470 ad
3160 418 3399 472 litteram
3447 419 3816 489 accipiendum

546 527 652 577 est,
690 532 786 570 nec
823 517 1100 586 allegoriis
1155 515 1395 584 indiget;
1439 513 1708 583 quidquid
1759 528 1888 567 vero
1925 514 2145 570 nomine
2190 516 2322 584 legis
2357 517 2691 577 declaratur,
2745 513 2795 566 id
2837 511 3124 580 allegorice
3172 512 3616 579 explicandum.»
3686 513 3755 567 Ea
3790 533 3818 566 e

546 612 717 665 verbo
767 612 831 664 ad
881 612 1102 662 verbum
1133 619 1392 678 excerpta
1425 619 1509 662 est
1538 624 1603 662 cx
1660 609 1884 662 homilia
1920 610 2208 664 undecima
2261 612 2312 663 itt
2345 611 2628 672 Numeros,
2680 609 2835 676 cujus
2877 608 3250 662 testimonium
3286 625 3447 674 supra
3499 613 3821 666 adduximus

549 708 782 761 articqu
816 709 1080 760 sccnuulo.
1126 705 1298 774 llujus
1340 719 1504 771 porro
1539 705 1735 771 regulm
1767 718 1962 756 sensus
1992 713 2097 767 est,
2133 707 2570 759 caeremonialem
2607 707 2774 772 legem
2807 714 2974 758 totam
3013 719 3133 759 esse
3162 705 3350 771 ﬁguris
3392 705 3629 774 plenam,
3664 725 3821 761 secus

546 814 676 851 vero
711 799 881 866 legem
931 799 1238 860 moralem;
1270 797 1469 849 deinde
1519 796 1730 864 singula
1769 796 2064 864 Scriptura:
2108 798 2223 852 loca
2261 816 2382 866 qua:
2414 801 2480 850 ad
2515 797 2949 852 caaremonialem
3000 799 3169 867 legem
3221 815 3438 867 Quoquo
3469 803 3628 852 tnodo
3679 800 3820 855 refe—

545 899 756 949 runtur,
790 908 879 952 ea,
928 905 995 941 ne
1027 906 1135 941 uno
1169 889 1387 956 quident
1423 899 1673 955 excepto,
1708 904 1813 940 non
1859 889 2173 954 litteralem,
2203 891 2295 942 sed
2330 891 2548 944 unicum
2590 891 2879 960 mysticum
2913 902 3128 944 sensum
3170 890 3400 945 habere.
3465 891 3614 944 llanc
3666 911 3821 960 regu-

545 983 650 1036 lam
692 985 873 1036 ﬁrmat
908 983 1208 1051 Scriptura:
1241 997 1416 1035 saerze
1452 982 1584 1035 locis
1614 999 1736 1052 qua:
1767 985 2200 1036 czeremonialem
2235 984 2402 1045 legem
2439 985 2638 1052 figuras
2671 983 2945 1045 habuisse.
2979 1000 3075 1038 nec
3111 987 3347 1054 amplius
3379 1003 3438 1040 ea
3480 986 3822 1039 Christianos

540 1076 769 1143 obligari
802 1077 1019 1129 docent.
1067 1073 1220 1130 Unde
1254 1074 1458 1142 colligit
1490 1084 1597 1126 tota
1646 1075 1745 1127 hac
1780 1074 1894 1140 lege
1931 1074 2134 1142 ﬁguras
2165 1076 2440 1139 exhiberi,
2489 1075 2748 1144 omnique
2795 1092 2914 1128 eam
2949 1092 3086 1129 nunc
3134 1093 3328 1131 carere
3367 1096 3527 1132 sensu
3580 1079 3821 1142 litterali,

544 1169 995 1236 quandoquidem
1030 1184 1090 1219 ea
1124 1167 1236 1234 jant
1291 1168 1453 1220 soluti
1489 1176 1618 1220 sunt
1646 1166 1969 1222 Christiani.
2020 1167 2077 1221 ld
2119 1185 2290 1238 genus
2321 1171 2638 1239 systematis
2667 1170 2779 1237 jam
2822 1173 3179 1241 introspicere
3213 1175 3360 1226 licuit
3398 1174 3617 1226 homilia
3662 1190 3822 1237 supra

544 1261 716 1313 citata
755 1262 806 1312 in
859 1263 1149 1325 Numeros,
1209 1262 1303 1316 sed
1353 1261 1566 1329 plenius
1612 1262 1970 1314 continuatur
2016 1263 2376 1330 sequentibus
2431 1263 2783 1319 testimoniis.
2848 1264 3079 1320 llomilia
3132 1266 3362 1334 septima
3416 1266 3466 1316 in
3500 1263 3824 1322 Leviticum,

545 1367 696 1406 mtm.
721 1352 775 1416 4,
830 1353 918 1405 tibi
951 1354 1017 1405 de
1054 1355 1382 1408 mundorum
1417 1366 1469 1407 et
1518 1355 1920 1406 intmundorum
1954 1355 2272 1410 discrimine
2317 1358 2519 1425 agitur,
2550 1358 2630 1410 sic
2662 1358 2906 1425 loquitur
2956 1375 2969 1411 :
3021 1377 3039 1408 ι
3068 1358 3173 1410 Sed
3208 1358 3270 1410 ad
3301 1359 3416 1411 lucc
3449 1357 3824 1423 investiganda

547 1442 854 1511 Scripturm
886 1447 1219 1500 testimoniis
1255 1447 1578 1515 indigemus,
1611 1462 1677 1498 ne
1708 1446 1830 1511 quis
1867 1455 2014 1512 putet
2049 1451 2259 1514 (amant
2295 1451 2438 1501 enim
2477 1449 2725 1502 homines
2754 1464 3022 1502 exacuere
3056 1449 3268 1518 linguas
3299 1466 3426 1502 suas
3458 1458 3513 1500 Ill
3542 1448 3822 1514 gladium).

545 1549 612 1588 ne
636 1537 756 1604 quis
787 1549 953 1606 putet,
987 1539 1225 1606 inquam,
1266 1543 1410 1609 quod
1446 1556 1546 1609 ego
1578 1543 1681 1592 vim
1713 1540 1906 1593 faciam
1944 1540 2244 1610 Seripturis
2275 1541 2500 1600 divinis,
2524 1551 2582 1592 ut
2618 1556 2682 1595 ea
2715 1557 2836 1608 qua:
2870 1541 2938 1596 de
2968 1543 3319 1604 animalibus,
3355 1541 3822 1606 quadrupedibus,

543 1629 625 1681 vel
662 1631 826 1684 etiam
883 1634 1096 1697 avibus,
1135 1644 1226 1687 aut
1261 1631 1505 1702 piscibus
1557 1635 1772 1686 mundis
1804 1635 1918 1687 sive
1952 1634 2242 1687 immundis
2276 1634 2328 1686 in
2373 1633 2488 1702 lege
2515 1633 2847 1697 referuntur,
2881 1635 2948 1688 ad
3004 1636 3253 1687 homines
3292 1636 3524 1699 traham,
3563 1634 3702 1687 etde
3730 1635 3824 1684 lio—

542 1721 783 1775 minibus
816 1721 930 1776 hrec
957 1724 1100 1777 dicta
1131 1739 1252 1779 esse
1286 1725 1619 1792 coofingam.
1682 1725 1958 1779 Fortassis
1987 1726 2130 1779 enim
2157 1727 2303 1778 dicat
2350 1726 2472 1794 quis
2503 1725 2814 1779 auditorum
2855 1745 2866 1778 :
2893 1727 3004 1780 Cur
3027 1728 3134 1780 vim
3163 1726 3300 1781 facis
3327 1727 3661 1795 Scriptum?
3693 1728 3819 1777 .\ui-

541 1817 702 1869 malia
760 1820 1036 1882 dicuntur,
1071 1821 1326 1874 animalia
1378 1822 1774 1891 intelligantur.
1819 1820 1899 1874 Ne
1945 1838 2076 1892 ergo
2104 1823 2306 1891 aliquis
2347 1823 2465 1875 haec
2502 1822 2790 1891 depravari
2841 1823 3080 1876 luunano
3108 1825 3294 1878 credat
3327 1823 3570 1893 ingenio,
3603 1835 3823 1891 aposto-

538 1908 638 1964 lica
675 1910 725 1962 itt
775 1911 854 1964 eis
904 1912 1203 1965 auctoritas
1234 1914 1507 1966 evm-anda
1542 1923 1624 1966 est
1657 1953 1670 1967 .
1694 1954 1709 1968 .
1737 1952 1752 1966 .
1775 1952 1792 1968 .
1837 1913 2036 1966 Paulus
2069 1915 2256 1982 utique
2291 1929 2566 1982 nunquam
2600 1915 2828 1968 auderet
2863 1913 3162 1980 spiritalem
3198 1927 3381 1982 potum
3434 1925 3489 1967 et
3522 1915 3823 1984 spiritalem

536 2012 716 2051 escam
747 1998 1041 2068 appellare,
1080 1999 1179 2053 nisi
1216 2003 1358 2055 hunc
1392 2017 1516 2056 esse
1563 2017 1788 2056 sensum
1819 2001 2143 2070 legislatoris
2195 2020 2293 2071 per
2326 2002 2583 2056 traditam
2610 2005 2711 2058 sibi
2751 2005 3050 2058 verissimae
3078 2005 3340 2060 doctrina:
3368 2008 3654 2061 scientiam
3687 2010 3826 2063 didi-

439 2116 454 2128 -
534 2092 717 2143 cisset.
760 2091 912 2146 Unde
954 2101 1009 2144 et
1037 2092 1164 2146 illud
1201 2095 1348 2147 addit
1382 2105 1642 2164 tanquam
1682 2096 1967 2150 conﬁdens
2017 2107 2071 2150 et
2107 2107 2289 2150 certus
2322 2097 2390 2149 de
2417 2097 2665 2150 ciborum
2695 2099 2907 2150 ratione
2941 2098 3267 2151 mundorum
3308 2108 3362 2153 et
3401 2099 3825 2170 immundoruui,

538 2185 681 2251 quod
720 2201 823 2236 non
854 2186 1153 2239 secundum
1190 2185 1449 2248 litteram.
1481 2188 1572 2241 sed
1611 2189 1937 2256 spiritaliter
1966 2189 2305 2242 observanda
2357 2191 2491 2254 sint,
2521 2198 2576 2244 et
2604 2189 2736 2243 dicit
2785 2206 2797 2242 :
2849 2189 3018 2242 Nemo
3050 2205 3174 2258 ergo
3219 2207 3310 2244 vos
3347 2193 3553 2259 judicet
3599 2193 3653 2244 in
3685 2195 3823 2254 cibo,

535 2285 630 2328 aut
667 2285 814 2343 potu,
847 2287 943 2330 aut
975 2279 1029 2331 in
1054 2291 1203 2346 parte
1243 2281 1350 2332 diei
1386 2281 1534 2343 festi,
1563 2290 1654 2332 aut
1685 2281 1997 2344 neomenitr,
2027 2291 2118 2334 aut
2157 2280 2530 2347 Subbalorum,
2562 2299 2680 2348 qua:
2705 2292 2826 2336 sunt
2858 2285 3041 2336 umbra
3069 2283 3372 2352 futurorum
3399 2285 3463 2339 ³⁸.
3505 2284 3665 2338 Vides
3694 2302 3824 2350 ergo

535 2371 808 2436 quomodo
839 2371 953 2425 haec
997 2375 1181 2425 omnia
1216 2389 1337 2442 qua:
1363 2374 1429 2426 de
1481 2373 1617 2427 cibis
1649 2375 1731 2426 vel
1766 2383 1894 2442 potu
1948 2374 2189 2443 loquitur
2222 2375 2452 2446 Moyses,
2510 2375 2706 2430 Paulus
2735 2377 2823 2443 qui
2876 2377 3070 2430 melius
3105 2379 3205 2430 ista
3246 2378 3536 2442 didicerat,
3571 2395 3730 2448 quam
3769 2382 3819 2432 bi

535 2463 628 2530 qui
664 2478 808 2515 nunc
834 2462 1046 2530 jactant
1073 2480 1133 2519 se
1167 2479 1288 2519 esse
1316 2467 1591 2529 doctores,
1626 2467 1811 2519 omnia
1843 2467 1954 2519 haec
1991 2468 2238 2521 umbram
2271 2470 2406 2522 dicit
2438 2485 2557 2524 esse
2588 2469 2917 2523 futurorum.
2981 2471 3048 2523 Et
3079 2471 3218 2535 ideo,
3271 2472 3410 2524 sicut
3458 2472 3719 2532 diximus,
3755 2475 3823 2526 ab

537 2556 642 2609 hac
688 2554 878 2608 umbra
909 2556 977 2608 ad
1006 2556 1290 2611 veritatem
1323 2557 1587 2612 debemus
1627 2560 1954 2615 ascendere.
2011 2561 2342 2614 Christianis
2369 2573 2422 2614 et
2469 2577 2497 2613 a
2526 2561 2860 2614 Christianis
2907 2575 3093 2616 sermo
3121 2572 3228 2621 est,
3260 2563 3458 2630 quibus
3491 2563 3820 2628 apostolico-

537 2667 656 2704 rum
685 2650 955 2704 dictorum
990 2653 1156 2704 chara
1208 2653 1368 2706 debet
1419 2667 1540 2706 esse
1573 2653 1897 2709 auctoritas.
1943 2655 1998 2708 Si
2036 2655 2159 2724 quis
2191 2670 2320 2708 vero
2351 2657 2666 2723 arrogantia
2703 2655 2949 2708 tumidus
2987 2657 3284 2724 apostolica
3336 2656 3484 2708 dicta
3516 2660 3823 2710 contenmit

533 2754 631 2796 aut
678 2744 906 2810 spernit,
947 2745 1061 2812 ipse
1096 2745 1314 2797 viderit.
1358 2743 1488 2798 Mihi
1521 2755 1698 2798 autem
1730 2748 1878 2800 sicut
1908 2747 2021 2801 Deo
2057 2758 2112 2801 et
2146 2747 2374 2801 Domino
2407 2748 2531 2802 Jesu
2564 2747 2804 2811 Christo,
2863 2749 2932 2800 ita
2979 2759 3035 2801 et
3066 2749 3326 2815 apostolis
3379 2750 3499 2816 ejus
3545 2751 3824 2804 adhaerere

535 2835 735 2888 bonum
773 2847 878 2899 cst,
916 2845 967 2888 et
1003 2853 1065 2891 ex
1101 2836 1301 2891 divinis
1341 2835 1640 2905 Seripturis
1690 2841 1989 2893 secundum
2037 2840 2277 2908 ipsorum
2314 2841 2662 2895 traditionem
2715 2841 3127 2910 intelligentiam
3167 2856 3384 2908 capere.
3415 2860 3433 2892 ι
3481 2840 3554 2893 Ex
3605 2843 3730 2906 hoc,
3767 2841 3822 2892 ui

536 2926 724 2989 fallor,
766 2927 1082 2981 testimonio
1111 2929 1276 2997 liquet
1309 2928 1575 2998 placuisse
1610 2931 1851 3001 Origcni,
1887 2941 1943 2985 ut
1977 2935 2156 2988 omnis
2181 2935 2583 2989 caaremonialis
2607 2936 2691 2988 lex
2725 2936 3024 3003 allegorico
3056 2948 3220 2986 sensu
3255 2935 3553 3001 accipiatur
3581 2951 3592 2986 :
3620 2952 3686 2988 en
3721 2935 3817 2988 tibi

536 3017 662 3083 alia,
701 3018 843 3073 unde
887 3029 1098 3074 constat
1134 3037 1199 3075 ex
1235 3023 1352 3091 ejus
1387 3026 1652 3077 sententia
1701 3026 1848 3079 omni
1889 3041 2032 3080 nunc
2067 3042 2190 3081 eam
2250 3026 2462 3080 litterali
2509 3044 2638 3096 erga
2681 3027 3026 3082 Christianos
3075 3042 3236 3079 sensu
3289 3041 3501 3081 carere.
3566 3026 3707 3081 Nihil
3751 3028 3818 3079 ad

533 3123 652 3160 eam
690 3125 802 3163 rem
854 3113 1026 3181 magis
1063 3113 1351 3180 disertum,
1386 3133 1548 3186 quam
1583 3122 1726 3188 quod
1761 3121 1836 3172 ait
1886 3121 2107 3176 homilia
2142 3131 2292 3175 sexta
2329 3123 2381 3175 in
2408 3121 2704 3176 Genesim:
2737 3138 2755 3170 ι
2787 3121 2942 3187 Quod
2971 3122 3013 3175 si
3043 3123 3275 3175 edocere
3309 3121 3391 3172 vis
3425 3121 3699 3188 quomodo
3732 3119 3817 3172 lex

534 3212 743 3255 tnortua
776 3207 868 3269 sit,
899 3206 1183 3262 considera
1217 3220 1271 3264 et
1305 3210 1425 3264 vide
1456 3229 1599 3266 nunc
1635 3215 1932 3277 sacriﬁcia,
1970 3217 2060 3269 ubi
2088 3217 2284 3283 altare,
2317 3217 2407 3270 ubi
2442 3215 2724 3284 templum,
2773 3215 2863 3268 ubi
2895 3215 3329 3283 puriﬁcatioues,
3361 3215 3450 3266 ubi
3502 3213 3819 3268 solemnitas

530 3294 754 3350 Pascha:
783 3315 798 3352 :
844 3315 1023 3356 nonne
1058 3312 1271 3357 mortua
1306 3313 1390 3356 est
1439 3305 1492 3357 iu
1529 3305 1613 3358 his
1645 3307 1901 3360 omnibus
1949 3307 2079 3361 lex?
2108 3311 2213 3361 Aut
2247 3309 2289 3362 si
2325 3318 2554 3377 possunt
2589 3307 2677 3360 isti
2707 3307 2870 3359 amici
2921 3318 2976 3362 et
3004 3307 3332 3362 defensores
3381 3307 3598 3368 littcrre,
3637 3316 3824 3360 custo-

531 3389 682 3442 diant
732 3390 968 3445 litteram
1004 3395 1156 3464 legis.
1182 3414 1200 3447 ›
1255 3395 1323 3448 Et
1353 3397 1572 3450 homilia
1623 3400 1909 3454 undecima
1944 3402 1997 3454 in
2034 3401 2276 3455 Exodum
2319 3419 2332 3454 :
2375 3419 2394 3451 ι
2426 3400 2543 3453 Non
2573 3401 2717 3453 enim
2749 3408 2952 3469 potest,
2985 3400 3188 3466 inquit,
3226 3397 3408 3451 facere
3437 3397 3518 3452 lex
3550 3399 3694 3452 sicut
3724 3396 3824 3450 Ju-

530 3481 630 3534 dzei
664 3482 873 3549 dicunt,
910 3487 1036 3553 quia
1072 3489 1383 3542 inﬁrmatur
1411 3489 1495 3541 lex
1523 3489 1574 3543 in
1606 3506 1792 3554 carne,
1821 3492 1873 3546 id
1910 3503 1995 3547 est
2023 3495 2075 3546 in
2113 3494 2319 3555 littera.
2345 3505 2399 3548 et
2428 3492 2566 3548 nihil
2595 3502 2775 3561 potest
2807 3494 3108 3546 secundum
3141 3492 3376 3544 litteram
3408 3491 3587 3545 facere
3625 3507 3641 3546 :
3686 3491 3820 3545 nihil

530 3572 674 3626 enim
708 3577 776 3628 ad
807 3578 1110 3645 perfectum
1146 3581 1365 3635 adducit
1405 3581 1513 3636 lex.
1557 3583 1865 3636 Secundum
1896 3593 2078 3639 autem
2111 3587 2405 3640 consilium
2441 3584 2585 3654 quod
2619 3600 2716 3638 nos
2745 3584 3027 3638 allerimus
3055 3585 3122 3637 ad
3156 3583 3353 3652 legem,
3380 3594 3604 3652 possunt
3636 3601 3818 3636 onuua

530 3667 852 3733 spiritaliter
902 3671 1040 3725 ﬁeri.
1081 3673 1316 3726 Possunt
1363 3683 1418 3727 et
1469 3676 1737 3730 sacriﬁcia
1775 3678 2102 3746 spiritaliter
2151 3679 2364 3744 offerri,
2401 3695 2519 3748 quae
2551 3681 2714 3732 modo
2765 3677 3068 3731 carnaliter
3103 3692 3208 3730 non
3259 3686 3507 3745 possunt.
3549 3675 3735 3729 Potest
3767 3685 3820 3727 ct

530 3757 614 3812 lex
651 3759 814 3829 lepra:
845 3764 1166 3830 spiritaliter
1201 3768 1427 3827 servari,
1459 3784 1582 3836 qua:
1611 3773 1912 3825 secundum
1949 3771 2188 3825 litteram
2233 3787 2341 3825 non
2375 3782 2574 3840 potest.
2608 3772 2699 3825 Sic
2733 3786 2864 3838 ergo
2897 3769 3172 3838 quomodo
3197 3784 3294 3822 nos
3317 3769 3589 3822 sentimus
3611 3777 3665 3820 et
3692 3783 3822 3818 con-

530 3855 710 3910 silium
741 3857 953 3923 damus,
979 3863 1160 3914 omnia
1203 3861 1331 3914 facit
1360 3862 1464 3915 lex.
1499 3865 1808 3917 Secundum
1843 3865 2084 3919 litteram
2121 3877 2302 3920 autem
2343 3883 2448 3920 non
2478 3867 2685 3929 omnia,
2713 3866 2810 3919 sed
2844 3865 3140 3918 admodum
3178 3879 3373 3934 pauca.
3404 3883 3421 3913 ι

603 3949 854 4005 Secunda
897 3952 1103 4020 regula,
1147 3952 1300 4018 cujus
1331 3955 1662 4025 przecipuum
1697 3972 1852 4008 ttsum
1885 3971 2007 4008 esse
2037 3956 2152 4009 vult
2210 3958 2262 4010 in
2318 3956 2657 4025 propheticis
2703 3965 2757 4010 et
2788 3955 3072 4008 historicis
3131 3953 3313 4017 libris,
3354 3954 3456 4007 hoc
3508 3964 3818 4006 eomruento

529 4043 724 4098 nititur
755 4062 767 4097 :
809 4065 827 4097 ι
887 4046 942 4099 lu
969 4048 1108 4101 cmlo
1139 4048 1287 4116 regio
1321 4058 1401 4102 est
1428 4064 1548 4118 quae
1575 4048 1794 4113 Judaeze,
1829 4051 1960 4102 urbs
2011 4065 2130 4117 quae
2178 4050 2555 4122 Jerosolymm,
2595 4052 2826 4120 populus
2868 4049 2960 4118 qui
3006 4048 3232 4101 Jodaico
3265 4047 3463 4116 popqu
3499 4046 3814 4114 respondet.

528 4137 624 4196 Sic
650 4142 814 4195 etiam
849 4143 1092 4196 caelestis
1123 4143 1391 4213 {Egyptus
1426 4153 1530 4206 est,
1568 4145 1811 4200 ctelestis
1843 4145 2108 4215 Babylon,
2137 4147 2382 4200 caelestis
2413 4147 2608 4208 Sidon,
2632 4146 2871 4200 caelestis
2899 4144 3097 4214 Tyrus,
3127 4153 3180 4195 et
3209 4144 3328 4196 alim
3353 4142 3618 4209 ejusmttdl
3652 4143 3816 4195 urbes

526 4247 582 4293 et
615 4237 754 4300 loca,
793 4252 914 4307 qua}
947 4237 1179 4290 terrenis
1220 4236 1460 4304 ejusdem
1515 4241 1755 4292 nominis
1811 4239 2125 4307 regionibus
2153 4248 2209 4292 et
2250 4239 2568 4293 civitatibus
2601 4241 2952 4308 respondent.
2991 4237 3046 4290 In
3083 4237 3234 4290 hisce
3279 4237 3606 4290 coelestibus
3639 4239 3818 4307 regio-

525 4329 687 4384 nibus
717 4341 773 4385 et
831 4331 1055 4386 urbibus
1089 4333 1420 4388 domicilium
1462 4343 1547 4388 est
1587 4336 1918 4398 animarum,
1950 4351 2069 4404 qua:
2115 4334 2422 4403 principum
2472 4333 2740 4386 bonorum
2768 4343 2863 4384 aut
2910 4329 3182 4384 malorum
3217 4332 3446 4396 imperio
3481 4332 3810 4385 subduntur.

526 4421 588 4476 Et
624 4423 1077 4492 quemadmodum
1113 4424 1240 4478 hinc
1270 4427 1596 4480 ilecedentes
1641 4429 1918 4481 hominum
1969 4428 2162 4480 animm
2196 4428 2247 4480 itt
2291 4427 2562 4479 infernum
2604 4424 2997 4486 detruduntur,
3029 4435 3090 4477 ut
3133 4426 3204 4478 ibi
3259 4425 3481 4476 meritas
3515 4440 3616 4492 pro
3657 4423 3815 4476 malis

525 4517 736 4570 actibus
768 4531 956 4585 poenas
1007 4517 1309 4583 exsolvant,
1345 4519 1425 4572 sic
1482 4519 1623 4572 idem
1661 4519 1835 4572 ferme
1892 4521 1944 4572 in
1982 4520 2235 4590 superuis
2297 4519 2431 4570 locis
2484 4518 2704 4582 accidit,
2740 4517 2830 4570 ubi
2886 4519 3157 4585 quoddam
3213 4519 3403 4570 mortis
3447 4533 3616 4584 genus
3648 4534 3815 4585 expc-

530 4613 745 4665 riuutur
776 4611 989 4671 animm,
1018 4621 1070 4663 et
1103 4622 1221 4678 post
1246 4613 1404 4665 istam
1438 4623 1667 4667 mortem
1701 4613 1754 4666 in
1786 4624 1985 4667 terram
2021 4614 2162 4665 hanc
2192 4622 2433 4663 nostram
2457 4618 2715 4678 tanquam
2749 4611 2802 4662 in
2839 4607 3110 4661 infernum
3142 4610 3574 4676 praecipitantur.
3622 4610 3812 4664 Potest

524 4706 692 4772 igitur
734 4704 848 4755 fieri
883 4711 939 4753 ut
976 4702 1056 4754 Ιιτε
1082 4719 1199 4769 qum.
1252 4707 1302 4756 in
1345 4705 1498 4757 cmlis
1526 4705 1797 4768 ltahitanl,
1854 4703 2068 4764 animm,
2103 4704 2156 4756 itt
2215 4714 2374 4757 terra:
2419 4716 2617 4754 nostra:
2673 4705 2848 4753 locum
2889 4702 3008 4770 plus
3050 4703 3292 4755 minusve
3321 4703 3666 4755 commodum
3714 4720 3812 4772 pro

525 4796 944 4868 przccedentinm
979 4804 1196 4848 actuum
1228 4798 1548 4852 diversitate
1581 4800 1962 4859 amandentur,
1993 4798 2179 4864 sicque
2216 4796 2362 4850 verbi
2395 4795 2570 4866 gratia
2620 4812 2648 4848 e
2680 4795 2864 4847 .Iudma
2904 4793 3112 4847 caelesti
3149 4795 3413 4847 oriundus
3460 4793 3705 4848 Israelita
3756 4798 3808 4845 in

525 4890 806 4960 Scythiam
846 4902 1184 4958 terrestrem,
1218 4903 1272 4946 et
1301 4894 1417 4945 vice
1444 4908 1600 4946 versa
1646 4908 1709 4946 ex
1741 4890 1978 4961 Aigypto
2003 4892 2212 4945 caelesti
2243 4890 2532 4962 Egyptius
2559 4891 2610 4942 irt
2639 4888 2880 4942 Judmam
2913 4899 3186 4942 terrenam
3225 4889 3517 4957 relegetur.
3559 4907 3578 4939 ι

601 4981 696 5036 llis
729 4983 1067 5039 fundamenti
1101 4987 1218 5038 loco
1253 4985 1465 5052 positis,
1497 4985 1751 5038 secunda:
1779 4985 1976 5051 regulae
2004 4995 2156 5037 tenor
2186 4985 2277 5038 hic
2310 4993 2394 5037 est
2431 5001 2444 5036 :
2483 5000 2501 5032 ι
2536 4982 2810 5050 Quidquid
2856 4982 2909 5034 in
2956 4981 3242 5051 Scriptura
3293 4998 3451 5035 sacra
3495 4985 3562 5035 de
3591 4991 3808 5035 terrena

525 5073 851 5141 Jerusalem,
879 5078 944 5131 de
972 5088 1187 5133 terrena
1218 5077 1471 5150 Egypto,
1506 5077 1570 5130 de
1599 5075 1871 5147 Babylone
1913 5077 2161 5130 terrestri
2246 5087 2300 5130 et
2335 5077 2401 5130 de
2435 5076 2555 5130 aliis
2585 5074 2853 5140 ejusmodi
2904 5075 3057 5136 locis,
3101 5090 3312 5128 necnon
3362 5073 3574 5126 illorum
3615 5074 3809 5128 incolis

525 5168 750 5230 dicitur,
789 5168 839 5222 id
875 5170 941 5222 ad
993 5171 1242 5224 Ctelestes
1301 5170 1553 5238 regiones
1591 5170 1861 5236 urbesque
1909 5171 2260 5235 cognomines
2295 5178 2458 5236 atque
2493 5169 2561 5222 ad
2623 5170 2837 5222 illarum
2900 5167 3108 5219 incolas
3164 5166 3507 5219 referendum
3554 5177 3656 5221 est.
3698 5167 3807 5220 Imu

525 5264 826 5334 smpissime
862 5265 929 5317 de
957 5265 1270 5318 cmlcstibus
1321 5265 1405 5317 his
1453 5274 1661 5317 tantum
1695 5263 1827 5318 locis
1860 5264 2136 5334 prophctze
2169 5265 2311 5333 loqui
2349 5265 2449 5318 sibi
2478 5273 2902 5335 proposuerunt,
2935 5277 3058 5315 cum
3099 5261 3167 5314 de
3213 5270 3427 5313 terrena
3473 5257 3797 5321 Jerusalem,

528 5361 594 5413 de
625 5369 841 5412 terrena
878 5359 1134 5429 Egypto.
1177 5368 1267 5412 aut
1319 5360 1439 5414 aliis
1480 5360 1616 5414 locis
1651 5361 1882 5414 terrenis
1919 5374 2225 5413 sermonem
2283 5361 2487 5414 habere
2533 5361 2808 5420 videntur,
2863 5359 3030 5426 idque
3065 5357 3188 5409 inde
3219 5354 3398 5422 colligi
3451 5365 3631 5422 potest
3657 5361 3801 5424 quod

526 5451 794 5518 ejusmodi
821 5453 1119 5518 prophetia:
1152 5451 1536 5522 mysteriorum
1574 5452 1807 5521 speciem
1844 5467 1954 5520 [ιι-ξιξ
1991 5468 2050 5506 se
2099 5452 2298 5514 ferunt,
2336 5452 2616 5519 multaque
2641 5450 2924 5504 continent
2963 5462 3084 5516 quae
3131 5446 3193 5497 ad
3235 5447 3483 5499 homines
3529 5457 3805 5513 pertinere

528 5558 875 5612 nequaquam
901 5554 1150 5612 posSunt.
1190 5563 1208 5595 ι
1251 5547 1432 5599 Exstat
1489 5545 1592 5599 hoc
1625 5545 1958 5612 paradoxum
1989 5545 2084 5601 lib.
2131 5560 2183 5598 tv
2229 5545 2305 5598 De
2350 5544 2652 5612 principiis,
2691 5558 2839 5596 nutu.
2870 5541 2963 5602 ‘20,
2994 5541 3348 5607 21etseqq.,
3407 5540 3642 5608 illudque
3695 5541 3802 5594 sibi

527 5642 872 5688 commentus
899 5642 984 5688 est
1005 5633 1270 5703 Origenes
1308 5644 1419 5688 tum
1446 5649 1476 5690 e
1505 5634 1823 5690 discrimine
1851 5637 1994 5703 quod
2027 5637 2180 5704 ponit
2209 5635 2411 5690 l‘aulus
2446 5636 2586 5690 inter
2616 5633 2920 5690 laraelitam
2949 5634 3246 5689 secundum
3278 5650 3498 5688 carnem
3530 5644 3584 5690 et
3625 5633 3801 5688 lsi-ae-

592 5752 636 5784 ³⁸
670 5769 873 5826 Coloss.
929 5789 984 5835 tt,
1048 5775 1138 5830 ιε.
