4138 6462
325 337 400 392 29
1530 328 1899 385 PILEFATIO
1939 332 1959 383 ιέ

1963 331 2031 383 tD
2070 331 2236 387 T0“.
2280 332 2347 389 11.
3528 338 3597 393 50

328 457 491 501 litant
543 449 840 503 secundum
894 446 1168 517 spiritum,
1219 456 1329 498 tum
1389 462 1452 500 ex
1481 462 1546 499 eo
1577 438 1720 515 quod
1758 448 1899 500 idem
1930 449 2206 514 apostolus
2236 450 2287 503 in
2318 449 2561 516 Epistula
2605 450 2669 504 ad
2719 446 2942 507 Galatas
2977 450 3133 515 dicit,
3163 450 3436 505 cmlestem
3471 465 3591 504 esse

320 540 654 595 Jerusalem.
690 541 769 595 Ex
800 540 959 608 hujus
988 541 1238 611 principii
1276 541 1417 594 serie
1439 542 1606 594 etiam
1643 542 1782 594 hanc
1806 542 2118 611 generalem
2166 544 2513 613 propheticos
2567 536 2972 613 bistoricosque
3007 536 3176 599 libros
3204 546 3596 613 interpretandi

321 636 648 690 methodnm
684 638 957 705 proponit,
1007 645 1063 689 ut
1114 651 1304 705 nempe
1335 636 1594 705 quidquid
1624 635 1676 688 in
1701 636 1806 689 illis
1841 647 1945 700 est,
1975 636 2039 690 ad
2092 638 2265 691 bonos
2313 645 2366 691 et
2405 637 2468 690 ad
2506 639 2675 691 malos
2716 640 2935 708 angelos
3004 640 3293 694 referatur.
3386 639 3597 691 Diserte

325 731 465 791 illud
494 715 652 786 docet
682 733 900 786 homilia
933 733 1215 786 undecima
1250 733 1303 787 in
1342 731 1608 787 Numeros
1639 751 1652 785 :
1699 753 1716 783 ι
1750 732 1888 785 Puto
1919 735 2085 799 enim,
2118 734 2315 802 inquit,
2357 735 2480 802 quia
2523 736 2661 787 sicut
2694 736 2939 801 qnmdam
2987 734 3203 787 nomina
3240 733 3324 786 vel
3354 731 3595 800 gentium

326 827 414 878 vel
448 828 753 897 principum
775 827 826 880 in
849 827 1143 896 Scripturis
1174 828 1347 894 posita
1380 828 1643 891 videmus,
1663 844 1781 896 qua:
1810 830 2012 895 absque
2037 829 2378 883 dubitatione
2412 831 2479 883 ad
2512 829 2682 883 malos
2712 830 2929 895 angelos
2958 831 3096 881 etad
3119 826 3345 881 virtutes
3378 836 3599 880 contra-

325 922 445 973 rias
472 918 802 981 referantur,
830 920 970 973 sicut
995 920 1142 979 verbi
1176 920 1350 987 gratia
1382 918 1591 973 Pharao
1622 935 1713 973 rex
1742 919 1983 990 IEgypti,
2012 921 2516 976 Nabuchodonosor
2551 922 2901 991 Babylonius,
2933 932 2987 975 et.
3010 921 3293 990 Assyrius;
3326 922 3395 971 ita
3430 918 3593 971 etiam

326 1027 393 1065 ea
426 1028 546 1083 quae
578 1014 642 1066 de
675 1014 880 1065 sanctis
908 1014 1038 1066 viris
1068 1023 1122 1066 et
1149 1023 1308 1083 gente
1337 1012 1591 1081 religiosa
1630 1014 1967 1076 scribuntur,
1990 1014 2056 1067 ad
2085 1023 2302 1068 sanctos
2342 1014 2561 1082 angelos
2599 1024 2653 1066 et
2681 1015 2745 1068 ad
2782 1015 3046 1083 benignas
3088 1015 3344 1066 debemus
3389 1008 3596 1063 referre

326 1105 634 1160 virtutes...
671 1107 725 1161 Si
756 1121 886 1175 ergo
922 1107 1035 1160 haec
1087 1107 1267 1161 omnia
1315 1106 1379 1160 ad
1415 1107 1637 1176 angelos
1663 1106 1925 1175 quosdam
1980 1122 2186 1175 magum
2216 1107 2440 1161 virtutis
2493 1108 2682 1162 referri
2720 1109 2864 1176 cogit
2914 1107 3050 1161 ratio
3097 1106 3363 1169 veritatis,
3418 1118 3597 1157 nonne

328 1199 523 1253 eadem
580 1200 972 1268 consequentia
1027 1201 1189 1254 etiam
1222 1215 1344 1269 quae
1392 1202 1459 1255 de
1502 1200 1656 1253 bonis
1692 1199 1773 1254 vel
1816 1200 2151 1270 principibus
2188 1200 2271 1253 vel
2314 1200 2565 1271 gentibus
2599 1202 3036 1265 conscribuntur,
3094 1201 3169 1267 ad
3208 1199 3492 1258 bonarum,
3531 1206 3589 1250 ut

331 1304 499 1353 supra
531 1290 793 1354 diximus,
830 1293 1086 1344 \irtntnm
1125 1292 1345 1361 angelos
1375 1293 1767 1359 ministrosque
1804 1291 2189 1345 referentur?»

410 1380 592 1432 'i‘ertia
610 1380 843 1449 denique
868 1382 1121 1453 Origenis
1150 1384 1333 1453 regula
1353 1385 1617 1454 praecipit,
1640 1403 1659 1437 ι
1684 1394 1745 1439 ut
1761 1388 1825 1438 ad
1843 1384 2127 1455 mysticum
2147 1399 2365 1439 sensum
2385 1384 2743 1455 confugiatnr,
2767 1380 3118 1441 etdeseratur
3135 1384 3337 1444 littera,
3371 1380 3589 1450 quoties

333 1470 491 1539 falsa,
523 1475 749 1541 inutilis,
785 1474 1000 1546 Deoque
1041 1478 1259 1548 indigna
1290 1476 1610 1546 reperietur.
1640 1494 1658 1527 ι
1697 1476 1753 1530 id
1780 1478 2085 1532 necessario
2128 1478 2423 1546 sequiture
2446 1479 2729 1547 principiis
2769 1478 3004 1532 articulo
3029 1485 3225 1547 quarto
3249 1474 3583 1528 constitutis.

419 1591 1042 1657 Animadversiones
1080 1592 1144 1652 in
1184 1590 1648 1667 Origeniannm
1685 1590 1763 1653 de
1800 1590 2140 1668 Scriptura:
2169 1607 2361 1652 sacrae
2391 1591 2882 1669 inlerprelandm
2920 1591 3164 1651 ratione
3206 1593 3510 1669 systema.

415 1715 455 1769 Ι.
484 1714 729 1770 Primum
759 1731 862 1783 ego
896 1730 1000 1769 non
1032 1715 1244 1768 inficias
1277 1714 1431 1767 ierim
1460 1714 1680 1784 Origeni
1728 1714 1959 1769 multum
1992 1714 2202 1778 deberi,
2250 1717 2395 1783 quod
2428 1715 2729 1792 Scriptura:
2779 1731 2953 1770 sacrm
2986 1715 3278 1785 allegorice
3325 1715 3593 1782 interpre-

328 1813 518 1867 Iandze
553 1812 873 1865 methodum
912 1827 940 1863 a
982 1811 1127 1865 Celsi
1162 1811 1638 1865 criminationibus
1667 1812 1805 1866 adeo
1837 1809 2006 1865 solide
2035 1810 2416 1875 vindicaverit,
2448 1820 2507 1865 ut
2531 1826 2589 1867 se
2622 1810 2734 1879 ipse
2775 1810 2828 1867 in
2862 1811 2963 1866 hac
3004 1820 3161 1879 parte
3192 1808 3594 1880 quodaminodo

321 1921 627 1977 superasse
656 1906 929 1960 videatur.
960 1903 1162 1960 invicte
1188 1906 1333 1959 enim
1366 1906 1583 1975 probat,
1612 1906 1901 1975 mysticum
1934 1921 2173 1969 sensum,
2209 1906 2254 1961 si
2289 1920 2375 1961 res
2398 1905 2696 1976 generatim
2716 1914 3012 1974 spectetur,
3038 1920 3142 1958 non
3171 1920 3291 1959 esse
3316 1918 3596 1959 commen-

332 2010 451 2052 tum
486 2000 810 2063 humanum,
838 2000 930 2052 sed
956 2000 1319 2067 ipsarummet
1349 1997 1765 2065 Scripturarnm
1797 1998 2131 2053 auctoritate
2163 1998 2282 2063 niti,
2312 1997 2552 2065 nihilque
2585 2012 2877 2052 commune
2911 1997 3113 2052 habere
3147 2011 3269 2051 cum
3318 1994 3593 2060 allegoriis

327 2090 674 2150 Grzrcorum,
703 2106 820 2158 qum
850 2090 1007 2160 longe
1041 2098 1161 2157 post
1192 2099 1347 2143 natas
1369 2103 1558 2143 eorum
1583 2087 1791 2142 fabulas
1821 2089 2139 2158 excogitatae
2168 2097 2315 2149 sunt.
2345 2098 2403 2143 ut
2428 2088 2650 2145 deorum
2680 2103 2814 2156 quos
2850 2088 3054 2152 colunt,
3102 2087 3292 2143 honori
3339 2085 3593 2140 consulc-

336 2195 510 2238 retur.
546 2184 749 2239 Deinde
798 2184 981 2253 magni
1006 2184 1177 2237 etiam
1211 2183 1468 2251 ponderis
1492 2182 1650 2237 estin
1694 2183 1799 2237 hoc
1835 2193 2057 2237 auctore
2087 2182 2176 2239 illa
2203 2183 2501 2248 confessio,
2553 2184 2816 2252 mysticos
2843 2196 3038 2236 sensus
3072 2197 3179 2235 non
3204 2180 3407 2250 ubique
3440 2180 3587 2234 Scri-
3677 2168 3691 2181 ’

334 2291 619 2347 pturarum
654 2280 915 2348 reperiri;
952 2278 1126 2345 major
1150 2288 1204 2333 et
1239 2279 1352 2345 illa,
1383 2278 1783 2343 difﬁcillimum,
1811 2293 1879 2334 ne
1907 2279 2123 2333 dicatur
2148 2280 2498 2348 impossibile,
2527 2294 2622 2335 eos
2642 2293 2778 2348 quos
2815 2278 2868 2333 in
2898 2293 2955 2332 se
2990 2277 3212 2341 habent,
3242 2277 3591 2357 investigare.

340 2376 583 2443 Denique
611 2374 827 2443 plurimi
862 2376 992 2431 item
1024 2376 1405 2430 aestimandum
1436 2377 1580 2447 quod
1606 2377 1741 2430 dixit
1772 2378 1837 2431 de
1878 2375 2112 2431 utilitate
2144 2384 2201 2431 et
2244 2377 2559 2446 praestantia
2597 2373 2848 2430 litterulis
2898 2385 3111 2434 sensus,
3169 2383 3279 2437 quo
3321 2368 3594 2435 integrum

337 2471 613 2541 religionis
643 2480 840 2525 nostra:
875 2471 1161 2525 mdiiicium
1213 2471 1503 2535 fundatur,
1550 2472 1752 2541 quique
1798 2473 1864 2527 ad
1903 2472 2315 2527 aediﬁcationem
2363 2482 2419 2528 et
2455 2473 2839 2527 documentum
2869 2465 3108 2524 ﬁdelium
3142 2480 3240 2535 per
3281 2478 3342 2519 se
3372 2461 3592 2518 sufﬁcit.

339 2556 505 2613 Hisce
536 2560 842 2613 enttntiatis
878 2559 990 2613 fere
1019 2560 1335 2615 continetur
1367 2562 1631 2630 quidquid
1657 2562 1783 2617 boni
1814 2560 2145 2631 Origeuiauo
2174 2563 2317 2618 inest
2346 2561 2652 2632 systemati.

406 2650 470 2704 ll.
522 2649 629 2705 Sed
674 2651 864 2720 paucis
888 2652 1039 2706 hisce
1076 2654 1232 2707 bonis
1266 2652 1425 2723 longe
1474 2653 1631 2723 plura
1687 2654 1828 2707 maia
1871 2655 2105 2710 admista
2145 2665 2294 2712 sunt.
2332 2657 2413 2711 Ac
2462 2657 2694 2727 primum
2734 2656 2979 2724 quidem,
3014 2656 3130 2717 illa,
3159 2668 3321 2723 quam
3374 2650 3592 2719 plurimi

341 2757 521 2802 tamen
569 2756 782 2800 veteres
826 2755 883 2800 et
926 2747 1258 2801 recentiores
1310 2749 1542 2817 amplexi
1589 2759 1735 2812 sunt,
1767 2751 2064 2820 Scriptura;
2115 2766 2285 2806 sacrm
2329 2752 2525 2806 divisio
2568 2752 2621 2805 in
2660 2752 2925 2822 triplicem
2977 2766 3221 2811 sensum,
3276 2746 3587 2801 litteralem.

338 2840 600 2895 moralem
623 2849 681 2895 et
713 2839 1091 2911 allegoricum,
1124 2855 1372 2895 censura:
1398 2842 1617 2895 videtur
1643 2842 1902 2898 obnoxia.
1934 2842 2155 2897 Moralis
2181 2843 2487 2912 appelletur
2511 2842 2802 2911 cuiuslibet
2833 2842 2934 2896 loci
2968 2856 3185 2904 sensus,
3210 2839 3302 2909 qui
3351 2838 3596 2893 morith

288 2944 295 2945 ί
336 2933 641 2987 formandis
673 2933 923 2998 inservit,
961 2948 1057 2998 per
1088 2949 1174 2989 me
1201 2934 1353 2999 licet,
1384 2937 1544 2989 modo
1589 2936 1820 2992 ulteritts
1856 2953 1962 2991 non
2016 2944 2364 3006 procedatur.
2424 2937 2483 2992 Si
2516 2952 2644 2991 vero
2695 2937 2746 2989 in
2793 2934 3015 3004 Speciali
3068 2932 3370 2988 collocetur
3412 2929 3597 2984 classe

341 3042 538 3082 sensus
572 3029 820 3091 moralis,
852 3038 906 3083 et
936 3043 965 3082 a
998 3029 1220 3083 litterali
1248 3033 1615 3087 constituatur
1645 3032 1870 3102 perinde
1902 3034 2153 3090 diversus
2191 3049 2258 3088 ac
2289 3033 2636 3103 allegoricus,
2673 3033 2727 3085 id
2757 3031 2907 3086 nulla
2929 3029 3105 3083 solida
3138 3029 3350 3082 ratione
3379 3027 3594 3087 nititur,

336 3133 391 3175 et
425 3122 728 3191 perniciem
768 3138 950 3178 seettm
984 3125 1277 3178 maximam
1310 3127 1494 3188 trahit,
1528 3128 1607 3180 uti
1636 3129 1885 3197 exemplo
1906 3129 2292 3199 comprobatur
2319 3128 2594 3197 Origenis,
2630 3128 2721 3197 qui
2762 3136 2819 3180 ut
2847 3125 3097 3180 litteraiis
3126 3139 3317 3178 sensus
3364 3121 3595 3176 diliicul—

339 3226 475 3273 tates
503 3218 761 3279 eluderet,
793 3219 859 3272 ad
891 3219 1278 3274 documentum
1310 3223 1533 3293 aliquod
1564 3225 1769 3278 morale
1799 3225 2169 3294 confugiebat.
2203 3226 2285 3278 Ad
2335 3224 2626 3295 mysticum
2653 3223 2873 3292 quidem
2920 3234 3142 3274 sensum
3190 3218 3375 3271 statim
3409 3230 3596 3267 recur—

340 3330 457 3369 rere
498 3314 801 3377 maluisset,
829 3314 923 3369 sed
954 3316 1081 3385 quia
1112 3333 1215 3370 non
1241 3334 1451 3387 semper
1480 3325 1803 3373 occurrebat
1836 3320 1929 3389 qui
1973 3321 2075 3375 sibi
2107 3320 2314 3374 faceret
2364 3324 2523 3382 satis,
2563 3326 2693 3372 tunc
2728 3318 2781 3369 in
2819 3316 3003 3368 anima
3033 3312 3353 3381 Scriptum,
3404 3309 3455 3361 id
3510 3318 3595 3361 est

340 3410 530 3464 morali
570 3426 731 3464 sensu
768 3410 1024 3467 harrcbat.
1061 3411 1514 3467 Animadvertere
1539 3415 1813 3468 debuisset
1852 3416 2085 3483 primum
2119 3414 2417 3467 moralibus
2443 3413 2601 3469 hisce
2628 3409 2990 3472 documentis,
3021 3423 3143 3460 cum
3193 3406 3406 3472 integer
3445 3417 3587 3456 smn-

338 3520 437 3574 pcr
470 3513 689 3557 maneat
725 3503 976 3557 litteratis
1033 3518 1249 3570 sensus,
1286 3514 1444 3560 natas
1490 3521 1555 3559 ex
1608 3515 1727 3560 arte
1757 3508 1952 3560 critica
1986 3504 2335 3561 difﬁcultates
2390 3518 2730 3573 nequaquam
2780 3502 2951 3566 solvi;
3002 3498 3197 3553 deinde
3232 3495 3455 3549 moralia
3488 3493 3590 3545 ista

338 3601 659 3653 documenta
696 3610 825 3653 tunc
853 3598 1029 3654 solum
1062 3598 1292 3670 alicujus
1319 3614 1440 3654 esse
1470 3600 1648 3664 pretii,
1676 3616 1797 3655 eum
1827 3612 2019 3669 sponte
2046 3618 2141 3655 sua
2183 3617 2214 3656 e
2265 3599 2487 3655 litterali
2539 3613 2703 3653 sensu
2766 3592 3067 3666 proﬂuunt.
3092 3594 3328 3647 Tantum
3353 3592 3504 3649 abest
3537 3598 3596 3639 ut

339 3692 453 3747 haec
485 3694 533 3746 ei
567 3694 620 3746 in
654 3702 888 3747 mentem
920 3694 1191 3754 venerint,
1224 3702 1281 3745 ut
1328 3694 1510 3762 potius
1557 3694 1610 3747 in
1671 3695 1911 3748 aninnnn
1970 3694 2243 3748 induxerit
2290 3708 2448 3746 suum
2478 3691 2728 3761 quaedam
2773 3703 2899 3744 esse
2943 3686 3240 3753 Scriptnrre
3281 3682 3426 3745 ioca,
3476 3697 3597 3749 qua!

339 3784 631 3839 litteralem
667 3802 888 3841 sensum
918 3803 1144 3856 prorsus
1177 3788 1495 3850 excludant,
1534 3799 1587 3841 et
1620 3789 1835 3842 unicum
1867 3789 2128 3843 moralem
2157 3787 2447 3843 admittant
2482 3803 2496 3838 :
2528 3784 2672 3854 quod
2710 3783 2937 3839 omnino
2984 3790 3265 3850 repugnat.
3305 3779 3412 3831 Ant
3453 3776 3595 3830 enim

340 3880 558 3933 moralis
591 3881 696 3935 iste
722 3897 919 3935 sensus
951 3898 981 3935 e
1012 3883 1306 3936 verborum
1340 3896 1647 3949 vocumque
1675 3882 2081 3950 significatione
2106 3883 2301 3945 oritur,
2335 3891 2393 3934 et
2419 3888 2548 3932 tunc
2592 3878 2845 3933 litteralis
2871 3884 2985 3939 est;
3014 3883 3104 3927 aut
3139 3869 3597 3943 quemadmodum

341 3972 607 4041 principio
641 3980 1052 4041 consequentia,
1090 3977 1165 4029 ita
1195 3978 1464 4031 sermonis
1493 3979 1669 4031 littera
1702 3978 1819 4046 ipse
1843 3977 2177 4036 continetur.
2207 3986 2263 4030 et
2294 3988 2421 4033 tunc
2468 3974 2781 4032 necessario
2805 3975 3017 4043 integra
3058 3976 3243 4024 manet
3276 3967 3461 4020 littera
3489 3978 3597 4033 qua

344 4071 603 4129 tanquam
639 4065 752 4117 basi
788 4065 1003 4129 nititur,
1032 4075 1087 4118 et
1118 4068 1260 4119 unde
1289 4069 1524 4121 naturali
1561 4069 1953 4137 consequentia
1983 4068 2250 4122 noscitur.

417 4152 505 4206 ill.
536 4154 886 4208 Paradoxum
926 4155 1078 4219 illud,
1132 4172 1241 4225 quo
1275 4160 1442 4211 multa
1482 4160 1613 4214 falsa
1640 4171 1695 4214 et
1735 4178 1918 4215 secum
1956 4162 2249 4231 pugnantia
2305 4161 2362 4215 in
2412 4160 2709 4229 Seripturm
2749 4158 2930 4212 littera
2976 4156 3151 4225 ponit,
3206 4156 3273 4209 ad
3319 4152 3600 4223 religionis

346 4254 545 4297 nostra:
573 4250 918 4299 eversionem
958 4255 1103 4300 recta
1140 4250 1313 4315 ducit,
1341 4252 1585 4318 mihique
1613 4254 1826 4319 quoties
1858 4252 1976 4319 ejus
2014 4253 2327 4306 testimonia
2359 4253 2592 4307 articulo
2614 4263 2811 4321 quarto
2846 4251 3013 4303 citate
3062 4249 3241 4314 legere
3284 4247 3551 4314 contingit
3580 4266 3595 4309 ;

344 4336 710 4407 toties’iegere
747 4337 936 4391 videor
963 4353 1069 4392 non
1104 4341 1413 4394 testimonia
1441 4342 1676 4395 hominis
1701 4343 1793 4411 qui
1835 4344 2116 4401 ardentem
2159 4357 2379 4411 semper
2442 4343 2497 4396 in
2535 4341 2843 4409 Scripturis
2891 4338 3314 4406 interpretandis
3356 4337 3595 4391 aninmm

342 4429 601 4484 habuerit
652 4445 975 4499 summaque
1006 4447 1221 4500 semper
1250 4449 1344 4487 eas
1384 4434 1730 4487 veneratione
1768 4436 2206 4503 pertractaverit.
2232 4438 2326 4493 sed
2368 4444 2626 4504 excerpta
2668 4435 2918 4502 qualem
2955 4444 2986 4483 e
3019 4431 3293 4487 volumine
3337 4431 3597 4487 increduli

343 4523 646 4594 cuiuspiam
673 4524 762 4591 qui
792 4524 1203 4594 Scripturarum
1231 4527 1516 4579 veritatem
1564 4526 1849 4596 multiplici
1882 4527 2220 4594 obiectorum
2253 4542 2457 4598 genere
2502 4537 2803 4582 concutere
2849 4524 3165 4579 tentaverit.
3220 4522 3388 4576 Miror
3421 4522 3596 4589 ipsum

332 4629 437 4672 aut
467 4633 570 4671 non
610 4617 948 4671 intellexisse
974 4632 1097 4671 cum
1127 4619 1391 4686 ejusmodi
1426 4619 1693 4688 principio
1718 4636 1959 4689 pugnare
1998 4635 2188 4675 earum
2218 4621 2677 4690 inspirationem;
2713 4626 2827 4682 aut,
2855 4618 2899 4674 si
2936 4617 2988 4672 id
3025 4615 3181 4680 vidit,
3212 4625 3360 4669 tanto
3393 4616 3601 4670 incom-

344 4714 507 4767 modo
541 4711 838 4766 remedium
865 4709 1043 4764 alferri
1072 4711 1438 4771 existimasse,
1472 4712 1517 4763 si
1552 4710 1693 4765 Deus
1721 4712 1774 4765 iu
1808 4710 2063 4766 falsitatis
2101 4712 2540 4767 eomtnunionem
2583 4710 2968 4767 adduceretur.
3021 4709 3202 4766 Semel
3251 4708 3601 4778 pessumdata

344 4813 438 4859 aut
469 4802 722 4857 falsitatis
750 4803 1069 4857 insinntlato
1106 4800 1332 4855 litterati
1378 4817 1539 4855 sensu
1571 4802 1640 4861 iis
1676 4803 1729 4856 in
1765 4803 1900 4858 locis
1928 4804 2019 4858 ubi
2064 4818 2257 4858 omnes
2296 4804 2389 4873 qui
2437 4803 2642 4871 requiri
2695 4813 2922 4871 possunt
2962 4805 3314 4860 characteres
3352 4801 3599 4855 historici

345 4894 685 4956 coalescunt,
722 4903 945 4947 corruat
978 4906 1201 4946 necesse
1240 4900 1326 4946 est
1354 4893 1766 4961 Scripturarunt
1798 4896 2102 4950 auctoritas
2144 4896 2285 4963 apud
2318 4898 2593 4967 gentiles,
2617 4896 2757 4964 apud
2809 4895 3112 4958 haereticos,
3153 4895 3294 4964 apud
3333 4892 3604 4949 Christia-

350 5001 479 5049 nos;
534 4988 673 5052 apud
702 4985 958 5054 gentiles,
988 4984 1081 5053 qui
1117 4985 1297 5053 potius
1336 4985 1457 5037 inde
1486 4986 1833 5040 occasionem
1881 4995 2098 5041 sument
2145 4986 2449 5050 rejiciendte
2493 4986 2791 5056 Scriptura
2837 4996 3095 5055 tanquam
3145 4985 3347 5053 Spiritu
3404 4997 3603 5039 salicto

350 5074 608 5141 indigine,
634 5091 795 5143 quam
827 5074 971 5129 illius
999 5075 1290 5143 allegorice
1321 5074 1744 5142 interpretandae
1793 5078 2176 5132 necessitatem
2231 5079 2527 5149 colligent;
2563 5080 2705 5148 apud
2754 5079 3043 5133 haereticos
3070 5078 3162 5148 qui
3200 5081 3303 5133 hoc
3335 5078 3606 5148 principio

349 5167 663 5228 abuteutur,
697 5178 755 5220 ut
786 5182 847 5220 se
869 5183 933 5221 ex
985 5169 1052 5221 iis
1080 5167 1370 5236 expediant
1417 5165 1551 5222 locis
1579 5182 1700 5234 qua;
1728 5177 1916 5223 contra
1968 5185 2097 5226 suos
2125 5171 2367 5237 ipsorum
2397 5186 2615 5227 errores
2655 5182 2897 5241 pugnant
2923 5190 2937 5237 ;
3005 5172 3239 5241 denique
3265 5173 3406 5239 apud
3436 5171 3599 5223 Chri—

349 5264 580 5323 stianos,
612 5275 751 5327 quos
784 5262 838 5313 in
868 5260 991 5315 fidei
1029 5276 1139 5314 Bthe
1171 5259 1559 5317 detrimentum
1590 5270 1643 5314 ct
1669 5261 1720 5317 in
1748 5273 2038 5330 perpetuas
2082 5264 2250 5319 animi
2303 5264 2614 5319 anxietates
2648 5264 2723 5316 ita
2746 5322 2749 5323 ν
2773 5266 3025 5327 adducet,
3061 5274 3119 5319 ut
3162 5263 3406 5332 legendis
3446 5263 3602 5317 Scri—

349 5351 527 5424 pluris
558 5366 778 5419 prorsus
811 5353 1127 5409 renuntiare
1151 5351 1467 5407 maluerint.
1496 5350 1597 5405 Tot
1627 5354 1902 5422 tantisque
1937 5354 2298 5411 incommodis
2329 5357 2655 5426 perterritus
2679 5372 2784 5411 non
2814 5366 2901 5410 est
2918 5356 3199 5424 Origenes.
3231 5353 3380 5409 Adeo
3412 5368 3601 5409 Verum

348 5451 454 5501 cst.
488 5443 657 5497 settiel
694 5442 851 5497 valde
879 5456 1319 5513 praeoccupatum
1355 5445 1597 5498 animum
1635 5447 1778 5500 nulla
1820 5448 2028 5505 ratione
2058 5451 2125 5503 ab
2149 5463 2339 5503 errore
2371 5463 2469 5503 Suo
2498 5449 2739 5506 revocari
2773 5464 2953 5518 posse.

424 5533 515 5589 IV.
545 5534 696 5598 Quod
746 5552 881 5605 pene
928 5538 1250 5593 incredibile
1280 5541 1513 5605 videtur,
1547 5540 1840 5609 Origenem
1871 5540 2027 5596 latuit
2071 5540 2363 5601 discrimen
2388 5541 2534 5610 quod
2574 5541 2811 5600 litteram
2849 5542 2991 5599 inter
3015 5547 3072 5593 et
3112 5538 3401 5592 verborum
3452 5536 3600 5590 litte-

354 5630 525 5683 ralem
559 5645 780 5684 sensum
830 5632 1387 5703 interceditaLittera
1416 5645 1589 5705 potest
1618 5652 1738 5691 esse
1784 5636 1946 5700 falsa,
1994 5645 2052 5693 et
2093 5646 2275 5693 tamen
2322 5635 2667 5695 verissimum
2701 5636 2804 5693 sub
2858 5633 3112 5691 falsitatis
3151 5631 3334 5700 specie
3376 5644 3597 5684 sensum

350 5726 655 5780 continere.
693 5724 746 5781 id
793 5726 845 5780 in
877 5726 1131 5781 omnibus
1171 5728 1463 5783 enuntiatis
1492 5729 1878 5795 metaphoricis
1902 5729 2186 5800 contingit.
2216 5728 2273 5783 Si
2311 5744 2477 5797 opera
2511 5728 2706 5797 quibus
2734 5726 2920 5780 insunt
2954 5720 3218 5789 eiusmodi
3252 5718 3599 5786 metaphorae,

351 5819 534 5877 licebit
567 5819 669 5875 hoc
704 5820 918 5874 nomine
956 5818 1209 5885 falsitatis
1244 5835 1520 5889 accusare,
1564 5821 1740 5876 nullus
1770 5822 1876 5877 erit
1924 5822 2081 5887 liber,
2125 5822 2215 5891 qui
2254 5821 2581 5877 falsitatibus
2615 5828 2666 5879 et
2694 5815 3221 5873 contradictionibus
3262 5829 3451 5870 carere
3497 5812 3600 5865 dici
