4138 6424
510 361 570 418 51
1750 357 2123 413 ΡΒιΕιθΑΤΙυ

2164 357 2253 410 AD
2293 355 2452 411 TOM.
2499 354 2560 408 Ιῐ.
3699 343 3771 400 52

507 480 704 547 possit,
737 497 861 536 cum
894 480 1071 535 nullus
1098 480 1168 533 sit
1196 480 1353 543 liber,
1384 480 1437 533 in
1471 495 1577 548 quo
1608 482 1981 551 metaphorica
2013 494 2204 533 vocum
2248 477 2576 546 signiﬁcatio
2610 471 2845 542 simplici
2884 480 2940 527 et
2980 469 3205 525 litterali
3241 465 3609 536 intelligentia:
3658 480 3764 517 non

510 573 827 639 frequenter
864 573 1244 625 substituatur.
1284 571 1559 639 Scriptura
1587 588 1744 626 sacra
1783 573 1914 625 nihil
1950 574 2050 627 hac
2081 572 2133 623 in
2170 586 2227 624 re
2255 571 2438 630 habet,
2470 582 2579 636 quo
2601 583 2630 619 a
2654 563 2868 619 caeteris
2904 562 3059 615 libris
3082 572 3423 625 secernatur,
3449 574 3571 612 cum
3604 557 3767 623 Deus,

509 666 599 718 cui
631 666 874 719 boinines
907 665 1100 715 docere
1133 665 1463 731 propositum
1494 662 1616 724 fuit,
1661 680 1721 717 se
1753 665 1941 733 tttique
1979 664 2046 716 ad
2093 661 2315 715 humani
2356 658 2626 713 sermonis
2654 656 2867 726 regulas
2901 651 3418 707 accommodaverit.
3461 648 3604 714 Quid
3639 664 3769 715 ergo

506 757 834 808 censendum
861 755 925 807 de
947 753 1199 823 Origene,
1229 754 1342 822 qui,
1374 763 1429 806 ut
1458 753 1802 823 Scriptorum
1834 770 2043 807 sacram
2071 751 2401 805 falsitatibus
2450 758 2504 803 et
2541 743 3071 801 contradictionibus
3101 751 3320 795 scatere
3351 742 3564 808 probet,
3604 738 3771 790 niulta

508 852 636 903 citat
673 850 809 910 loca,
843 864 962 916 qum
992 848 1419 917 metaphoricum
1462 858 1518 902 et
1546 851 1893 904 verissiumm
1924 863 2147 902 sensum
2186 846 2431 900 habent?
2482 844 2711 898 Prorsus
2739 856 2803 895 ex
2834 841 3018 894 animo
3060 837 3180 904 ejus
3219 838 3493 892 excidisse
3544 850 3771 890 necesse

505 953 587 996 est
616 944 794 995 omnia
834 943 1086 997 humana:
1135 941 1563 993 ratiocinationis
1612 942 1903 1011 principia,
1943 957 2067 995 cum
2119 939 2313 993 thesim
2352 953 2473 1006 quze
2508 947 2617 989 tam
2666 936 2789 988 mali
2828 933 3065 1003 exempli
3112 944 3215 996 est,
3247 942 3303 986 et
3355 942 3463 984 tam
3504 931 3771 999 prociduo

503 1036 695 1088 nititur
721 1033 1091 1100 fundamento,
1124 1036 1502 1103 pr0puguavit.
1534 1033 1891 1089 Marcionitas
1918 1032 2229 1086 offendebat
2275 1031 2452 1083 littera
2487 1028 2919 1098 Scripturarum,
2952 1037 3238 1097 propterea
3264 1025 3407 1093 quod
3438 1039 3657 1077 onmem
3701 1019 3770 1074 ab

501 1127 583 1181 eis
622 1128 988 1192 metaphoram
1016 1126 1389 1180 excludebant.
1429 1125 1505 1179 Ex
1549 1126 1744 1179 eodem
1776 1124 1924 1177 fonte
1957 1122 2202 1175 manavit
2250 1120 2560 1175 Judaaorum
2612 1134 2786 1180 error,
2827 1118 2919 1187 qui
2968 1116 3246 1171 Christum
3291 1116 3537 1183 recipere
3579 1112 3769 1166 nolue-

503 1228 653 1278 runt,
676 1225 732 1269 et
772 1219 1080 1285 prophetias
1110 1218 1176 1271 ab
1201 1231 1264 1269 eo
1296 1216 1619 1284 adimpletas
1648 1214 1819 1268 fuisse
1855 1218 2253 1283 pernegabant.
2287 1212 2369 1264 Ad
2402 1210 2869 1280 grammaticaletn
2899 1209 3136 1263 litteram
3168 1209 3529 1277 accipiebant.
3558 1223 3678 1277 qua:
3704 1222 3771 1262 eo

504 1317 719 1361 tantum
752 1310 976 1362 consilio
1002 1311 1198 1375 scripta
1238 1317 1386 1369 sunt,
1416 1316 1477 1359 ut
1510 1307 1890 1377 metaphorice
1938 1305 2340 1374 intelligantur.
2380 1301 2657 1371 Ejusmodi
2702 1310 2829 1356 sunt
2892 1302 3032 1365 loca,
3059 1303 3148 1355 ubi
3200 1304 3403 1355 dicitur
3433 1302 3574 1355 Deus
3610 1304 3767 1371 plan-

502 1412 645 1454 tasse
676 1402 981 1469 paradisum
1013 1404 1064 1455 in
1114 1402 1283 1466 Eden,
1325 1412 1489 1469 atque
1518 1400 1571 1454 in
1598 1416 1666 1455 eo
1697 1401 2034 1461 audiulasse.
2084 1411 2190 1454 etc.
2228 1398 2371 1452 Idem
2406 1397 2755 1450 sentiendum
2787 1396 2853 1450 de
2883 1398 3194 1466 przeceptis.
3227 1398 3346 1449 Alia
3385 1408 3509 1450 sunt
3541 1413 3663 1466 qua:
3702 1400 3768 1449 ad

502 1493 966 1559 grammaticalem
994 1494 1227 1547 litteram
1266 1510 1369 1548 non
1397 1504 1525 1547 sunt
1555 1494 1904 1563 accipienda,
1932 1494 2016 1548 vel
2057 1508 2180 1563 qua:
2216 1494 2284 1546 ad
2324 1500 2474 1545 certa
2502 1492 2751 1559 qumdam
2778 1499 3046 1559 tempora,
3080 1492 3159 1544 vel
3202 1492 3268 1543 ad
3294 1503 3475 1545 certas
3500 1492 3768 1561 quasdam

502 1599 762 1650 personas
791 1596 916 1640 sunt
938 1588 1330 1655 restringenda,
1354 1587 1660 1653 cujusmodi
1692 1597 1818 1641 situt
1845 1587 1934 1640 illa
1962 1587 2029 1641 de
2061 1587 2276 1640 nemine
2308 1585 2361 1638 in
2390 1585 2473 1637 via
2501 1583 2808 1645 salutando,
2861 1583 2929 1637 de
2971 1583 3169 1635 calccls
3196 1592 3290 1636 aut
3321 1583 3528 1637 duabus
3570 1584 3771 1637 tunicis

499 1692 605 1731 non
637 1680 922 1748 habendis,
958 1684 1022 1737 de
1064 1683 1285 1737 sinistra
1336 1683 1556 1736 maxilla
1610 1684 1906 1752 pnebeuda
1952 1684 2001 1735 ei
2043 1684 2133 1751 qui
2170 1681 2451 1736 dexteram
2506 1680 2860 1745 percusserit,
2897 1678 2965 1732 de
3013 1677 3194 1740 oculo,
3248 1694 3436 1742 manu,
3495 1677 3633 1745 pede
3707 1682 3765 1729 et

498 1772 718 1825 caeteris
742 1774 1019 1837 membris,
1054 1775 1097 1828 si
1124 1776 1382 1829 seandalo
1418 1775 1644 1837 fuerint,
1680 1758 2027 1839 auferendis;
2061 1776 2165 1828 alia
2193 1784 2322 1829 sunt
2354 1788 2477 1841 qua:
2499 1773 2668 1826 etiam
2695 1786 2801 1825 non
2828 1772 3039 1835 stricte,
3079 1772 3173 1825 sed
3214 1781 3377 1840 prout
3408 1784 3497 1823 res
3526 1770 3768 1823 humano

499 1878 660 1916 sensu
712 1866 970 1919 :estimari
1017 1867 1176 1927 solet,
1208 1866 1561 1936 intelligenda
1610 1878 1741 1923 sunt
1791 1886 1803 1920 :
1841 1868 2145 1935 cujusniodi
2178 1876 2262 1920 est
2293 1880 2624 1935 przcceptum
2674 1882 2741 1921 ne
2789 1867 2913 1935 quis
2956 1865 3077 1919 loco
3110 1882 3207 1919 suo
3239 1876 3525 1920 moveatur
3577 1864 3630 1917 in
3681 1864 3768 1918 die

496 1954 742 2009 Sabbati.
775 1957 830 2009 Si
878 1958 1001 2026 quis
1030 1974 1097 2011 ex
1145 1960 1419 2014 similibus
1468 1961 1734 2029 exemplis
1785 1961 2038 2015 intulerit
2074 1960 2416 2029 Scripturam
2458 1976 2674 2017 sacram
2728 1975 2910 2014 secum
2958 1973 3199 2027 pugnare
3249 1975 3443 2026 resque
3493 1958 3659 2012 falsas
3709 1966 3765 2012 et

494 2046 910 2112 inexplicabiles
936 2051 1243 2113 continere,
1291 2052 1337 2103 is
1386 2052 1638 2119 profecto
1672 2052 1873 2106 misere
1900 2052 2107 2120 vulgari
2139 2051 2363 2105 humani
2396 2052 2664 2105 sermonis
2704 2065 2806 2105 usu
2835 2051 3102 2111 abutitur,
3154 2059 3208 2103 et
3247 2058 3435 2117 aperte
3483 2049 3767 2102 hominum

495 2142 807 2196 credulitati
837 2144 1034 2209 illudit,
1068 2148 1270 2214 qnippe
1297 2162 1435 2215 quos
1467 2148 1691 2202 inducat
1719 2158 1778 2200 ut
1834 2146 1886 2199 id
1936 2161 2033 2216 pro
2059 2148 2136 2200 rei
2178 2146 2413 2202 falsitate
2452 2155 2690 2212 sumant,
2726 2147 2867 2215 quod
2899 2156 3105 2199 tantum
3141 2157 3223 2200 est
3252 2146 3575 2200 elocutionis
3600 2145 3748 2199 falsi-

500 2243 607 2288 tas.
642 2236 817 2304 Atque
852 2238 1059 2290 utinam
1095 2238 1319 2292 ulterius
1351 2254 1674 2308 progressus
1698 2256 1803 2293 non
1834 2240 2030 2293 fuisset
2055 2236 2322 2307 Origenes
2356 2256 2369 2291 :
2413 2239 2630 2293 facilem
2671 2253 2822 2292 mens
2844 2238 2961 2305 ejus
3003 2239 3411 2292 excusationem
3452 2238 3767 2295 habuisset.

495 2329 754 2380 damnato
773 2326 1039 2383 duntaxat
1064 2329 1155 2382 illo
1193 2343 1303 2398 quo
1350 2329 1497 2382 illam
1524 2332 1762 2399 aperuit,
1796 2333 1977 2386 modo.
2025 2330 2224 2385 Verum
2254 2346 2284 2383 c
2319 2329 2502 2384 citatis
2550 2329 2879 2384 testimoniis
2915 2330 3144 2383 nimium
3181 2329 3373 2397 liquet,
3406 2329 3663 2384 falsitatis
3697 2330 3766 2384 ab

494 2419 617 2489 ipso
676 2433 994 2476 accusatum
1030 2425 1196 2477 fuisse
1222 2440 1413 2477 verum
1448 2439 1666 2479 sensum
1712 2424 2001 2479 litteralem
2036 2424 2397 2493 plurimorum
2429 2423 2699 2489 locorum,
2752 2424 2806 2477 in
2857 2421 3058 2491 quibus
3105 2437 3297 2476 omnes
3332 2440 3471 2478 vera:
3520 2423 3763 2477 historia:

493 2510 839 2564 characteres
882 2522 937 2565 et
984 2512 1181 2568 indicia
1226 2525 1618 2583 agnoscuntur.
1670 2512 1971 2582 cujusmodi
2019 2524 2150 2570 sunt
2216 2514 2447 2570 historia
2485 2514 2806 2578 creationis,
2834 2514 3080 2569 consitus
3129 2515 3182 2568 in
3241 2525 3384 2570 terra
3443 2513 3761 2585 paradisus,

494 2603 739 2657 historia:
767 2604 939 2666 Sane.
993 2605 1278 2670 Rebeccae,
1312 2609 1662 2663 obstetricum
1707 2606 2114 2679 Egyptiarum,
2151 2609 2471 2664 tentationis
2520 2610 2759 2672 Domini,
2793 2620 2850 2661 et
2881 2607 3080 2677 jejuuii
3120 2609 3483 2677 quadraginta
3513 2608 3754 2669 dierum,

495 2704 863 2748 mercatorum
890 2698 941 2748 in
974 2698 1176 2766 templo
1213 2714 1298 2753 res
1326 2715 1457 2752 suas
1480 2700 1858 2765 vendentium,
1888 2711 1940 2754 et
1970 2701 2090 2755 alia:
2125 2698 2397 2769 ejustnout
2439 2701 2856 2768 quamplurima:
2885 2700 3162 2754 historica:
3208 2700 3575 2753 narrationes.
3606 2698 3752 2753 Non-

493 2788 675 2841 nullas
713 2806 812 2857 pro
845 2792 1084 2845 anilibus
1134 2791 1331 2847 fabulis
1361 2794 1585 2861 habuit;
1637 2795 1687 2847 in
1725 2795 1850 2848 aliis
1881 2796 2016 2849 dixit
2046 2796 2191 2851 facta
2224 2811 2348 2850 esse
2389 2796 2752 2863 transposita,
2799 2810 2899 2848 nec
2950 2810 3015 2848 eo
3051 2810 3162 2863 quo
3208 2794 3543 2857 referuntur,
3599 2792 3760 2849 modo

492 2882 808 2952 contigisse.
842 2883 918 2937 Eo
947 2884 1110 2938 etiam
1145 2888 1387 2942 audacia:
1420 2890 1587 2952 venit,
1629 2899 1685 2943 ut
1721 2889 1895 2960 legem
1923 2888 2238 2953 Mosaicam,
2269 2890 2313 2943 si
2357 2888 2580 2942 litterali
2632 2903 2796 2941 sensu
2830 2888 3159 2954 accipiatur,
3195 2887 3310 2941 Deo
3370 2887 3653 2955 indignam
3699 2897 3759 2939 et

492 2972 704 3041 legibus
732 2978 1146 3033 merebumanis
1185 2980 1498 3035 inferiorem
1543 2982 1943 3050 pronuntiaret,
1976 2997 2081 3037 nec
2110 2981 2271 3036 aliter
2295 2978 2596 3035 allirmaret
2630 2980 2683 3033 in
2721 2988 2839 3033 toto
2866 2979 2996 3048 poni
3039 2993 3195 3048 posse
3237 2978 3536 3047 Scriptura:
3582 2975 3729 3045 inspi

496 3066 792 3128 rationem,
832 3085 992 3137 quam
1052 3072 1095 3125 si
1149 3073 1362 3126 dicatur
1397 3073 1661 3141 Spiritum
1707 3085 1957 3127 sanctum
2007 3088 2074 3129 eo
2119 3073 2352 3129 consilio
2402 3071 2770 3142 corporaliter
2819 3072 3104 3125 mentitum
3155 3086 3275 3125 esse
3326 3080 3382 3123 ut
3431 3070 3755 3138 spiritaliter

493 3172 622 3212 vera
660 3161 886 3228 diceret,
932 3166 983 3217 id
1008 3176 1089 3220 est
1127 3167 1394 3223 falsitates
1426 3168 1715 3224 historicas
1744 3168 2007 3235 dictasse,
2037 3170 2139 3224 sub
2167 3184 2396 3238 quarum
2439 3168 2705 3222 velamine
2738 3168 2998 3223 veritates
3066 3167 3391 3236 allegoricas
3428 3167 3757 3221 insinuaret.

568 3249 632 3305 V.
667 3252 711 3305 E
763 3255 934 3310 tribus
986 3259 1187 3329 regulis
1234 3277 1371 3329 quas
1406 3263 1691 3331 prepositit
1723 3262 2011 3332 Origenes,
2043 3274 2101 3316 ut
2130 3264 2483 3335 mysticorum
2512 3277 2768 3316 sensuum
2802 3262 3099 3316 faciliorem
3143 3261 3397 3315 redderet
3446 3260 3753 3331 intelligen-

490 3349 653 3413 tiam,
695 3352 914 3406 tertiam
970 3357 1153 3415 statim
1198 3372 1527 3412 evanescere
1573 3360 1744 3428 liquet
1783 3374 1851 3413 ex
1910 3361 1976 3413 iis
2002 3375 2121 3428 quze
2170 3376 2337 3431 supra
2389 3375 2417 3413 a
2462 3360 2619 3413 nobis
2657 3361 2943 3413 observata
2995 3367 3145 3412 sunt.
3190 3355 3508 3409 Falsissimo
3559 3357 3758 3424 quippe

486 3436 679 3495 innixa
716 3445 984 3515 principio
1009 3450 1218 3519 regula,
1263 3451 1466 3506 nullius
1492 3454 1678 3522 utique
1712 3453 1964 3508 utilitatis
1985 3470 2105 3510 esse
2136 3464 2333 3523 potest.
2370 3454 2451 3508 Ad
2477 3463 2703 3506 caeteras
2737 3454 2875 3506 duas
2910 3462 3272 3505 transeamus.
3303 3448 3501 3502 Verum
3536 3448 3752 3516 quidem

490 3542 578 3585 est
608 3533 683 3596 id.
724 3538 871 3606 quod
911 3541 1085 3609 prima
1120 3543 1303 3613 regula
1331 3545 1530 3609 fertur,
1562 3546 1999 3600 caeremonialem
2024 3546 2193 3615 legem
2220 3547 2428 3615 ﬁguras
2460 3546 2747 3612 exhibere,
2787 3561 2948 3599 secus
2973 3560 3103 3599 vero
3132 3544 3302 3614 legem
3335 3544 3618 3598 moralem.
3647 3544 3753 3597 Sed

490 3626 596 3681 hoc
628 3634 1037 3698 pronuntiatum
1070 3642 1179 3691 vnn
1206 3640 1339 3707 legis
1366 3640 1570 3695 habere
1597 3642 1807 3711 nequit,
1842 3641 1944 3696 nisi
1982 3642 2033 3696 id
2065 3654 2299 3711 ponatur
2325 3644 2493 3713 (quod
2524 3653 2705 3697 tamen
2741 3642 2964 3712 speciali
3004 3642 3472 3696 demonstratione
3525 3639 3756 3711 indiget)

496 3722 633 3776 nihil
659 3729 883 3783 omnino
910 3734 1277 3787 (ιρι-θυιοηίΜὶ
1306 3734 1412 3803 legi
1439 3735 1620 3790 inesse
1646 3735 1791 3805 quod
1820 3735 2008 3806 tignris
2029 3747 2240 3791 careat.
2276 3736 2352 3791 lta
2394 3739 2611 3807 Quidem
2651 3734 2822 3791 sensit
2868 3734 3151 3804 Origenes,
3194 3737 3286 3790 sed
3329 3752 3426 3790 nec
3470 3736 3602 3804 ipse.
3655 3751 3753 3788 nec

489 3819 629 3873 alius
663 3836 781 3891 post
818 3826 990 3893 ipsum
1026 3828 1289 3896 ejusmodi
1323 3833 1593 3901 principio
1621 3833 1918 3888 astruendo
1948 3849 2047 3903 par
2075 3833 2196 3891 fuit.
2237 3835 2309 3889 Ea
2336 3851 2460 3904 qua:
2500 3835 2764 3905 Origenes
2813 3835 3022 3903 profert
3063 3834 3363 3904 Scriptura:
3412 3834 3750 3898 testimonia,

488 3913 747 3967 evim-unt
774 3917 991 3983 quidem
1018 3935 1140 3975 esse
1167 3923 1424 3977 nonnulla
1454 3926 1844 3979 caaremonialis
1877 3925 2009 3994 legis
2050 3926 2167 3981 loca
2190 3942 2309 3995 qua:
2334 3927 2690 3992 allegoricnm
2737 3941 2955 3981 sensum
2994 3927 3293 3995 patiantur,
3318 3928 3411 3980 sed
3462 3926 3595 3980 nihil
3635 3942 3751 3979 am-

489 4002 632 4071 plius
662 4005 786 4059 inde
818 4011 1125 4068 conficitur.
1160 4014 1520 4071 Validissimis
1567 4019 1869 4074 rationibus
1895 4035 2036 4088 opus
2075 4028 2161 4074 est
2199 4029 2259 4072 ut
2300 4020 2530 4073 ulterius
2560 4035 2726 4089 quam
2779 4020 3009 4090 apostoli
3049 4020 3320 4089 progressi
3360 4029 3511 4083 sunt,
3556 4032 3751 4086 proce-

490 4097 686 4163 datur;
715 4115 770 4155 at
800 4104 990 4160 valida:
1020 4110 1135 4160 ista:
1163 4110 1402 4165 rationes
1428 4110 1694 4167 hactenus
1720 4114 1772 4168 in
1802 4113 1978 4169 lucem
2011 4128 2117 4168 non
2148 4114 2488 4182 prodierunt,
2526 4130 2626 4169 nec
2656 4130 2780 4184 spes
2804 4124 2891 4169 est
2935 4132 3177 4186 unquam
3221 4115 3554 4184 proditnras.
3588 4114 3750 4168 Certe

488 4189 805 4260 quicunque
832 4196 1074 4267 singulas
1102 4198 1335 4255 Levitici
1365 4213 1460 4257 aut
1484 4202 1652 4259 Exodi
1678 4216 1861 4274 partes
1892 4207 2140 4275 neglecto
2172 4205 2398 4260 litterali
2430 4221 2592 4260 sensu
2626 4207 2915 4274 allegorice
2946 4209 3215 4260 duntaxat
3254 4207 3531 4274 explicare
3574 4215 3750 4260 tenta-

488 4296 639 4349 runt,
673 4287 839 4343 risum
892 4293 1148 4351 omnibus
1191 4312 1335 4353 nunc
1385 4310 1605 4354 movent
1649 4300 1762 4355 suis
1812 4302 2134 4371 plerumque
2185 4300 2407 4357 insulsis
2455 4302 2752 4369 allegoriis,
2794 4302 2994 4367 quibus
3031 4300 3445 4369 Scripturarum
3489 4298 3749 4369 majestas

487 4376 818 4446 deprimitur
844 4394 899 4438 et
930 4390 1312 4444 conculcatur.

561 4468 716 4523 Alius
744 4488 899 4528 error
930 4487 1012 4530 est
1043 4483 1267 4536 credere
1294 4489 1726 4544 cmremonialem
1757 4489 1953 4560 legem,
1986 4501 2274 4567 postquam
2304 4491 2565 4557 abrogata
2599 4500 2684 4545 est
2712 4499 2770 4543 et
2798 4489 3079 4544 observari
3111 4490 3294 4555 desiit,
3328 4490 3551 4544 litterali
3581 4504 3747 4545 sensu

489 4574 708 4630 carere,
744 4569 824 4621 vel
851 4572 1043 4626 saltem
1075 4576 1293 4634 litterali
1319 4597 1479 4637 sensu
1510 4601 1615 4640 non
1646 4585 1881 4654 amplius
1909 4600 2031 4639 esse
2063 4585 2551 4654 interpretandam.
2587 4585 2681 4637 Vis
2714 4585 2927 4651 concipi
2972 4594 3153 4652 potest
3178 4587 3448 4651 quomodo
3476 4585 3742 4653 ejusmodi

492 4668 860 4716 commentum
902 4667 953 4719 in
987 4666 1237 4738 Origenis
1271 4684 1451 4731 mente
1505 4689 1691 4732 natum
1739 4680 1830 4732 sit.
1865 4677 1993 4732 Sive
2037 4678 2382 4739 observetur,
2414 4678 2527 4731 slve
2577 4691 2682 4729 non
2740 4676 3066 4730 observetur
3102 4686 3453 4746 praeceptum,
3507 4679 3551 4732 is
3579 4693 3741 4746 quem

490 4749 755 4838 continet,
782 4770 974 4811 sensus
1005 4761 1057 4813 in
1104 4773 1337 4833 utroque
1360 4784 1489 4822 casu
1538 4769 1765 4838 perinde
1804 4783 1864 4823 se
1910 4769 2079 4823 habet
2104 4779 2159 4823 et
2184 4769 2323 4822 idem
2354 4783 2569 4837 semper
2594 4767 2864 4822 subsistit.
2893 4766 3202 4822 Etiamnum
3248 4783 3279 4823 e
3325 4768 3439 4823 sola
3492 4767 3741 4824 Mosaica:

490 4836 627 4908 legis
666 4842 851 4900 littera
884 4849 949 4901 ad
983 4851 1464 4911 demonstrandam
1500 4836 1742 4913 Judaicte
1773 4858 2052 4927 religionis
2079 4859 2423 4913 divinitatem
2461 4836 2517 4913 et
2552 4858 2961 4914 Cbristianismi
3008 4863 3379 4930 prastautiam
3420 4860 3591 4930 major
3645 4860 3744 4916 lux

490 4933 738 5004 all'ertur,
778 4958 938 5008 quam
970 4960 1035 4998 ex
1071 4950 1347 5015 eninibus,
1381 4967 1516 5019 quas
1556 4963 1669 5006 tum
1697 4961 1932 5017 veteres,
1976 4958 2086 5004 tum
2137 4952 2472 5005 recentiores
2518 4968 2614 5019 pro
2652 4951 2878 5006 arbitrio
2905 4954 3317 5022 excogitarunt,
3342 4951 3619 5021 allegoriis
3680 4950 3745 5006 in

485 5043 655 5085 unum
684 5049 876 5106 corpus
902 5040 1143 5097 collectis
1163 5054 1218 5097 et
1248 5047 1518 5103 adunatis.

561 5123 814 5184 Secunda
860 5149 1076 5204 quoque
1107 5136 1365 5207 Origenis
1414 5142 1599 5209 regula
1653 5140 1840 5209 paucis
1872 5141 2015 5196 veris
2062 5141 2294 5211 plurima
2330 5144 2586 5210 permista
2641 5143 2804 5196 habet
2853 5142 3083 5196 multum
3135 5155 3388 5195 erronea.
3426 5139 3479 5194 Id
3519 5139 3741 5208 quidem

486 5221 828 5277 verissimum
858 5238 941 5281 est
978 5232 1117 5296 quod
1146 5232 1302 5284 docet
1341 5231 1562 5295 Paulus.
1599 5234 1877 5288 ctelestem
1928 5249 2048 5287 esse
2100 5233 2429 5300 Jerusalem,
2460 5236 2617 5303 cujus
2662 5245 2821 5305 typus
2874 5246 2957 5289 est
2990 5233 3293 5288 Jerusalem
3336 5243 3583 5297 terrena;
3640 5235 3739 5286 sed

487 5310 611 5363 inde
641 5317 924 5382 consequi,
964 5329 1019 5370 nt
1059 5335 1397 5389 quaecunque
1435 5326 1500 5375 de
1555 5333 1772 5376 terrena
1825 5322 2123 5378 Jeruszalem
2156 5335 2211 5377 et
2244 5326 2622 5393 adjacentibus
2652 5330 2701 5381 ei
2738 5327 2869 5381 locis
2901 5328 3179 5391 dicuntur,
3230 5342 3290 5381 ea
3339 5328 3405 5380 ad
3455 5328 3735 5382 cmlestem

480 5400 783 5461 Jerusalem
815 5408 924 5459 sint
954 5411 1261 5475 referenda,
1300 5413 1349 5466 id
1379 5428 1625 5468 veronec
1652 5418 1988 5481 conceditur,
2031 5434 2131 5472 nec
2156 5420 2224 5472 ab
2251 5420 2486 5487 Origene
2527 5420 2959 5474 demonstratum
2994 5430 3099 5485 est,
3131 5435 3227 5474 nec
3254 5420 3429 5475 simile
3457 5419 3733 5489 quidpiam

490 5499 557 5550 ab
585 5501 843 5567 Apostolo
877 5505 1177 5571 profertur,
1212 5507 1300 5574 qui
1338 5508 1505 5561 multo
1534 5510 1713 5563 minus
1745 5511 1983 5580 loquitur
2006 5514 2071 5566 de
2099 5512 2445 5582 Origenianis
2472 5513 2579 5566 illis
2626 5514 2677 5566 in
2712 5513 2849 5567 coelo
2892 5514 3192 5567 animarum
3229 5512 3577 5573 habitaculis,
3614 5524 3732 5580 qum

484 5592 739 5665 Egypto,
777 5600 1059 5668 Babyloni,
1111 5599 1272 5670 Tyro,
1309 5602 1494 5655 Sidoni
1565 5616 1620 5658 et
1665 5606 1788 5659 aliis
1835 5609 2061 5661 terrenis
2093 5607 2225 5661 locis
2277 5608 2668 5675 respondeant.
2696 5607 2881 5675 Apage
2922 5606 3202 5675 profanam
3233 5607 3391 5659 istam
3418 5614 3473 5657 et
3501 5604 3733 5659 monstri

490 5690 716 5743 similem
747 5692 1067 5746 Platonismi
1110 5707 1161 5751 et
1196 5695 1595 5764 Pythagorismi
1630 5716 1753 5752 cum
1788 5701 2089 5768 Scripturis
2118 5700 2319 5753 nostris
2344 5700 2651 5755 tnisturam.

575 5780 647 5838 Ex
679 5781 839 5835 dictis
876 5780 1039 5852 igitur
1074 5783 1235 5853 liquet
1269 5785 1467 5841 nullius
1497 5788 1607 5845 fere
1632 5806 1749 5845 esse
1782 5792 2034 5847 utilitatis
2064 5793 2367 5863 propositas
2395 5792 2460 5845 ab
2489 5790 2719 5862 Origene
2755 5792 2989 5863 regulas,
3025 5809 3142 5864 qua:
3174 5808 3242 5851 ne
3277 5791 3476 5849 nodum
3513 5792 3733 5864 quidem
