4138 6522
383 414 460 475 ss
1014 464 1018 469 .
1623 390 1992 475 PBASFATIO

2028 420 2116 473 AD
2147 420 2309 476 TOM.
2351 422 2411 479 ll.
2907 442 2910 444 '
3591 437 3661 493 54

406 537 739 593 dilliculta'tis
775 536 1072 609 attingunt.
1127 538 1169 591 Ε
1226 537 1375 594 Novo
1427 539 1784 597 Testamento
1818 544 2082 599 discimus
2133 545 2184 597 id
2240 561 2340 613 pro
2373 555 2526 599 certo
2575 544 2829 602 habuisse
2870 553 3167 621 apostolos,
3221 569 3345 610 esse
3390 555 3442 610 in
3482 558 3661 616 rem"

395 630 745 685 Testamento
780 628 920 695 loca,
956 646 1077 697 quae
1115 630 1465 699 allegoricum
1499 647 1720 687 sensum
1748 635 2064 701 admittunt,
2085 636 2282 689 deinde
2315 652 2409 690 eos
2450 637 2594 691 istud
2630 641 2954 710 principium
2992 645 3056 698 ad
3089 647 3386 717 singularia
3415 652 3660 718 quaedam

389 721 513 777 loca
560 722 1029 779 accommodassc.
1066 722 1201 776 Hinc
1245 733 1545 778 nascuntur
1578 725 1682 780 illa:
1713 729 2055 795 quwstioncs
2098 743 2165 780 an
2204 728 2436 796 apostoli
2483 731 2819 786 crediderint
2861 743 2915 788 et
2949 737 3234 793 docuerint
3283 740 3490 795 nullum
3536 758 3664 799 esse

396 812 697 879 Scriptura:
732 811 908 866 locum
943 812 1033 880 qui
1062 810 1251 881 ﬁguris
1284 822 1505 879 careat;
1542 829 1610 867 an
1640 815 1820 884 plures
1858 831 2087 870 numero
2110 817 2221 870 sint
2248 817 2530 886 allegoria:
2559 835 2719 889 quam
2754 838 2877 888 quae
2923 826 2991 879 ab
3045 827 3152 881 illis
3191 829 3444 885 indicata:
3492 842 3655 897 sunt;

390 920 459 957 an
493 904 559 958 iis
589 904 983 974 investigandis
1006 914 1062 958 ct
1093 906 1447 959 secernendis
1480 906 1548 959 ab
1583 907 1891 962 arbitrariis
1926 908 2197 978 allegoriis
2238 912 2484 978 quaedam
2538 914 2738 983 regulae
2778 917 3100 984 inserviant,
3144 932 3200 977 et
3245 940 3491 991 quamam
3550 925 3658 979 illa:

386 994 538 1086 sint;
576 1012 646 1049 an
694 1012 794 1066 per
830 996 949 1051 illas
998 996 1201 1065 ﬁguras
1232 998 1367 1053 nihil
1416 1000 1598 1055 obstet
1636 1000 1931 1068 quominus
1970 1001 2184 1070 integer
2228 1014 2446 1057 maneat
2488 1005 2743 1063 litteralis
2795 1025 3019 1078 sensus;
3077 1031 3147 1068 an
3201 1017 3329 1084 quia
3365 1018 3657 1086 Apostolus

386 1084 606 1153 aliquod
645 1086 945 1155 Scriptura:
992 1087 1365 1143 testimonium
1415 1089 1708 1159 allegorice
1741 1105 1906 1146 sensu
1953 1091 2344 1160 interpretatus
2392 1103 2498 1160 est,
2537 1097 2663 1153 inde
2702 1114 3095 1171 consequatur,
3132 1115 3189 1159 ut
3229 1084 3488 1176 quidquid
3522 1127 3646 1162 cum

386 1178 489 1232 hoc
518 1180 836 1232 testimonio
873 1178 1106 1247 aliquam
1152 1181 1320 1236 habet
1364 1184 1787 1248 connexiunem,
1819 1184 2085 1253 quidquid
2124 1188 2381 1252 praiced-it
2439 1199 2491 1244 ct
2533 1192 2799 1258 sequitur,
2850 1196 2902 1248 id
2933 1197 3123 1250 eodem
3173 1199 3330 1251 modo
3379 1200 3448 1252 sit
3482 1202 3653 1270 expli-

383 1272 642 1326 candum.
686 1270 812 1326 llaec
844 1282 972 1327 sunt
1014 1290 1138 1343 qua:
1176 1273 1442 1344 Origenes
1488 1277 1594 1331 sibi
1639 1277 1897 1332 solvenda
1930 1293 2233 1348 proponere
2272 1281 2575 1340 debuisset.
2606 1285 2882 1353 Quantum
2908 1305 3039 1345 vero
3077 1292 3142 1345 iis
3174 1293 3451 1350 solvendis
3482 1296 3655 1363 impar

384 1362 459 1418 sit
481 1364 599 1433 ejus
620 1366 929 1429 methodus,
970 1376 1346 1436 quantumque
1379 1386 1407 1421 a
1446 1370 1674 1423 veritate
1709 1382 2077 1434 removeatur,
2108 1371 2218 1439 jam
2252 1387 2412 1428 nemo
2459 1386 2543 1430 est
2575 1379 2667 1447 qui
2698 1396 2803 1433 nou
2844 1382 3133 1450 intelligat.

457 1475 545 1530 VI.
581 1477 931 1546 Experieutia
988 1481 1150 1531 docet
1181 1479 1315 1534 satis
1362 1482 1602 1535 solemne
1654 1497 1776 1536 esse
1805 1483 2165 1540 viridioribus
2198 1496 2253 1541 et
2305 1488 2409 1541 sibi
2462 1489 2688 1544 nimium
2729 1492 3135 1564 indulgeutibus
3188 1498 3420 1568 ingeniis
3467 1518 3651 1560 secum

384 1570 617 1638 turpiter
648 1584 915 1639 pugnare,
946 1579 1000 1623 et
1030 1572 1210 1624 studia
1255 1572 1305 1624 in
1336 1572 1613 1625 contraria
1646 1581 1802 1625 extra
1829 1575 2045 1627 modum
2076 1575 2231 1629 ferri.
2265 1578 2398 1631 Cum
2440 1580 2492 1633 in
2520 1579 2782 1647 ejusmodi
2813 1584 3059 1640 homines
3091 1604 3194 1642 non
3223 1592 3380 1645 cadat
3421 1600 3651 1653 attentio

381 1666 635 1721 diuturna
669 1678 725 1722 et
756 1669 1038 1729 continua,
1074 1666 1325 1720 vividiori
1376 1680 1473 1719 sua
1533 1666 1866 1736 imaginandi
1924 1669 1975 1722 vi
2019 1670 2333 1724 necessario
2363 1674 2572 1741 abrepti
2629 1675 2902 1744 nullisque
2956 1679 3077 1734 ﬁxis
3122 1683 3294 1738 innixi
3336 1688 3643 1758 principiis,

378 1758 704 1826 interrupte,
742 1767 801 1810 ut
834 1758 906 1810 ita
938 1758 1138 1823 dicam,
1181 1758 1679 1822 ratiocinantur,‘et
1701 1774 1821 1827 qua:
1859 1774 1968 1812 uno
1999 1769 2242 1829 tempore
2269 1764 2601 1832 cogitarunt,
2631 1766 2901 1830 dixerunt,
2935 1780 3030 1823 aut
3073 1775 3431 1844 scripserunt,
3487 1796 3551 1834 ea
3583 1800 3651 1837 ex

378 1849 599 1903 illorum
634 1851 901 1903 memoria
932 1850 1042 1902 alio
1068 1859 1309 1919 tempore
1336 1850 1412 1902 ita
1448 1851 1725 1914 excidunt,
1763 1862 1822 1904 ut
1865 1852 2089 1905 omnino
2117 1855 2393 1908 contraria
2437 1872 2578 1925 saepe
2623 1857 2925 1925 proferant.
2979 1862 3089 1916 lloc
3140 1867 3271 1919 vitio
3305 1886 3414 1923 non
3462 1874 3645 1926 caruit

376 1939 664 2011 Origenes.
701 1940 834 2007 Quis
872 1941 1251 1996 conciliaverit
1277 1958 1341 1997 ea
1383 1957 1501 2010 qum
1552 1952 1743 1996 contra
1788 1956 2006 1997 sensum
2055 1944 2349 1999 litteralem
2417 1948 2640 2013 elfutiit,
2676 1966 2796 2004 cum
2836 1953 2901 2007 iis
2940 1969 3057 2023 qua:
3090 1956 3215 2011 alibi
3255 1961 3414 2023 dixit,
3472 1966 3646 2033 ipsum

376 2033 709 2105 simplicium
745 2035 1074 2089 institutioni
1108 2044 1163 2089 et
1189 2034 1536 2089 :edilicationi
1570 2032 1845 2095 sufﬁcere,
1882 2033 2111 2101 ipsoque
2140 2036 2235 2088 uiti
2269 2038 2588 2105 religionem
2619 2053 2837 2094 onmem
2871 2058 2934 2096 ac
2961 2043 3119 2097 ﬁdem
3167 2032 3650 2111 Christimiorum?

376 2128 433 2183 Si
481 2127 782 2196 Scriptura:
812 2128 992 2182 littera
1024 2127 1322 2182 innumeris
1370 2127 1476 2181 illis
1519 2127 1729 2181 laborat
1766 2126 1910 2180 vitiis
1939 2142 2059 2194 qua:
2088 2128 2135 2180 ci
2188 2131 2503 2197 exprobrat,
2552 2134 2794 2200 nunquid
2834 2135 3053 2191 timendi
3102 2138 3251 2193 locus
3292 2158 3398 2197 non
3443 2156 3544 2210 est,
3579 2166 3647 2205 ne

374 2220 556 2289 potius
605 2219 923 2273 scandalum
961 2220 1160 2288 pariat,
1222 2234 1385 2289 quam
1418 2220 1857 2285 aedificationem,
1889 2236 1953 2273 ac
1985 2222 2163 2288 potius
2196 2221 2380 2289 lapsus
2406 2225 2625 2279 occasio
2669 2226 2760 2287 sit,
2789 2242 2951 2294 quam
2994 2228 3113 2282 fons
3139 2231 3360 2289 luminis
3382 2246 3434 2290 et
3460 2250 3645 2295 scatu-

375 2316 494 2383 rigo
546 2315 847 2367 salubrium
903 2317 1376 2375 docmnentorum,
1430 2313 1734 2380 prmsertim
1778 2310 2140 2381 simplicibus,
2171 2329 2399 2381 quorum
2449 2316 2583 2369 fides
2639 2317 2773 2370 adeo
2819 2316 2978 2371 facile
3032 2318 3436 2379 labefactatur?
3486 2328 3641 2393 Quod

372 2408 604 2476 prodigii
640 2407 758 2461 loco
788 2417 891 2471 est,
929 2406 1078 2459 mille
1118 2408 1169 2460 iu
1204 2405 1358 2468 locis,
1398 2405 1559 2473 idque
1605 2420 1789 2457 coram
1844 2405 2065 2474 populo,
2115 2406 2367 2461 litteralis
2415 2423 2608 2464 sensus
2672 2410 3008 2465 incommoda
3056 2415 3118 2466 ad
3165 2432 3421 2472 nauseam
3473 2437 3644 2491 usque

372 2508 672 2567 exaggerat
720 2497 1028 2568 Origenes;
1073 2498 1195 2551 aliis
1223 2506 1406 2549 autem
1438 2495 1492 2549 in
1528 2495 1659 2549 locis
1704 2498 2105 2564 persentisceus
2152 2498 2480 2566 perieulum,
2519 2500 2606 2553 cui
2642 2500 2911 2570 ejusmodi
2961 2505 3290 2574 principium
3341 2509 3638 2569 obnoxium

367 2603 472 2660 est,
515 2594 643 2648 illud
672 2594 860 2647 eodem
894 2593 1059 2647 animi
1098 2593 1301 2644 ardore
1330 2589 1632 2658 impugnat,
1667 2604 1775 2657 quo
1822 2588 1998 2643 fuerat
2040 2599 2198 2643 antea
2241 2591 2308 2643 ab
2354 2592 2471 2660 ipso
2506 2604 2928 2665 propugnatum.
2974 2597 3027 2651 ld
3071 2599 3255 2655 videre
3298 2613 3385 2657 est
3418 2606 3637 2662 humilia

367 2688 608 2742 secunda
643 2686 695 2739 in
729 2685 1010 2748 Genesim,
1049 2685 1137 2739 tibi
1165 2700 1308 2737 arcae
1348 2683 1585 2736 Noetica:
1621 2681 1906 2735 historiam
1938 2680 2156 2734 litterali
2190 2697 2352 2735 sensu
2388 2685 2563 2753 accipi
2597 2686 2794 2740 debere
2817 2691 3098 2744 cunteudit
3134 2707 3148 2744 :
3183 2709 3203 2742 ι
3251 2691 3394 2759 llzee,
3433 2696 3634 2765 inquit,

366 2789 635 2848 quantum
667 2779 734 2832 ad
772 2780 1015 2833 historiae
1052 2779 1288 2847 pertinet
1322 2776 1609 2837 rationem,
1644 2774 1908 2825 adversus
1928 2787 2024 2826 eos
2060 2772 2203 2826 dicta
2229 2774 2358 2839 sint,
2389 2776 2478 2843 qui
2516 2777 2836 2846 impugnare
2861 2777 3179 2848 Scripturas
3204 2782 3416 2840 Veteris
3448 2787 3639 2842 Testa-

371 2873 539 2926 menti
574 2872 843 2934 nituntur,
878 2881 1137 2939 tanquam
1169 2868 1526 2938 impossibilia
1554 2865 1801 2935 quaedam
1840 2873 1896 2917 et
1942 2864 2338 2920 irrationabilia
2384 2871 2750 2924 continentes.
2790 2889 2807 2920 ι
2864 2871 3029 2937 Quasi
3078 2890 3205 2929 vero
3231 2879 3373 2945 quod
3421 2881 3472 2934 in
3519 2882 3641 2936 aliis

365 2968 605 3029 damnat,
637 2965 689 3019 id
727 2980 833 3019 non
862 2963 1027 3019 fuerit
1068 2965 1137 3019 ab
1187 2966 1303 3034 ipso
1332 2963 1527 3016 millies
1554 2963 1921 3016 decantatum.
1959 2959 2229 3015 Pra-terea
2257 2959 2542 3015 manifesta
2564 2973 2710 3028 sunt,
2748 2975 2802 3018 et
2823 2966 3048 3031 diserta,
3088 2977 3141 3021 et
3180 2984 3376 3040 magno
3411 2990 3640 3031 numero

369 3059 488 3128 ejus
516 3058 657 3124 loca,
693 3059 783 3114 ubi
823 3058 1114 3128 allegorias
1157 3059 1212 3113 in
1259 3058 1406 3113 omni
1447 3058 1732 3123 Scriptura
1770 3054 1998 3125 reperiri
2038 3063 2320 3123 pernegat,
2371 3064 2427 3109 et
2473 3065 2651 3108 tamen
2699 3059 2853 3125 quasi
2906 3059 3068 3128 hujus
3100 3062 3370 3132 principii
3407 3066 3634 3132 oblitus,

374 3152 635 3224 mysticus
670 3165 864 3205 sensus
901 3150 955 3204 in
988 3151 1221 3220 singulis
1251 3151 1538 3219 utriusque
1573 3148 1904 3202 Testamenti
1940 3148 2155 3217 paginis
2184 3148 2409 3216 inquirit
2438 3158 2492 3203 et
2540 3150 2723 3203 animo
2767 3151 2868 3204 sibi
2904 3151 3055 3221 fingit
3134 3154 3276 3220 Quin
3305 3167 3361 3211 et
3410 3158 3631 3214 humilia

371 3248 547 3315 prima
584 3246 635 3298 in
668 3244 914 3300 Exedunt
959 3245 1037 3299 sic
1093 3244 1338 3313 loquitur
1366 3260 1381 3296 :
1416 3264 1434 3295 ι
1470 3244 1583 3311 Ego
1617 3245 1845 3297 credens
1866 3244 2047 3296 verbis
2087 3243 2295 3296 Domini
2331 3244 2435 3297 mei
2465 3242 2589 3298 Jcsu
2621 3244 2846 3309 Christi,
2885 3246 2937 3300 iu
2986 3248 3101 3316 lege
3132 3258 3186 3302 et
3215 3254 3492 3320 prophetis
3522 3254 3627 3309 iota

312 3351 319 3356 ·
368 3338 589 3407 quidem
628 3354 818 3403 unum,
846 3348 937 3390 aut
968 3353 1134 3391 unum
1163 3338 1371 3407 apicem
1410 3353 1513 3391 non
1548 3346 1677 3406 puto
1714 3352 1837 3390 esse
1870 3336 2146 3406 mysteriis
2178 3350 2432 3400 vacuum,
2472 3352 2571 3390 nec
2594 3346 2722 3406 puto
2750 3338 2951 3408 aliquid
2986 3342 3175 3396 horum
3217 3346 3451 3401 transire
3474 3365 3633 3418 posse

362 3433 541 3488 donec
573 3433 756 3487 urnula
816 3434 968 3487 fiant.
1004 3452 1023 3486 ι
1062 3433 1125 3487 Ει
1162 3433 1261 3488 lib.
1301 3449 1355 3488 tv
1389 3433 1467 3487 De
1514 3433 1814 3501 principiis,
1842 3448 1993 3485 ιιιιιιι.
2028 3431 2098 3486 20
2130 3449 2144 3485 :
2180 3451 2197 3481 ι
2244 3431 2335 3486 Sic
2388 3432 2535 3485 enim
2579 3433 2646 3487 de
2697 3434 2950 3488 universa
3005 3436 3289 3506 Scriptura
3340 3444 3631 3500 statuimus

359 3542 585 3583 sensum
620 3529 819 3598 ubique
849 3544 968 3584 esse
994 3530 1317 3598 spiritalem,
1360 3544 1467 3583 non
1498 3529 1698 3599 ubique
1731 3543 2079 3598 corporeum.
2119 3547 2137 3580 ›
2172 3527 2294 3583 Haec
2328 3538 2514 3596 aperte
2545 3537 2921 3597 pugnantcum
2948 3529 3063 3598 ejus
3094 3534 3419 3591 testimoniis
3465 3554 3627 3609 supra

356 3622 540 3676 citatis
561 3621 719 3676 artic.
755 3621 807 3675 2.
841 3621 1083 3691 Denique
1121 3623 1264 3690 quod
1299 3621 1436 3675 dixit
1462 3620 1809 3675 diliieilimum
1836 3635 1976 3682 esse,
1997 3636 2064 3674 ne
2092 3621 2305 3673 dicatur
2330 3618 2683 3689 impossibile,
2705 3622 3116 3690 mysticosquos
3140 3624 3303 3679 habet
3345 3626 3626 3697 Scriptura

355 3732 549 3772 sensus
572 3718 925 3785 investigare,
960 3718 1014 3771 id
1067 3733 1172 3772 non
1197 3717 1356 3773 facile
1401 3732 1525 3772 eum
1578 3715 1849 3771 indefesso
1877 3716 1994 3793 ejus
2033 3717 2084 3770 iu
2119 3715 2384 3785 ejusmodi
2435 3715 2683 3769 sensibus
2718 3717 3026 3771 scrutandis
3056 3718 3236 3772 studio
3281 3721 3621 3779 conciliatur.

433 3836 541 3893 Vll.
580 3838 881 3893 Veritatem
927 3853 1216 3909 perperam
1252 3848 1533 3908 acceptant
1580 3853 1722 3908 saepe
1776 3836 2001 3908 perinde
2032 3850 2250 3901 nocere,
2293 3850 2360 3890 ac
2407 3832 2605 3888 falsum
2656 3834 3011 3904 principium,
3046 3850 3241 3905 magno
3267 3838 3516 3907 exemplo
3542 3846 3628 3894 est

355 3934 647 4004 Origenes.
681 3937 763 3989 ΑΙ)
796 3937 1058 4004 apostolis
1088 3935 1355 3990 didicerat
1381 3933 1566 3989 .lesum
1599 3935 1880 3989 Christum
1916 3947 2113 4001 resque
2148 3932 2217 3985 ab
2267 3945 2335 3985 eo
2360 3940 2542 3999 gestas
2583 3939 2639 3984 et
2672 3928 2787 3998 ejus
2818 3930 3074 3999 mysteria
3124 3930 3178 3985 in
3221 3932 3401 3988 Veteri
3431 3932 3624 3988 Testa-

359 4040 545 4083 mento
576 4030 914 4084 adumbrari.
951 4029 1091 4085 Hinc
1125 4032 1189 4083 ad
1221 4032 1575 4100 mysticorum
1607 4045 1866 4084 seusmnn
1902 4027 2377 4097 investigationem
2409 4026 2651 4080 habenas
2682 4025 2900 4095 ingenio
2928 4040 3029 4080 suo
3076 4027 3470 4095 permittendas
3503 4044 3623 4084 esse

354 4124 592 4187 censuit,
628 4138 694 4177 eo
721 4124 938 4178 aliunde
969 4124 1235 4193 impulsus
1260 4125 1477 4194 publico
1520 4125 1603 4178 sui
1637 4124 1898 4193 temporis
1927 4138 2143 4191 sapore,
2168 4121 2420 4176 vividiori
2453 4136 2551 4176 sua
2584 4122 2914 4189 imaginandi
2953 4122 3029 4187 vi,
3054 4126 3381 4192 scriptorum
3409 4123 3624 4177 Juda-o-

354 4230 499 4279 rmn,
541 4216 827 4277 gentilium
881 4233 945 4272 ac
992 4217 1428 4273 Christianorum
1481 4219 1762 4288 allegoriis
1783 4218 2090 4271 deditorum
2142 4216 2399 4279 lectione,
2442 4232 2710 4286 perparvo
2732 4216 2875 4285 quod
2909 4226 3033 4271 tunc
3058 4228 3175 4271 erat
3205 4218 3273 4271 ad
3326 4217 3621 4286 Scriptura:

352 4307 596 4362 litteram
633 4308 1018 4363 elucidandam
1052 4309 1280 4372 auxilio,
1334 4324 1397 4365 ac
1448 4309 1685 4377 denique
1717 4310 1981 4376 stupenda
2016 4308 2129 4372 illa,
2165 4323 2269 4375 qua
2299 4322 2462 4374 opera
2489 4323 2584 4361 sua
2621 4306 2876 4369 cudebat,
2904 4306 3212 4361 velocitate.
3259 4307 3333 4360 Ex
3365 4309 3618 4366 omnibus

356 4402 475 4456 istis
508 4402 690 4456 causis
723 4404 928 4471 prodiit
968 4403 1327 4460 inexhaustus
1377 4405 1469 4458 ille
1513 4404 1898 4473 allegoriarum
1933 4403 2074 4467 fons,
2109 4417 2216 4470 quo
2247 4410 2460 4456 cuncta:
2486 4400 2602 4467 ejus
2641 4401 2966 4468 scriptiones
3001 4402 3137 4454 adeo
3170 4402 3526 4467 inundantur,
3559 4412 3618 4458 ut

350 4495 623 4550 neminem
656 4505 785 4551 ante
813 4512 869 4550 se
906 4498 957 4550 in
995 4498 1095 4552 hoc
1122 4512 1325 4566 genere
1351 4500 1687 4566 superiorem
1715 4500 1989 4564 habuerit,
2028 4513 2128 4552 nec
2155 4497 2320 4551 ullum
2350 4506 2469 4564 post
2502 4510 2561 4549 sc
2592 4495 2693 4549 sibi
2731 4511 2918 4564 parem
2938 4495 3251 4563 reliquerit.
3282 4496 3521 4551 Primum
3548 4498 3612 4551 ad

347 4587 703 4659 allegoricam
731 4592 1042 4647 methodum
1078 4597 1338 4664 abreptus
1367 4606 1452 4649 est
1484 4606 1726 4649 veterum
1764 4595 2075 4650 Judzeorum
2106 4592 2381 4659 exemplo,
2412 4592 2610 4659 quibus
2646 4592 2783 4643 alius
2826 4605 2930 4644 non
2971 4590 3248 4645 arridebat
3280 4594 3612 4661 exponenda:

346 4682 644 4750 Scriptura:
682 4684 890 4737 modus.
924 4684 1006 4738 Ab
1034 4685 1116 4740 eis
1148 4685 1331 4739 hausit
1360 4686 1555 4739 scitum
1604 4686 1760 4749 illud,
1788 4685 2023 4739 litteram
2059 4699 2179 4738 esse
2203 4684 2509 4738 divinorum
2543 4682 2875 4735 voluminum
2919 4697 3136 4751 corpus,
3165 4685 3393 4752 mystico
3425 4694 3607 4737 autem

342 4789 505 4830 sensu
537 4774 775 4828 animam
814 4776 896 4830 vel
937 4777 1186 4846 spiritum
1223 4779 1438 4832 illorum
1467 4778 1757 4832 contineri.
1784 4777 2144 4831 Admirationi
2171 4777 2218 4831 ei
2252 4787 2411 4830 erant
2434 4772 2592 4827 Philo
2619 4784 2672 4827 et
2694 4774 3058 4837 Aristobulus,
3088 4776 3165 4827 uti
3209 4784 3353 4844 patet
3386 4790 3415 4829 e
3440 4775 3531 4827 lib.
3559 4791 3608 4828 IV

345 4875 532 4919 contra
565 4865 794 4930 Celsum,
828 4883 979 4920 mnu.
1020 4869 1110 4933 51,
1148 4869 1236 4923 ubi
1281 4870 1358 4924 ait
1396 4888 1408 4923 :
1449 4887 1467 4919 ι
1514 4868 1732 4923 lllorunt
1763 4868 2055 4935 volumina,
2089 4877 2348 4937 quantum
2379 4866 2691 4933 conjectura
2717 4879 3049 4935 cognoscere
3072 4873 3176 4929 est,
3213 4865 3438 4917 minime
3470 4865 3605 4918 vidit

341 4952 550 5008 Celsus.
581 4956 714 5010 Nam
753 4958 839 5010 illa
876 4959 1007 5012 mihi
1039 4959 1288 5013 videnlur
1328 4970 1565 5013 mentem
1596 4959 2001 5028 Scripturarum
2035 4968 2093 5012 ut
2120 4958 2413 5028 plurimum
2444 4958 2516 5011 ita
2547 4956 2785 5025 assequi,
2815 4965 2872 5008 ut
2900 4957 2982 5007 vel
3018 4954 3225 5010 Graecis
3264 4956 3607 5025 philosophis

340 5046 688 5102 admirationi
714 5066 833 5105 esse
865 5053 1099 5119 possint.
1138 5049 1214 5104 lbi
1248 5051 1393 5103 enim
1434 5065 1538 5103 non
1569 5050 1742 5104 solmn
1800 5050 1853 5103 in
1888 5049 2149 5110 dictione,
2185 5050 2276 5102 sed
2332 5048 2498 5101 etiam
2540 5047 2592 5100 in
2631 5046 2915 5099 sententiis
2965 5056 3017 5097 et
3071 5045 3340 5114 dogmatis
3392 5046 3602 5097 videtur

342 5137 587 5194 delectus
613 5152 668 5195 ct
701 5143 1001 5212 diligentia,
1037 5152 1091 5198 et
1123 5143 1420 5213 praeclarus
1448 5157 1637 5196 eorum
1674 5142 1971 5210 Scriptura:
2014 5140 2257 5195 locorum
2289 5155 2441 5202 usus,
2473 5154 2592 5207 quae
2630 5136 2818 5192 Celsus
2845 5151 2942 5204 pro
2976 5136 3169 5189 fabulis
3208 5137 3392 5190 habet.
3430 5154 3448 5187 ι
3482 5136 3603 5201 Qun

339 5232 586 5307 encontio
616 5234 773 5302 plane
802 5236 1168 5291 conﬁrmatur
1194 5239 1306 5290 haec
1332 5237 1514 5291 Photii
1561 5238 1629 5290 de
1682 5236 1908 5290 Philone
1963 5236 2243 5289 aduotatio
2287 5233 2545 5309 Biblioth.
2572 5230 2691 5286 cod.
2721 5244 2785 5284 cv
2821 5247 2835 5283 :
2881 5247 2902 5279 ι
2936 5229 3012 5282 Ex
3059 5244 3147 5294 eo,
3181 5230 3397 5298 opinor,
3425 5229 3599 5282 omnis

344 5322 636 5392 allegorica
673 5326 974 5395 Scriptura:
1010 5330 1440 5398 luterpretanda:
1479 5329 1617 5383 ratio
1651 5328 1703 5381 in
1742 5328 2040 5383 Ecclesiam
2080 5327 2323 5381 irruendi
2367 5325 2556 5379 habuit
2587 5325 2824 5378 initium.
2869 5342 2888 5375 ι
2941 5322 3143 5376 Deinde
3175 5324 3317 5389 quod
3357 5322 3434 5374 ait
3468 5322 3603 5376 Por.

339 5418 563 5487 phyrius
591 5421 731 5489 apud
771 5422 994 5487 Euseh.,
1028 5423 1173 5478 Hist.
1220 5424 1374 5488 ποίη
1420 5423 1514 5478 lib.
1554 5439 1629 5489 v1,
1660 5439 1779 5492 cap.
1815 5423 1903 5486 l9,
1941 5424 2003 5477 id.
2049 5423 2180 5477 mihi
2237 5421 2299 5475 ﬁt
2347 5421 2635 5474 admodum
2706 5418 3020 5480 verisimile,
3052 5415 3338 5486 Origenem
3381 5432 3595 5486 nempe,

337 5522 461 5561 cum
490 5511 706 5565 assidua
758 5511 1165 5569 Platonicorum
1220 5528 1275 5569 et
1322 5516 1808 5586 Pythagoricornm
1857 5515 2090 5569 lectione
2139 5512 2463 5567 familiarem
2522 5511 2623 5565 sibi
2677 5510 2901 5564 fecisset
2961 5509 3316 5561 abstrusior-is
3348 5518 3591 5562 veterum

335 5598 781 5669 philosophorum
820 5604 1083 5659 doctrina:
1110 5605 1400 5675 allegorice
1426 5621 1591 5661 sensu
1625 5604 2052 5674 interpretanda:
2080 5605 2318 5667 modum,
2352 5603 2497 5656 illum
2527 5617 2740 5671 quoque
2775 5602 2842 5654 ad
2873 5599 3178 5654 Iudaeorum
3217 5598 3381 5654 libros
3412 5610 3594 5655 trans-

322 5691 543 5745 tulisse.
580 5693 695 5747 lluc
734 5696 873 5749 adde
903 5699 1046 5765 quod
1082 5696 1320 5763 conjieit
1360 5698 1588 5753 lluetius
1638 5698 1953 5767 Origenian.
1990 5700 2084 5753 lib.
2118 5712 2255 5765 lt,q.
2288 5697 2376 5761 15,
2408 5698 2472 5748 ad
2510 5696 2559 5747 id
2603 5692 2872 5747 scribendi
2906 5706 3074 5761 genus
3102 5692 3393 5745 excitatum
3428 5695 3588 5747 etiam

336 5781 503 5837 fuisse
525 5784 912 5839 Adamantium
956 5790 1205 5856 exetriplo
1236 5789 1529 5844 Metrodori
1566 5787 1945 5858 Lampsaceni,
1979 5802 2140 5856 quem
2172 5794 2358 5839 narrat
2391 5784 2653 5837 Tatianus
2687 5790 2858 5834 totum
2892 5781 3183 5833 lienterum
3226 5781 3275 5833 in
3305 5782 3589 5851 allegorias

336 5876 590 5938 traxisw,
632 5887 685 5931 et
719 5879 1025 5936 Heraclidis
1054 5879 1720 5953 Pontici,Homericarum
1759 5881 2137 5950 allegoriarum
2186 5878 2488 5947 scriptoris.
2545 5875 2814 5929 Praeterea
2863 5882 3199 5943 compertum
3255 5884 3360 5941 est,
3407 5873 3587 5943 magni
