4138 6460
504 385 576 441 35
1709 375 2084 434 I’RJE‘FA'I'IO
2126 376 2217 430 AD
2256 376 2418 431 T031.
2458 377 2521 432 Il.
3728 381 3800 437 36

509 504 711 573 ingenii
758 506 904 561 viros
928 518 1053 561 cum
1104 519 1170 560 eo
1204 515 1377 572 usque
1412 513 1521 554 non
1552 498 2010 569 progrediuntur,
2042 506 2100 550 ut
2150 513 2313 567 supra
2357 495 2540 551 saeculi
2593 494 2677 549 sui
2723 494 3101 564 prtejudicatas
3148 494 3437 563 opiniones
3476 510 3597 552 sese
3629 498 3795 550 attol-

512 592 648 657 lant,
695 599 906 651 illarum
946 599 1063 668 plus
1115 596 1332 650 cmten's
1394 590 1706 647 hominibus
1765 591 1996 643 miseros
2037 603 2162 643 esse
2201 603 2415 644 servos.
2453 586 2705 657 Origenis
2743 597 2930 651 aetate,
2964 588 3205 640 omnium
3267 589 3544 644 hominum
3581 591 3797 645 animos

512 694 908 762 tnystagogicits
955 691 1148 759 genius
1205 690 1504 743 invaserat.
1559 684 1636 738 Eo
1690 696 1914 753 quoque
1964 682 2139 752 abripi
2184 697 2245 737 se
2290 697 2483 751 passus
2526 690 2614 734 est
2648 678 3032 742 Adamantius,
3089 694 3324 749 cumque
3369 697 3427 735 se
3476 682 3707 735 dicendo
3734 697 3797 734 ac

511 784 796 836 scribendo
851 798 1081 851 prorsus
1128 783 1381 836 idoneum
1448 779 1701 841 sentiret,
1750 778 1820 831 ad
1874 778 2035 846 idque
2083 791 2310 830 munere
2362 790 2467 830 suo
2513 773 2792 842 variisque
2838 773 3281 827 circumstantiis
3339 773 3673 842 adigeretur,
3728 774 3794 825 ad

512 875 819 927 :unlitorntn
884 892 949 930 ac
1004 876 1274 930 lectorum
1337 887 1571 927 suorum
1634 886 1908 939 saporem,
1962 872 2053 939 qui
2101 880 2243 923 totus
2289 871 2339 922 in
2390 869 2670 937 allegoriis
2726 876 2862 925 erat,
2920 880 3040 919 sese
3093 868 3515 921 accommodare
3562 866 3794 921 studuit.

511 968 709 1022 Scrilnt
743 972 911 1023 etiam
940 969 1307 1040 Hieronymus
1340 969 1391 1020 in
1437 966 1691 1036 (Iutalogo
1742 966 2056 1032 scriptorum
2105 963 2614 1023 ecclesiasticarum,
2667 978 2819 1014 unm.
2875 962 2965 1026 6|,
3020 961 3368 1016 Ambrosium
3411 958 3479 1014 ad
3537 960 3795 1011 librorum

507 1075 788 1114 sacrorum
851 1061 1356 1130 interpretationem
1402 1057 1692 1125 Origenem
1749 1057 2024 1118 incitasse,
2080 1055 2133 1109 in
2183 1054 2587 1108 aemulationem
2646 1052 2943 1124 Hippolyti,
2977 1054 3147 1110 editis
3194 1052 3308 1122 jam
3362 1053 3416 1108 in
3453 1053 3797 1121 Scriptorum

507 1152 757 1218 plurimis
789 1151 952 1217 hujus
985 1152 1207 1221 generis
1240 1149 1661 1204 commentariis
1708 1148 2025 1203 clarissimi.
2065 1144 2201 1201 Cum
2259 1147 2423 1216 igitur
2478 1148 2798 1215 magistrum
2836 1165 2992 1202 suum
3049 1149 3251 1200 nemini
3293 1150 3595 1201 concedere
3639 1147 3800 1201 vellet

506 1248 850 1309 Ambrosius,
887 1247 1020 1299 nihil
1056 1262 1162 1301 non
1190 1250 1360 1301 movit
1388 1262 1510 1315 'quo
1539 1260 1661 1299 eum
1692 1258 1909 1313 quoque
1946 1244 2011 1295 ad
2046 1242 2403 1311 allegoricunt
2446 1242 2724 1295 scribendi
2756 1259 2929 1309 genus
2958 1242 3284 1311 impelleret,
3320 1253 3582 1307 tantoque
3615 1243 3800 1295 studio

504 1340 751 1409 quotidie
776 1341 844 1391 ab
870 1354 934 1392 eo
966 1354 1103 1406 opus
1127 1337 1404 1407 exigebat,
1448 1346 1508 1389 ut
1545 1338 1596 1389 in
1629 1337 1863 1403 quadam
1896 1332 2132 1402 epistola
2171 1332 2539 1403 ὲρτοδιώκτην
2567 1350 2690 1385 eunt
2726 1333 2992 1403 Origenes
3016 1334 3390 1403 appellaverit.
3426 1333 3508 1387 Ad
3542 1335 3593 1385 id
3631 1336 3794 1384 etiam

507 1436 654 1488 illutn
684 1434 920 1503 perpulit
954 1435 1180 1503 praebita
1212 1448 1241 1486 a
1271 1434 1546 1487 Marcioue
1569 1431 1787 1484 occasio
1815 1429 2079 1496 pestifero
2112 1428 2397 1491 haeretico,
2424 1431 2519 1498 qui
2555 1430 2850 1497 allegorias
2882 1445 2910 1481 a
2940 1428 3242 1497 Scriptura:
3286 1444 3460 1482 sacr:e
3499 1428 3792 1494 expositio-

516 1533 675 1584 nibus
707 1530 929 1598 penitus
960 1528 1302 1583 excludebat.
1330 1527 1457 1595 Ejus
1478 1525 1824 1597 oppugnandi
1851 1525 2032 1577 studio
2066 1524 2118 1577 in
2148 1526 2427 1579 contraria
2461 1540 2643 1577 omnia
2676 1525 2807 1576 abiit
2840 1524 3106 1593 Origenes
3134 1524 3519 1590 allegoriisqne
3550 1523 3800 1576 consulto

509 1625 758 1677 indulsit.
804 1623 989 1692 Neque
1027 1624 1192 1675 etiam
1246 1621 1470 1674 tacenda
1504 1628 1587 1674 est
1636 1618 1721 1671 illa
1755 1633 1873 1685 qum
1900 1616 2157 1688 Origenis
2186 1627 2349 1670 atate
2382 1627 2523 1680 erat,
2573 1616 3010 1668 necessariorum
3046 1619 3114 1668 ad
3149 1617 3343 1669 littera:
3376 1614 3797 1670 elucidationent

503 1722 835 1775 auxiliorum
878 1720 1083 1789 inopia.
1120 1720 1258 1772 llinc
1297 1719 1547 1787 quaedam
1588 1716 1935 1769 necessitatis
1968 1715 2180 1783 species
2209 1714 2559 1767 Christianos
2589 1713 2839 1778 urgebat,
2867 1722 2933 1765 ut
2957 1714 3221 1781 mysticus
3255 1711 3347 1778 qui
3387 1710 3551 1763 facile
3579 1716 3800 1777 excogi-

508 1828 721 1879 tantur,
752 1829 946 1868 sensus
990 1814 1189 1867 littera:
1243 1812 1443 1881 sa‘pius
1487 1812 1739 1864 obscura:
1787 1807 2204 1860 substituerent.
2258 1804 2434 1874 llujus
2488 1806 2564 1859 rei
2624 1806 2774 1856 mille
2815 1815 3133 1872 argumenta
3183 1804 3447 1871 przebebit
3508 1803 3794 1872 Origenes.

504 1915 731 1979 Quoties
760 1911 1031 1965 tantillum
1066 1909 1340 1975 explicato
1379 1908 1617 1960 dillieilis
1653 1917 1738 1959 est
1769 1906 1975 1967 littera,
2012 1904 2172 1957 toties
2202 1904 2318 1957 fere
2343 1902 2494 1956 illam
2532 1902 2733 1956 clamat
2759 1902 2977 1963 falsam,
3027 1901 3343 1963 absurdam,
3381 1902 3795 1968 itnpos~ibilent,

501 2006 892 2077 optionemque
922 2005 1014 2055 dat
1050 2001 1400 2055 auditoribus
1432 1999 1548 2053 suis
1576 2007 1636 2051 ut
1662 1999 1747 2051 vel
1787 1996 1909 2050 fidei
1941 1995 2242 2061 Scriptura:
2273 1994 2687 2051 abrenuntient,
2729 1993 2811 2045 vel
2847 1992 2997 2045 illaut
3041 1993 3331 2060 allegorice
3373 2005 3668 2061 exponant.
3704 1993 3795 2046 Illa

504 2111 689 2152 tamen
720 2098 842 2149 loca
872 2094 1015 2147 unde
1045 2095 1125 2148 sic
1154 2092 1522 2147 ratiocinandi
1559 2105 1751 2144 ansam
1784 2088 2005 2157 arripit.
2041 2089 2113 2139 ita
2170 2088 2496 2156 plerumque
2542 2087 2818 2154 explicato
2879 2086 3057 2139 facilia
3109 2096 3258 2147 sunt,
3292 2095 3347 2139 ut
3383 2087 3569 2138 tnirari
3601 2089 3798 2142 subeat

502 2192 776 2261 quomodo
812 2192 862 2243 itt
890 2188 1206 2256 anagogicis
1240 2186 1493 2240 sensibus
1528 2188 1618 2255 qui
1654 2198 1799 2238 nunc
1827 2198 1855 2236 a
1890 2181 2140 2248 subjecto
2187 2190 2513 2251 argumento
2554 2197 2780 2251 prorsus
2811 2182 2978 2234 alieni
3023 2181 3304 2244 videntur,
3355 2182 3799 2250 introspicietrlis

507 2295 617 2336 tam
656 2292 872 2335 acutntn
904 2290 1176 2343 cerneret,
1207 2289 1261 2334 et
1293 2279 1514 2334 aliunde
1563 2291 1795 2347 prorsus
1827 2275 2135 2337 caecutiret,
2189 2276 2278 2327 ubi
2325 2274 2666 2343 dispellenda
2711 2284 2826 2325 erat
2862 2274 3043 2342 aliqua
3073 2275 3273 2326 littera:
3307 2274 3645 2333 obscuritas,
3678 2291 3798 2340 qua:

444 2379 448 2382 ’
501 2376 706 2429 nullam
739 2374 900 2428 hodie
927 2372 1008 2428 vel
1041 2372 1413 2426 mediocribus
1447 2371 1679 2440 ingeniis
1708 2368 2022 2423 molestiam
2056 2368 2305 2422 facessit.
2360 2367 2606 2436 Denique
2642 2367 2728 2419 illa
2756 2384 2864 2434 qua
2899 2367 2951 2419 in
2992 2381 3219 2435 operum
3250 2381 3473 2419 suorum
3506 2366 3793 2420 elucubra-

502 2469 658 2523 tione
687 2466 982 2531 ferebatur,
1035 2465 1324 2535 rapiditas,
1367 2463 1436 2518 iis
1477 2465 1636 2518 rebus
1667 2464 1969 2517 tractandis
1995 2476 2117 2531 qua:
2165 2476 2423 2529 magnam
2458 2460 2897 2529 disquisitionem
2926 2469 2983 2513 et
3007 2460 3327 2513 diuturnam
3383 2458 3795 2512 meditationem

504 2560 811 2629 requirunt,
840 2574 963 2613 eum
990 2558 1210 2628 penitus
1237 2557 1502 2626 imparem
1530 2557 1815 2610 reddebat.
1853 2556 1989 2611 Cum
2037 2565 2244 2623 septem
2293 2564 2347 2609 et
2398 2555 2636 2623 amplius
2684 2556 2929 2608 notarios
2978 2556 3175 2608 diurno
3204 2564 3580 2619 nocturnoque
3610 2553 3797 2604 labore

503 2656 814 2718 distineret,
848 2663 1098 2723 paratam
1138 2668 1359 2724 semper
1390 2653 1593 2706 habere
1626 2652 1815 2707 debuit
1870 2652 2181 2717 materiam,
2219 2666 2384 2721 quant
2424 2660 2503 2704 tot
2546 2650 2728 2719 operis
2771 2649 3150 2705 distribueret.
3179 2648 3374 2703 Melius
3407 2664 3537 2717 ergo
3570 2650 3622 2701 iu
3659 2648 3792 2701 alle-

498 2750 684 2817 gorica
720 2764 882 2817 quam
919 2749 971 2801 in
1011 2748 1229 2802 lltterali
1264 2748 1674 2816 Scripturarum
1723 2747 2072 2815 expositione
2109 2762 2221 2800 rem
2270 2760 2426 2799 suam
2470 2745 2575 2799 sibi
2623 2744 2804 2798 facere
2836 2744 3147 2808 videbatur,
3180 2744 3381 2813 quippe
3434 2743 3520 2796 cui
3562 2740 3795 2796 fecunda

501 2842 834 2913 imaginaudi
871 2843 955 2896 vis
984 2843 1251 2912 mystieos
1278 2856 1475 2897 sensus
1501 2854 1718 2910 semper
1750 2843 1817 2896 ad
1850 2842 2140 2895 arbitrium
2182 2838 2468 2896 offerebat.
2500 2838 2829 2895 Econtrario
2853 2841 3075 2894 aedium
3113 2854 3176 2893 ac
3211 2838 3487 2893 fastidium
3525 2838 3572 2892 ei
3617 2838 3797 2906 parie-

501 2938 597 2987 bat
626 2938 710 2989 vel
746 2937 967 2991 minima
998 2937 1195 2990 littera:
1218 2936 1532 3002 dillicultas,
1560 2952 1801 3007 cumque
1830 2949 2074 3009 tempore
2098 2954 2197 2993 suo
2222 2938 2297 2991 uti
2326 2952 2423 3007 pro
2444 2938 2671 2991 arbitrio
2707 2938 2756 2991 ei
2797 2952 2904 2991 non
2929 2937 3142 2996 liceret,
3177 2936 3281 2989 illis
3306 2936 3420 2989 fere
3444 2944 3563 2987 erat
3602 2932 3797 2987 similis

500 3027 776 3096 operariis
810 3027 901 3097 qui
932 3042 1069 3096 opus
1095 3027 1314 3097 aliquod
1342 3029 1655 3083 faciendum
1688 3031 1984 3097 redimunt,
2024 3041 2079 3085 et
2108 3045 2221 3100 prae
2252 3032 2421 3085 nimia
2446 3044 2552 3100 qua
2584 3030 2735 3100 operi
2786 3030 3107 3085 incumbunt
3149 3027 3448 3092 celeritate,
3484 3027 3598 3082 fere
3664 3025 3796 3081 nihil

504 3118 629 3175 boni
659 3134 820 3188 agere
847 3121 1218 3188 reperiuntur.

576 3234 706 3289 Vill.
741 3255 761 3288 ι
802 3237 1092 3308 Allegoriis
1120 3239 1284 3295 nimis
1325 3240 1619 3296 indulsisse
1648 3240 1945 3313 Origenem
1979 3241 2176 3299 Patres
2215 3244 2481 3311 clamant,
2523 3263 2543 3297 ι
2580 3244 2757 3315 inquit
2785 3242 3013 3299 lluetius
3044 3243 3356 3313 Origeuiuu.
3388 3242 3484 3297 lib.
3511 3247 3791 3310 tt,qu:rst.

503 3330 592 3395 15,
619 3343 673 3386 et
708 3349 727 3382 ι
774 3347 916 3401 saepe
947 3334 1275 3388 historicum
1307 3350 1528 3389 sensum
1577 3337 2009 3406 proculcandum
2066 3355 2133 3394 ac
2180 3341 2645 3396 contemnendum
2680 3342 2861 3404 docet,
2899 3356 2918 3392 ι
2969 3342 3175 3393 fatente
3222 3341 3416 3392 eodem
3475 3337 3794 3391 doctissimo

502 3424 755 3496 przesule,
790 3426 880 3494 qui
951 3436 1002 3479 et
1069 3427 1210 3480 istud
1255 3426 1448 3497 probat
1478 3430 1670 3484 iisdem
1706 3431 1905 3500 quibus
1930 3447 2030 3487 nos
2060 3443 2219 3486 antea
2244 3434 2326 3488 usi
2359 3448 2568 3497 sumus,
2603 3433 2748 3487 illius
2776 3433 3125 3487 testimoniis.
3165 3431 3301 3497 Quis
3338 3431 3462 3484 inde
3513 3444 3622 3482 uou
3672 3444 3792 3495 spe-

503 3526 676 3570 rasset
730 3515 869 3583 fore,
916 3527 973 3572 ut
1028 3518 1360 3573 sententiam
1409 3521 1461 3574 in
1516 3518 1808 3591 Origenent
1842 3523 2048 3579 ferret?
2092 3523 2226 3578 Eum
2262 3535 2443 3580 tamen
2499 3527 2601 3580 hoc
2650 3527 2873 3579 nomine
2902 3526 3167 3588 defendit,
3220 3526 3362 3593 quod
3402 3542 3422 3575 ι
3473 3524 3795 3578 accuratius

500 3613 703 3679 Scripta
731 3610 847 3678 ejus
876 3611 1153 3665 evolventi
1180 3610 1349 3666 mttlla
1378 3626 1702 3679 occurrant,
1736 3616 1787 3669 in
1821 3616 2021 3686 quibus
2058 3631 2211 3670 suam
2248 3614 2448 3670 littera:
2479 3618 2800 3687 dignitatem
2841 3626 3047 3681 servat,
3075 3628 3129 3671 ct
3161 3618 3228 3671 de
3257 3632 3320 3671 ea
3354 3631 3508 3685 :equa
3538 3632 3603 3668 ac
3644 3626 3791 3668 recta

500 3702 691 3757 scribit
719 3718 732 3755 :
773 3702 1100 3757 historicum
1131 3704 1183 3757 in
1219 3705 1501 3775 aliquibus
1522 3707 1818 3763 admittens
1850 3725 2099 3775 sensum,
2130 3710 2483 3778 allegoricum
2514 3712 2567 3764 itt
2608 3712 2877 3781 pluribus,
2914 3713 2966 3766 in
3001 3710 3188 3766 multis
3219 3723 3531 3781 utrumque.
3577 3728 3596 3762 ι
3629 3710 3793 3775 Qua?

503 3813 625 3848 nam
658 3798 729 3852 sit
761 3798 922 3869 hujus
947 3799 1282 3855 defensionis
1318 3802 1400 3856 vis
1440 3814 1547 3858 non
1582 3806 1983 3873 persentiscere
2032 3822 2119 3861 me
2169 3808 2358 3863 fateor.
2411 3806 2551 3875 Quid
2596 3823 2729 3878 ergo
2774 3817 3059 3876 propterea
3087 3807 3230 3875 quoi
3267 3805 3512 3858 litteram
3589 3803 3794 3869 Ibique

500 3886 724 3953 falsam,
747 3892 953 3960 ubique
985 3908 1013 3945 a
1040 3896 1259 3948 ratione
1287 3893 1543 3962 alienant,
1587 3897 1789 3966 ubique
1822 3898 1934 3951 Deo
1963 3899 2240 3969 indignam
2267 3916 2393 3955 esse
2419 3910 2526 3954 non
2559 3901 2769 3962 docuit,
2797 3900 2849 3952 id
2882 3899 3028 3966 quod
3067 3898 3149 3949 ait
3184 3896 3423 3949 litteram
3452 3898 3537 3950 his
3564 3896 3711 3948 vitiis
3737 3897 3788 3947 iu

500 3986 738 4037 maxima
773 3984 1023 4040 locorum
1056 4004 1283 4042 suorum
1315 4000 1469 4058 parte
1492 3989 1770 4053 laborare,
1802 3993 2213 4058 reprehensioni
2262 4009 2367 4046 non
2404 3994 2516 4049 erit
2551 3991 2895 4047 obnoxium?
2928 3990 2989 4045 Si
3046 4005 3174 4042 vero
3222 3990 3492 4056 ejusmodi
3529 3991 3794 4043 enuntia-

501 4088 640 4141 tum,
677 4078 805 4132 licet
836 4080 1173 4146 restrictum,
1210 4082 1317 4135 ttlla
1353 4084 1541 4149 nequit
1574 4084 1787 4137 ratione
1818 4083 2033 4137 delendi
2071 4096 2127 4138 et
2168 4085 2523 4141 falsissimum
2554 4097 2660 4149 est,
2683 4086 2808 4153 jure
2836 4085 3095 4140 adversus
3127 4084 3420 4151 Origenent
3467 4081 3792 4137 insurrexe-

501 4182 626 4227 runt
664 4171 879 4230 Patres.
911 4175 990 4227 Ad
1022 4175 1193 4243 ipsam
1232 4174 1583 4243 Urigcnlana:
1613 4178 1857 4231 tnetltodi
1904 4180 2265 4234 substantiam
2299 4197 2406 4235 non
2431 4181 2569 4235 satis
2620 4180 2918 4234 attendisse
2969 4181 3185 4233 videtur
3238 4178 3488 4233 lluetius.
3548 4177 3790 4247 Singula:

500 4268 647 4323 illius
670 4276 854 4338 partes
892 4270 1035 4322 inter
1067 4282 1129 4321 se
1167 4270 1407 4323 maxime
1432 4284 1695 4323 conuenite
1722 4280 1868 4331 sunt,
1898 4280 1950 4322 et
1979 4270 2153 4324 series
2183 4272 2519 4339 postulabat,
2560 4279 2617 4325 ut
2649 4272 2787 4325 bene
2834 4286 2896 4324 ac
2945 4270 3084 4323 male
3130 4271 3196 4323 de
3247 4270 3428 4322 littera
3486 4268 3787 4335 Scriptura:

502 4361 822 4431 loqueretur
854 4363 1238 4429 Adamantius,
1264 4365 1359 4417 sed
1384 4362 1434 4415 ei
1474 4373 1655 4415 tamen
1688 4361 1809 4430 plus
1840 4363 1966 4416 mali
2018 4376 2182 4431 quan:
2214 4364 2338 4418 boui
2394 4362 2692 4433 aflingeret.
2749 4364 2804 4417 Id
2852 4378 3042 4416 revera
3083 4362 3151 4415 ab
3188 4362 3302 4428 ipso
3342 4361 3645 4429 praestitum
3680 4371 3787 4417 est.

500 4452 575 4504 Ex
610 4454 727 4521 ipso
758 4451 941 4505 littera
973 4453 1310 4507 :edifieaudis
1340 4452 1684 4520 simplicibus
1716 4452 1934 4507 sullicit.
1976 4455 2089 4506 Sub
2119 4454 2219 4507 hoc
2260 4464 2535 4524 respectu,
2570 4454 2876 4509 reverentia
2906 4454 3067 4521 digna
3095 4465 3199 4507 est.
3229 4454 3462 4507 Aliunde
3494 4454 3783 4507 innumera

500 4545 661 4597 habet
686 4543 848 4608 falsa,
882 4546 1148 4609 absurda,
1189 4545 1566 4613 impossibilia,
1593 4558 1647 4601 et
1682 4562 1871 4601 secum
1910 4548 2231 4615 pogtmntia,
2261 4551 2328 4601 de
2353 4548 2440 4601 illa
2475 4547 2639 4615 igitur
2660 4547 2785 4601 mali
2814 4546 3037 4600 multutn
3061 4549 3240 4601 dicere
3271 4549 3477 4602 (lc-iuit.
3509 4547 3572 4600 Et
3611 4532 3787 4613 reipsa

501 4652 685 4691 nonne
737 4638 789 4691 ia
841 4654 960 4691 eam
1012 4641 1213 4693 acriter
1247 4640 1539 4704 invehitur,
1572 4642 1784 4709 quoties
1818 4640 1999 4709 aliqua
2053 4642 2371 4695 diflicultate
2416 4642 2751 4695 intricatur?
2785 4640 2935 4695 Unde
2989 4643 3182 4709 colligo
3231 4643 3423 4711 paucis
3468 4641 3624 4694 bonis
3666 4654 3786 4707 quae

501 4730 692 4783 litterae
726 4728 931 4796 tribuit,
959 4734 1379 4803 inttnmeraqme
1404 4737 1449 4787 ei
1470 4734 1767 4803 ettprobrat
1796 4735 1925 4785 vitia
1961 4749 2067 4787 non
2104 4734 2294 4787 deleri.
2326 4734 2693 4801 Quamobrem
2722 4734 2915 4788 Iinetio
2942 4737 3237 4789 condonari
3276 4736 3465 4802 nequit
3496 4733 3787 4800 iujuriosns

498 4824 588 4877 ille
622 4827 812 4879 modus
843 4837 951 4895 quo
987 4839 1233 4881 sanctum
1274 4841 1565 4900 martyrem
1599 4827 1943 4881 Enatathinnt
1971 4828 2376 4883 Antiochentntt
2416 4830 2601 4893 habet,
2631 4835 2786 4899 cujus
2826 4841 3012 4884 contra
3045 4830 3434 4899 Origentauaut
3469 4830 3781 4883 methodum

497 4917 708 4984 objecta
740 4919 919 4986 futiles
952 4930 1109 4974 vocat
1140 4921 1522 4976 cavillationes.
1556 4926 1671 4978 Non
1705 4924 1961 4994 equidetn
1997 4923 2283 4976 inliciabor
2312 4922 2496 4977 acrius
2520 4938 2682 4991 quam
2710 4939 2808 4991 par
2839 4934 2960 4978 erat
2989 4926 3058 4978 ab
3089 4924 3373 4979 Eustatltio
3400 4925 3779 4991 impugnatam

498 5013 668 5065 fuisse
692 5014 1008 5067 Adamantii
1042 5017 1106 5069 de
1131 5016 1455 5088 Pythonissa
1491 5019 1846 5073 sententiain.
1874 5017 2115 5084 Qumstio
2155 5019 2301 5069 enim
2351 5025 2437 5070 est
2472 5031 2620 5071 mere
2647 5018 2863 5081 critica,
2895 5034 3020 5086 qua:
3044 5033 3162 5081 nec
3199 5016 3348 5081 fidei,
3400 5034 3500 5071 nec
3538 5016 3783 5069 moribus

499 5119 699 5157 nocere
723 5116 908 5172 queat.
943 5104 1049 5159 Sed
1082 5107 1352 5160 acerrima
1380 5109 1484 5162 hac
1520 5123 1753 5163 censura
1791 5122 1898 5161 non
1933 5118 2043 5159 tam
2076 5108 2144 5161 ab
2174 5107 2466 5162 Eustatbio
2492 5119 2720 5165 vexatus
2764 5110 2935 5163 fuisse
2972 5111 3185 5164 videtur
3223 5107 3485 5178 Origenes
3522 5112 3591 5163 ob
3625 5125 3777 5160 suam

498 5197 565 5249 de
605 5198 944 5265 veittriloqua
974 5201 1305 5267 opinionem,
1338 5216 1503 5269 quam
1540 5201 1609 5255 ob
1632 5215 1785 5255 suam
1823 5202 2243 5269 interpretanda:
2277 5202 2583 5271 Scriptura:
2634 5204 2985 5270 methodum,
3033 5219 3156 5273 qua:
3203 5218 3481 5257 sacrorum
3536 5206 3778 5257 omniuut

498 5293 759 5346 librorum
789 5309 1009 5348 sensum
1044 5300 1330 5364 pervertit,
1360 5310 1422 5347 :tc
1451 5295 1681 5362 proinde
1708 5296 1910 5364 justam
1952 5296 2234 5350 Enstathio
2270 5298 2701 5365 indignationem
2736 5309 3008 5361 moverat,
3059 5299 3140 5351 uti
3214 5298 3351 5353 satis
3393 5297 3561 5366 liquet
3592 5312 3653 5348 ex
3693 5295 3777 5348 his

498 5388 616 5455 ejus
647 5389 868 5442 verbis:
904 5400 923 5438 t
972 5387 1069 5441 Hic
1102 5388 1253 5441 solus
1295 5399 1379 5441 est
1421 5388 1727 5457 Scriptura!
1760 5389 1912 5443 locus
1942 5405 2102 5460 quem
2146 5390 2443 5460 Origenes,
2478 5410 2508 5445 ιι
2540 5408 2649 5461 quo
2691 5396 2902 5465 integra
2938 5396 3004 5448 ad
3042 5394 3336 5462 allegorias
3371 5392 3633 5447 translata
3670 5402 3775 5454 est,

498 5477 720 5533 litterali
752 5496 913 5535 sensu
951 5480 1065 5533 vult
1098 5481 1295 5548 accipi.
1339 5499 1357 5531 ι
1395 5480 1765 5544 Quzestionem
1802 5483 1968 5550 igitur
2002 5484 2069 5536 de
2100 5484 2447 5551 ventriloqua
2473 5485 2517 5539 si
2550 5487 2855 5554 exceperis,
2896 5487 3159 5540 Eustathii
3193 5488 3452 5540 adversus
3484 5484 3775 5552 Origeueut

495 5571 904 5625 criminationes
943 5572 1141 5639 iniquae
1187 5584 1291 5623 ιιυιι
1329 5581 1475 5635 sunt,
1514 5586 1616 5625 nec
1654 5572 1796 5626 belle
1826 5588 1919 5626 eas
1955 5574 2241 5642 pr0pulsat
2275 5574 2528 5629 linetius.
2562 5576 2615 5629 ld
2652 5578 2966 5644 expostulat
3010 5576 3333 5632 Eustathius
3365 5577 3507 5647 quod
3555 5582 3774 5644 paradi-

494 5680 612 5717 sum
648 5674 964 5718 terrestrem
998 5673 1052 5717 et
1079 5662 1392 5717 fructiferas
1424 5665 1661 5734 paradisi
1699 5668 1927 5721 arbores
1960 5669 2253 5739 allegorica
2294 5671 2641 5738 expositione
2671 5671 2995 5725 aboleverit.
3042 5671 3292 5739 quuid
3339 5672 3476 5723 bene
3512 5680 3771 5738 purgatur

494 5756 876 5822 Adamantius,
908 5772 1033 5809 cum
1080 5757 1229 5809 illunt
1280 5758 1423 5811 hanc
1469 5760 1795 5813 sententiam
1840 5776 1870 5813 e
1904 5760 2151 5815 Philonis
2198 5760 2355 5815 libris
2401 5771 2706 5814 mutuatum
2735 5778 2856 5815 esse
2889 5764 3175 5831 respondet
3227 5763 3489 5817 lluetius?
3521 5762 3769 5828 Nunquid

495 5848 748 5920 Origenis
779 5851 989 5906 crimen
1025 5852 1187 5907 simili
1222 5853 1467 5911 Philoais
1502 5855 1731 5910 crimine
1788 5856 2058 5911 diluitur?
2112 5856 2486 5924 Conqueritur
2535 5856 2849 5911 Eustathius
2914 5861 3054 5925 quod
3105 5858 3248 5911 nulla
3294 5873 3485 5909 sensus
3519 5857 3760 5909 historici
