4138 6436
301 379 373 433 57
1543 378 1921 436 murto
1963 381 2055 437 Al)
2103 380 2267 437 ron.
2304 381 2369 437 ιι.
3518 398 3587 452 53

302 502 504 560 iniecta
540 498 818 553 mentione
851 494 1086 552 eﬂossos
1108 498 1176 551 ab
1203 496 1487 553 Abraham
1542 508 1737 569 puteos
1788 500 1838 553 in
1876 499 2172 569 allegorias
2207 498 2459 565 traxerit,
2497 500 2588 571 qui
2651 516 2749 556 sua
2806 508 2987 557 tamen
3029 511 3192 557 aetate
3240 516 3590 572 supererant.

302 590 618 662 Respondet
669 588 925 653 Huetius,
957 594 1009 643 ei
1039 591 1135 658 qui
1161 594 1243 645 tot
1273 606 1449 646 annos
1498 590 1554 646 In
1592 588 1779 645 .Ittdara
1812 597 2173 659 transegerat,
2198 601 2413 658 ignotos
2448 606 2573 648 esse
2608 609 2715 647 non
2764 594 3012 663 potuisse
3058 595 3323 664 ejusmodi
3372 604 3585 656 puteos.

309 683 513 739 Verum
566 696 753 737 annon
796 684 899 738 hoc
950 683 1072 752 ipso
1109 684 1469 741 excusatione
1512 685 1691 739 minus
1741 683 1940 753 dignus
1982 694 2064 736 est
2114 682 2404 753 Origenes,
2458 688 2602 754 quod
2648 702 2762 741 rem
2806 688 2857 741 in
2906 689 3196 757 propatulo
3241 690 3504 758 positam.
3535 701 3592 747 ct

298 773 549 831 Omnium
590 776 761 830 oculis
791 777 1034 841 obviam,
1058 777 1215 847 quasi
1243 776 1678 833 commentitiatn
1717 792 1781 830 ac
1820 774 2068 828 flctitlant
2119 777 2463 831 traduxerit?
2493 778 2653 832 Certe
2693 779 2913 832 humilia
2944 779 3157 832 decima
3208 780 3260 831 in
3305 779 3583 849 Genesim,

300 883 464 936 quam
522 867 719 922 IIuetio
746 869 964 923 videtur
996 872 1313 940 designasse
1343 867 1685 933 Eustathius,
1713 866 1764 922 id
1801 868 1963 922 habet
1998 880 2013 918 :
2047 884 2066 919 ‹
2112 867 2269 937 Sa-pe
2322 868 2433 938 jam
2482 870 2593 924 dixi
2647 870 2789 940 quod
2828 872 2880 924 in
2911 870 2995 925 his
3025 886 3132 925 non
3175 871 3415 926 historia:
3458 888 3589 925 nat-

303 970 515 1022 rmttnr,
572 961 665 1013 sed
694 965 951 1031 mysteria
978 968 1362 1015 contexuntur.
1404 978 1423 1012 ι

377 1055 624 1108 Alteram
649 1053 868 1126 Origcni
903 1053 1282 1111 defensionem
1330 1056 1534 1125 praebet
1562 1052 1816 1119 Huetius,
1849 1062 1972 1122 qua:
2008 1051 2199 1120 utique
2226 1053 2455 1118 nemini,
2494 1054 2709 1123 opinor,
2744 1055 3089 1125 probabitur.
3117 1055 3359 1123 Primus,
3386 1053 3586 1126 inquit,

302 1151 450 1205 hunc
479 1149 906 1218 interpretanda:
933 1148 1235 1220 Scriptura:
1289 1162 1500 1203 morem
1538 1164 1647 1202 non
1683 1148 1913 1202 invexit.
1951 1147 2099 1201 Inter
2141 1145 2375 1213 Juda-os,
2409 1147 2807 1218 Therapeutas,
2857 1149 3251 1213 Arismbulum,
3297 1160 3351 1204 et
3404 1151 3589 1206 Philo-

306 1260 474 1309 nem;
538 1243 681 1297 inter
727 1243 985 1313 gentiles,
1046 1244 1459 1299 Cineremonem
1518 1244 1791 1308 Stoicum,
1826 1242 2153 1306 Cornutum,
2202 1239 2574 1298 Metrodorum
2631 1244 3094 1315 Lampsacenum,
3150 1255 3206 1300 et
3244 1245 3588 1302 Heraclidem

306 1337 592 1393 Ponticum
626 1340 861 1407 praevlos
885 1342 1052 1397 duces
1083 1340 1315 1406 habuit;
1347 1339 1491 1395 inter
1511 1339 1856 1395 Christianos
1882 1351 2014 1392 vero
2042 1338 2323 1408 apostolus
2345 1338 2546 1395 Paulus
2565 1340 2614 1394 ei
2645 1340 2917 1411 principue
2944 1349 3136 1396 auctor
3169 1341 3293 1407 fuit,
3324 1355 3425 1395 cur
3458 1342 3590 1396 alle-

305 1437 516 1502 goricas
549 1434 916 1501 expositiones
960 1442 1289 1491 sectaretur.
1324 1430 1491 1491 Docte
1515 1434 1737 1504 quidem
1776 1434 1894 1489 hzec
1922 1431 2131 1498 omnia,
2156 1433 2251 1487 sed
2284 1448 2387 1488 non
2412 1435 2648 1489 advertit
2671 1435 2899 1489 Iluetius
2934 1450 3042 1489 non
3084 1436 3136 1489 id
3183 1436 3352 1505 quaeri
3405 1443 3588 1490 utrum

307 1529 519 1597 primus
551 1530 696 1585 hunc
756 1542 967 1585 morem
1020 1531 1289 1585 invexerit
1337 1530 1628 1601 Origenes,
1656 1530 1756 1584 sed
1813 1538 1993 1583 utrum
2037 1538 2158 1583 mos
2212 1529 2314 1583 iste
2365 1530 2537 1584 bonus
2566 1531 2637 1585 sit
2668 1539 2724 1585 et
2753 1533 3064 1585 sectandus.
3109 1530 3589 1600 Supervacaneum

307 1623 472 1691 igitur
505 1635 588 1678 est
617 1626 904 1695 gentilium
938 1635 992 1678 et
1029 1623 1344 1679 Judteorum
1377 1623 1711 1692 exemplum,
1746 1624 1847 1678 nisi
1881 1624 2096 1677 veritati
2128 1630 2557 1679 consentaneum
2591 1627 3020 1681 demonstretur.
3055 1627 3136 1680 Ad
3188 1622 3415 1680 Paulum
3446 1626 3591 1695 quod

306 1721 524 1787 attinet,
559 1721 869 1788 allegoricae
894 1718 1114 1788 quidem
1152 1719 1408 1775 methodo
1431 1720 1817 1774 auctoritatem
1842 1718 2231 1784 coneiliat,sed
2264 1734 2369 1774 non
2394 1735 2482 1787 eo,
2508 1737 2616 1790 quo
2646 1721 2735 1775 illa
2762 1722 2965 1776 abusus
2991 1730 3075 1776 est
3097 1721 3384 1791 Origenes,
3409 1724 3590 1777 modo.

304 1813 495 1883 Neque
532 1821 676 1868 enim
714 1816 916 1885 ﬁguras
952 1816 1002 1869 in
1053 1818 1202 1870 omni
1247 1823 1358 1870 tum
1400 1815 1581 1873 Veteri
1640 1826 1752 1870 tum
1811 1815 1966 1869 Novo
2017 1815 2369 1870 Testamento
2416 1817 2832 1882 consectandas,
2886 1831 2987 1871 nec
3040 1816 3328 1871 litteralem
3371 1827 3591 1871 sensum

308 1910 521 1974 uspiam
566 1910 1002 1979 proculcandum
1025 1916 1079 1963 et
1103 1910 1563 1965 contemnendum
1592 1927 1712 1968 esse
1754 1910 1914 1966 docet
1940 1911 2250 1980 Apostolus.
2276 1911 2360 1966 Sit
2391 1913 2553 1983 igitur
2585 1914 2698 1968 haec
2724 1923 2906 1967 nostra
2939 1913 3240 1976 conclusio,
3265 1926 3388 1966 cum
3414 1913 3527 1982 jam
3560 1926 3591 1964 a

308 1999 495 2053 multis
527 2001 685 2055 anuis
718 2002 762 2055 is
804 2017 924 2055 mos
954 2001 1271 2067 invaluerit,
1305 2013 1364 2056 ut
1396 2002 1488 2071 qui
1543 2002 1777 2073 alicujus
1798 2003 2046 2057 auctoris
2098 2017 2266 2073 opera
2312 2004 2365 2058 in
2424 2004 2599 2059 lucem
2631 2004 2947 2075 proferunt,
2975 2019 3122 2069 etnn,
3152 2013 3413 2073 quantum
3447 2005 3500 2058 itt
3533 2020 3597 2059 se

307 2106 411 2159 est,
441 2097 510 2150 ab
540 2094 797 2165 impactis
826 2097 1148 2152 criminibus
1198 2096 1452 2165 liberent,
1481 2114 1547 2154 eo
1581 2112 1800 2169 quoque
1830 2110 1984 2152 more
2027 2099 2207 2169 abripi
2252 2114 2313 2154 se
2356 2114 2574 2169 passum
2617 2114 2739 2155 esse
2781 2096 3057 2163 Huetium,
3104 2098 3260 2167 cuius
3308 2100 3352 2155 si
3406 2098 3596 2154 irritus

307 2202 543 2244 conatus
576 2190 696 2255 fuit,
739 2206 845 2244 non
880 2193 930 2245 id
979 2190 1265 2259 imperitia:
1305 2190 1436 2245 vitio
1471 2198 1580 2261 quo
1618 2206 1725 2245 non
1756 2189 2029 2245 labOI'avit
2059 2191 2413 2246 doctissimus
2461 2192 2679 2261 praesul,
2730 2192 3077 2248 tribuendum
3116 2201 3222 2259 est,
3260 2192 3354 2247 sed
3391 2193 3591 2248 intole-

311 2283 495 2335 randis
535 2282 792 2352 Origenis
824 2282 1164 2352 excessibus,
1195 2283 1285 2355 qui
1315 2283 1544 2340 omnino
1578 2283 1684 2353 tegi
1712 2294 1768 2338 et
1794 2282 2125 2338 dissimulari
2155 2292 2259 2338 non
2291 2293 2605 2354 potuerunt.

380 2397 470 2452 IX.
512 2400 805 2470 Origenem
841 2420 963 2475 post
990 2418 1199 2463 tantam
1222 2408 1390 2463 animi
1420 2408 1503 2463 sui
1540 2407 1592 2461 in
1623 2406 1907 2475 Scriptura
1933 2422 2093 2461 sacra
2111 2406 2402 2477 allegorice
2432 2406 2749 2473 exponenda
2772 2403 3266 2474 intemperantiam,
3301 2402 3596 2459 multorum

310 2507 539 2548 censura
564 2507 817 2556 vexatum
843 2503 1012 2559 fuisse
1038 2504 1173 2560 nihil
1207 2504 1430 2558 tnirum.
1462 2503 1597 2558 Illud
1628 2502 1800 2570 magis
1840 2504 2090 2558 demiror
2119 2503 2397 2572 quomodo
2427 2517 2491 2556 ea
2524 2503 2578 2555 in
2619 2516 2681 2556 re
2726 2499 3045 2556 defensores
3090 2500 3293 2555 habere
3334 2499 3592 2570 potuerit.

284 2668 285 2671 η
314 2584 367 2637 ιιι
403 2588 596 2645 saltem
622 2592 686 2647 iis
715 2596 912 2663 quibus
945 2597 1108 2664 prisci
1145 2596 1334 2652 Patres
1358 2595 1699 2651 venerationi
1729 2604 1879 2661 sunt,
1910 2596 2109 2650 solatio
2149 2604 2240 2651 est
2269 2635 2285 2660 ,
2312 2594 2456 2664 quod
2485 2609 2621 2666 quos
2654 2593 2949 2663 antiquitas
2978 2592 3150 2661 magis
3175 2592 3595 2655 commendavit,

318 2679 351 2732 ii
385 2693 576 2750 aperte
606 2690 918 2758 acriterque
948 2692 1000 2745 in
1056 2692 1208 2747 illum
1255 2692 1680 2758 iusurrexerint,
1719 2692 2022 2762 repudiatis
2052 2692 2170 2745 fere
2201 2691 2453 2745 omnibus
2497 2706 2618 2759 qua:
2652 2691 2704 2744 in
2751 2690 2868 2758 ejus
2909 2690 3162 2743 methodo
3217 2688 3391 2761 magis
3432 2690 3595 2743 noxia

317 2777 591 2837 videntur.
622 2785 947 2844 Eustathius
988 2790 1043 2844 in
1078 2805 1332 2845 sermone
1351 2789 1432 2847 De
1480 2790 1831 2859 ventriloqua,
1855 2792 1920 2845 de
1952 2804 2018 2844 eo
2051 2789 2136 2845 sic
2173 2788 2443 2857 loquitur:
2464 2787 2600 2854 «Qui
2645 2786 2829 2840 omnia
2870 2784 3169 2855 Scriptura:
3201 2787 3361 2839 verba
3393 2784 3597 2854 allego-

320 2868 416 2923 riis
437 2885 715 2941 exronere
756 2893 926 2933 ausus
959 2887 1064 2944 est,
1102 2881 1205 2935 hoc
1232 2880 1405 2936 solum
1434 2882 1499 2934 ad
1537 2881 1771 2936 litteram
1806 2880 2023 2935 tradere
2068 2895 2173 2935 non
2204 2878 2497 2934 erubescit.
2525 2878 2781 2945 Quinimo
2828 2878 2897 2932 de
2943 2878 3218 2947 paradiso,
3249 2892 3411 2946 quem
3454 2876 3600 2932 Deus

323 2961 373 3015 iu
404 2964 571 3022 Edem
603 2970 964 3039 plantaveral,
991 2975 1156 3030 verba
1190 2973 1421 3041 faciens,
1456 2991 1668 3030 necnon
1699 2992 1804 3045 qua
1843 2975 2057 3030 ratione
2106 2974 2250 3044 ligna
2296 2972 2580 3027 fructifera
2606 2971 2999 3042 germinarunt,
3045 2985 3304 3025 enarrare
3356 2978 3596 3034 tentans,

320 3055 467 3114 inter
494 3063 600 3117 alia
629 3068 870 3122 subdidit
912 3084 927 3123 :
967 3068 1101 3123 Cum
1133 3081 1361 3140 tegentes
1400 3088 1433 3123 a
1464 3070 1686 3139 fabulis,
1722 3073 1963 3141 serieque
2000 3086 2118 3141 qua:
2147 3070 2437 3123 secundum
2468 3068 2699 3121 litteram
2740 3076 2838 3132 est,
2878 3066 3050 3135 gradu
3082 3066 3225 3136 facta
3255 3063 3591 3118 ascendimus

320 3162 368 3207 et
399 3166 643 3220 qurenam
680 3155 775 3208 illa
799 3157 943 3227 ligna
975 3159 1104 3224 sint,
1144 3175 1262 3230 quia
1307 3159 1446 3212 Deus
1469 3160 1616 3224 colit,
1645 3167 1955 3229 quaerimus,
1993 3160 2220 3214 dicimus
2247 3159 2303 3213 in
2334 3175 2393 3213 eo
2433 3157 2550 3211 loco
2584 3158 2749 3227 ligna,
2787 3174 2906 3228 quae
2935 3174 3091 3212 sensu
3136 3156 3307 3225 accipi
3348 3166 3595 3225 possunt,

320 3257 422 3297 non
454 3246 692 3313 reperiri.
723 3247 850 3304 Ilaec
874 3266 999 3304 cum
1034 3268 1134 3320 per
1162 3252 1580 3307 translationem
1608 3262 1870 3323 exponat,
1899 3269 2006 3307 non
2042 3255 2230 3308 horret
2262 3249 2477 3307 fabulas
2522 3250 2819 3321 appellare,
2853 3266 2978 3321 quae
3014 3249 3158 3304 Deus
3203 3259 3385 3305 creata
3416 3247 3598 3317 perfe-

315 3331 456 3387 cisse
493 3336 751 3404 traditur,
783 3339 1186 3412 tidissimusque
1223 3340 1342 3409 eius
1375 3357 1569 3397 servus
1626 3341 1842 3412 Moyses
1867 3343 2087 3412 scriptis
2115 3338 2483 3413 conSignavit.
2524 3343 2593 3398 Et
2632 3357 2699 3398 ex
2744 3343 3016 3411 opposito,
3070 3357 3133 3396 ea
3170 3357 3291 3411 qua:
3327 3340 3506 3395 fabula
3540 3340 3594 3394 in

315 3438 507 3482 Ventre
541 3426 771 3498 elliugit,
799 3441 852 3487 et
874 3433 1106 3488 obscure
1139 3434 1376 3502 insonat,
1410 3450 1474 3490 ac
1520 3436 1567 3491 si
1618 3436 1873 3505 dogmata
1906 3447 2119 3499 essent,
2153 3444 2559 3507 pregrammate
2602 3432 2831 3499 stabilit,
2871 3448 2997 3487 vera
3030 3447 3152 3487 esse
3185 3433 3593 3486 demonstrans.

320 3523 383 3574 Iit
421 3524 590 3577 verba
621 3525 1047 3597 eugastrimytlti
1074 3542 1102 3581 a
1136 3526 1344 3597 Spiritu
1371 3538 1566 3583 sancto
1591 3528 1799 3583 dictata
1831 3532 2192 3593 contendens,
2238 3543 2325 3595 ea,
2364 3538 2422 3582 ut
2476 3526 2581 3582 sibi
2614 3526 2831 3583 videtur
2883 3527 3166 3599 ascribens
3212 3524 3324 3579 vult
3371 3524 3599 3581 innnota

315 3628 666 3682 permanere,
733 3621 937 3675 divinis
964 3636 1097 3676 vero
1125 3622 1364 3679 oraculis
1394 3640 1423 3679 a
1455 3623 1643 3695 Moyse
1679 3624 1892 3678 traditis
1921 3624 2221 3679 fabularum
2256 3624 2476 3679 nomine
2509 3623 2780 3694 insignitis
2817 3637 3038 3677 sensum
3070 3622 3313 3687 invertit,
3363 3621 3599 3677 litterae-

315 3723 425 3776 que
456 3712 737 3767 traditioni
771 3730 879 3771 non
914 3716 1028 3770 vult
1061 3728 1118 3773 ut
1145 3720 1272 3790 quis
1298 3720 1542 3775 animum
1573 3721 1842 3775 intendat.
1866 3719 2061 3777 Nonne
2094 3722 2224 3776 item
2254 3721 2322 3774 ad
2349 3720 2627 3776 Abraham
2654 3729 2848 3790 puteos
2873 3718 3124 3785 eII‘ossos,
3166 3719 3379 3787 aliaque
3408 3719 3475 3772 ad
3505 3733 3605 3774 eos

230 3858 241 3865 ,
315 3802 674 3877 pertinentia,
708 3805 991 3876 allegoriis
1028 3811 1272 3878 exponit,
1304 3821 1564 3881 tantaque
1596 3825 1914 3866 sermonum
1956 3812 2111 3881 copia
2159 3812 2213 3866 in
2266 3811 2593 3865 immensuru
2636 3819 2944 3879 protracta,
2972 3825 3136 3865 oume
3182 3810 3250 3865 de
3291 3796 3401 3863 illis
3429 3826 3599 3880 nego-

321 3894 455 3948 tium
490 3897 835 3954 disterminat
872 3898 929 3955 in
979 3902 1146 3956 alium
1181 3919 1404 3959 sensum
1434 3902 1785 3970 translatum,
1812 3903 1942 3958 licet
1985 3904 2055 3956 ad
2103 3904 2221 3958 haec
2248 3918 2421 3973 usque
2450 3912 2694 3972 tempora
2733 3903 2785 3961 in
2833 3902 3057 3972 regione
3088 3899 3178 3956 illa
3213 3902 3387 3957 oculis
3422 3904 3601 3957 adhuc

320 3987 772 4054 conspiciantur?
797 3989 986 4046 Nonne
1012 3991 1164 4048 Isaac
1186 4002 1240 4048 et
1267 3994 1532 4049 Rebeccae
1563 4007 1653 4048 res
1685 4006 1870 4064 gestas
1893 3994 2222 4060 immutavit,
2254 3995 2495 4057 inaures,
2523 4003 2574 4049 et
2628 3993 2897 4058 armillas,
2938 4009 3219 4049 sermones
3248 4010 3369 4051 esse
3402 4010 3603 4051 aureos

316 4079 527 4143 dicens.
556 4093 614 4137 ot
640 4084 959 4139 universum
990 4088 1226 4157 denique
1272 4100 1660 4155 argumentum
1713 4106 1811 4158 per
1838 4090 1949 4143 vim
1994 4090 2308 4152 distortum,
2337 4090 2408 4143 ad
2458 4104 2521 4142 ea
2552 4104 2673 4158 qua:
2712 4090 2900 4143 animo
2945 4098 3246 4143 cernuntur
3289 4099 3343 4144 et
3390 4090 3602 4143 ratione

321 4173 703 4242 intelliguntur
740 4178 1079 4242 traductum,
1113 4179 1556 4236 cavillationibus
1587 4181 1944 4250 deturpavit?
1980 4200 1997 4232 ι
2033 4180 2099 4234 Et
2145 4190 2431 4250 postquam
2458 4181 2565 4233 alia
2599 4181 2868 4249 ejusmodi
2915 4180 3166 4249 exempla
3220 4181 3467 4249 protulit,
3521 4180 3604 4236 sic

319 4267 526 4336 pergil:
556 4286 574 4319 ε
607 4268 750 4333 Quid
789 4270 916 4323 inde
945 4283 1083 4339 Opus
1118 4281 1201 4324 est
1230 4270 1372 4323 ultra
1410 4271 1706 4341 progredi?
1754 4271 1970 4334 Omnia,
2009 4279 2068 4322 ut
2093 4271 2265 4324 verbo
2292 4271 2602 4339 expediam,
2632 4269 2910 4339 allegoriis
2952 4279 3006 4323 et
3038 4270 3349 4326 nominibus
3377 4274 3600 4325 desum-

318 4359 430 4417 ntis
457 4362 712 4429 exponit,
742 4377 927 4415 rerum
960 4372 1283 4432 argumenta
1316 4363 1383 4416 de
1413 4363 1592 4416 medio
1621 4361 1757 4416 tollit
1787 4376 1801 4415 :
1830 4377 2006 4430 neque
2040 4362 2167 4415 illud
2196 4362 2527 4430 percipiens.
2559 4361 2759 4416 multas
2787 4377 2909 4418 esse
2941 4362 3215 4430 juStorum
3264 4372 3319 4417 et
3368 4365 3605 4434 injustoo

320 4462 437 4501 rum
470 4450 691 4504 easdem
723 4451 1219 4516 denominationes,
1244 4465 1424 4520 neque
1454 4452 1571 4505 fieri
1604 4466 1787 4520 posse,
1814 4462 1870 4505 ut
1898 4453 2129 4508 diversae
2154 4454 2278 4506 vita:
2305 4452 2547 4507 rationes
2587 4454 2655 4507 ab
2685 4468 2792 4506 uno
2824 4453 3046 4508 nomine
3094 4456 3350 4512 similiter
3397 4459 3605 4527 dijudi-

319 4550 534 4596 venitur.
572 4541 667 4596 Est
705 4540 876 4597 Judas
914 4544 1183 4611 proditor,
1222 4553 1308 4597 est
1333 4554 1388 4598 et
1414 4543 1555 4597 alter
1592 4542 1762 4598 Judas
1804 4544 2125 4612 apostolus;
2180 4543 2266 4598 vel
2306 4559 2524 4599 rursum
2572 4543 2868 4600 Zacharias
2906 4561 2999 4600 rex
3049 4546 3465 4617 injustissimus,
3518 4567 3603 4610 est

320 4633 613 4691 Zacharias
637 4636 777 4692 alter
810 4639 1095 4705 propheta.
1130 4638 1199 4692 Et
1233 4639 1325 4707 qui
1357 4638 1409 4691 in
1445 4639 1669 4693 fornace
1696 4638 1836 4709 ignis
1864 4639 2100 4707 injectus
2139 4650 2246 4705 est,
2291 4640 2534 4695 Ananias
2567 4641 2884 4708 vocabatur,
2936 4643 3031 4697 sed
3078 4644 3217 4699 alter
3264 4657 3349 4701 est
3403 4660 3605 4718 prteter

322 4732 467 4785 hunc
488 4732 755 4797 Ananias,
783 4734 876 4804 qui
912 4733 1218 4788 Ecclesiam
1256 4734 1760 4804 persequebatur...
1789 4736 1958 4804 Igitur
1981 4737 2028 4791 si
2067 4736 2293 4792 nomine
2333 4751 2423 4791 res
2456 4736 2586 4806 ipsa:
2608 4738 3018 4805 discernuntur,
3049 4741 3144 4810 qui
3181 4743 3457 4799 similibus
3490 4757 3600 4801 tro-

322 4823 552 4892 pologiis
582 4824 927 4889 incumbunt,
952 4824 1142 4879 dicant
1172 4840 1277 4895 qua
1318 4828 1584 4881 methodo
1622 4828 1870 4883 diversas
1905 4829 2165 4883 scientias
2198 4839 2293 4883 aut
2316 4829 2439 4883 vita:
2470 4830 2708 4885 rationes
2737 4846 2807 4884 ex
2832 4831 3022 4886 eodem
3052 4833 3269 4889 nomine
3294 4837 3605 4904 explicant?

322 4911 472 4968 Multi
508 4916 721 4971 scilicet
749 4917 799 4969 in
840 4917 984 4971 hunc
1018 4917 1161 4970 diem
1192 4917 1603 4987 progenitor-um
1636 4930 1730 4972 aut
1762 4920 2150 4987 prophetarum
2182 4919 2499 4974 nominibus
2534 4921 2779 4986 insigniti
2811 4920 2981 4976 Judaei
3036 4923 3124 4992 jus
3161 4923 3369 4980 violant
3400 4939 3452 4982 et
3500 4932 3603 4985 int-

323 5009 412 5078 pie
439 5010 647 5065 vivunt.
683 5010 837 5066 Multi
870 5013 999 5067 item
1026 5023 1083 5066 et
1114 5014 1256 5082 apud
1285 5015 1519 5085 gentiles
1546 5012 1694 5069 Petri
1754 5026 1810 5068 et
1856 5014 2014 5069 Pauli
2052 5019 2350 5084 mmeupati
2386 5017 2596 5072 nefarie
2645 5035 2763 5073 rem
2796 5037 2950 5076 suam
2992 5036 3257 5094 gerunt...
3311 5025 3422 5081 Hac
3462 5027 3602 5079 dun-

325 5110 477 5155 taxat
502 5104 753 5158 methodo
774 5120 841 5159 ex
879 5120 1029 5160 more
1066 5106 1246 5158 omnia
1281 5104 1483 5174 ubique
1511 5105 1793 5177 allegoriis
1823 5105 2142 5181 inferciens,
2179 5115 2388 5159 tantum
2419 5108 2842 5179 engastritnytbi
2867 5111 3029 5166 verba
3064 5113 3295 5184 ﬁgurate
3326 5116 3605 5171 extricare

328 5214 434 5251 non
468 5198 665 5267 potuit,
711 5215 886 5269 neque
926 5201 1043 5270 ipsa
1085 5216 1265 5254 rerum
1300 5209 1580 5271 gestarum
1617 5201 2009 5270 consequentia
2064 5200 2115 5253 in
2151 5202 2324 5254 lucem
2360 5202 2611 5257 veritatis
2642 5202 2909 5271 proferre.
2954 5224 2972 5258 ι
3008 5204 3169 5261 Vides
3209 5209 3276 5262 ab
3315 5207 3603 5263 Eustathio

326 5292 478 5360 carpi
510 5300 566 5344 et
594 5291 800 5346 acriter
830 5294 1162 5361 reprehendi
1202 5291 1525 5364 Origenem,
1552 5295 1700 5363 quod
1727 5293 2019 5349 litteralem
2048 5308 2267 5347 sensum
2292 5294 2531 5360 aboleat,
2561 5306 2616 5351 ct
2648 5297 2849 5367 ﬁguras
2878 5301 3080 5369 ubique
3110 5303 3387 5373 exquirat.

400 5410 584 5473 Idem,
628 5407 797 5461 tacito
831 5415 1009 5462 tamen
1050 5407 1170 5475 ejus
1224 5409 1472 5472 nomine,
1506 5409 1575 5462 de
1623 5407 1716 5461 illo
1758 5408 1985 5477 ejusque
2021 5407 2244 5463 asseclis
2283 5407 2550 5477 judicium
2601 5411 2724 5464 tulit
2771 5411 3007 5468 Basilius
3041 5416 3270 5469 humilia
3321 5418 3486 5472 tertia
3546 5419 3601 5474 in

329 5503 702 5559 Hexaemeron
733 5520 884 5559 num.
912 5504 966 5560 9.
1005 5520 1025 5554 ι
1057 5505 1406 5572 Quinetiam,
1449 5503 1652 5574 inquit,
1688 5503 1888 5573 aliquis
1924 5503 2080 5558 nobis
2123 5504 2388 5559 adversus
2442 5505 2848 5563 ecclesiasticos
2895 5511 3158 5578 quosdam
3191 5512 3488 5582 scriptores
3532 5517 3600 5569 de

326 5603 581 5655 discretis
622 5600 777 5667 aquis
822 5599 1105 5655 habendus
1151 5609 1235 5655 est
1285 5613 1468 5655 sermo
1510 5616 1524 5653 :
1557 5598 1648 5669 qui
1688 5614 1960 5669 anagogcs
1986 5607 2039 5651 et
2074 5597 2412 5653 sublimioris
2459 5598 2831 5671 intelligentia:
2863 5605 3083 5658 nomine
3122 5603 3487 5675 confugerunt
3530 5610 3602 5665 ad

327 5693 640 5762 allegorias,
688 5693 825 5747 adeo
876 5703 933 5745 ut
981 5693 1255 5761 spiritales
1293 5702 1348 5747 et
1399 5693 1756 5762 incorporeas
1793 5692 2027 5746 virtutes
2080 5702 2332 5746 asserant
2384 5708 2483 5761 per
2535 5709 2706 5762 aquas
2746 5696 2952 5763 tropice
2993 5696 3362 5781 signiﬁcari”
3391 5738 3405 5753 .
3442 5697 3601 5753 Tales

328 5805 488 5857 porro
521 5804 801 5845 sermones
846 5790 1029 5859 veluti.
1055 5789 1396 5843 somniorum
1430 5789 1915 5857 interpretationes
1960 5799 2016 5842 et
2051 5788 2229 5842 aniles
2256 5787 2471 5841 fabulas
2512 5787 2845 5854 rejicientes,
2884 5803 3105 5861 aquam,
3154 5806 3350 5861 aquam
3400 5790 3605 5845 intelli-

328 5899 544 5955 gamus,
580 5894 634 5941 et
679 5885 1044 5943 secretionent
1079 5899 1108 5938 a
1158 5885 1511 5941 ﬁrmamento
1548 5884 1751 5941 factam
1783 5885 1937 5954 juxta
1991 5883 2211 5937 allatam
2256 5883 2529 5938 rationem
2567 5882 2962 5952 accipiamus.»
3010 5883 3138 5939 Item
3190 5885 3411 5942 humilia
3454 5899 3595 5938 nona
