4138 6418
506 319 579 375 59
1727 324 2094 381 PRA‘LFATIO
2138 327 2235 389 AD
2271 326 2432 382 'i'OM.
2473 327 2539 381 11.
3704 338 3771 392 ω

505 453 558 507 in
587 450 847 506 Hexacm.
916 464 1064 504 num.
1092 448 1161 502 l:
1201 465 1220 498 ι
1250 444 1383 501 Νονὶ
1427 443 1578 513 leges
1623 440 1921 513 allegoria,
1967 442 2183 497 etiamsi
2225 460 2317 499 cas
2367 459 2473 498 non
2514 459 2581 500 ex
2626 458 2711 499 me
2748 445 2866 515 ipso
2908 445 3298 517 excogitarim,
3330 451 3425 505 scd
3456 451 3510 507 in
3541 452 3765 507 aliorum

503 542 786 598 inciderint
865 542 1097 595 labores.
1142 541 1288 607 Quas
1333 537 1741 606 Scripturarum
1786 549 2107 589 connnnnes
2156 536 2408 591 notiones
2452 537 2544 604 qui
2597 552 2704 592 non
2758 539 3101 609 suscipiunt,
3150 556 3372 611 aquam,
3420 559 3524 599 non
3569 560 3767 615 aquam
3860 598 3863 601 .

503 634 714 698 dicunt,
755 634 848 687 sed
888 633 1051 686 aliam
1110 631 1404 701 quamdam
1440 636 1718 690 naturam,
1760 634 1817 679 et
1852 624 2117 693 plantatn,
2159 636 2215 679 et
2257 628 2483 695 piscem,
2518 628 2817 682 secundum
2861 644 3015 683 suam
3056 631 3293 700 ipsorum
3324 636 3652 689 sententiam
3686 635 3772 688 in-

504 734 893 794 terpretantur.
930 724 1244 791 Quinetiam
1279 720 1550 791 reptiiium
1600 728 1656 773 et
1698 733 1965 787 pecorum
2002 718 2417 785 generationem
2462 717 2530 771 ad
2575 733 2704 773 suas
2746 718 3039 789 allegorias
3089 720 3361 775 detortam
3399 725 3625 784 perinde
3670 741 3764 779 ex-

502 826 743 885 ponunt,
790 826 850 869 ut
883 818 1105 885 quidam
1160 831 1344 871 rerum
1398 827 1521 868 sese
1570 812 1949 883 imaginationi
2004 810 2392 878 objicientiunt
2456 809 2809 880 interpretes,
2855 813 2948 882 qui
2987 829 3119 867 suas
3170 814 3652 885 interpretationes
3699 820 3767 872 ad

500 909 781 978 proprium
816 925 1041 979 scopum
1092 910 1526 965 acconnnodant.
1558 907 1672 978 Ego
1716 922 1843 961 vero
1877 922 2004 959 curti
2037 906 2245 960 frenum
2286 906 2472 971 audio,
2515 905 2723 960 fanum
2769 907 3032 977 intelligo,
3064 918 3119 963 et
3148 910 3410 978 plantam,
3439 921 3492 965 et
3527 911 3765 979 piscem,

496 1012 550 1055 et
589 1002 848 1070 bestiam,
877 1014 937 1059 et
968 1019 1158 1073 pecus,
1187 1004 1377 1060 omnia
1417 1003 1494 1057 uti
1532 1003 1676 1056 dicta
1715 1011 1845 1057 sunt
1870 1002 1951 1056 sic
1983 1002 2213 1071 accipio.
2237 1021 2255 1052 ι
2295 1001 2357 1056 Et
2390 1001 2554 1071 paulo
2602 1012 2765 1071 post:
2805 1021 2823 1055 ι
2855 1003 3043 1060 Nonne
3088 1006 3267 1074 potius
3310 1008 3358 1061 ei
3405 1008 3604 1062 dedero
3649 1008 3766 1077 glo-

496 1097 634 1152 riam
686 1100 779 1167 qui
812 1110 1049 1154 mentem
1088 1109 1327 1154 nostram
1363 1099 1418 1153 in
1455 1113 1639 1153 rerum
1670 1113 1934 1152 vanarum
1968 1096 2332 1166 occupatione
2377 1112 2486 1152 non
2521 1097 2779 1162 detinuit,
2821 1098 2915 1153 sed
2940 1100 3122 1155 omnia
3152 1100 3218 1153 ad
3260 1100 3681 1154 aedificationem
3716 1109 3770 1155 et

502 1193 895 1261 perfectionem
942 1196 1253 1249 animartnn
1284 1204 1597 1250 nostrarum
1639 1195 1911 1250 conscribi
1963 1194 2182 1248 sanxit?
2216 1193 2271 1247 id
2320 1198 2463 1263 quod
2498 1194 2717 1263 quidam
2772 1195 2902 1248 mihi
2950 1196 3201 1250 videntur
3245 1212 3351 1252 non
3388 1196 3761 1255 intellexisse:

494 1284 588 1354 qui
618 1286 966 1355 captionibus
1003 1286 1327 1354 quibusdam
1362 1294 1527 1352 atque
1569 1286 1883 1356 tropologiis
1910 1300 1978 1339 ex
2014 1298 2114 1338 suo
2151 1286 2390 1353 ipsorum
2436 1286 2655 1355 ingenio
2685 1284 2889 1355 aliquid
2933 1286 3231 1357 Scripturis
3258 1290 3536 1343 asciscere
3566 1300 3764 1342 aucto-

497 1376 679 1430 ritatis
719 1378 900 1430 conati
940 1388 1090 1430 sunt.
1124 1377 1323 1431 Verum
1357 1377 1407 1429 id
1440 1376 1490 1431 ei
1525 1376 1810 1445 competit,
1840 1374 1931 1443 qui
1967 1374 2204 1443 scipsnm
2242 1374 2481 1443 Spiritus
2516 1376 2689 1428 sancti
2736 1377 2976 1432 oraculis
3011 1378 3298 1433 constituit
3340 1380 3764 1449 sapientiorem,

494 1468 696 1536 quique
755 1467 1225 1536 interpretationis
1278 1477 1546 1538 pranextu
1578 1477 1885 1523 commenta
1920 1482 2016 1521 sua
2052 1465 2284 1520 inducit.
2324 1465 2447 1522 Haec
2494 1466 2697 1535 itaque,
2732 1468 2876 1522 sicut
2910 1472 3113 1539 scripta
3148 1481 3278 1524 sunt
3330 1471 3719 1539 intelligantur.
3742 1488 3761 1521 ι

495 1556 709 1613 Rursus
758 1560 947 1614 bomil.
975 1560 1010 1614 2
1046 1559 1100 1614 in
1148 1561 1407 1615 llexaem.
1470 1577 1620 1614 num.
1650 1559 1726 1614 5:
1766 1578 1783 1611 ι
1814 1559 2045 1614 Omnem
2080 1558 2245 1627 igitur
2284 1558 2824 1626 interpretationem,
2872 1562 3045 1630 tr0pis
3087 1572 3142 1616 et
3180 1562 3457 1633 allegoriis
3500 1572 3763 1617 constan-

497 1661 630 1717 tem,
666 1653 717 1705 in
748 1656 1038 1721 prwscntia
1078 1655 1580 1723 prmtermittentes,
1623 1654 1975 1710 tenebrarum
2014 1656 2289 1709 notionem
2321 1653 2649 1724 simpliciter
2673 1666 2730 1710 et
2758 1658 2896 1711 citra
2932 1658 3333 1727 curiositatem,
3361 1674 3579 1714 sensum
3613 1657 3765 1713 Scri-

495 1752 667 1813 ptura:
700 1747 893 1811 secuti,
924 1750 1278 1818 accipiamus.
1309 1769 1327 1801 ι
2166 1806 2171 1813 .

562 1839 927 1909 Allegoricam
970 1843 1226 1913 Origcnis
1256 1845 1486 1914 ejusque
1521 1846 1842 1915 sequacium
1901 1845 2217 1899 methodum
2253 1844 2458 1899 diserte
2499 1844 2662 1899 etiam
2710 1845 2958 1901 confutat
2988 1848 3411 1920 Chrysostoutus
3442 1849 3666 1903 homilia
3703 1848 3767 1903 15

493 1933 546 1987 in
604 1934 880 1999 Genesim,
927 1946 1057 1991 tom.
1084 1937 1147 1991 IV
1182 1955 1311 1993 nov.
1366 1942 1502 2005 edi.,
1540 1956 1665 2010 pag.
1713 1940 1816 1993 102
1855 1950 1911 1995 et
1944 1940 2072 1999 105.
2105 1940 2199 1994 ubi
2266 1940 2382 1994 ait:
2423 1958 2439 1989 ι
2472 1938 2582 1995 lloc
2630 1944 2753 1997 loco
2784 1942 2934 2006 illud,
2966 1942 3219 2011 plantavit
3245 1942 3312 2008 ³⁸,
3345 1943 3424 1996 sic
3460 1942 3765 2012 intelligen-

489 2030 641 2093 dum,
681 2030 894 2084 scilicet
923 2030 1099 2099 ipsum
1133 2032 1434 2102 imperasse
1476 2045 1533 2087 ut
1567 2036 1855 2103 paradisus
1894 2035 1947 2089 in
1982 2045 2127 2088 terra
2166 2036 2352 2087 lieret.
2384 2076 2399 2091 .
2427 2072 2443 2088 .
2468 2070 2483 2085 .
2506 2034 2635 2091 ideo
2664 2038 2831 2091 etiam
2865 2036 2969 2091 ioci
3023 2052 3218 2091 nomen
3264 2036 3423 2091 affert
3463 2036 3673 2105 Moyses
3712 2036 3764 2088 in

490 2116 823 2185 Scripturis,
857 2132 917 2173 ttt
959 2136 1025 2175 ne
1062 2120 1253 2175 liceret
1282 2121 1483 2175 frustra
1529 2124 1722 2192 nugari
1768 2122 2075 2177 volentibus
2108 2122 2503 2192 simpliciorum
2550 2123 2775 2179 auribus
2821 2124 3121 2194 imponere,
3159 2126 3449 2193 dicereque
3491 2141 3597 2179 non
3646 2140 3766 2179 esse

492 2211 545 2266 in
587 2222 727 2266 terra
768 2212 1110 2280 paradisum,
1154 2214 1248 2267 sed
1288 2214 1340 2267 in
1377 2214 1539 2282 coalo,
1572 2225 1627 2270 et
1663 2214 1875 2269 fabulas
1921 2215 2232 2283 hnjusmodi
2275 2219 2568 2271 senmiare.
2617 2214 2753 2270 Nam
2798 2218 2842 2271 si
2888 2233 3011 2271 cum
3054 2218 3239 2272 divina
3282 2218 3565 2285 Scriptura
3613 2224 3764 2271 tanta

492 2319 591 2357 usa
625 2304 697 2357 sit
732 2305 1023 2358 verborum
1060 2305 1432 2370 accnratione,
1484 2320 1588 2359 non
1628 2306 1943 2359 dubitarunt
1978 2315 2159 2360 tamen
2204 2308 2429 2375 quidam
2472 2309 2538 2361 de
2571 2305 2820 2360 facundia
2871 2324 2995 2370 sua,
3044 2323 3253 2361 necnon
3299 2307 3364 2359 de
3422 2305 3761 2375 philosophia

490 2395 706 2451 exotica
760 2394 929 2448 altum
972 2396 1273 2465 sapientes,
1317 2397 1548 2450 adversa
1591 2398 1891 2466 Scripturis
1939 2398 2114 2468 loqui.
2164 2410 2218 2453 et
2253 2399 2439 2454 dicere
2477 2400 2790 2469 paradisum
2835 2399 2888 2452 in
2937 2408 3085 2454 terra
3135 2414 3241 2453 non
3294 2413 3439 2463 esse,
3486 2396 3763 2465 multaque

489 2485 597 2543 alia
634 2498 834 2558 praeter
866 2504 926 2542 ea
963 2503 1084 2557 quae
1117 2489 1263 2542 dicta
1301 2498 1425 2544 sunt
1476 2491 1813 2559 adoptantcs,
1849 2500 2039 2545 contra
2094 2490 2433 2559 Scripturam
2489 2492 2719 2555 sentire,
2745 2500 2800 2544 et
2834 2492 3119 2544 adversam
3157 2500 3344 2543 tenere
3391 2489 3559 2551 viam,
3595 2497 3764 2557 atque

490 2602 555 2639 ea
596 2600 717 2654 qua:
751 2586 816 2639 de
866 2594 1009 2639 terra
1050 2586 1192 2641 dicta
1239 2596 1398 2650 sunt,
1440 2587 1507 2639 de
1556 2586 1712 2641 caelis
1761 2586 1902 2639 dicta
1939 2596 2159 2655 putare,
2207 2587 2309 2640 nisi
2360 2586 2549 2640 hmnili
2592 2586 2680 2639 illa
2720 2595 2776 2640 et
2819 2594 3176 2656 attemperata
3221 2585 3508 2638 verborum
3550 2582 3761 2636 ratione

494 2696 628 2734 usus
657 2679 868 2749 Moyses
902 2692 1070 2746 esset,
1102 2680 1312 2750 Spiritu
1348 2692 1538 2734 sancto
1569 2682 1805 2749 linguam
1833 2680 1952 2748 ejus
1977 2690 2250 2743 movente,
2280 2695 2391 2750 quo
2422 2697 2529 2734 non
2569 2680 2805 2734 devoluti
2838 2680 3059 2734 essent?
3079 2718 3093 2732 .
3118 2717 3133 2732 .
3156 2717 3172 2733 .
3211 2677 3325 2733 Non
3356 2679 3580 2732 credcre
3610 2677 3758 2731 enim

492 2770 560 2828 iis
587 2789 707 2841 qua:
739 2774 790 2826 in
827 2773 1006 2826 divina
1036 2772 1319 2843 Scriptura
1353 2777 1625 2842 feruntur,
1653 2776 1751 2828 sed
1785 2774 1889 2828 alia
1919 2790 1986 2829 cx
2022 2774 2241 2844 propria
2275 2785 2455 2829 mente
2486 2775 2763 2838 inducere,
2799 2788 3050 2840 magnum
3085 2780 3214 2842 puto
3242 2772 3540 2840 periculum
3566 2785 3758 2826 creare

493 2869 619 2923 talia
650 2868 995 2923 audentibus.
1012 2888 1030 2920 ι

563 2959 711 3019 Inter
755 2976 879 3020 octo
912 2966 1259 3036 Origeniame
1294 2969 1553 3021 doctrina:
1584 2967 1787 3036 capita,
1835 2982 2069 3036 qnorunt
2106 2966 2463 3036 Epiphanius,
2490 2966 2823 3037 TheOphilus
2866 2975 2920 3020 et
2953 2964 3319 3034 Hieronymus
3349 2962 3756 3018 damnationem

487 3069 520 3110 a
555 3052 766 3113 Joanne
805 3058 1263 3129 Jerosolymitano
1295 3059 1551 3128 episcopo
1584 3059 1956 3128 postulabant,
1987 3068 2200 3113 sextum
2234 3068 2287 3115 et
2328 3061 2617 3129 septimum
2663 3060 2729 3114 ad
2764 3058 3117 3128 allegoricum
3150 3056 3448 3126 Scriptum
3483 3056 3756 3124 interpre-

489 3150 669 3206 tanda:
708 3155 926 3207 modum
972 3161 1251 3223 spectant,
1299 3163 1354 3208 et
1387 3154 1527 3222 apud
1584 3153 1899 3225 liieronym.
1931 3155 2092 3224 epist.
2120 3154 2189 3209 38
2233 3155 2300 3208 ad
2339 3153 2677 3219 Pammach.,
2710 3165 2842 3209 tom.
2872 3153 2969 3219 IV,
3000 3169 3123 3224 pag.
3151 3152 3256 3206 3N
3286 3166 3409 3206 nov.
3463 3151 3619 3212 cdit.,
3669 3147 3756 3201 bis

490 3245 673 3299 verbis
706 3245 1095 3300 continentur:
1136 3260 1154 3293 ι
1186 3242 1323 3299 Octo
1352 3244 1450 3298 tibi
1491 3246 1574 3315 (ut
1600 3243 1787 3299 statim
1826 3243 2091 3315 prohabo)
2124 3245 2189 3298 de
2224 3260 2319 3315 spe
2363 3244 2487 3299 fidei
2525 3243 2851 3299 Christiana:
2896 3244 3262 3313 quaestionum
3316 3241 3495 3309 capita
3539 3238 3757 3307 objecta

488 3345 651 3391 sunt.
675 3374 691 3390 .
716 3372 734 3389 .
764 3346 975 3389 sextum
1037 3336 1179 3404 quod
1211 3336 1290 3390 sic
1324 3337 1634 3404 paradisum
1670 3336 2003 3405 allegorizet,
2035 3346 2093 3389 ut
2141 3336 2385 3392 historiae
2429 3337 2643 3391 auferat
2677 3336 2997 3400 veritatem,
3042 3351 3141 3404 pro
3184 3334 3475 3389 arboribus
3508 3332 3752 3403 angelos.

488 3443 588 3496 pro
618 3425 926 3483 ﬂuminibus
960 3426 1191 3480 virtutes
1223 3426 1480 3481 cmlestes
1514 3427 1847 3496 intelligens,
1892 3438 2170 3497 totamque
2208 3428 2446 3498 paradisi
2496 3428 2891 3481 continentiam
2938 3426 3273 3496 tropologica
3304 3424 3756 3495 interpretatione

487 3522 793 3576 snbvertat.
837 3520 1168 3590 Septimum,
1211 3520 1359 3589 quod
1391 3535 1586 3589 aquas,
1622 3535 1743 3589 qua!
1776 3536 1941 3590 super
1970 3522 2142 3576 C(l‘IOS
2187 3521 2241 3575 in
2287 3521 2595 3591 Scripturis
2640 3535 2761 3576 esse
2801 3522 3084 3584 dicuntur,
3115 3529 3334 3575 sanctas
3376 3532 3756 3589 aupernasque

487 3614 754 3678 virtutes;
795 3627 914 3683 quae
944 3627 1106 3683 super
1141 3623 1345 3666 terram
1374 3620 1429 3666 et
1458 3611 1600 3665 infra
1636 3621 1859 3677 terram,
1890 3612 2198 3667 contrarias
2226 3622 2281 3666 et
2306 3613 2671 3667 dzentoniacas
2710 3626 2833 3668 esse
2869 3612 3189 3665 arbitretur.
3218 3628 3236 3661 ι
3272 3611 3420 3665 idem
3460 3610 3515 3664 in
3545 3609 3754 3665 Daniel.

492 3725 615 3780 cap.
667 3726 734 3778 χ,
771 3718 905 3765 tom.
943 3708 1042 3773 Ill,
1091 3723 1215 3778 pag.
1260 3705 1434 3769 1118.
1479 3707 1559 3761 sic
1625 3704 1966 3776 Origenistas
2023 3707 2343 3777 perstringit
2386 3723 2400 3760 :
2451 3724 2471 3758 ι
2517 3706 2718 3761 Eorum
2778 3705 3138 3761 deliramenta
3191 3705 3605 3767 conticescant,
3664 3705 3756 3772 qui

485 3804 709 3861 umbras
746 3812 800 3857 et
845 3802 1112 3873 imagines
1158 3802 1212 3853 in
1255 3800 1485 3854 veritate
1516 3809 1853 3867 quaerentes,
1893 3802 2065 3867 ipsam
2108 3810 2381 3852 conantur
2418 3807 2666 3853 evertere
2704 3799 3013 3862 veritatem,
3046 3806 3104 3851 ut
3154 3796 3374 3851 (Iuntina
3421 3805 3475 3851 et
3509 3798 3753 3859 arbores,

481 3902 539 3945 ct
572 3892 887 3961 paradisum
936 3899 1127 3959 putent
1173 3888 1450 3959 allegoria:
1491 3887 1699 3956 legibus
1742 3901 1802 3942 se
1845 3888 2045 3941 debere
2086 3890 2413 3941 subruere.»
2457 3888 2598 3942 ldcm
2648 3886 2866 3958 praefat.
2909 3887 3004 3942 lib.
3033 3902 3066 3939 ν
3095 3886 3388 3943 Comment.
3420 3892 3473 3942 in
3517 3888 3757 3949 laniatu,

488 3998 621 4042 tom.
656 3985 745 4049 III,
775 3999 903 4054 pag.
930 3984 1028 4037 107
1058 4001 1071 4037 :
1108 3998 1128 4033 ι
1160 3982 1300 4047 Quid
1338 3981 1504 4051 igitur
1528 3978 1765 4033 faciam?
1797 3979 2099 4033 subeamne
2122 3992 2262 4047 Opus
2294 3977 2347 4030 in
2377 3992 2487 4046 quo
2526 3978 2629 4031 viri
2663 3976 3020 4032 eruditissimi
3063 3981 3417 4044 sudaverunt,
3453 3978 3746 4047 Origenem

489 4083 702 4150 loquor,
748 4088 806 4131 et
837 4076 1129 4131 Eusebium
1170 4072 1481 4142 Pamphili:
1514 4085 1747 4141 quorum
1787 4070 1929 4123 alter
1974 4068 2164 4122 liberis
2199 4068 2475 4139 allegoria!
2518 4068 2714 4134 spatiis
2745 4077 3030 4137 evagatur,
3057 4078 3112 4121 et
3160 4068 3532 4137 interpretatis
3579 4071 3757 4123 nomi-

484 4176 645 4231 nibus
690 4170 1053 4241 singulorum,
1094 4167 1371 4237 ingenium
1404 4178 1561 4218 suum
1606 4162 1740 4216 facit
1774 4161 2032 4217 Ecclesiae
2079 4172 2462 4227 sacramenta;
2501 4161 2644 4215 alter
2679 4160 2995 4216 historicum
3027 4162 3423 4231 expositionem
3456 4162 3615 4217 titulo
3659 4179 3750 4216 re-

485 4266 810 4339 promittens
855 4260 1123 4315 interdum
1175 4257 1521 4311 obliviscitnr
1568 4254 1854 4325 propositi,
1890 4263 1947 4306 et
1992 4251 2045 4305 in
2092 4251 2343 4323 Origenis
2385 4253 2519 4306 scita
2567 4253 2843 4306 concedit.
2874 4271 2892 4303 ι
2941 4250 3208 4322 Origenes
3259 4251 3513 4307 Jcrcmiae
3573 4256 3749 4309 locum

483 4368 789 4412 exstantem
823 4368 942 4421 cap.
970 4366 1138 4413 xxvn,
1174 4351 1225 4409 2,
1258 4349 1331 4402 5:
1366 4366 1384 4399 ι
1415 4348 1521 4402 Fac
1555 4346 1653 4401 tibi
1700 4346 1913 4401 vincula
1952 4355 2007 4399 et
2037 4356 2299 4399 catenas:
2338 4354 2396 4398 et
2435 4360 2606 4415 pones
2648 4361 2743 4399 eas
2785 4347 2839 4399 in
2874 4344 3016 4399 collo
3062 4353 3178 4407 tuo,
3216 4354 3271 4397 et
3317 4344 3501 4399 mittes
3547 4360 3642 4401 eas
3688 4349 3756 4399 ad

486 4464 667 4518 regem
695 4447 893 4505 Ει10111,
936 4452 993 4496 et
1030 4444 1094 4496 ad
1126 4457 1307 4509 regem
1346 4440 1519 4504 Moab,
1549 4449 1605 4493 ct
1631 4441 1696 4492 ad
1729 4453 1913 4507 regem
1952 4437 2186 4491 liliorum
2218 4436 2475 4500 AmmOn,
2503 4447 2559 4491 et
2584 4439 2653 4490 ad
2683 4452 2863 4503 regem
2892 4434 3046 4505 Tyri,
3074 4444 3131 4488 et
3165 4436 3233 4488 ad
3265 4451 3446 4505 regem
3477 4438 3755 4501 Sidonis,a

491 4538 546 4595 in
580 4539 892 4608 allegoriam
927 4543 1188 4589 traxerat.
1230 4532 1357 4600 Ejus
1385 4531 1783 4600 expositionem
1818 4528 1987 4583 refert
2020 4528 2384 4598 Hieronymus
2416 4538 2550 4581 tom.
2580 4527 2666 4585 Ill.
2700 4544 2830 4595 pag.
2855 4528 2961 4582 658
2990 4547 3006 4583 :
3045 4546 3063 4578 ι
3096 4526 3252 4582 llnnc
3297 4529 3494 4593 locum,
3546 4531 3752 4599 inquit.

485 4635 810 4704 allegoricus
850 4646 1064 4699 semper
1101 4629 1390 4696 interpres,
1435 4637 1490 4680 et
1525 4626 1767 4680 historia:
1819 4625 2040 4694 fugiens
2071 4624 2390 4687 veritatem,
2436 4624 2837 4693 interpretatur
2884 4625 2949 4677 de
2981 4624 3186 4679 crniesti
3239 4623 3562 4687 Jerusalem.
3609 4630 3754 4693 quod

486 4734 723 4787 debeant
790 4727 1123 4782 habitatores
1168 4724 1287 4791 ejus
1330 4732 1526 4791 sponte
1570 4734 1850 4775 assumere
1902 4734 2166 4787 corpora,
2214 4728 2271 4773 et
2300 4717 2631 4772 descendere
2679 4719 2729 4771 in
2765 4717 3115 4789 Babylonem,
3162 4719 3213 4771 id
3256 4731 3341 4773 cst
3379 4720 3753 4774 confusionem

487 4828 671 4883 mundi
709 4825 867 4895 hujus
915 4824 1004 4895 qui
1061 4824 1111 4876 in
1151 4821 1383 4889 maligno
1424 4819 1636 4887 positus
1667 4828 1774 4881 est,
1821 4826 1877 4871 et
1910 4817 2120 4871 servire
2169 4815 2282 4885 regi
2329 4813 2649 4884 Babylooio,
2688 4814 2832 4867 haud
2882 4816 3105 4869 dubium
3141 4816 3270 4884 quin
3318 4816 3552 4869 diabolo.
3602 4816 3755 4881 Quod

485 4924 529 4977 si
576 4924 677 4976 hoc
726 4921 907 4974 facere
957 4918 1251 4982 noluerint,
1291 4929 1635 4984 nequaquam
1678 4928 1772 4968 eos
1829 4912 2017 4982 gravia
2056 4926 2286 4980 corpora
2343 4920 2677 4977 portaturos,
2726 4912 2817 4964 sed
2864 4911 3136 4979 perituros
3182 4910 3381 4979 gladio,
3414 4922 3469 4963 et
3506 4910 3670 4973 fame,
3701 4924 3757 4965 et

488 5029 657 5089 peste,
701 5026 756 5071 ct
798 5030 1136 5086 nequaquam
1171 5013 1421 5067 homines
1456 5011 1693 5076 futuros,
1724 5010 1817 5063 sed
1853 5011 2148 5063 diemones.
2197 5007 2311 5060 iloc
2351 5007 2439 5059 ille
2488 5006 2708 5072 dixerit,
2745 5021 2813 5061 ne
2846 5005 3161 5060 defensores
3198 5006 3315 5073 ejus
3358 5006 3513 5059 nobis
3544 5006 3757 5058 calum-

458 5116 629 5167 niam
662 5111 885 5166 faciant.
928 5110 1198 5165 Cteterum
1237 5122 1332 5161 nos
1377 5107 1677 5174 simplicem
1724 5116 1779 5158 ct
1822 5119 2004 5157 veram
2061 5119 2359 5173 sequamur
2404 5103 2713 5167 historiam,
2764 5118 2831 5156 ne
2880 5103 3203 5171 quibusdam
3244 5102 3477 5155 nubibus
3516 5112 3565 5156 et
3613 5117 3752 5171 prie-

485 5208 663 5278 stigiis
706 5208 1070 5261 involvamur.
1099 5224 1118 5257 ι
1159 5204 1550 5273 ldem,prarfat.
1597 5202 1649 5256 in
1686 5201 1948 5262 Malach.,
1987 5208 2119 5254 tom.
2156 5198 2244 5262 lli,
2277 5198 2517 5267 p.1807,
2550 5197 2692 5249 hanc
2738 5197 2805 5250 de
2853 5194 3183 5263 Origcniano
3227 5193 3280 5245 in
3332 5192 3473 5246 imnc
3521 5195 3751 5261 prophe-

487 5313 594 5354 tam
644 5297 1037 5355 coiumentario
1087 5298 1191 5350 fert
1241 5296 1564 5348 sententiam
1606 5309 1620 5344 :
1660 5310 1676 5342 ι
1710 5290 1941 5359 Scripsit
1979 5292 2030 5345 in
2083 5292 2228 5345 hunc
2276 5288 2472 5342 librum
2524 5285 2789 5353 Origenes
2826 5284 2927 5335 tria
2978 5283 3283 5347 volumina,
3326 5285 3418 5336 srd
3467 5283 3747 5335 historiam

486 5394 705 5447 omnino
743 5407 851 5445 non
888 5389 1085 5458 tetigit,
1114 5398 1168 5441 et
1202 5402 1349 5441 more
1392 5401 1489 5439 suo
1534 5395 1681 5437 totus
1728 5385 1780 5436 in
1832 5383 2106 5452 allegoria:
2156 5379 2606 5448 interpretatione
2656 5388 2903 5429 versatus
2936 5384 3054 5436 est,
3105 5376 3304 5427 nullam
3338 5373 3518 5427 Esdra:
3547 5374 3751 5429 faciens

489 5490 844 5550 mentionem,
888 5488 981 5541 sed
1015 5484 1265 5553 angelum
1301 5492 1500 5551 putans
1541 5482 1713 5533 fuisse
1743 5480 1831 5548 qni
1873 5476 2115 5546 scripsit,
2160 5474 2457 5529 secundum
2490 5473 2617 5525 illud
2654 5471 2797 5538 quod
2832 5471 2896 5522 de
2930 5467 3137 5523 Joanne
3173 5468 3405 5537 legimus
3438 5485 3451 5521 :
3492 5468 3624 5520 Ecce
3655 5484 3749 5538 ego

486 5582 633 5634 mitto
673 5580 915 5647 angelum
949 5594 1120 5629 ιιιριιιιι
1149 5587 1270 5628 ante
1305 5574 1493 5643 facient
1529 5582 1674 5625 tuam
1699 5571 1764 5624 ³⁸.
1798 5569 1951 5637 Quod
1992 5583 2091 5622 nos
2117 5567 2343 5622 omnino
2372 5580 2477 5619 non
2512 5564 2827 5631 recipimus,
2861 5577 2924 5615 nc
2959 5562 3264 5614 animarum
3302 5561 3367 5615 de
3396 5560 3533 5614 coelo
3567 5563 3745 5615 ruinas

490 5671 762 5739 suscipere
794 5671 1198 5738 compellantur.
1225 5686 1242 5718 ι

555 5807 601 5840 ³⁵
652 5806 787 5862 (ιι-η.
836 5823 896 5870 ιι,
948 5807 1003 5861 8.
1078 5807 1121 5838 '°
1171 5806 1357 5859 Matth.
1416 5821 1493 5873 ιιι,
1535 5803 1624 5859 10.
