4138 6418
392 366 450 420 n
1164 355 1483 415 MUNITUM
1520 357 1612 412 AD
1650 351 1973 414 OlthENlS
2010 352 2400 409 EXEGETICA
2449 352 2514 407 ιη
2554 354 2875 413 GENESIM.
3591 361 3656 415 {'1

466 478 579 531 Non
626 475 822 531 minori
878 473 995 529 zelo
1041 473 1376 542 Augustinus
1422 480 1610 525 contra
1658 468 1996 539 Origenistaa
2047 467 2279 528 debitam
2333 469 2550 526 litterali
2612 470 3018 538 Scripturarum
3072 476 3254 531 sensui
3298 480 3655 531 reverentiam

396 580 576 625 tuetur
604 569 728 623 libr.
756 578 846 622 vltt
891 564 964 621 De
995 564 1181 623 Cenes.
1209 570 1279 620 ad
1304 568 1433 630 litt.,
1464 580 1589 633 cap.
1626 563 1676 628 ί.
1710 579 1859 618 num.
1890 563 1946 629 4,
1981 571 2107 616 tom.
2135 562 2227 629 Ill,
2260 579 2382 635 pag.
2412 565 2541 631 226,
2574 565 2662 620 ubi
2696 567 2774 620 sic
2812 578 3047 624 mentem
3088 586 3237 624 suam
3276 573 3448 641 aperit
3476 592 3486 623 :
3526 589 3545 623 ι
3579 572 3657 626 Ad

393 675 487 714 eos
521 660 712 728 loquor
740 658 834 731 qui
869 658 1249 713 auctoritatem
1283 656 1480 711 harum
1520 652 1826 709 litterarum
1864 663 2190 723 sequuntur.
2238 656 2438 711 Eorum
2476 658 2621 711 enim
2672 659 2893 727 quidam
2941 676 3047 714 non
3096 662 3333 730 proprie,
3378 666 3473 717 sed
3516 663 3654 733 ﬁgu-

396 761 511 805 rate
556 752 874 820 paradisum
907 750 1134 819 intelligi
1172 750 1380 804 volunt.
1443 748 1579 805 Nam
1610 746 1702 818 qui
1751 747 1975 801 omnino
2024 746 2388 802 adversantur
2434 747 2520 803 his
2573 748 2793 812 litteris,
2836 750 2969 806 alias
3004 768 3125 806 cum
3171 754 3251 807 eis
3297 763 3457 823 atque
3501 758 3657 811 aliter

392 843 980 915 egimnszquanquam
1042 853 1095 899 et
1130 845 1243 897 hzec
1280 844 1331 897 iu
1380 844 1483 898 hoc
1531 845 1647 912 ipso
1693 858 1860 913 Opere
1896 849 2105 905 nostro,
2151 854 2411 910 quantum
2450 841 2717 905 valemus,
2764 843 2836 897 ita
2874 843 3228 900 defendamus
3272 849 3339 901 ad
3386 848 3653 910 litteram,

394 946 452 987 ut
487 937 580 1004 qui
640 952 746 991 non
804 938 1201 993 rationabiliter
1254 938 1406 1002 moti,
1444 947 1673 1008 propter
1727 938 1969 990 animum
2025 936 2364 1005 pervicacem
2404 937 2487 991 vel
2544 937 2826 1003 hebetem,
2883 940 3108 995 credere
3164 940 3265 995 ista
3318 942 3654 1001 detrectant.

396 1028 603 1082 nullam
641 1040 817 1084 tamen
862 1030 1147 1084 inveniant
1188 1031 1454 1085 rationem
1502 1032 1644 1084 unde
1682 1028 1820 1082 falsa
1852 1042 1973 1083 esse
2015 1029 2364 1082 convincant.
2396 1027 2595 1083 Verum
2645 1030 2734 1084 isti
2777 1032 2944 1084 nostri
2990 1031 3082 1101 qui
3116 1031 3275 1085 iidem
3321 1033 3520 1090 habent
3571 1038 3657 1091 his

397 1121 598 1175 divinis
626 1120 808 1185 iibris,
837 1130 892 1176 et
926 1122 1116 1176 nolunt
1150 1121 1462 1190 paradisum
1501 1122 1567 1174 ad
1604 1120 1997 1191 proprietatem
2035 1117 2229 1173 littera:
2278 1119 2527 1189 intelligi,
2570 1120 2745 1175 locum
2796 1121 3007 1176 scilicet
3051 1122 3505 1191 ammaissimum,
3540 1128 3655 1183 liu-

394 1213 599 1266 ettmsis
642 1213 956 1267 nemoribus
989 1223 1295 1281 operatum,
1340 1210 1700 1279 eamdemque
1738 1224 2015 1278 magnum,
2078 1218 2131 1262 et
2178 1224 2371 1279 magno
2407 1209 2555 1265 fonte
2589 1209 2899 1279 fecundum,
2945 1228 3067 1266 cum
3118 1215 3336 1271 videant
3376 1218 3517 1273 nulla
3556 1222 3657 1276 bn-

397 1322 555 1361 mana
602 1322 764 1376 opera
799 1316 874 1362 tot
905 1323 968 1362 ac
996 1316 1147 1362 tanta
1188 1307 1357 1360 vireta
1400 1306 1693 1361 silvescere
1726 1303 1939 1358 occulto
1981 1317 2145 1372 opere
2187 1305 2305 1370 Dei,
2355 1305 2525 1358 miror
2574 1306 3028 1373 quemadmodum
3071 1309 3300 1363 credunt
3339 1311 3513 1379 ipsum
3559 1314 3655 1369 bo-

396 1400 593 1455 minem
644 1401 717 1454 ita
764 1400 968 1455 factum
1022 1399 1483 1470 quemadmodum
1523 1412 1803 1466 nunquam
1849 1397 2127 1451 viderunt.
2167 1397 2283 1449 Aut
2325 1397 2369 1451 si
2412 1405 2467 1451 et
2514 1397 2629 1467 ipse
2680 1396 2909 1466 ﬁgurate
2958 1398 3341 1470 intelligendus
3374 1412 3490 1467 est,
3530 1405 3663 1475 quis

396 1493 583 1561 genuit
621 1492 777 1561 Cain,
808 1493 964 1558 Abel,
988 1502 1042 1547 et
1068 1489 1241 1548 Seth?
1268 1495 1349 1547 An
1382 1503 1433 1548 et
1464 1492 1563 1561 ipsi
1599 1491 1828 1560 ﬁgurate
1873 1499 2078 1545 tantum
2117 1490 2367 1555 luerunt;
2404 1506 2510 1545 non
2541 1492 2707 1545 etiam
2744 1491 2993 1547 homines
3024 1508 3088 1547 ex
3140 1495 3458 1553 hominibus
3502 1499 3658 1553 nati?

400 1587 474 1640 De
512 1586 764 1655 proximo
805 1601 936 1655 ergo
975 1585 1263 1640 attendant
1305 1584 1461 1638 istam
1514 1582 1989 1653 praesumptionem
2041 1598 2148 1650 quo
2199 1583 2404 1647 tendat,
2437 1592 2490 1637 et
2534 1592 2804 1639 conentur
2845 1581 3126 1640 nobiscum
3170 1598 3367 1644 cuncta
3404 1590 3657 1660 primitus

397 1694 517 1747 quze
561 1690 713 1749 gesta
764 1687 1077 1741 narrantur,
1115 1677 1168 1732 in
1221 1677 1623 1747 expressionem
1676 1673 1925 1727 veritatis
1967 1674 2234 1743 accipere.
2286 1674 2419 1741 Quis
2462 1675 2610 1729 enim
2664 1674 2745 1731 eis
2790 1684 2978 1743 postea
3032 1691 3138 1731 non
3204 1676 3388 1732 faveat
3422 1676 3653 1736 ‘intelii-

398 1773 652 1842 gentibus
692 1769 822 1840 quid
860 1770 961 1823 ista
1010 1769 1175 1824 etiam
1219 1768 1450 1838 ﬁgurata
1495 1764 1899 1835 signiﬁcatione
1945 1777 2353 1831 cummoaeaut,
2402 1766 2516 1821 sive
2549 1766 2789 1834 ipsarum
2828 1766 3153 1835 spiritalium
3211 1778 3543 1826 naturarum
3574 1774 3656 1827 vel

399 1862 773 1927 aliectionum,
810 1862 924 1916 sive
951 1876 1137 1915 rerum
1176 1860 1525 1916 futurarum?
1565 1861 1709 1914 Sane
1742 1859 1786 1912 si
1829 1856 1976 1912 nullo
2009 1858 2169 1913 modo
2211 1869 2436 1929 possent
2476 1862 2631 1915 salva
2679 1860 2784 1915 (ide
2832 1860 3077 1915 veritatis
3121 1875 3210 1923 ea,
3243 1877 3363 1930 quae
3395 1879 3659 1934 corpora-

399 1954 525 2008 liter
556 1955 645 2009 hic
691 1940 969 2007 nominata
1016 1960 1175 2017 sunt,
1222 1951 1583 2022 corporaliter
1625 1952 1791 2006 etiam
1840 1950 2037 2019 accipi,
2083 1951 2215 2020 quid
2264 1951 2411 2006 aliud
2464 1960 2792 2018 remaneret,
2843 1950 2949 2007 nisi
2994 1961 3057 2006 ut
3092 1966 3157 2005 ea
3194 1952 3374 2020 potius
3426 1954 3657 2025 ﬁgurate

399 2046 539 2099 dicta
591 2044 1034 2116 iutelligerenms.
1076 2057 1240 2113 quam
1295 2042 1634 2114 Scripturam
1682 2051 1929 2096 sanctam
1981 2042 2145 2111 impie
2190 2042 2574 2113 culparemus?
2620 2043 2790 2098 Porro
2839 2053 3023 2097 autem
3074 2044 3119 2098 si
3171 2059 3275 2098 non
3323 2046 3497 2100 solum
3549 2063 3655 2102 non

397 2137 719 2207 impediunt,
748 2151 939 2192 verum
973 2136 1140 2192 etiam
1173 2132 1399 2191 solidius
1436 2145 1691 2190 asserunt
1735 2134 1903 2189 divini
1946 2134 2145 2204 eloquii
2194 2135 2572 2190 narrationem
2606 2136 2723 2190 hare
2767 2136 2933 2190 etiam
2961 2136 3319 2204 corporaliter
3360 2138 3653 2197 intellecta,

398 2243 556 2283 nemo
590 2230 716 2294 erit,
749 2241 806 2284 ut
837 2230 1052 2300 opinor,
1080 2237 1195 2283 tam
1226 2228 1517 2284 inlideliter
1560 2229 1843 2296 pertinax,
1889 2228 2019 2296 qui,
2066 2244 2187 2282 cum
2238 2243 2303 2282 ea
2334 2226 2631 2282 secundum
2677 2228 2919 2298 regulam
2961 2228 3083 2282 ﬁdei
3139 2231 3383 2300 exposita
3441 2232 3657 2301 proprio

396 2321 615 2386 viderit,
648 2320 801 2375 malit
848 2320 900 2375 in
938 2319 1156 2390 propria
1194 2334 1475 2375 remanere
1504 2321 1800 2384 sententia,
1831 2321 1875 2373 si
1909 2319 2052 2374 forte
2094 2319 2171 2373 illi
2219 2319 2333 2371 visa
2379 2318 2596 2373 fuerant
2641 2319 2860 2375 nonnisi
2916 2319 3143 2391 ﬁgurate
3196 2337 3355 2391 posse
3408 2326 3605 2394 accipi.
3636 2347 3652 2373 ι

398 2410 657 2465 Eamdem
694 2412 1011 2478 veritatem,
1037 2414 1092 2469 id
1119 2421 1201 2468 est
1229 2425 1259 2465 a
1295 2411 1406 2465 Deo
1446 2411 1721 2466 consitum
1753 2427 1936 2466 revera
1967 2413 2018 2466 in
2055 2421 2201 2467 terra
2235 2408 2399 2463 fuisse
2424 2409 2757 2478 paradisum,
2785 2411 2974 2465 eadem
3008 2412 3056 2467 vi
3090 2423 3389 2486 propugnat
3435 2416 3527 2470 lib.
3558 2432 3654 2469 xm

397 2503 476 2558 De
499 2506 644 2561 civit.
667 2502 779 2570 Dei,
812 2518 932 2574 cap.
953 2504 1046 2571 21,
1080 2515 1211 2559 tom.
1241 2501 1348 2569 VII,
1382 2518 1504 2573 pag.
1531 2502 1656 2568 3H,
1692 2502 1777 2557 bis
1808 2503 2029 2558 verbis:
2061 2520 2078 2554 ι
2108 2499 2268 2556 Unde
2295 2497 2535 2555 nonnulli
2568 2510 2737 2555 totum
2775 2501 2948 2570 ipsum
2993 2506 3329 2574 paradisum,
3372 2508 3458 2562 ubi
3495 2511 3654 2578 primi

396 2599 645 2654 homines
675 2609 929 2668 parentes
971 2599 1190 2669 generis
1223 2597 1446 2653 humani
1479 2606 1681 2652 sancta:
1728 2598 2026 2669 Scriptura:
2071 2595 2304 2649 verit-ate
2344 2594 2513 2652 fuisse
2549 2606 2866 2667 narrantur,
2894 2600 2963 2653 ad
2993 2600 3351 2671 intelligihilia
3387 2605 3648 2667 referunt.

403 2693 737 2761 arboresque
769 2692 887 2747 illas
920 2702 974 2746 ct
1006 2693 1147 2763 ligna
1183 2690 1461 2746 fructifera
1498 2690 1554 2745 in
1589 2690 1821 2745 virtutes
1860 2692 1979 2745 vita:
2012 2702 2299 2758 moresque
2330 2699 2680 2754 convertunt,
2728 2699 2985 2762 tanquam
3029 2692 3259 2747 visibilia
3295 2694 3397 2749 illa
3430 2708 3485 2750 et
3519 2713 3651 2750 cor-

399 2783 607 2851 poralia
638 2799 741 2836 nou
768 2782 987 2850 iuerint,
1012 2783 1103 2837 sed
1133 2781 1547 2853 intelligibilium
1569 2781 2029 2853 signiﬁcationum
2060 2800 2220 2839 causa
2247 2796 2312 2836 eo
2338 2782 2498 2836 modo
2521 2780 2663 2836 dicta
2691 2782 2771 2834 vel
2800 2782 3001 2850 scripta
3032 2783 3157 2839 sint.
3179 2784 3341 2851 Quasi
3372 2801 3656 2858 propterea

401 2891 509 2929 non
548 2877 787 2946 potuerit
817 2892 938 2930 csse
983 2876 1270 2946 paradisus
1312 2876 1634 2946 corporalis,
1673 2877 1800 2948 quia
1832 2886 2010 2946 potest
2046 2879 2209 2933 etiam
2241 2876 2500 2946 spiritalis
2548 2876 2817 2945 intelligi?
2844 2874 3124 2946 Tanquam
3162 2879 3283 2934 ideo
3314 2896 3418 2934 non
3452 2882 3659 2939 luet-int

400 2972 521 3033 dua:
583 2968 863 3035 mulieres,
896 2971 1039 3040 Agar
1087 2978 1141 3023 et
1176 2968 1335 3033 Sara,
1375 2979 1429 3023 et
1461 2983 1531 3024 ex
1577 2966 1682 3024 illis
1711 2969 1817 3024 duo
1853 2966 1949 3023 ﬁlii
1977 2970 2231 3035 Abrahae,
2266 2983 2404 3023 unus
2433 2967 2499 3021 de
2532 2967 2725 3021 ancilla
2754 2978 2807 3023 et
2847 2968 2988 3023 alius
3038 2969 3103 3024 de
3134 2970 3339 3031 libera:
3389 2976 3514 3042 quia
3554 2979 3661 3031 duo

400 3073 725 3117 testamenta
756 3063 813 3115 in
848 3062 929 3115 eis
981 3062 1205 3131 ﬁgurata
1251 3060 1382 3115 dicit
1410 3059 1740 3129 Apostolus:
1779 3071 1871 3116 aut
1902 3062 2023 3117 ideo
2052 3062 2120 3115 de
2151 3059 2294 3115 nulla
2331 3068 2509 3128 petra,
2548 3058 2729 3129 Moyse
2773 3060 3129 3129 percutieute,
3162 3077 3298 3133 aqua
3330 3066 3646 3131 deﬂuxerit,

397 3154 524 3223 quia
564 3162 746 3224 potest
790 3153 897 3207 iliic
939 3152 1168 3222 ﬁgurata
1201 3153 1601 3222 signiﬁcatione
1643 3154 1807 3208 etiam
1853 3154 2103 3211 Christus
2140 3153 2390 3224 intelligi,
2427 3155 2616 3207 eodem
2668 3152 2925 3223 .‘tpostolo
2970 3153 3184 3211 dicente
3224 3174 3238 3211 :
3278 3156 3437 3212 Petra
3486 3171 3658 3215 autem

395 3256 512 3302 erat
564 3245 809 3301 Christus
836 3245 906 3298 ³⁷.
942 3244 1112 3299 Nemo
1161 3245 1345 3313 itaque
1388 3242 1642 3314 prohibet
1691 3244 1992 3316 intelligere
2043 3245 2374 3316 paradisum,
2418 3244 2581 3298 vitam
2621 3244 2936 3309 beatorum;
2970 3254 3205 3316 quatuor
3233 3247 3349 3317 ejus
3398 3248 3658 3318 ﬁttutiua,

402 3350 644 3407 quatuor
694 3338 954 3402 virtutes,
1004 3336 1386 3408 prudentiam,
1430 3336 1838 3401 l'ortitudinetn,
1880 3336 2290 3407 temperantiam
2353 3344 2518 3404 atque
2568 3333 2959 3402 justitiam...
3008 3336 3168 3399 llaec,
3217 3340 3348 3393 etsi
3386 3355 3491 3409 qua
3550 3344 3656 3397 alia

400 3433 742 3487 commodius
776 3432 880 3485 diei
923 3440 1150 3502 possunt
1191 3431 1257 3486 de
1285 3430 1636 3499 intelligendo
1667 3431 1991 3502 spiritaliter
2027 3431 2299 3502 paradiso,
2348 3431 2562 3484 neruine
2592 3430 2934 3499 prohibente,
2981 3430 3281 3490 dicantur:
3314 3436 3441 3491 dum
3482 3445 3661 3494 tamen

400 3535 455 3578 et
492 3525 640 3579 illius
668 3524 909 3579 historiae
940 3524 1146 3579 veritas
1184 3522 1497 3577 ﬁdelissima
1531 3536 1711 3577 rerum
1746 3531 2021 3591 gestarum
2056 3524 2371 3578 narratione
2399 3521 2775 3575 commendata
2802 3522 3084 3578 credatur.
3108 3541 3126 3575 ι

465 3616 540 3670 ετ
582 3616 665 3671 bis
691 3616 848 3679 satis,
873 3615 1089 3685 opinor,
1128 3614 1301 3684 liquet
1337 3613 1724 3685 Origenianam
1758 3612 2059 3683 Scriptura:
2106 3628 2279 3670 sacrae
2327 3612 2624 3683 allegorica
2658 3626 2821 3667 sensu
2870 3612 3297 3683 interpretanda:
3350 3620 3664 3674 methodum

398 3711 653 3778 reiectam
687 3709 856 3765 fuisse
892 3728 920 3764 a
952 3710 1228 3775 Patribus,
1264 3725 1295 3763 e
1325 3725 1557 3779 quorum
1593 3723 1690 3764 ore
1732 3708 2021 3775 discimus,
2066 3710 2288 3765 litterati
2333 3708 2517 3764 sensui
2562 3709 2880 3762 reverentire
2923 3709 3215 3778 plurinmm
3252 3711 3475 3780 deberi,
3516 3713 3666 3770 illum

400 3804 645 3874 mysticis
695 3803 968 3873 plerisque
994 3800 1424 3872 expositionibus
1460 3816 1580 3869 qua:
1623 3808 1681 3855 ut
1711 3800 2004 3871 plurimum
2031 3817 2060 3855 a
2110 3801 2358 3856 vividiori
2392 3811 2446 3855 et
2492 3799 2739 3855 almormi
2778 3799 3165 3866 imaginatione
3209 3810 3533 3868 nascuntur,
3579 3804 3665 3857 in-

398 3895 611 3949 ﬁnitum
652 3904 941 3964 praestare;
985 3894 1326 3963 frequentem
1377 3892 1765 3963 allegoriarum
1802 3907 1957 3946 nsum
1995 3893 2239 3963 periculo
2272 3908 2382 3947 non
2429 3908 2646 3957 vacare,
2692 3904 2746 3946 et
2794 3892 2875 3946 vel
2913 3893 2977 3945 iis
3025 3893 3075 3945 iu
3121 3892 3281 3957 locis,
3318 3894 3408 3947 ubi
3445 3894 3661 3964 ﬁgurati

397 4002 590 4042 sensus
622 3989 819 4042 veritas
850 3989 902 4043 iu
933 3987 1153 4042 dubium
1199 3988 1386 4057 nequit
1417 3987 1691 4055 revocari,
1729 4002 1942 4043 summa
1975 3987 2228 4042 cautione
2256 4001 2393 4057 opus
2421 4002 2568 4052 esse,
2599 4002 2665 4040 ne
2700 3986 2843 4042 illius
2874 3996 3137 4055 praetextu
3184 3986 3383 4040 veritas
3418 3988 3666 4046 historici

397 4093 589 4130 sensus
617 4079 998 4132 detrimentum
1032 4079 1246 4147 aliquod
1290 4079 1547 4148 patiatur.

472 4170 513 4200 "
549 4166 565 4220 1
599 4167 727 4223 Cor.
757 4185 811 4236 ι,
847 4171 903 4223 4.

409 4322 679 4334 -———-————

1796 4320 3437 4344 -υ--τκν-αν--ο-εσ-δ-*έά-ιτ-ξέ-ι-’έ-ᾣ-ι-ν-κυ

411 4336 531 4350 δὴ,
539 4341 653 4354 α--ν
662 4337 875 4355 ⁴-·--ο
883 4327 1409 4360 -‘_.._.—_...____....."'-..
1418 4327 3593 4361 ..ε-Ξ
3634 4327 3652 4359 ξ

1686 4488 2367 4605 MONITUM

940 4715 1075 4790 Ai)
1145 4710 1631 4791 ORIGENIS
1708 4694 2364 4793 ΕΞΗΓΙ-ΙΤΙΚΑ
2445 4703 2556 4784 IN

1486 4710 1631 4788 HS
1708 4694 2364 4793 ΕΞΗΓΙ-ΙΤΙΚΑ
2445 4703 2556 4784 ΙΝ
2635 4702 3120 4786 GENESIM.

482 5020 520 5076 Ι.
560 5019 908 5089 Hieronymus
938 5017 994 5070 in
1032 5014 1247 5086 prologo
1281 5017 1502 5089 πρητιῄπο
1539 5030 1650 5069 sua:
1686 5013 2110 5089 interpretationi
2145 5013 2656 5089 lzomiliarunrquas
2692 5014 2745 5066 in
2782 5011 3106 5089 Ezgcliielem
3144 5012 3399 5085 Origenes
3439 5014 3621 5089 habuit
3648 5034 3671 5070 .·

412 5114 431 5144 ι
485 5090 657 5153 lllutl,
719 5082 924 5159 inquit,
975 5082 1201 5142 breviter
1240 5082 1517 5159 admoneo,
1586 5094 1642 5159 ut
1689 5082 1834 5139 scias
1880 5082 2126 5154 Origeuis
2177 5084 2432 5159 opuscula
2500 5086 2558 5137 in
2602 5083 3195 5159 omnemUScripturam
3246 5082 3358 5159 ἔδει
3408 5085 3664 5152 triplicia.
3721 5098 3728 5105 '

411 5151 651 5216 Primum
688 5151 802 5227 ejus'
842 5151 1114 5222 exberpta,
1160 5170 1277 5225 qua:
1314 5155 1497 5209 (ἔνιπτε
1528 5154 1714 5225 σχόλια
1754 5151 2153 5227 nuncupantur,
2190 5155 2245 5207 iu
2275 5154 2468 5227 quibus
2499 5166 2561 5207 ea
2588 5169 2722 5227 qua:
2752 5151 2867 5227 sibi
2897 5152 3210 5227 uidebantur
3256 5151 3487 5207 obscura
3510 5162 3665 5223 atque

408 5231 596 5284 habere
654 5220 858 5304 aliquid
916 5220 1268 5297 tliﬁiculta'tis,
1321 5220 1621 5304 autumnum
1680 5220 2003 5304 breuiterque
2070 5224 2348 5304 distinxit;
2404 5220 2691 5304 secundum
2757 5220 3075 5293 ὀμιλητιχδν
3121 5239 3317 5293 genus,
3372 5229 3436 5273 de
3478 5220 3585 5304 quo
3618 5230 3669 5275 et

409 5315 635 5367 pratum
672 5288 1034 5364 interpretatio
1063 5308 1174 5361 est;
1222 5296 1610 5367 tertiumhquod
1652 5288 2022 5367 scripsituipse
2071 5288 2291 5363 τόμους.
2338 5307 2433 5347 nos
2482 5292 2747 5367 volumina
2781 5288 3059 5367 possumus
3092 5288 3399 5367 nuncupare
3418 5304 3438 5343 :
3476 5288 3665 5367 inﬂue

410 5358 561 5437 ἔψεγε
602 5379 712 5438 tota
745 5358 937 5438 ingenii
965 5368 1048 5438 sui
1077 5358 1189 5438 vela
1228 5358 1951 5438 spirantibusve‘utis'dedit,
1977 5373 2024 5438 et
2052 5358 2550 5438 Δ[ιιέοῖιζεηεῂιι-ιινιγι
2595 5363 2651 5415 in
2697 5358 2925 5438 medium
2966 5358 3486 5438 pelagus‘aulugit.)
3523 5358 3667 5425 om

413 5428 518 5493 sint
562 5428 960 5506 scholiafquid
990 5428 1403 5505 Itomiliw,‘quitl
1443 5434 1597 5499 tomi,
1626 5433 1741 5503 {use
1770 5434 2011 5489 edisserit
2046 5428 2276 5487 "uetitis
2306 5432 2766 5504 Origenianormn
2794 5431 2888 5487 lib.
2914 5428 2996 5497 tti,
3028 5428 3149 5501 cap.
3176 5430 3233 5495 2,
3266 5428 3396 5485 sect.
3431 5430 3483 5496 1,
3517 5446 3665 5483 itum.

411 5510 469 5565 2.
498 5510 532 5562 5
558 5519 607 5562 ει
638 5524 775 5565 seat].

456 5524 871 5639 ’li.“1~::f.i§iius,
899 5575 993 5628 lib.
1021 5591 1068 5629 vt
1116 5574 1255 5629 liist.
1290 5574 1619 5640 ecclesiast.,
1646 5589 1765 5635 cap.
1792 5572 1886 5636 ει,
1933 5573 2090 5626 duodt

2034 5564 2210 5626 decim
2254 5580 2459 5635 tantum
2493 5582 2868 5625 commemorat
2904 5573 2972 5641 in_
3003 5566 3245 5624 δεηθείη
3272 5569 3510 5641 ᾲτὸμους.
3550 5567 3668 5641 ﬁu-

410 5650 608 5702 sebium
640 5636 957 5701 secutus‘est
993 5645 1210 5702 Suidas.
1244 5642 1439 5699 Verum
1474 5644 1551 5697 bis
1580 5636 1644 5696 ab
1693 5641 2016 5713 Hieronymo
2052 5641 2305 5713 tredecim
2342 5651 2691 5694 numerantur
2731 5651 2864 5713 toni.
2891 5639 2972 5713 ιγ
3007 5654 3151 5713 noua:
3197 5636 3508 5713 edit.,'ng.
3536 5636 3668 5701 43d,

409 5729 457 5772 et
490 5726 619 5771 tom.
650 5716 731 5781 ll,
761 5732 881 5784 pug.
907 5714 1031 5776 562,
1068 5716 1154 5767 ubi
1184 5714 1450 5779 explicans
1490 5730 1606 5783 qum
1635 5715 1806 5782 capite
1837 5706 2029 5784 qu'arto
2058 5710 2319 5784 Geneseos
2351 5714 2550 5784 scriptu
2578 5719 2708 5784 sunt
2733 5712 2797 5761 de
2825 5710 2956 5784 Cain
2997 5719 3043 5784 et
3089 5706 3335 5772 Lamerlt,
3376 5706 3669 5784 Damasum

410 5801 601 5858 papam
634 5779 802 5843 mouet
830 5779 867 5836 ἰ
900 5785 1179 5854 Origenem
1229 5779 1595 5839 duodecimum
1624 5779 1927 5839 -et'tertium
1961 5782 2220 5839 decimum
2261 5783 2313 5836 in
2364 5779 2604 5834 Genesim
2648 5780 2840 5832 librum
2884 5779 2947 5833 de
2993 5779 3091 5832 hac
3127 5789 3331 5831 tantum
3380 5781 3669 5845 qmrstlone

734 5880 1007 5942 PATBOL.
1038 5877 1153 5939 Gn.
1188 5877 1325 5941 XII.
3311 5867 3355 5929 2
