4138 6420
448 405 517 460 t9
1893 398 1960 452 tN
1988 354 2311 454 emissust.

3636 386 3716 441 50

441 526 670 598 τερενοιὰ
696 545 784 591 τις
813 524 1155 598 πρεσϐυτέρα
1185 520 1343 587 Θεοῦ,
1393 521 1703 591 ἀναγκαῐως
1745 521 1843 591 τὴν
1891 520 2013 590 ὓληνΙ

2129 528 2392 588 perpetuo
2431 511 2718 576 molitoris,
2753 509 3016 581 parentis,
3047 507 3288 581 benigni,
3323 507 3471 572 boni,
3507 523 3572 564 ne
3599 523 3712 565 ea“:-

443 619 598 672 εσται
622 619 1020 688 ὑποδεδληκυῖα
1053 616 1128 686 τῷ
1157 615 1296 686 Θεῷ,
1326 612 1694 686 προνοουμένη
1716 611 1812 683 τὴν
1832 611 2028 682 τέχνην

439 711 542 781 τὴν
571 710 981 782 ἐνυπάρχουσαν
1019 709 1166 780 αὑτῷ
1189 708 1266 780 μὴ
1296 707 1690 777 κενοπαθῆσαι,
1724 705 1825 758 οὑκ
1858 703 2026 776 οὑσης

439 801 648 866 οὐσίας,
679 796 710 877 ᾖ
743 802 1000 874 ὁμιλῆσαι
1035 801 1330 870 δυνάμενος
1368 798 1749 868 κατεκόσμησε
1785 796 1846 849 τὸ
1872 797 2024 866 τηλι-

441 893 604 948 κοῦτο
635 894 841 963 κόσμου
871 893 1081 956 κᾶλλος.
1114 891 1283 944 Πόθεν
1316 890 1371 943 δὲ
1411 889 1505 943 καὶ
1535 889 1756 960 δεκτικὴ
1793 887 2024 960 γεγένη-

439 1001 532 1038 ται
565 986 744 1056 πάσης
775 979 843 1057 ἦς
893 983 1140 1054 βούλεται
1170 984 1197 1036 ὁ
1239 981 1370 1045 Θεὸς
1402 981 1705 1051 ποιότητος,
1739 981 1814 1052 μὴ
1859 979 2023 1034 αὑτοῦ

440 1073 534 1127 τοῦ
575 1075 711 1128 Θεοῦ
757 1074 933 1146 ἐαυτῷ
958 1073 1222 1143 τοσαύτην
1255 1074 1349 1126 καὶ
1377 1071 1632 1143 τοιαύτην
1677 1072 2020 1142 ποιήσαντος,

436 1166 627 1220 ὁποίαν
659 1167 802 1237 ἔχειν
834 1167 1119 1232 ἐὸούλετος
1176 1165 1312 1219 Καθ’
1357 1163 1612 1218 ὑπόθεσιν
1645 1161 1777 1232 γοῦν
1830 1163 2024 1216 ἀποδε-

439 1252 662 1325 ξάμενοι
684 1257 744 1310 τὸ
777 1257 1067 1329 ἀγέννητον
1097 1251 1235 1308 εἶναι
1266 1255 1364 1326 τὴν
1398 1253 1552 1325 ῦλην,
1586 1253 1758 1307 ταῦτα
1791 1251 2022 1324 ἐροῦμεν

440 1347 577 1416 πρὸς
624 1349 750 1410 τοὺς
788 1347 945 1401 τοῦτο
987 1347 1366 1418 βουλομένους,
1407 1347 1488 1399 ὅτι
1529 1347 1578 1399 εί
1613 1345 1876 1417 Προνοίας
1926 1344 2024 1416 οὑχ

439 1438 850 1509 ὑποϐαλλούσης
873 1440 970 1511 τὴν
1002 1438 1189 1492 οὑσίαν
1210 1437 1288 1509 τῷ
1305 1437 1422 1509 Θεῷ
1433 1478 1453 1505 ,
1472 1437 1690 1508 τοιαύτη
1708 1437 2018 1508 γεγένηται.

433 1528 486 1580 εἰ
519 1528 749 1598 Πρόνοια
781 1524 848 1600 ἦν
880 1528 1188 1598 ὑφεστῶσα,
1217 1526 1277 1580 τί·
1303 1526 1368 1580 ἂν
1397 1525 1557 1579 πλέον
1603 1525 1894 1596 πεποιήκει
1926 1523 2020 1577 τοῦ

435 1617 781 1688 αὑτομάτσυ;
817 1620 912 1672 καὶ
955 1619 1004 1670 εί
1051 1617 1212 1680 αὑτὸς
1262 1615 1337 1687 μὴ
1377 1615 1544 1686 οὔσης
1586 1615 1722 1686 ὕλης
1770 1615 2023 1669 ἐϐούλετο

436 1707 844 1762 κατασκευάσαι
886 1707 1075 1778 αὐτὴν,
1121 1707 1174 1760 τί
1221 1705 1286 1760 ἂν
1333 1705 1493 1759 πλέον
1538 1707 1572 1776 ἡ
1619 1705 1801 1774 σοφία,
1849 1705 1945 1760 καὶ
1986 1707 2020 1778 ἡ

435 1798 646 1870 θειότης
671 1799 835 1852 αὑτοῦ
855 1800 1144 1869 πεποιήκει
1161 1796 1254 1850 τοῦ
1271 1796 1328 1863 ἐξ
1347 1798 1645 1868 ἀγεννήτου
1664 1798 2017 1862 ὑποστάντοςς

2131 611 2261 665 teris
2300 607 2580 670 omnibus,
2624 619 2744 674 quae
2789 618 2982 673 inagna
3013 616 3137 657 cum
3186 601 3398 656 ratione
3449 600 3560 655 Deo
3607 601 3710 663 tri-

2125 701 2388 761 buuntur,
2428 695 2738 752 nominibus
2785 694 3051 763 spoliatus
3101 691 3457 757 perstitisset.
3503 690 3709 745 Deinde

2126 793 2216 862 qui
2265 791 2378 844 ﬁeri
2414 789 2606 859 possit,
2642 795 2703 841 ut
2750 786 2864 840 vim
2904 783 3148 840 materias
3183 792 3418 850 tantam,
3450 783 3532 837 sie
3586 795 3708 836 tan-

2126 895 2287 950 quam
2319 878 2387 933 ad
2430 877 2641 947 pondus
2673 883 2939 931 accurate
2970 873 3224 942 justeque
3271 875 3584 928 admensam
3620 873 3708 927 iit-

2126 971 2361 1033 venerit,
2396 984 2516 1040 qua:
2549 969 2616 1023 ad
2653 966 2810 1035 hujus
2841 966 3062 1038 proprie
3112 981 3224 1021 non
3254 964 3474 1032 majoris
3529 965 3707 1019 mino—-

2127 1063 2270 1117 risve
2323 1062 2507 1116 mundi
2573 1059 2907 1116 molitionem
2984 1057 3122 1113 satis
3172 1055 3360 1112 esset?
3395 1056 3704 1111 lnvelienda

2126 1148 2327 1218 quippe
2373 1147 2556 1203 nescio
2602 1162 2744 1218 quae,
2782 1148 2889 1203 Deo
2934 1154 3119 1201 tamen
3168 1133 3469 1216 antiquior,
3516 1145 3710 1200 Provi-

2126 1242 2306 1296 dentia
2333 1239 2646 1296 necessario
2673 1239 2867 1305 fuerit,
2899 1255 3019 1308 qua:
3065 1238 3351 1294 materiam
3382 1239 3429 1294 ei
3458 1237 3706 1305 subjece-

2124 1331 2219 1400 rit,
2263 1333 2315 1403 3
2345 1333 2470 1387 dum
2512 1332 2564 1387 id
2598 1349 2659 1388 ea
2693 1333 3006 1402 provideret
3032 1332 3096 1387 in
3120 1340 3419 1402 posterum,
3451 1346 3518 1386 ne
3567 1345 3704 1400 quae

2128 1423 2180 1478 in
2205 1438 2264 1479 se
2297 1425 2440 1479 Deus
2471 1424 2698 1480 haberet
2717 1426 2856 1480 artis
2885 1439 2997 1480 sua:
3025 1424 3298 1491 notiones,
3341 1423 3509 1478 irritae
3537 1423 3704 1477 cede.

2128 1524 2274 1582 rent,
2318 1517 2366 1571 si
2399 1532 2506 1572 non
2557 1516 2675 1588 ejus
2706 1527 2915 1573 natura:
2959 1519 3112 1589 copia
3147 1516 3320 1582 ﬁeret,
3351 1515 3506 1584 cujus
3538 1529 3704 1584 opera

2127 1616 2237 1662 tam
2270 1608 2629 1663 excellentem
2660 1617 2716 1663 et
2748 1609 3003 1664 eximiam
3037 1610 3273 1664 universi
3319 1609 3558 1679 speciem
3587 1605 3704 1660 cilia

2123 1708 2300 1753 ceret.
2340 1697 2496 1754 Unde
2544 1713 2710 1768 porro
2767 1699 2819 1752 id
2863 1699 3070 1765 habuit,
3118 1707 3176 1754 ut
3207 1701 3389 1754 omnis
3419 1699 3704 1770 qualitatis

2123 1807 2294 1863 capax
2317 1802 2483 1856 esset,
2515 1806 2678 1861 qnam
2704 1792 2879 1846 eidem
2909 1791 3228 1860 imprimere
3247 1792 3390 1848 Deus
3415 1793 3699 1862 voluisset;

435 1889 496 1941 Εἰ
526 1890 634 1960 γὰρ
662 1890 974 1961 εὑρίσκεται
1000 1889 1193 1943 ταυτὸν
1216 1889 1504 1958 γενόμενον
1531 1888 1596 1942 ἂν
1626 1890 1731 1943 ὑπὸ
1752 1890 1848 1961 τῆς
1877 1891 2013 1962 Προ-

2126 1883 2228 1938 nisi
2268 1883 2486 1954 qualem
2548 1897 2667 1937 eam
2727 1881 2933 1937 habere
2977 1883 3092 1953 ipse
3146 1883 3328 1948 vellet,
3359 1885 3517 1938 talem
3573 1895 3702 1942 ante

433 1981 602 2045 νοίας,
631 1983 767 2053 ὅπερ
794 1983 888 2035 καὶ
921 1982 1093 2055 χωρὶς
1125 1981 1389 2054 Προνοίας
1432 1981 1662 2053 ὑπέστη,
1690 1981 1777 2036 διὰ
1807 1982 1858 2034 τί
1895 1983 2016 2053 οὑχὶ

432 2073 526 2126 καὶ
554 2072 647 2126 ἐπὶ
671 2073 766 2127 τοῦ
813 2075 1018 2144 κόσμου
1051 2072 1386 2144 ἀθετήσομεν
1419 2073 1510 2126 τὸν
1556 2073 1887 2144 δημιουργὸν
1921 2071 2016 2126 καὶ

429 2161 520 2214 τὸν
544 2163 823 2235 τεχνίτην;
857 2164 1068 2233 Ὠσπερ
1094 2161 1204 2234 γὰρ
1236 2161 1436 2214 ἄτοπον
1461 2162 1552 2217 ἐπὶ
1581 2161 1675 2214 τοῦ
1701 2163 1906 2232 κόσμου
1937 2163 2015 2215 εί-

430 2253 552 2304 πεῖν
584 2250 726 2304 οὑτω
757 2254 1020 2321 τεχνικῶς
1069 2251 1579 2322 κατεσκευασμένου
1621 2252 1682 2305 τὸ
1724 2251 1892 2322 χωρὶς
1923 2268 2014 2304 τε·

427 2341 606 2414 χνίτου
641 2342 805 2411 σοφοῦ
831 2343 921 2397 τὸν
951 2343 1318 2398 αὑτοτοιοὺτον
1343 2343 1792 2412 γεγονέναι,οὑτω
1825 2345 1920 2397 καὶ
1951 2345 2013 2396 τὸ

426 2431 525 2505 τὴν
566 2433 698 2504 ὑλην
735 2433 1003 2505 τοσαύτην
1035 2435 1135 2488 καῖ
1159 2432 1413 2506 τοιαύτην
1439 2435 1536 2488 καὶ
1564 2433 1736 2498 οὕτως
1768 2434 2014 2506 εἱκτικὴν

424 2523 510 2594 τῷ
543 2526 760 2599 τεχνίτῃ
783 2525 926 2598 λόγῳ
952 2525 1109 2591 Θεοῦ,
1138 2526 1504 2596 ὑφεστηκέναι
1529 2527 1858 2598 ἀγεννήτως,
1892 2527 2013 2580 suis

430 2632 530 2687 σης
569 2618 716 2671 ἐστὶν
745 2617 958 2688 ἄλογον.
994 2619 1139 2690 Πρὸς
1197 2620 1445 2691 μέντοιγε
1479 2618 1604 2682 τοὺς
1641 2617 2014 2690 παραϐάλλον-

427 2720 548 2770 τας,
571 2707 651 2762 ὃτι
673 2707 844 2772 οὐδεὶς
867 2707 929 2781 δη
938 2708 1197 2780 μιουρθίῦς
1224 2707 1393 2780 χωρϊς
1417 2707 1548 2779 ὑλης
1574 2710 1736 2772 ποιεῖ,
1772 2706 2009 2771 λεκτέον,

426 2799 508 2850 ὅτι
543 2800 810 2870 ἀνομοίως
845 2800 1270 2872 παραϐάλλουσι.
1311 2801 1545 2874 Πρόνοια
1585 2799 1694 2873 γὰρ
1729 2801 1890 2856 παντὶ
1923 2819 2009 2856 τε·

426 2889 583 2963 χνίτῃ
612 2892 900 2947 ὑποϐάλλει
934 2893 1034 2964 τὴν
1079 2893 1233 2964 ὓλην,
1270 2893 1378 2948 ἀπὸ
1416 2893 1687 2965 προτέρας
1723 2895 1941 2965 τέχνης,
1976 2894 2009 2966 ἢ

427 2979 793 3054 ἀνθρωπίνης,
826 2984 858 3054 ἢ
895 2983 1045 3047 θείας
1079 2982 1403 3055 ἐρχομένην.
1437 2983 1622 3035 Ταῦτα
1668 2984 1765 3053 μὲν
1796 2980 1888 3036 οὖν
1918 2983 2010 3036 ἐπὶ

423 3073 517 3126 τοῦ
564 3076 830 3147 παρόντος
878 3075 1101 3148 ἀρκέσει
1142 3075 1277 3145 πρὸς
1313 3077 1438 3138 τοὺς
1481 3075 1570 3128 διὰ
1615 3075 1674 3127 τὸ
1718 3073 2006 3143 λέγεσθαι⁹

429 3183 450 3216 ι
500 3166 563 3218 Ἡ
583 3166 639 3220 δὲ
672 3167 741 3238 γῆ
767 3163 834 3239 ἦν
863 3168 1092 3238 ἀόρατος
1119 3168 1214 3219 καὶ
1239 3166 1743 3230 ἀκατασκεύαστος,
1783 3186 1802 3218 ι
1831 3167 2010 3238 οἰομέ-

421 3273 546 3321 νους
578 3258 870 3330 ἀγέννητον
903 3255 1042 3313 εἶναι
1073 3261 1170 3332 τὴν
1199 3258 1518 3332 σωματικὴν
1545 3257 1725 3328 φύσιν.

2119 1974 2248 2040 sibi,
2279 1984 2596 2043 tantamque
2627 1974 2845 2029 molitus
2876 1975 3024 2030 erit?
3049 1973 3169 2029 lam
3199 1985 3257 2029 ut
3292 1977 3571 2031 noun-ullis
3600 1978 3700 2030 da-

2126 2081 2319 2122 remus
2346 2077 2466 2120 ortu
2491 2082 2681 2121 carere
2709 2067 3014 2131 materiam,
3050 2067 3115 2120 iis
3149 2077 3327 2121 tamen
3352 2069 3442 2136 qui
3471 2069 3554 2122 sic
3582 2069 3702 2137 epi-

2118 2167 2343 2222 nantur,
2372 2157 2516 2210 hunc
2543 2156 2603 2210 in
2633 2157 2848 2210 modum
2875 2155 3080 2212 instare
3105 2171 3387 2225 possemus
3413 2158 3498 2212 :-si
3524 2173 3702 2228 quan-

2121 2247 2325 2301 tumvis
2357 2259 2608 2302 naturam
2643 2249 2789 2304 illam
2819 2247 2928 2301 Deo
2955 2246 3307 2306 Providentia
3342 2250 3486 2304 nulla
3517 2250 3700 2320 subje-

2115 2342 2276 2407 eerit,
2309 2339 2783 2409 ejusmoditamen
2817 2361 2880 2400 ea
2917 2361 3015 2415 per
3052 2359 3175 2401 sese
3226 2344 3329 2399 fuit
3381 2363 3396 2399 :
3449 2345 3698 2400 eamdem

2116 2434 2161 2490 si
2194 2433 2540 2491 Providentia
2581 2448 2774 2510 suopte
2825 2438 3061 2494 consilio
3109 2446 3473 2508 procreasset,
3501 2439 3698 2508 ecquid

2115 2528 2348 2598 auiplius
2373 2527 2513 2598 ipsa,
2545 2544 2708 2599 quam
2738 2530 2886 2600 quod
2929 2530 3160 2585 fortuito
3203 2546 3444 2600 casuque
3495 2532 3699 2584 factum

2113 2619 2384 2685 videmus,
2432 2617 2740 2675 ell‘ecisset?
2793 2621 2931 2688 Quid
2960 2622 3003 2676 si
3048 2620 3190 2677 Dens
3233 2623 3348 2692 ipse
3389 2622 3706 2686 materiam,

2112 2726 2232 2780 quae
2254 2711 2405 2765 nulla
2437 2713 2562 2768 dum
2593 2719 2760 2780 esset,
2793 2714 2999 2783 ﬁngere
3031 2712 3319 2783 molirique
3365 2710 3698 2768 statuisset?

2111 2803 2319 2874 Ecquid
2355 2805 2574 2861 tandem
2605 2804 2722 2873 ejus
2771 2819 2894 2859 cum
2949 2805 3236 2876 sapientia,
3273 2814 3387 2859 tum
3441 2803 3700 2860 divinitas

2110 2896 2486 2961 excellentius,
2518 2912 2680 2965 quam
2731 2896 2873 2966 quod
2921 2911 2989 2950 ex
3037 2906 3158 2951 ortu
3195 2905 3418 2952 carente
3471 2895 3697 2950 materia

2110 2988 2352 3052 Clislilil,
2415 2989 2606 3042 molita
2658 2988 2851 3044 esset?
2917 2986 3052 3042 Nam
3101 2988 3144 3043 si
3210 3003 3278 3043 ex
3346 2987 3697 3043 Providentia

2113 3076 2256 3131 idem
2288 3080 2514 3135 οιιιιιίι.ο
2544 3079 2916 3150 profecturum
2951 3089 3098 3144 erat,
3145 3080 3286 3149 quod
3339 3080 3458 3141 sine
3501 3078 3694 3138 Provis-

2113 3167 2295 3221 dentia
2325 3170 2528 3225 factum
2560 3181 2682 3226 est:
2714 3170 2900 3240 quidni
2933 3186 3004 3228 ex
3053 3171 3173 3238 ipso
3223 3184 3438 3240 quoque
3489 3167 3694 3222 mundo

2033 3251 2074 3310 C
2109 3269 2393 3314 auctorem
2421 3275 2636 3317 omnem
2673 3262 3052 3331 artiﬁcemque
3079 3260 3374 3317 tollamus?
3418 3258 3695 3327 Qneinad~

423 3339 643 3404 modum
703 3351 850 3406 enim
905 3353 1206 3408 absurdum
1253 3353 1438 3418 fuerit,
1495 3352 1755 3405 mundqu
1802 3349 1946 3404 hunc
1991 3351 2200 3416 dicere,
2269 3361 2378 3406 tam
2423 3354 2700 3424 eleganter
2751 3361 2991 3423 apt-eque
3044 3360 3438 3419 constructum,
3488 3350 3696 3418 absque

421 3438 685 3508 sapientis
735 3441 969 3499 artiﬁcis
1012 3454 1179 3498 manu
1239 3444 1403 3498 talem
1455 3442 1755 3507 exstitissr,
1816 3440 1889 3494 ita
1948 3439 2054 3496 vim
2113 3444 2358 3499 materiae
2415 3453 2640 3511 tantam,
2693 3444 2920 3514 ejusque
2967 3442 3300 3499 conditionis
3348 3451 3403 3503 et
3457 3452 3692 3506 natum,

421 3534 668 3602 adeoque
699 3533 896 3589 artiﬁci
937 3536 1176 3589 nitrninis
1208 3535 1402 3590 rationi
1452 3536 1870 3604 obsequentem,
1903 3534 2022 3592 sine
2054 3549 2211 3592 ortus
2237 3539 2318 3590 sui
2349 3537 2628 3606 principio
2650 3550 2747 3606 per
2802 3536 3062 3606 seipsam
3097 3535 3398 3600 exstitisse,
3453 3548 3560 3587 non
3593 3533 3698 3595 mir

422 3637 526 3677 nns
573 3623 813 3692 ineptum
859 3625 1028 3682 videri
1061 3626 1244 3684 debet.
1295 3629 1574 3683 Caeterum
1629 3628 1697 3682 iis
1726 3627 1817 3698 qui
1850 3629 2120 3686 artiﬁcum
2171 3639 2483 3686 nostrorum
2543 3629 3007 3698 comparationem
3055 3628 3390 3693 obtendunt,
3459 3641 3693 3697 quorum

421 3728 582 3768 nemo
613 3717 731 3775 sine
789 3719 1018 3773 materia
1051 3721 1348 3790 quidquam
1406 3718 1626 3784 etliciat,
1657 3721 2053 3777 occurrendum
2092 3722 2294 3778 nullam
2353 3735 2543 3777 eorum
2576 3721 2678 3780 hoc
2732 3721 2787 3780 in
2821 3735 3023 3790 genere
3081 3719 3491 3780 similitudinem
3548 3732 3692 3776 esse.

421 3803 708 3859 Materiam
749 3807 897 3861 enim
955 3810 1157 3865 artiﬁci
1204 3811 1432 3866 cuilibet
1464 3810 1818 3866 Providentia
1865 3811 2109 3882 subjicit,
2167 3828 2288 3884 qua:
2343 3829 2375 3867 a
2427 3814 2674 3884 principe
2717 3814 2975 3883 quadam,
3027 3827 3122 3869 seu
3162 3813 3555 3874 humanailla,
3593 3827 3689 3867 seu

421 3895 608 3949 divina
651 3897 742 3964 sit,
790 3909 910 3954 arte
940 3901 1166 3958 oriatur.
1198 3903 1373 3974 Atque
1426 3904 1542 3958 bare
1591 3905 2078 3975 impraesentiarum
2129 3909 2393 3965 adversus
2439 3925 2538 3966 eos
2584 3910 2721 3966 satis
2745 3918 2928 3977 erunt,
2979 3911 3070 3980 qui
3117 3911 3260 3982 quod
3311 3910 3384 3965 ita
3429 3910 3692 3980 scriptum

422 3987 642 4041 videant
674 4005 688 4042 :
728 4008 744 4040 ι
783 3989 953 4046 Terra
989 4003 1169 4050 autem
1207 4005 1328 4050 erat
1368 3995 1659 4052 invisibilis
1722 4008 1778 4056 et
1830 3998 2187 4072 incomposita
2227 4000 2302 4065 ³⁸,
2328 4016 2346 4050 ι
2388 4011 2636 4058 naturam
2694 4018 3014 4073 corpoream
3065 4013 3222 4060 ortus
3285 4003 3464 4059 omnis
3493 4016 3687 4074 exper-

424 4087 536 4134 tem
559 4091 689 4131 esse
721 4081 1038 4146 opinantur.

1073 4321 1470 4414 TQMOY
1539 4319 1624 4417 Γ’
1700 4325 1927 4417 ΤΩΝ
2003 4327 2013 4410 ξ

2117 4326 2176 4412 Σ
2249 4327 2480 4413 ΤΗΝ
2550 4327 3045 4421 ΓΕΝΕΣΙΝ,.

1649 4571 1731 4681 Ε
1815 4569 2213 4682 ΤΟΜο
2297 4569 2454 4682 1H

1023 4761 1263 4855 COM
1283 4766 1353 4851 Μ
1375 4765 1914 4858 ΕΝΤᾹΒΙΟ
1939 4769 2082 4856 liU
2109 4766 2203 4858 M
2273 4767 2406 4860 ΙΝ.
2476 4764 3070 4856 (ἓΕΝΕδΙΜί

1674 5035 1768 5096 Λα
1802 5040 1988 5112 caput
2022 5051 2064 5107 ι,
2112 5049 2274 5095 vers.
2312 5028 2404 5091 lc't.

491 5147 568 5221 (6)
602 5152 736 5225 Περὶ
761 5152 854 5205 τοῦ
884 5154 962 5217 είς
990 5159 1193 5226 σημεῖα
1218 5159 1501 5227 γεγονέναι
1531 5161 1658 5222 τοὺς
1701 5161 1996 5232 φωστῆρας

2174 5159 2229 5212 l.
2253 5155 2406 5224 Quod
2438 5154 2524 5210 hic
2554 5153 2806 5218 trahetur,
2825 5150 3116 5210 luminaria
3137 5169 3258 5225 qua:
3278 5169 3408 5212 sane
3434 5157 3537 5211 alia
3571 5172 3679 5215 non

414 5241 520 5297 οὑκ
549 5243 737 5308 ἄλλους
771 5245 920 5316 ἡλίου
956 5247 1050 5300 καὶ
1081 5249 1333 5322 σελήνης,
1376 5252 1470 5304 καὶ
1513 5251 1618 5305 τῶν
1659 5251 1872 5326 ἄστρων
1916 5253 1989 5325 (7)

413 5337 801 5404 τυγχάνοντας,
837 5337 944 5392 τῶν
987 5340 1194 5413 σφόδρα
1241 5343 1687 5411 ἀναγκαιοτάτων
1723 5345 1839 5397 ἐστὶ
1879 5344 1996 5399 δια-

412 5422 618 5489 λαϐεῖν,
644 5427 704 5479 οὑ
741 5429 900 5498 μόνον
932 5430 1144 5485 πολλῶν
1177 5433 1345 5487 ἐθνῶν
1378 5434 1486 5486 τῶν
1509 5434 1608 5506 τῆς
1641 5434 1879 5506 Χριστοῦ
1908 5435 1997 5489 7:5-

415 5532 584 5580 στεως
608 5517 922 5590 ἀλλοτρίων,
967 5523 1352 5595 σφαλλομένων
1395 5526 1474 5588 εἰς
1505 5524 1596 5578 τὸν
1628 5526 1756 5595 περὶ
1783 5525 1879 5595 τῆς
1922 5527 1999 5578 εἱ-

486 5607 531 5638 ”
561 5608 695 5663 Gen.
732 5625 769 5675 ι,
801 5611 856 5666 2.

483 5717 562 5788 (6)
607 5718 792 5773 Exstat
837 5723 936 5774 hoc
987 5723 1181 5793 fragm.
1229 5725 1369 5792 apud
1424 5726 1619 5781 Euseb.
1667 5727 1760 5780 lib.
1806 5745 1855 5781 vl
1907 5729 1979 5785 De

415 5803 638 5870 prirpqr.
666 5793 982 5870 e_ruugel._et
1021 5793 1392 5870 in_Plti_loeal.,
1425 5813 1542 5866 cap.
1574 5799 1665 5852 ἐξ.
1717 5797 1984 5870 interpre-

417 5864 551 5913 tatio
584 5858 772 5916 Latina
799 5858 881 5917 est
912 5862 1004 5918 Fr.
1039 5864 1238 5935 Vigcri.

2101 5259 2229 5304 sunt
2275 5263 2436 5318 quam
2474 5245 2575 5309 sol,
2632 5246 3116 5315 luna-,eaeleraque
3159 5246 3359 5312 sidera,
3415 5256 3674 5319 tauquam

2098 5342 2251 5409 signa
2285 5339 2531 5408 quaedam
2561 5352 2683 5392 esse
2707 5337 3029 5401 constituta,
3060 5337 3111 5392 id
3144 5352 3274 5394 vero
3300 5347 3360 5392 ut
3385 5337 3674 5408 diligenter

2102 5438 2430 5507 explicetur,
2477 5435 2528 5490 in
2581 5433 2770 5504 primis
2827 5432 3198 5488 necessarium
3247 5441 3352 5487 est.
3386 5431 3497 5486 Nec
3525 5433 3673 5487 enim

2104 5530 2351 5599 plurima:
2404 5537 2592 5598 gentes
2649 5526 2829 5590 modo,
2866 5539 2986 5595 quae
3021 5539 3051 5578 a
3094 5523 3299 5580 Christi
3349 5522 3452 5578 ﬁde
3483 5523 3676 5579 aliena:

2165 5733 2241 5807 (ἶ)
2287 5733 2448 5807 Ριξξι..
2475 5735 2740 5807 ἀστέρων.
2781 5733 2944 5807 Paulo
2974 5743 3118 5802 po“,
3154 5736 3214 5789 οὐ
3259 5735 3418 5807 μόνον
3462 5732 3685 5791 πολλῶν,

2094 5803 2282 5857 sont»).
2319 5806 2514 5862 Euseb.
2548 5803 2736 5860 omisit
2765 5804 2994 5886 πολλῶν.
