4138 6468
366 405 435 462 ιιι
1832 398 1900 452 ΙΝ
1936 396 2262 454 ΟΕΝΕΒΙΜ.
3581 394 3652 451 33

361 521 724 596 προγνώσεως
753 521 877 583 τοὺς
911 520 1122 587 λόγους,
1166 521 1501 590 κατανοῆσαι
1532 519 1616 581 ἂν,
1653 519 1734 572 ὅτι
1762 518 1885 573 οὔτε
1925 522 1953 574 6

2063 533 2248 589 ratur;
2286 521 2447 589 idque
2479 534 2648 572 unum
2681 534 2747 572 ex
2806 518 2913 572 illis
2964 517 3156 572 inferri
3207 526 3422 586 potest,
3480 516 3650 571 Deum

362 617 631 692 προγνοὺς
674 616 891 678 πάντως
922 615 1093 679 αἴτιος
1136 614 1245 667 τῶν
1291 614 1781 687 προεγνωσμένων,
1828 613 1950 668 οὔτε

362 705 430 759 τὰ
462 707 586 768 τοὺς
613 709 816 767 τύπους
845 705 952 757 τῶν
993 704 1166 772 λόγων
1196 705 1307 775 ('50)
1341 705 1439 775 τῆς
1466 703 1828 774 προγνώσεως
1860 705 1952 757 τοῦ

362 796 770 867 προεγνωκότος
818 795 1105 867 δεξαμενα.
1142 797 1265 848 Ὀτι
1316 796 1414 866 μὲν
1448 792 1541 849 οὖν
1576 796 1804 851 ἕκαστον
1846 794 1955 847 τῶν

363 886 639 957 ἐσομένων
680 886 783 961 πρὸ
817 885 1012 938 πολλοῦ
1054 882 1194 938 οἶδεν
1226 887 1253 937 6
1290 885 1424 949 Θεὸς
1462 886 1828 956 γενησόμενον
1862 885 1956 939 καὶ

362 978 531 1048 χωρὶς
565 978 662 1048 μὲν
692 977 913 1050 Γραφῆς
945 977 1172 1029 αὐτόθεν
1214 979 1279 1029 ὲκ
1310 977 1411 1047 τῆς
1455 978 1665 1040 ἐννοίας
1694 978 1794 1047 τῆς
1829 978 1957 1048 περὶ

361 1068 519 1131 Θεοῦ,
554 1068 710 1139 δῆλον
733 1067 809 1139 τῷ
846 1069 1081 1121 συνιέντι
1116 1067 1333 1140 ἀξίωμα
1361 1068 1643 1139 δυνάμεως
1668 1069 1761 1121 νοῦ
1797 1068 1958 1123 Θεοῦ.

2059 616 2205 685 quod
2245 613 2391 667 rutila.
2419 613 2500 666 sui
2534 611 2774 665 numinis
2803 610 3216 675 communione,
3259 609 3374 663 sola
3409 608 3649 661 hominis

2062 705 2417 774 improbitate
2457 703 2700 756 futurum
2736 703 2918 757 scelus
2944 713 3072 755 ante
3108 708 3463 770 cognoverat,
3507 713 3649 767 pra:-

2064 798 2343 851 nuntiasse
2374 815 2391 853 :
2417 797 2485 849 ita
2506 795 2753 863 profecto
2772 797 3022 866 quisquis
3046 801 3232 849 eteam
3253 793 3303 844 in
3325 788 3652 858 disputatio-

2065 903 2211 951 nem,
2243 904 2347 955 qua
2386 887 2497 941 Deo
2535 903 2719 941 rerum
2747 887 2994 940 omnium
3038 895 3356 955 antegressa
3404 882 3650 951 cognitio

2067 979 2356 1042 trilmitnr,
2393 989 2447 1032 et
2484 979 2536 1032 in
2578 993 2663 1043 ea,
2715 978 2916 1047 quibus
2948 994 3063 1033 sua:
3109 975 3444 1043 cognitionis
3492 974 3651 1043 signa

2066 1071 2315 1139 qntedam
2345 1080 2402 1124 et
2434 1070 3031 1140 formasimpresserit,
3065 1069 3253 1123 subire
3284 1067 3447 1121 altius
3475 1080 3537 1117 ac
3558 1078 3651 1130 pe-

364 1172 582 1215 netrare
613 1162 873 1224 voluerit,
924 1159 1188 1233 intelliget
1217 1165 1334 1232 ipse
1364 1165 1649 1229 continuo,
1709 1180 1814 1218 non
1867 1164 1938 1218 illi
1979 1165 2168 1233 utique
2201 1167 2291 1232 qui
2349 1168 2704 1236 praenoverit,
2758 1174 2854 1218 aut
2898 1165 2964 1219 iis
2989 1165 3124 1235 ipsis
3151 1164 3341 1226 rebus,
3364 1176 3484 1231 quo:
3518 1174 3656 1225 prata

364 1254 603 1309 notionls
649 1256 768 1325 ejus
814 1256 1024 1309 formas
1051 1256 1313 1328 quasdam
1366 1268 1635 1326 notasque
1662 1257 2030 1325 susceperint,
2069 1274 2261 1311 eorum
2294 1274 2415 1326 qua:
2449 1258 2797 1327 prtenoverit,
2843 1271 3066 1311 causam
3118 1270 3241 1309 esse
3278 1250 3643 1308 tribuendam.

360 1344 479 1399 Jam
512 1361 643 1399 vero
674 1347 935 1414 quidquid
969 1347 1269 1415 aliquando
1292 1347 1537 1401 futurum
1566 1356 1669 1413 est,
1705 1347 1756 1400 id
1788 1361 1949 1401 omne
1984 1348 2154 1402 Deum
2202 1349 2372 1403 multo
2403 1359 2529 1404 ante
2551 1350 2601 1419 7
2648 1349 2891 1403 futurum
2939 1361 3240 1420 pramosse,
3272 1356 3329 1399 ut
3355 1344 3651 1412 Scriptum

363 1441 581 1495 abesset
610 1440 938 1504 auctoritas,
988 1441 1073 1496 vel
1124 1443 1359 1511 ipsumet
1394 1456 1459 1496 ex
1501 1443 1593 1497 Dei
1649 1442 1871 1497 notione
1931 1443 1978 1498 is
2033 1444 2283 1513 proiecto
2320 1445 2536 1500 demum
2582 1446 2879 1518 intelligat,
2933 1444 3026 1515 qui
3068 1445 3238 1517 probe
3273 1444 3379 1497 vim
3413 1441 3575 1496 illam
3601 1450 3658 1495 ct

364 1534 735 1590 excellentiam
772 1536 972 1590 divinae
1004 1536 1207 1591 mentis
1244 1537 1526 1606 intelligit.

432 1628 496 1683 Ei
551 1626 608 1680 δὲ
657 1628 738 1681 δεῖ
788 1629 881 1683 καὶ
909 1628 1018 1682 ἀπὸ
1068 1630 1175 1680 τῶν
1219 1628 1451 1697 Γραφῶν
1490 1627 1649 1682 τοῦτο
1682 1629 1957 1703 παραστῆ-

2136 1625 2191 1680 4.
2228 1624 2285 1679 Si
2333 1636 2518 1680 tamen
2568 1642 2857 1682 sacrarum
2904 1642 3124 1696 quoque
3156 1628 3460 1682 litterarum
3496 1631 3654 1685 testi-

364 1739 475 1785 σαι,
503 1720 731 1793 πλήρεις
758 1725 856 1792 μέν
887 1725 1024 1775 εἰσιν
1052 1721 1109 1774 αἱ
1140 1724 1469 1791 προφητεῖαι
1495 1721 1751 1777 τοιούτων
1788 1737 1960 1792 παρα-

361 1816 704 1886 δειγμάτων·
744 1816 837 1868 καὶ
870 1816 937 1871 τὰ.
972 1815 1115 1873 κατὰ
1153 1816 1267 1888 (51)
1309 1816 1407 1887 τὴν
1455 1816 1746 1875 Σωσάνναν
1774 1817 1831 1870 δὲ
1862 1818 1958 1872 τοῦ

363 1906 497 1959 Θεοῦ
534 1906 897 1974 γινώσκοντος
928 1906 997 1959 τὰ
1043 1908 1241 1971 πάντα,
1283 1908 1416 1979 πρὶν
1447 1906 1718 1975 γενέσεως
1756 1908 1958 1973 αὐτῶν,

362 1998 503 2055 οὕτω
537 1998 799 2067 λέγουσαν
824 2015 837 2028 °
882 2018 899 2049 ι
945 1997 1001 2052 Ὀ
1027 1998 1158 2062 Θεὸς
1183 2000 1211 2051 6
1239 1997 1478 2063 αἰώνιος,
1511 1999 1540 2051 6
1563 1996 1670 2050 τῶν
1700 1998 1962 2068 κρυπτῶν

361 2091 629 2166 γνώστης,
657 2094 686 2145 6
712 2092 867 2155 εἰδὼς
888 2092 955 2146 τὰ
982 2091 1160 2145 πάντα
1188 2092 1319 2162 πρὶν
1353 2091 1626 2159 γενέσεως
1662 2091 1863 2155 αὐτῶν,
1896 2091 1960 2146 σὺ

360 2184 682 2247 ἐπίστασαι,
720 2184 802 2236 ὅτι
846 2181 1017 2253 ψευδῆ
1052 2199 1153 2253 μου
1198 2180 1695 2253 κατεμαρτύρησαν
1729 2174 1899 2234 οῦτοι.
1937 2200 1954 2232 ι

362 2274 687 2343 Σαφέστατα
729 2273 785 2327 δὲ
820 2275 877 2327 ὲν
910 2276 977 2347 τῇ
1003 2273 1165 2348 τρίτῃ
1196 2272 1307 2326 τῶν
1336 2272 1631 2327 Βασιλειῶν
1658 2274 1751 2326 καὶ
1788 2272 1963 2342 ὄνομα

364 2364 772 2437 βασιλεύσοντος
799 2365 910 2435 (5‘2)
938 2404 953 2427 ,
994 2366 1089 2424 καὶ
1126 2364 1354 2436 πράξεις
1400 2365 1819 2436 ἀνεγράφησαν,
1854 2362 1963 2435 πρὸ

361 2456 619 2515 πλειόνων
650 2454 785 2509 ἐτῶν
812 2454 903 2507 τοῦ
938 2455 1193 2524 γενέσθαι
1224 2456 1703 2526 προφητευόμενα,
1745 2455 1919 2516 οὕτως
1945 2470 1959 2484 ⁸

367 2568 386 2603 ι
429 2550 534 2601 Καὶ
576 2550 830 2621 ἐποίησεν
876 2547 1161 2624 Ἰεροδοὰμ
1207 2548 1400 2620 ἑορτὴν
1448 2549 1506 2600 ὲν
1564 2546 1641 2619 τῷ
1708 2546 1835 2617 μηνὶ
1882 2543 1959 2616 τῷ

361 2639 552 2709 ργδοῳ,
593 2641 651 2694 ὲν
690 2642 759 2710 τῇ
792 2638 1025 2711 πέμπτῃ
1068 2639 1161 2692 καὶ
1188 2638 1388 2709 δεκάτῃ
1427 2638 1612 2710 ἡμέρα
1637 2636 1728 2689 τοῦ
1769 2635 1958 2707 μηνὸς,

362 2729 502 2789 κατὰ
530 2728 625 2800 τὴν
653 2729 848 2801 ἑορτὴν
880 2728 977 2801 τὴν
1014 2729 1072 2781 ὲν
1107 2732 1176 2802 γῇ
1215 2729 1406 2783 Ἰούδα.
1443 2730 1553 2785 Καὶ
1588 2728 1753 2799 ἀνέϐη
1781 2726 1872 2780 ἐπὶ
1902 2724 1964 2778 τὸ

363 2820 749 2891 θυσιαστήριον
795 2822 853 2873 ἐν
892 2818 1134 2891 Βαιθὴλ,
1175 2820 1203 2873 ὅ
1236 2820 1459 2892 ἐποίησε
1502 2820 1594 2874 τοῦ
1638 2820 1789 2874 θύειν
1842 2821 1965 2882 ταῖς

360 2913 679 2984 δαμάλεσι-ι,
710 2907 796 2976 αἷς
831 2912 1089 2988 ἐποίησεν
1120 2912 1252 2981 (55).
1288 2931 1305 2963 ι
1331 2908 1465 2966 Εἶτα
1485 2912 1601 2981 μετ’
1616 2910 1823 2979 ὀλίγα-ι
1853 2908 1964 2961 Καὶ

2064 1715 2266 1770 moniis
2294 1730 2412 1768 eam
2446 1717 2500 1770 in
2532 1732 2645 1771 rem
2678 1732 2815 1784 opus
2847 1727 2963 1784 est,
3015 1718 3186 1785 plenae
3216 1729 3344 1772 sunt
3371 1721 3654 1791 exetnplo-

2064 1823 2183 1861 rum
2240 1809 2289 1862 id
2341 1824 2512 1877 genus
2565 1810 2954 1879 prophetarutn
2996 1826 3202 1864 voces:
3252 1813 3475 1880 ipsaque
3515 1816 3652 1868 adeo

2065 1900 2314 1955 Susanna
2345 1916 2526 1954 rerum
2559 1900 2607 1954 ci
2645 1902 3020 1972 cognitionem
3053 1902 3305 1954 omnium
3351 1904 3436 1957 his
3474 1906 3655 1960 verbis

2063 1993 2299 2047 asseruit
2334 2009 2347 2045 :
2392 2011 2409 2042 ι
2445 1991 2584 2045 Deus
2612 2002 2840 2056 mterne,
2869 1992 2963 2061 qui
2990 1992 3432 2047 absconditorum
3465 2011 3524 2049 es
3563 2012 3657 2050 co—

2063 2080 2277 2148 gnitor;
2323 2080 2412 2146 qui
2465 2080 2605 2132 nosti
2645 2082 2826 2133 omnia
2878 2090 3174 2150 antequam
3226 2084 3398 2136 liant:
3443 2095 3505 2137 tu
3546 2087 3656 2140 scis

2063 2171 2320 2239 quoniam
2355 2168 2547 2224 falsum
2575 2170 2945 2225 temimonium
2967 2172 3210 2226 tulerunt
3232 2189 3423 2227 cmura
3450 2174 3611 2229 tuo“.
3629 2196 3647 2229 ›

2063 2264 2142 2315 Ac
2169 2262 2376 2332 Regum
2417 2264 2601 2329 tertio,
2632 2263 2777 2334 regis
2810 2263 2981 2332 ipsius
3019 2281 3241 2331 nomen,
3274 2283 3471 2336 resque
3491 2269 3558 2323 ab
3588 2285 3653 2324 eo

2064 2364 2270 2421 gestas,
2314 2353 2502 2407 multis
2533 2363 2663 2409 ante
2691 2354 2871 2418 annis,
2908 2371 3075 2425 quam
3109 2358 3281 2411 lucem
3318 2360 3652 2428 aspicerent,

2067 2446 2213 2499 lnmc
2243 2445 2293 2498 in
2315 2448 2536 2500 modum
2561 2446 2874 2527 clarissime
2908 2458 3062 2503 vates
3093 2450 3307 2505 divinus
3333 2452 3607 2520 expressit
3637 2470 3651 2508 :

2071 2555 2090 2589 ι
2127 2536 2534 2607 Constituitque
2582 2538 2873 2596 Jerohoam
2910 2543 3320 2597 solemnitatem
3373 2545 3423 2598 in
3469 2560 3655 2601 mense

2065 2641 2280 2696 octavo,
2314 2631 2721 2701 quintadecima
2764 2634 2852 2689 die
2885 2636 3109 2703 mensis,
3147 2636 3201 2689 in
3236 2637 3650 2693 similitudinem

2067 2723 2460 2789 solemnitatis,
2487 2741 2606 2796 qua:
2632 2725 3006 2781 celebrabatur
3034 2726 3086 2779 in
3110 2722 3269 2780 Juda.
3303 2727 3365 2780 Et
3404 2729 3655 2781 ascendit

2069 2817 2135 2870 ad
2169 2816 2345 2870 altare
2377 2818 2521 2885 quod
2556 2816 2687 2871 fecit
2725 2816 2776 2870 in
2806 2816 3019 2882 Bethrl,
3060 2827 3119 2871 ιιι
3150 2818 3461 2872 immolaret
3508 2820 3651 2871 vitu-

2068 2907 2156 2975 lis,
2193 2923 2330 2977 qnos
2362 2908 2663 2963 fabricatus
2693 2908 2873 2962 fuerat
2909 2908 2973 2961 ⁸¹.
3010 2927 3029 2960 ›
3067 2908 3131 2963 Ει
3163 2914 3324 2977 paulo
3350 2920 3466 2979 post
3494 2926 3506 2961 :
3536 2929 3554 2961 ι
3590 2911 3653 2965 Et

366 3007 474 3060 ἰδοὺ
509 3005 602 3059 ἄνο
613 3023 792 3077 ρωπος
817 3004 911 3057 τοῦ
940 3004 1073 3057 Θεοῦ
1099 3004 1159 3075 ἐξ
1191 3004 1359 3057 Ἰούδα
1381 3003 1713 3075 παρεγένετο
1738 3004 1794 3055 ἐν
1819 3001 1957 3072 λόγῳ

2068 3014 2200 3053 ecce
2228 3001 2310 3053 vir
2340 3000 2435 3054 Dei
2473 3000 2622 3054 venit
2656 3000 2722 3054 de
2749 2997 2909 3068 Juda,
2946 3000 2999 3054 in
3044 3016 3299 3055 sermone
3331 3002 3566 3067 Domini,
3599 3003 3649 3056 in

363 3097 568 3168 Κυρίου
587 3098 644 3148 ἐν
674 3095 897 3166 Βαιθὴλ,
933 3096 1025 3146 καὶ
1064 3093 1345 3164 Ἱεροὸοαμ
1374 3094 1618 3163 εἱστήκει
1648 3093 1741 3146 ἐπὶ
1772 3093 1833 3146 τὸ
1866 3092 1961 3145 θυ-

366 3186 674 3257 σιαστήριον
709 3184 804 3238 τοῦ
833 3182 1107 3238 ὲπιθῦσαι.
1139 3182 1250 3235 Καὶ
1290 3180 1621 3235 ἐπεκάλεσεν
1647 3181 1740 3233 ἐπὶ
1773 3180 1833 3233 τὸ
1869 3179 1962 3233 θυ-

365 3279 679 3349 σιαστήριον
715 3278 770 3330 ἐν
804 3276 948 3346 λόγῳ
978 3275 1208 3347 Κυρίου,
1245 3274 1342 3326 καὶ
1370 3268 1511 3325 εἷπε·
1537 3271 1957 3342 Θυσιαστήριον,

362 3368 485 3427 τάδε
510 3367 656 3437 λέγει
678 3367 881 3439 Κύριος
901 3384 913 3395 ·
954 3366 1085 3419 Ἰδοὺ
1110 3365 1226 3428 υἱὸς
1248 3363 1488 3417 τίκτεται
1514 3362 1592 3433 τῷ
1616 3361 1750 3433 οἴκῳ
1772 3359 1957 3427 Δαυῒδ,

375 3461 583 3525 Ἰωσίας
628 3459 801 3530 ὄνομα
829 3456 976 3529 αύτῷ
1000 3498 1016 3522 ,
1051 3458 1144 3511 καὶ
1193 3457 1346 3510 θύσει
1384 3457 1477 3509 ἐπὶ
1523 3455 1582 3508 σὲ
1617 3455 1742 3517 τοὺς
1793 3456 1959 3526 ἱερεῖς

361 3552 469 3605 τῶν
500 3550 718 3623 ὑψηλῶν
744 3550 851 3603 τῶν
879 3548 1212 3602 ἐπιθυόντων
1246 3548 1338 3601 ἐπὶ
1370 3548 1449 3609 σὲ,
1470 3548 1563 3599 καὶ
1596 3547 1729 3600 ἐστᾶ
1758 3546 1960 3619 ἀνθρώ-

363 3664 480 3700 πων
516 3644 708 3698 καύσει
746 3644 838 3697 ἐπὶ
868 3643 947 3696 σέ.
987 3643 1096 3695 Καὶ
1127 3640 1328 3695 ἔδωκεν
1371 3643 1429 3693 ἐν
1463 3643 1530 3712 τῇ
1562 3640 1746 3712 ἡμέρα
1770 3639 1957 3712 ἐκείνῃ

360 3739 547 3813 τέρας,
581 3738 609 3790 ὃ
654 3736 881 3808 ἐλάλησε
916 3734 1122 3807 Κύριος
1156 3732 1360 3800 λέγων·
1413 3732 1542 3786 Ἰδοὺ
1575 3731 1637 3785 τὸ
1676 3731 1962 3805 θυσιαστή-

364 3849 477 3912 ριον
515 3831 805 3902 ῥήγνυται,
843 3829 937 3881 καὶ
965 3826 1389 3898 ἐκχυθήσεταιή
1434 3825 1628 3895 πιότης
1672 3828 1704 3897 ή
1749 3826 1834 3879 ἐπ’
1863 3827 1961 3879 αὐ·-

360 3922 461 3993 τῷ.
494 3941 511 3972 ι
552 3922 662 3974 Καὶ
694 3922 809 3991 μετ’
836 3918 992 3988 ὀλίγα
1016 3917 1289 3988 δηλοῦται,
1320 3918 1402 3971 ὅτι
1439 3916 1535 3970 καὶ
1573 3915 1636 3969 τὸ
1664 3917 1960 3988 θυσιαστή-

367 4028 480 4088 ριον
502 4000 733 4082 ἐρράγη,
754 4010 849 4062 καὶ
877 4008 1106 4078 ἐξεχύθη
1136 4009 1170 4079 ἡ
1192 4007 1388 4077 πιότης
1414 4006 1522 4059 ἀπὸ
1549 4005 1641 4059 τοῦ
1672 4005 1961 4076 θυσιαστη-

367 4102 484 4180 ρίου
535 4102 674 4155 κατὰ
725 4099 785 4153 τὸ
816 4098 977 4168 τέρας
1008 4099 1036 4151 ὃ
1070 4098 1269 4152 ἔδωκεν
1311 4100 1339 4150 ὁ
1384 4097 1674 4170 ἄνθρωπος
1718 4099 1776 4149 ὲν
1815 4097 1960 4166 λόγῳ

365 4194 591 4265 Κυρίου.
627 4191 734 4244 Καὶ
760 4192 818 4243 ὲν
850 4190 927 4261 τῷ
965 4188 1166 4259 Ἡσαΐᾳ
1198 4188 1475 4259 γενομένῳ
1509 4189 1614 4259 πρὸ
1642 4186 1835 4241 πολλοῦ
1863 4189 1960 4258 τῆς

364 4284 740 4357 αἰχμαλωσίας
775 4284 872 4355 τῆς
921 4284 1002 4345 εἰς
1036 4280 1363 4345 Βαϐυλῶνα,
1403 4280 1524 4352 μεθ’
1566 4282 1634 4351 ἢν
1677 4280 1961 4351 αἰχμαλω-

365 4378 485 4432 σίαν
507 4376 730 4448 ὕστερον
759 4392 889 4429 ποτε
926 4375 1134 4443 γίνεται
1161 4371 1343 4443 Κῦρος
1376 4374 1404 4424 6
1426 4371 1650 4442 Περσῶν
1682 4371 1956 4441 βασιλεὺς,

366 4470 703 4539 συνεργήσας
751 4468 815 4537 τῇ
876 4464 1132 4534 οἰκοδομῇ
1189 4460 1283 4515 τοῦ
1329 4461 1455 4514 ναοῦ
1478 4501 1494 4524 ,
1543 4461 1810 4533 γενομένῃ
1846 4459 1957 4531 (56)

362 4559 503 4612 κατὰ
536 4560 660 4621 τοὺς
695 4556 918 4628 χρόνους
952 4556 1158 4626 Ἔσδρα
1179 4594 1192 4617 ,
1235 4553 1408 4607 ταῦτα
1455 4555 1585 4624 περὶ
1625 4552 1810 4624 Κύρου
1844 4553 1958 4604 ὀνο·

366 4651 533 4721 μαστι
578 4648 1009 4722 προφητεύεται·
1069 4667 1087 4699 ι
1132 4645 1288 4699 Οὕτω
1330 4645 1477 4714 λέγει
1524 4644 1729 4716 Κύριος
1767 4645 1795 4698 6
1826 4644 1959 4708 Θεὸς

362 4742 438 4813 τῷ
483 4740 835 4813 χριστῷ’μου
869 4738 1071 4812 Κύρῳ,
1107 4734 1167 4793 οὗ
1200 4737 1483 4809 ἐκράτησα
1513 4737 1612 4807 τῆς
1646 4736 1825 4821 δεξιᾷς
1860 4736 1957 4789 αὐ-

360 4834 455 4888 τοῦ
484 4832 785 4887 ἐπακοῦσαι
817 4830 1126 4901 ἔμπροσθεν
1163 4828 1326 4883 αὑτοῦ
1358 4827 1508 4898 ἔθνη,
1554 4828 1648 4879 καὶ
1678 4826 1828 4895 ἰσχὺν
1859 4824 1957 4894 βα-

368 4926 555 4980 σιλέων
602 4924 914 4996 διαρῤήξω’
960 4921 1155 4985 ἁνοίξω
1192 4920 1503 4992 ἔμπροσθεν
1546 4918 1711 4974 αὑτοῦ
1761 4918 1953 4989 θύρας,

364 5018 460 5071 καὶ
508 5017 670 5071 πύλαι
705 5016 816 5087 (55)
865 5015 924 5068 ού
960 5012 1514 5083 συγκλεισθήσονταιι
1562 5010 1703 5079 Ἐγὼ
1745 5010 1955 5081 ἔμπρο-

372 5110 492 5163 σθέν
524 5127 615 5162 σου
647 5108 1001 5179 πορεύσομαι,
1032 5106 1127 5163 καὶ
1155 5105 1253 5177 ὅρη
1278 5102 1486 5175 ὁμαλιῶ
1512 5120 1525 5134 '
1555 5103 1723 5181 θύρας
1743 5101 1951 5179 χαλκᾶς

370 5201 680 5274 συντρίψω,
733 5200 828 5254 καὶ
891 5199 1120 5271 μοχλοὺς
1180 5195 1433 5269 σιδηροῦς
1488 5194 1786 5253 συνθλάσω.
1838 5194 1951 5247 Καὶ

365 5293 517 5349 δώσω
545 5310 626 5347 σοι
655 5291 960 5362 θησαυροὺς
990 5291 1296 5356 σκοτεινοὺς
1316 5330 1329 5355 ,
1364 5288 1738 5362 ἀποκρύφους,
1780 5286 1948 5359 ἀορὰ-

435 5410 482 5444 ⁸⁰
524 5411 658 5464 Dan.
693 5425 811 5474 λιιι,
846 5410 936 5463 42.
1014 5409 1056 5441 ⁸³
1087 5409 1154 5465 ill
1188 5408 1321 5480 Reg.
1374 5425 1477 5475 xu,
1506 5408 1575 5462 32
1607 5416 1665 5462 et
1703 5422 1819 5476 seq.

437 5506 549 5577 (30)
584 5507 807 5577 Λόγων.
845 5505 991 5560 Libri
1020 5505 1225 5575 aliquot
1259 5503 1570 5560 Philocaliaz
1598 5504 1677 5558 sic
1714 5504 1946 5569 habent;

366 5575 558 5645 aliqui,
588 5575 792 5629 τύπων.

438 5644 553 5710 (31)
594 5646 668 5700 Τὰ
699 5644 872 5700 κατά.
904 5645 987 5699 Τά
1019 5645 1169 5700 deest
1200 5645 1340 5712 apud
1365 5644 1562 5699 Euseb.

438 5716 788 5791 (5⁵2)]Ἰιὲζοε.
838 5717 1125 5791 impressa,
1174 5715 1269 5768 καὶ
1313 5713 1484 5791 ὄνομα
1537 5712 1823 5784 βασιλειῶν
1851 5714 1947 5791 καὶ

360 5784 544 5858 unus
570 5784 998 5858 βασιλεύσαντος.
1026 5786 1244 5858 Aliquot
1272 5784 1485 5858 codices
1518 5800 1649 5840 mss.
1672 5796 1819 5839 recte
1851 5785 1945 5837 ba-

366 5853 497 5917 bent
526 5853 931 5927 βασιλεύσοντος
960 5871 1056 5927 pro
1093 5853 1527 5927 βασιλεύσαντος.

437 5924 803 6001 (5ὖ)1³1ιὶ(οι;.,
836 5927 899 5992 "at;
933 5924 1210 5998 ἐποέησεν,
1243 5934 1297 5982 et
1338 5925 1500 5995 iul'ra,
1540 5925 1632 5979 καὶ
1680 5924 1938 5980 ἐκάλεσεν

2064 3091 2282 3158 Bethel,
2337 3092 2630 3147 Jeroboam
2681 3102 2862 3147 stante
2906 3108 3072 3161 super
3101 3093 3272 3146 altare
3292 3135 3305 3159 ,
3336 3105 3390 3149 et
3420 3095 3543 3148 thus
3569 3094 3655 3160 ja-

2064 3183 2261 3237 cientc.
2300 3182 2362 3237 Et
2384 3183 2712 3236 exclamavit
2741 3192 2931 3237 contra
2964 3185 3138 3237 altare
3177 3184 3230 3237 in
3262 3200 3512 3238 sermone
3548 3185 3653 3241 Do-

2064 3278 2220 3341 mini,
2256 3286 2311 3331 et
2342 3279 2452 3331 ait:
2478 3278 2687 3340 Altare,
2726 3279 2841 3333 lucc
2881 3276 3011 3332 dicit
3034 3277 3484 3335 Dominus:Ecce
3512 3280 3653 3335 illius

2065 3379 2324 3423 nascetur
2358 3369 2543 3424 domui
2576 3370 2770 3434 David,
2810 3368 2991 3425 Josias
3028 3371 3272 3438 nomine,
3310 3380 3363 3426 et
3405 3372 3654 3427 immola-

2065 3463 2143 3516 hit
2174 3477 2345 3532 super
2370 3473 2420 3516 te
2453 3464 2771 3517 sacerdotes
2797 3464 3168 3531 excelsornm,
3194 3465 3282 3534 qui
3327 3480 3470 3519 nunc
3505 3465 3557 3521 in
3601 3475 3654 3519 te

2066 3555 2221 3608 Ibnra
2253 3556 2614 3620 succendunt,
2645 3565 2697 3611 et
2720 3570 2849 3610 ossa
2881 3556 3164 3612 hominum
3194 3572 3357 3626 super
3390 3566 3441 3611 te
3466 3557 3653 3611 incen-

2063 3646 2172 3700 dct.
2210 3648 2474 3716 Deditque
2508 3648 2561 3702 in
2608 3648 2697 3701 illa
2740 3649 2833 3703 die
2864 3650 3103 3720 signum,
3144 3651 3285 3721 quod
3323 3650 3537 3705 loeutus
3566 3661 3654 3705 est

2065 3739 2323 3793 Dominus
2343 3781 2357 3803 ,
2400 3739 2592 3794 dicens
2624 3758 2639 3795 :
2674 3740 2816 3795 Ecce
2844 3740 3019 3796 aitare
3052 3742 3366 3806 scindetur,
3397 3750 3448 3796 et
3479 3740 3655 3796 effun-

2062 3832 2222 3885 dctnr
2251 3831 2416 3901 adeps
2441 3831 2534 3902 qui
2572 3832 2623 3886 in
2653 3848 2719 3888 eo
2745 3841 2829 3888 est
2848 3833 2915 3888 δ’.
2951 3853 2969 3885 ›
3006 3833 3087 3888 Ac
3118 3834 3306 3903 paucis
3332 3834 3651 3903 interiectis,

2062 3921 2235 3976 altare
2261 3923 2569 3991 disruptum
2604 3964 2620 3989 ,
2669 3923 3017 3994 effusumque
3044 3925 3260 3994 adipem
3288 3940 3409 3980 esse
3459 3942 3651 3980 narra-

2063 4021 2170 4077 tur,
2202 4014 2344 4081 quod
2367 4013 2583 4082 signum
2609 4016 2667 4070 in
2710 4031 2965 4072 sermone
3000 4014 3214 4071 Domini
3253 4016 3522 4085 prepbeta
3558 4017 3654 4070 de-

2062 4106 2238 4159 derat.
2270 4106 2538 4162 Similiter
2564 4109 2703 4178 apml
2738 4110 2955 4178 lsaiam,
3001 4111 3095 4179 qui
3123 4110 3315 4164 multis
3334 4121 3458 4163 ante
3481 4110 3655 4179 capti-

2061 4196 2282 4251 vitatem
2300 4197 2682 4269 Babylonicam
2703 4214 2809 4254 ann
2821 4201 2866 4255 is
2879 4201 3113 4265 vixerat,
3127 4202 3195 4257 de
3209 4201 3353 4271 Cyro
3368 4201 3654 4257 Persarum

2069 4299 2216 4353 rege,
2248 4287 2339 4354 qui
2375 4295 2528 4340 tanto
2568 4288 2947 4358 captivitatem
2995 4289 3138 4343 illam
3180 4290 3467 4344 intervallo
3496 4304 3655 4343 secu-

2070 4385 2158 4430 tus
2191 4386 2294 4442 est,
2332 4378 2531 4448 quippe
2562 4380 2654 4447 qui
2692 4380 3053 4434 instaurando
3090 4379 3288 4450 templo
3318 4381 3391 4451 (id
3418 4384 3560 4449 quod
3597 4381 3650 4436 in

2069 4466 2256 4521 Esdrte
2306 4476 2518 4537 tempus
2571 4468 2805 4540 incidit)
2838 4485 3058 4539 operam
3088 4470 3309 4524 navarit
3340 4485 3493 4523 suam
3518 4510 3533 4534 ,
3578 4472 3652 4524 ita

2069 4561 2391 4613 nominatim
2422 4562 2844 4630 prtenuntiatum
2883 4561 3101 4617 habes:
3143 4580 3161 4613 ι
3209 4562 3336 4616 [lace
3365 4563 3499 4617 dicit
3550 4563 3657 4616 Dn-

2069 4649 2251 4705 minns
2292 4652 2503 4707 ehristo
2539 4666 2660 4707 meo
2690 4654 2869 4725 Cyro,
2904 4654 3062 4725 cujus
3094 4654 3426 4724 apprehendi
3460 4656 3653 4706 dexte-

2057 4756 2197 4803 ram,
2237 4750 2293 4794 ιιι
2324 4742 2608 4809 subjiciam
2654 4754 2783 4799 ante
2816 4740 3009 4800 faciem
3045 4746 3164 4816 ejus
3212 4754 3426 4812 gentes,
3459 4757 3511 4799 et
3543 4745 3656 4799 for-

2058 4831 2339 4887 titudinem
2393 4851 2580 4903 regum
2630 4835 3013 4906 perfringam:
3073 4837 3318 4906 aperiam
3362 4852 3547 4891 coram
3588 4852 3654 4889 eo

2047 4921 2266 4988 ianuas,
2295 4936 2350 4978 et
2376 4938 2548 4993 portae
2579 4943 2714 4981 mea:
2745 4944 2850 4982 non
2900 4916 3224 4983 claudentur
3251 4941 3264 4977 :
3288 4927 3397 4996 Ego
3420 4937 3545 4982 ante
3587 4940 3642 4984 te

2051 5011 2161 5076 ibo,
2205 5023 2261 5069 et
2310 5026 2522 5070 montes
2564 5018 2964 5085 complanabo:
3006 5030 3195 5087 portas
3239 5034 3410 5074 aereas
3455 5031 3648 5075 contea

2056 5117 2196 5168 ram,
2248 5114 2303 5161 et
2348 5119 2531 5164 vectes
2588 5111 2801 5165 ferreos
2850 5111 3217 5182 coniringam.
3270 5113 3335 5164 Et
3378 5112 3520 5165 dabo
3554 5111 3647 5164 tibi

2062 5197 2348 5254 thesauros
2379 5202 2750 5268 absconditos,
2786 5203 3055 5268 occultos,
3090 5202 3390 5258 invisibiles
3406 5202 3647 5269 aperiam

2063 5288 2189 5355 tibi,
2223 5297 2280 5341 ιιι
2305 5289 2449 5345 scias
2476 5292 2599 5360 quia
2633 5308 2735 5363 ego
2768 5292 3029 5348 Dominus
3060 5293 3224 5358 Deus,
3261 5292 3352 5363 qui
3383 5306 3517 5347 voco
3547 5305 3647 5345 no-

1896 5407 1942 5439 δ’
1994 5403 2062 5459 ill
2092 5402 2220 5475 Reg.
2250 5422 2367 5473 χιιι,
2398 5406 2422 5461 1
2456 5420 2571 5475 seq.

2057 5499 2239 5577 £3116
2272 5501 2681 5577 θυσιαστήριον.

2129 5572 2239 5647 (54)
2279 5572 2610 5645 Γενομέιὲίῃ.
2662 5578 2733 5631 Ila
2769 5576 3081 5641 Pliilocalia,
3116 5577 3305 5645 sicque
3355 5575 3639 5647 legendum

2054 5644 2279 5717 omnino
2313 5647 2449 5699 vidit
2480 5646 2726 5717 \‘igerns.
2766 5650 2918 5717 Apud
2943 5644 3233 5702 Eusebium
3260 5644 3457 5717 legitur
3484 5665 3642 5717 γενο-

2058 5712 2271 5860 μῗὲξλ
2301 5783 2535 5860 I'Itiloe_.._
2565 5788 2658 5839 καὶ
2712 5786 2913 5851 πόλεις.
2974 5786 3173 5844 Eadem
3219 5787 3355 5843 infra
3410 5788 3640 5858 μοχλοὺς

2057 5855 2305 5927 σιδηροῦς
2340 5855 2645 5924 συγκλάσιο.
