4138 6414
288 324 358 376 65
1694 321 1758 375 ΙΝ
1803 320 1861 375 Gl

1971 319 2127 377 :Sttt.
2696 314 2703 322 '
3494 328 3569 381 nr.

280 436 431 502 Θεὸς,
480 438 605 492 όταν
627 438 920 512 ἁμαρτάνῃ
952 438 1080 510 (60)·
1116 437 1251 491 ἀλλὰ
1284 436 1714 508 παραδοξότεμν
1746 438 1861 507 μὲν,

1972 436 2039 490 ab
2092 452 2157 490 eo
2209 436 2288 489 vel
2343 437 2624 506 improbe,
2676 437 2757 492 Vel
2818 437 3076 506 prmclarc
3136 442 3373 509 gerenda
3425 444 3560 496 sltt'.

279 527 477 600 ἀληθὲς
524 529 580 582 δὲ
626 529 881 600 ὲροῦμεν,
926 530 987 583 τὸ
1030 532 1287 599 ἐσόμενον
1326 530 1499 583 αἴτιὀν
1532 529 1625 581 τοῦ
1658 529 1867 583 τοιάνδε

277 616 418 675 εἶναι
445 621 543 691 τὴν
572 623 698 694 περὶ
732 622 896 675 αὑτοῦ
928 622 1256 694 πρόγνωσιν.
1295 622 1370 675 Οὑ
1398 620 1505 692 γάρ
1537 620 1661 674 ἐπεὶ
1696 621 1866 689 ἔγνω-

282 730 425 777 σται,
458 713 825 782 γίνεται,·ἀλλ’
859 715 980 769 ἐπεὶ
1017 714 1260 783 γίνεσθαι
1292 714 1538 785 ἔμελλεν,
1576 713 1863 782 ἔγνωσται.

280 802 573 874 Διαστολῆς
605 804 661 856 δὲ
708 804 899 862 δεῖται.
937 806 1000 858 Εἰ
1042 806 1140 875 μὲν
1173 804 1281 877 γὰρ
1324 805 1405 869 τὸ,
1444 807 1662 867 πάντως
1692 803 1865 865 ἔσται,

278 894 422 947 οὕτω
462 913 546 958 τις
570 896 893 968 ’ἑρμηνεύει,
928 897 1004 960 ὡς
1050 898 1296 967 ἀνάγκην
1336 892 1476 949 εῖναι
1518 896 1770 965 γενέσθαι
1808 896 1869 949 τὸ

280 986 752 1056 προεγνωσμένον,
799 988 858 1039 οὺ
912 986 1163 1057 διδόαμεν
1210 985 1394 1057 αὐτῷ·
1447 986 1507 1039 ού
1547 984 1656 1056 γὰρ
1706 981 1866 1053 ἐροῦ-

284 1092 384 1145 μεν
421 1076 556 1147 (61),
592 1078 713 1130 ἐπεὶ
751 1078 1126 1150 προέγνωσται
1170 1077 1369 1131 Ἰούδαν
1403 1076 1671 1148 προδότην
1712 1076 1866 1144 γενέ-

284 1166 425 1232 σθαι,
456 1169 538 1220 δτι
556 1170 713 1223 πᾶσα
741 1169 952 1240 ἀνάγκη
976 1165 1043 1240 ἦν
1080 1170 1278 1223 Ἰούδαν
1298 1157 1569 1242 ’προδότην
1584 1166 1863 1235 γενέσθαι.

251 1292 262 1303 υ
294 1258 382 1311 Ἐν
415 1258 545 1328 γοῦν
577 1263 696 1324 ταῖς
727 1261 854 1331 περὶ
886 1260 980 1314 τοῦ
1038 1262 1208 1315 Ἰούδα
1238 1260 1599 1333 προφητείαις
1634 1258 1867 1330 μέμψεις

283 1350 378 1402 καὶ
431 1351 753 1423 κατηγορίαι
809 1351 903 1404 τοῦ
971 1353 1141 1406 Ἰούδα
1196 1350 1683 1422 ἀναγεγραμμέναι
1738 1351 1865 1413 εἰσὶ,

282 1442 446 1495 παντί
470 1459 547 1513 τῳ
576 1445 908 1518 παριστᾶσαι
930 1444 991 1496 τὸ
1013 1444 1213 1513 ψεκτὸν
1238 1443 1427 1499 αὑτοῦ.
1460 1442 1574 1495 Οὐκ
1603 1440 1668 1495 ἂν
1694 1442 1750 1495 δὲ
1774 1440 1868 1510 ψό-

280 1550 374 1601 γος
399 1533 546 1604 αὐτῷ
581 1536 957 1607 ’προσήπντετω
1007 1538 1056 1587 εἰ
1100 1534 1412 1602 ἐπάναγκες
1464 1533 1729 1603 προδότης
1775 1528 1865 1602 ἦν,

278 1626 371 1678 καὶ
407 1625 481 1696 μὴ
516 1626 786 1697 ἐνεδέχετο
820 1627 929 1695 (62)
961 1626 1121 1680 αὐτὸν
1146 1627 1330 1696 ὅμοιον
1362 1627 1474 1687 τοῖς
1501 1623 1706 1687 λοιποῖς
1734 1624 1868 1676 ἀποι-

282 1716 489 1780 στόλοις
512 1718 787 1784 γενέσθαι.
824 1719 964 1788 Ὅρα
1003 1717 1058 1770 δὲ
1091 1718 1139 1769 εὶ
1177 1716 1251 1787 μὴ
1285 1715 1457 1771 ταῦτα
1489 1713 1764 1786 δηλοῦται,
1799 1714 1865 1767 δι’

1976 541 2098 581 esse
2146 535 2454 595 perspecta.
2499 528 2709 595 Atque,
2764 538 2819 579 ut
2868 527 3076 592 libere,
3131 530 3273 598 quod
3320 546 3406 584 res
3454 541 3560 589 est,

1976 619 2318 689 eloquamur,
2383 634 2490 673 non
2548 618 2639 673 Dei
2709 620 2867 673 modo
2925 623 3318 690 praenotionem
3375 639 3558 679 rerum

1976 725 2195 764 causam
2255 725 2358 765 non
2412 724 2534 763 esse
2594 710 2726 781 (nec
2792 712 2935 764 enim
2993 728 3153 781 quem
3202 727 3558 782 peccaturum

1980 802 2079 870 ιι
2108 800 2244 855 Deus
2269 815 2395 856 esse
2419 802 2688 870 pnevidit,
2715 815 2839 854 eum
2870 800 2993 854 dum
3023 817 3079 854 re
3106 804 3218 871 ipsa
3249 812 3456 873 peccat,
3483 806 3549 857 ad

1978 893 2186 947 facinus
2209 893 2368 962 quasi
2391 908 2550 947 manu
2577 890 2816 964 deducit)
2845 909 2859 946 :
2890 893 2984 947 sed
3009 894 3333 963 etiamquod
3363 912 3391 948 a
3419 912 3561 951 com-

1977 987 2124 1039 muni
2154 1000 2317 1040 sensu
2352 984 2616 1039 remetius
2635 985 2878 1053 quidem,
2903 987 2995 1039 sed
3034 1001 3216 1040 verum
3249 994 3426 1041 tamen
3451 996 3557 1054 est,

1978 1073 2029 1129 id
2068 1073 2241 1142 ipsum
2288 1072 2427 1141 quod
2478 1071 2718 1126 futurum
2756 1072 2847 1137 sit,
2895 1073 3159 1141 ejusmodi
3207 1077 3560 1144 praenotionis

1977 1180 2195 1219 causam
2230 1178 2371 1222 esse.
2400 1162 2587 1233 Neque
2618 1166 2763 1218 enim
2798 1164 3006 1219 idcirco
3043 1166 3104 1219 lit
3150 1168 3290 1236 quod
3320 1167 3556 1221 futurum

1975 1264 2097 1305 esse
2136 1260 2534 1321 cognoscatur;
2575 1251 2668 1306 sed
2717 1252 2861 1321 quod
2916 1252 3155 1308 futurum
3204 1255 3294 1320 sit,
3353 1256 3558 1311 idcirco

1977 1343 2217 1395 futurum
2262 1356 2384 1397 esse
2427 1343 2788 1413 cognoscitur.
2824 1345 2940 1411 Quo
2974 1348 3191 1417 quidem
3260 1348 3312 1401 in
3361 1364 3552 1416 gruerc

1977 1435 2324 1490 distinctione
2353 1450 2489 1506 opus
2520 1445 2623 1491 est.
2652 1436 2783 1491 Nam
2820 1439 2864 1493 si
2894 1440 3036 1510 quod
3064 1440 3285 1495 omnino
3319 1440 3556 1495 futurum

1977 1529 2195 1593 dicitur,
2252 1529 2302 1584 id
2357 1530 2429 1583 ita
2476 1530 2599 1599 quis
2646 1530 2895 1601 accipiat,
2939 1532 3164 1600 perinde
3216 1549 3279 1589 ac
3330 1533 3375 1586 si
3412 1532 3557 1603 quod

1976 1620 2266 1692 praevisum
2317 1630 2422 1683 est,
2459 1620 2680 1674 evenire
2725 1636 2949 1676 necesse
3001 1623 3240 1678 sitzhoc
3278 1639 3405 1677 vero
3452 1626 3558 1677 nti—

1978 1715 2122 1767 nime
2151 1712 2366 1767 damus.
2405 1712 2518 1765 Nec
2555 1711 2700 1765 enim
2737 1713 2882 1781 quod
2915 1714 3143 1782 praevisa
3181 1713 3333 1769 Judae
3367 1714 3557 1782 prodi-

279 1801 353 1860 ὧν
383 1808 809 1880 παραθησόμεθα
839 1808 1019 1881 ῥητῶν
1047 1809 1219 1871 οὕτως
1236 1808 1498 1880 ἐχόντων·
1536 1828 1553 1859 ι
1594 1807 1747 1878 Μηδὲ
1779 1825 1861 1877 γε·

1978 1804 2051 1858 tio
2082 1802 2266 1865 fuerit,
2300 1801 2492 1857 Judam
2538 1810 2826 1870 propterea
2871 1807 3180 1859 necessario
3223 1805 3554 1874 proditorem

280 1899 496 1969 νηϐήτω
527 1900 833 1971 οἰκτίρμων
856 1903 968 1964 τοῖς
1000 1900 1255 1971 ὀρφανοῖς
1285 1899 1473 1964 αὐτοῦ,
1504 1900 1618 1953 ἀνθ’
1658 1893 1732 1952 ὧν
1765 1898 1865 1952 οὐκ

280 1989 522 2061 ἐμνήσθη
562 1992 788 2061 ποιῆσαι
842 1991 1006 2054 ἔλεος,
1061 1992 1156 2045 καὶ
1210 1991 1531 2055 κατεδίωξεν
1577 1991 1863 2063 ἄνθρωπον

280 2082 485 2154 πένητα
513 2084 607 2137 καὶ
637 2084 849 2155 πτωχὸν
872 2084 1004 2155 (65),
1032 2086 1125 2138 καὶ
1149 2084 1613 2155 κατανενυγμένον
1638 2082 1703 2150 τῇ
1737 2098 1866 2154 καρ-

276 2173 365 2245 δία
394 2175 488 2229 τοῦ
523 2176 851 2231 θανατῶσαι.
887 2178 998 2231 Καὶ
1030 2176 1287 2247 ἠγάπησε
1319 2178 1580 2250 κατάραν,
1604 2176 1696 2231 κα)¹
1745 2176 1866 2247 ἥξει

277 2266 445 2336 αὐτῷ,
481 2268 574 2320 καὶ
603 2269 703 2321 οὐκ
743 2268 1007 2339 ἠθέλησεν
1048 2270 1317 2339 εὐλογίαν,
1353 2271 1446 2324 καὶ
1482 2269 1868 2342 μακρννθήσε-

273 2374 363 2412 τοι
396 2360 490 2412 ἀπ’
524 2360 709 2414 αὐτοῦ.
755 2380 776 2414 ι

1974 1896 2143 1951 fuisse
2173 1896 2546 1951 concedimus.
2581 1894 2894 1958 Enimvero,
2926 1896 3125 1966 quibus
3162 1897 3211 1949 in
3264 1898 3556 1965 pl‘Opllt‘la-

1972 2003 2090 2042 rum
2122 1986 2361 2041 oraculis
2392 1986 2630 2040 futurum
2674 1985 2829 2041 Judie
2874 1987 3048 2041 scelus
3081 1985 3433 2056 exprimitur,
3462 1987 3557 2041 iis«

1970 2084 2089 2139 dem
2148 2084 2386 2140 hominis
2439 2083 2734 2137 incessitur
2787 2084 3143 2152 carpiturque
3197 2081 3554 2149 improbitas,

1972 2186 2134 2247 atque
2158 2175 2398 2230 omnium
2427 2174 2477 2227 iu
2512 2174 2685 2229 oculis
2716 2174 3010 2244 indignitas
3040 2174 3155 2238 ejus
3186 2173 3555 2242 probrumque

1976 2268 2300 2324 traducitur.
2331 2265 2432 2332 Qui
2458 2267 2500 2318 si
2535 2265 2601 2318 ad
2629 2265 2993 2335 proditionem
3029 2265 3078 2318 vi
3123 2279 3186 2318 ac
3231 2263 3556 2318 necessitate

1972 2370 2276 2433 raperetur,
2314 2374 2415 2414 nec
2460 2360 2686 2429 reliquis
2738 2358 2999 2428 apostolis
3050 2373 3147 2428 per
3188 2371 3307 2410 eam
3362 2355 3556 2411 similis

277 2467 397 2507 esse
445 2464 646 2523 posset,
706 2456 853 2511 omni
905 2458 1149 2526 profecto
1195 2458 1429 2514 crimine
1478 2473 1541 2515 ac
1577 2461 1780 2529 probro
1834 2468 2068 2514 vacaret.
2100 2457 2232 2513 Vide
2283 2472 2415 2527 ergo
2469 2474 2596 2511 num
2652 2457 2702 2511 id
2754 2456 2929 2525 ipsum
2982 2453 3200 2509 disertis
3238 2454 3387 2508 hisce
3420 2452 3555 2507 Pro-

278 2548 441 2616 pheta
505 2552 887 2621 conceptisque
927 2555 1105 2608 verbis
1150 2555 1402 2623 aperiat:
1441 2572 1459 2606 ι
1492 2554 1603 2611 Nec
1640 2556 1713 2609 sit
1776 2557 1870 2626 qui
1908 2556 2232 2611 misereatur
2258 2553 2474 2624 pupillis
2509 2554 2647 2623 ejus,
2677 2568 2774 2619 pro
2806 2567 2872 2607 eo
2920 2550 3063 2621 quod
3114 2565 3218 2604 non
3243 2559 3329 2603 cst
3368 2564 3553 2603 recor-

277 2643 440 2698 datus
486 2645 670 2701 facere
705 2647 1159 2710 misericordiam,
1208 2659 1262 2704 et
1293 2660 1616 2719 persecutus
1655 2662 1737 2707 est
1786 2651 2058 2705 hominem
2093 2650 2331 2719 inopem,
2394 2657 2447 2703 et
2498 2650 2805 2704 mendicum
2863 2656 2917 2702 et
2973 2654 3360 2716 compunctum
3393 2643 3555 2700 cordo

281 2737 631 2793 mortiﬁcare.
671 2739 734 2792 Et
765 2739 951 2792 dilexit
992 2740 1449 2804 maledictionem,
1484 2751 1540 2798 et
1568 2744 1750 2797 veniet
1775 2744 1856 2808 ei;
1885 2752 1939 2797 et
1970 2740 2143 2796 noluit
2167 2740 2626 2804 benedictionem,
2651 2750 2704 2794 et
2736 2737 3078 2809 elongabitur
3101 2739 3167 2791 ab
3194 2751 3259 2791 eo
3290 2735 3357 2789 “.
3392 2754 3409 2787 ι

353 2832 415 2884 Εἰ
436 2830 492 2885 δέ
513 2849 597 2895 τις
618 2832 939 2905 διηγήσεται
967 2835 1050 2900 τὸ,
1072 2835 1291 2900 πάντως
1317 2835 1490 2902 ἔσται,
1511 2836 1654 2891 κατά
1675 2838 1736 2891 τὸ
1759 2837 1861 2910 (64)

2042 2837 2097 2890 7.
2126 2836 2220 2890 Sin
2252 2846 2431 2890 autem
2470 2836 2597 2889 illud
2633 2835 2799 2899 idem,
2837 2833 2980 2904 quod
3031 2833 3253 2887 omnino
3301 2832 3543 2887 futurum

280 2923 563 2994 σημαίνειν
588 2925 738 2989 αὐτὸ,
769 2926 964 2995 λέγων,
988 2928 1070 2980 δτι
1104 2927 1257 2982 ἔσται
1294 2928 1392 2999 μὲν
1422 2929 1550 2983 τάδε
1576 2929 1719 2994 τινὰ,
1754 2932 1861 2983 ἐνε-

1971 2930 2193 2993 dicitttr,
2226 2930 2299 2982 ita
2340 2928 2486 2998 quis,
2519 2938 2678 2996 prout
2713 2926 3140 2982 asseverationis
3172 2925 3292 2997 ejus
3339 2926 3551 2996 signiti-

277 3013 464 3082 δέχετο
488 3012 543 3066 δὲ
570 3014 663 3067 καὶ
690 3015 893 3087 ἑτέρως
925 3016 1201 3085 γενέσθαι,
1222 3016 1382 3071 τοῦτο
1405 3018 1481 3081 ὠς
1507 3019 1705 3089 ἀληθὲς
1736 3037 1861 3089 συγ-

1972 3023 2121 3077 catio
2152 3021 2406 3092 postulat,
2458 3020 2765 3089 intelliget;
2822 3019 2976 3089 quasi
3025 3018 3270 3074 futurum
3302 3021 3373 3072 sit
3423 3020 3551 3071 illud

276 3106 581 3177 χωρούμεν.
639 3107 741 3160 Τὸν
798 3109 897 3179 μὲν
935 3109 1043 3181 γὰρ
1089 3109 1221 3163 Θεὸν
1271 3109 1381 3181 (65)
1442 3112 1543 3165 οὐκ
1596 3112 1861 3184 ἐνδέχεται

1971 3114 2212 3183 quidem,
2240 3122 2495 3167 Caeterum
2527 3113 2686 3164 aliter
2711 3112 2875 3164 etiam
2904 3109 3123 3165 evenire
3152 3113 3415 3180 potuisset
3452 3124 3465 3160 :
3500 3111 3550 3163 id

275 3194 611 3265 ψεύσασθαι·
651 3197 921 3269 ἐνδέχεται
957 3199 1013 3252 δὲ
1047 3201 1174 3271 περὶ
1217 3200 1327 3255 τῶν
1359 3201 1721 3272 ἐνδεχομένων
1762 3221 1858 3272 γε·-

1971 3215 2226 3274 tanquam
2280 3218 2470 3257 verum
2523 3201 2665 3256 ultro
2716 3200 2973 3256 fatemur.
3023 3200 3158 3255 Nam
3212 3209 3271 3255 ut
3326 3200 3541 3257 mentiri

275 3286 483 3352 νέσοαι,
520 3289 613 3341 καὶ
654 3290 727 3360 μὴ
759 3290 1010 3358 γενέσθαι
1045 3292 1309 3363 φρονῆσαι
1342 3293 1402 3345 τὸ
1439 3293 1691 3362 γενέσθαι
1725 3295 1864 3349 αὐτὰ

275 3379 370 3432 καὶ
412 3380 472 3433 τὸ
513 3380 587 3451 μὴ
633 3382 905 3449 γενέσθαι.
955 3383 1295 3455 Σαφέστερον
1327 3384 1383 3437 δὲ
1428 3384 1589 3440 τοῦτο
1630 3386 1862 3459 ἐροῦμεν

274 3469 448 3534 οὕτως
470 3489 481 3502 ·
520 3473 582 3525 Ei
616 3473 886 3543 ἐνδέχεται
933 3476 1132 3528 Ἰούδαν
1166 3472 1305 3529 εἶναι
1338 3476 1635 3531 ἀπόστολον
1663 3480 1863 3549 ὁμοίως

274 3566 486 3639 Πέτρῳ,
524 3567 797 3638 ἐνδέχεται
826 3568 915 3621 τὸν
949 3568 1079 3621 Θεὸν
1115 3569 1304 3639 νοῆσαι
1350 3570 1477 3641 περὶ
1525 3568 1616 3622 τοῦ
1670 3570 1860 3634 Ἰούδα,

275 3658 356 3711 δτι
394 3662 543 3729 μενεῖ
568 3659 860 3724 ἀπόστολος
884 3660 1083 3731 ὁμοίως
1112 3661 1323 3732 Πέτρῳ.
1357 3663 1420 3714 Εἰ
1449 3662 1717 3734 ἐνδέχεται
1752 3664 1861 3734 (66)

288 3751 484 3804 Ἰούδαν
532 3752 793 3824 προδότην
829 3752 1101 3821 γενέσθαι,
1144 3754 1415 3824 ἐνδέχεται
1448 3755 1508 3809 τὸ
1553 3756 1685 3809 Θεὸν
1728 3775 1860 3829 φρο-

276 3844 435 3915 νῆσαι
467 3845 594 3915 περὶ
617 3845 803 3911 αὑτοῦ,
830 3847 911 3898 ὅτι
936 3846 1200 3918 προδότης
1224 3846 1396 3900 ἔσται.
1429 3848 1491 3900 Ei
1514 3848 1570 3901 δὲ
1596 3850 1862 3922 προδότης

276 3935 427 3990 ἔσται
468 3938 688 4001 Ἰούδας,
718 3940 746 3989 ό
768 3938 899 4001 Θεὸς
927 3942 991 4010 τῇ
1029 3938 1329 4010 προγνώσει
1356 3939 1521 3994 αὐτοῦ
1546 3941 1651 3995 τῶν
1676 3961 1857 4014 προει-

282 4027 535 4097 ρημένων
565 4026 678 4090 δύο,
725 4027 1073 4098 ἐνδεχομένου
1108 4028 1202 4081 τοῦ
1247 4024 1386 4082 εἶναι
1436 4031 1515 4083 ἐνὶ
1554 4033 1752 4094 αὐτῶν,
1801 4034 1862 4086 τὸ

277 4114 475 4186 ἀληθὲς
526 4116 917 4186 προγινώσκων
953 4118 1084 4188 (67),
1120 4119 1493 4190 προγνώσεται
1541 4123 1631 4176 τὸν
1661 4124 1860 4176 Ἰούδαν

279 4206 545 4278 προδότην
568 4207 849 4276 γενέσθαι·
878 4208 939 4261 τὸ
970 4209 1024 4261 δὲ
1053 4211 1179 4281 περὶ
1202 4206 1261 4264 οὗ
1285 4213 1317 4281 ἡ
1345 4212 1564 4279 γνῶσις,
1592 4215 1860 4286 ἐνδέχεται

277 4298 371 4353 καὶ
418 4299 621 4371 ἑτέρως
660 4298 931 4367 γενέσθαι.
974 4301 1083 4354 Καὶ
1133 4301 1279 4371 λέγοι
1320 4302 1385 4356 ἂν
1436 4306 1469 4374 ἡ
1520 4305 1721 4372 γνῶσις
1766 4306 1860 4358 τοῦ

277 4391 432 4454 Θεοῦ,
451 4391 845 4461 ὃτιἘνδέχεται
873 4392 971 4462 μὲν
1002 4392 1149 4446 τόνδε
1178 4395 1297 4447 τόδε
1333 4396 1574 4466 ποιῆσαι,
1607 4397 1741 4450 ἀλλὰ
1771 4399 1862 4451 καὶ

1967 3297 2106 3351 Deus
2144 3296 2362 3365 fallique
2396 3310 2499 3350 non
2536 3304 2735 3366 potest,
2766 3295 2841 3349 ita
2868 3309 2986 3363 quae
3013 3292 3128 3348 ﬁeri
3165 3307 3318 3363 mque
3348 3308 3411 3347 ac
3439 3309 3546 3348 non

1969 3385 2081 3440 lit-ri
2115 3393 2359 3455 possunt.
2394 3385 2582 3440 eadem
2628 3386 2741 3454 ipse
2781 3383 2959 3438 futura
2999 3399 3158 3439 nosse
3191 3384 3419 3456 pariter,
3449 3393 3544 3437 aut

1968 3494 2075 3532 non
2116 3478 2294 3531 futura
2328 3486 2527 3547 p0test.
2557 3476 2755 3530 Verum
2787 3475 3074 3529 dilucidius
3104 3474 3205 3529 hac
3232 3474 3297 3529 de
3321 3489 3375 3527 re
3404 3473 3547 3526 hunc

1965 3570 2019 3624 in
2056 3570 2278 3623 modum
2333 3576 2666 3623 statuemus:
2700 3566 2755 3621 Si
2805 3567 2966 3622 Petro
3014 3565 3211 3620 similis
3267 3563 3550 3635 apostolus

1965 3660 2130 3716 Judas
2159 3675 2281 3716 csse
2310 3669 2509 3731 potest,
2541 3668 2712 3730 potest
2746 3660 2910 3714 etiam
2947 3658 3087 3713 Deus
3110 3655 3303 3714 Iudam
3334 3668 3550 3727 aposto-

1967 3753 2077 3808 lum
2119 3752 2282 3809 Petro
2315 3752 2550 3808 similem
2589 3750 2831 3806 futurum
2873 3763 3227 3822 cognoscere.
3261 3748 3544 3810 Similiter,

1966 3847 2011 3901 si
2041 3846 2285 3915 proditor
2336 3846 2505 3902 Judas
2541 3863 2663 3903 esse
2694 3853 2893 3914 potest,
2936 3851 3110 3913 potest
3141 3855 3356 3910 quoque
3407 3840 3547 3893 Dens

1967 3941 2117 3994 illum
2153 3954 2314 3994 nosse
2340 3940 2673 4009 proditorem
2701 3938 2963 3992 futurum.
2990 3932 3109 3988 Jam
3138 3934 3182 3987 si
3215 3934 3391 4001 reipsa
3419 3947 3547 4000 pro-

1967 4035 2110 4088 ditor
2143 4031 2312 4087 Judas
2338 4032 2466 4094 erit,
2499 4032 2641 4085 Deus
2673 4042 2804 4083 sane
2827 4028 2917 4096 qui
2955 4035 3245 4095 utrumque
3278 4022 3405 4077 illud
3430 4022 3546 4076 ﬁeri

1967 4140 2131 4194 posse
2159 4122 2445 4193 praenovit,
2477 4139 2600 4181 cum
2637 4122 2690 4176 in
2721 4135 2885 4175 unum
2920 4118 3082 4172 cadat
3127 4127 3187 4169 ιιι
3228 4115 3546 4179 contingen-

1968 4226 2049 4269 ter
2080 4215 2192 4280 liat,
2226 4216 2300 4269 rei
2334 4216 2617 4269 veritatem
2665 4224 3035 4280 praenoscens,
3077 4205 3270 4259 ludam
3322 4220 3381 4259 re
3414 4204 3535 4272 ipsa

1966 4307 2302 4377 proditorem
2358 4306 2598 4359 futurum
2650 4309 2968 4372 praenoscet,
3014 4314 3135 4352 cum
3166 4297 3372 4349 interea
3400 4294 3544 4364 quod

1967 4410 2090 4449 eum
2126 4393 2177 4446 itt
2205 4395 2423 4448 modum
2470 4393 2773 4463 cognoscit,
2834 4390 2995 4443 aliter
3047 4403 3113 4440 ex
3163 4402 3284 4440 sese
3325 4387 3546 4440 evenire

276 4485 336 4540 τὸ
370 4485 646 4538 ἐναντίον·
700 4486 1063 4556 ἐνδεχομένων
1103 4487 1158 4539 δὲ
1197 4488 1549 4557 ἀμφοτέρων,
1600 4484 1735 4553 οἴδα,
1779 4492 1861 4544 ὅτι

1971 4495 2171 4556 posset.
2223 4485 2411 4555 Itaque
2464 4501 2573 4539 non
2636 4484 2905 4537 immerito
2973 4481 3168 4535 divinae
3221 4480 3543 4549 pricnotioui

275 4580 393 4633 τόδε
417 4581 631 4652 ποιήσει
659 4579 767 4650 (68)
784 4596 797 4609 ο
833 4579 892 4630 οὐ
924 4579 1031 4650 γὰρ
1054 4578 1243 4649 ὥσπερ
1268 4582 1296 4632 ό
1319 4580 1451 4642 Θεὸς
1476 4581 1616 4633 εῐποι
1648 4580 1733 4644 ἂν,
1749 4581 1862 4635 Οὐκ

276 4670 542 4742 ἐνδέχεται
593 4671 743 4725 τόνδε
795 4670 918 4723 τινὰ
967 4672 1057 4723 τὸν
1114 4671 1398 4741 ἄνθρωπον
1449 4672 1668 4743 πτῆναι,
1716 4672 1860 4726 οὕτω

350 4794 395 4824 ⁸⁸
424 4792 510 4845 Ps.
536 4805 686 4850 cvttt.
732 4788 817 4851 12,
845 4786 926 4852 l6,
970 4789 1053 4853 l7,
1094 4787 1180 4841 18.

279 4909 426 4961 nosci
469 4907 722 4959 diettntttr
764 4905 983 4957 notione
1016 4920 1109 4958 seu
1156 4904 1383 4958 Scirnlia
1421 4918 1582 4971 quam
1625 4900 1853 4955 visionis

279 4978 545 5046 appellant
580 4976 961 5046 :_Augustintts
995 4985 1172 5026 autem
1201 4975 1345 5046 “ideo
1393 4989 1483 5046 res
1506 4987 1663 5046 esse
1692 4972 1852 5046 dixit,

278 5042 403 5115 quia
434 5046 581 5100 novit
608 5044 770 5104 Deus.
806 5045 1026 5115 notione
1070 5043 1320 5098 videlicet
1358 5042 1624 5115 simplicis
1653 5042 1854 5095 intelli-

280 5112 498 5185 gentize,
539 5123 598 5167 ttt
629 5125 860 5185 forant.
898 5114 1016 5180 Quo
1058 5114 1247 5185 recidit
1296 5114 1497 5167 solutio
1546 5112 1629 5164 illa
1688 5127 1853 5185 quam

277 5183 497 5240 adhibet
532 5185 590 5240 S.
627 5183 863 5237 Thomas
916 5200 967 5250 p.
1004 5200 1042 5246 ι,
1079 5199 1135 5252 q.
1189 5183 1271 5246 l4,
1321 5198 1371 5234 a.
1415 5185 1468 5243 8,
1524 5183 1853 5252 reSpondcns

280 5257 398 5311 loco
429 5253 678 5323 Urigenis
707 5268 772 5306 ex
804 5253 1029 5323 Epistol.
1076 5250 1141 5306 ad
1192 5252 1349 5305 Rom.
1386 5253 1637 5318 objecto:
1673 5271 1690 5303 ι
1727 5250 1853 5323 Ori-

278 5342 463 5394 gent-5,
499 5322 693 5392 inquit,
718 5322 929 5377 locutus
954 5333 1038 5377 est
1069 5323 1353 5394 attendens
1383 5325 1646 5394 rationem
1675 5322 1855 5394 scien-

280 5391 389 5457 tim,
415 5396 499 5448 cui
529 5391 634 5446 non
670 5394 928 5460 competit
964 5394 1104 5446 ratio
1134 5393 1497 5453 causalitatis,
1528 5392 1628 5444 nisi
1662 5391 1854 5456 adjun-

278 5478 363 5518 cta
398 5465 695 5518 voluntate.
731 5463 835 5515 Sed
869 5465 1011 5530 quod
1048 5464 1178 5516 dicit
1227 5464 1347 5515 ideo
1390 5463 1640 5530 praescire
1680 5461 1851 5514 Deum

279 5534 641 5605 aliqua,'quia
673 5542 800 5586 sunt
839 5531 1041 5593 futura,
1076 5531 1482 5605 intelligendum
1528 5540 1613 5584 est
1654 5547 1851 5584 secun-

279 5602 404 5659 dum
436 5602 654 5657 causam
686 5605 1244 5670 ronseqnentiw.non
1282 5602 1577 5654 secundum
1624 5617 1846 5654 causam

278 5674 513 5728 cssendi.
542 5672 804 5740 Sequitur
832 5674 999 5735 enim,
1031 5676 1073 5726 si
1104 5673 1279 5738 aliqua
1316 5680 1441 5724 sunt
1473 5672 1676 5731 futura.
1705 5671 1850 5739 quod

281 5743 424 5799 Deus
453 5759 515 5796 ea
557 5743 894 5810 pra-scierit,
948 5751 1287 5810 nontamen
1341 5756 1426 5796 res
1480 5742 1675 5795 futura:
1724 5741 1889 5796 sunt"

278 5830 441 5871 causa
479 5809 623 5885 quod
660 5812 799 5869 Deus
833 5816 992 5867 sciat.
1017 5833 1035 5866 ι
1072 5809 1331 5865 llrttnes.

1968 4578 2233 4647 ejusmodi
2266 4579 2441 4630 oratio
2479 4578 2748 4631 tribuatur
2776 4574 3063 4628 :Accidere
3093 4572 3315 4626 omnino
3343 4580 3540 4640 potest,

1968 4680 2027 4724 ιιι
2053 4672 2152 4724 hoc
2176 4669 2244 4723 ab
2266 4670 2370 4724 isto
2406 4669 2526 4734 liat;
2552 4684 2651 4723 nec
2676 4666 2852 4721 minus
2880 4670 3060 4720 tamen
3089 4674 3148 4718 ut
3172 4664 3504 4718 contrarium
3528 4682 3542 4720 :

1964 4965 1995 5020 ὁ
2037 4895 2152 4965 (60)
2197 4896 2374 4947 Ὅταν
2417 4892 2744 4964 ἁμαρτάνῃ.
2802 4891 2923 4945 ll:ec
2965 4894 3018 4946 in
3056 4888 3351 4944 Philomlia
3399 4887 3543 4941 desi-

1998 4976 2240 5019 erantur.

1998 4976 2240 5019 erantur.

2036 5035 2151 5105 (6])
2196 5037 2277 5088 Οὐ
2321 5034 2431 5103 γὰρ
2461 5032 2733 5102 ἐροῦμεν,
2770 5042 2873 5086 etc.
2903 5031 3031 5098 Qure
3080 5043 3399 5099 sequuntur,
3446 5033 3542 5105 iis-

1964 5103 2085 5158 dem
2122 5106 2236 5159 fere
2278 5106 2461 5157 verbis
2501 5106 2550 5156 itt
2588 5105 3044 5157 commentarium
3077 5118 3231 5155 suum
3265 5103 3539 5157 transtulit

1964 5174 2261 5243 Procopius
2288 5174 2513 5228 Gazaeus

2032 5241 2153 5317 (62)
2192 5246 2419 5317 Philam.
2452 5242 2748 5317 ἐνεδέχετο.
2789 5241 3015 5317 Enselt.,
3038 5242 3343 5317 ἀνεδέχετο,

2035 5312 2147 5383 (ϋὸ)
2187 5314 2298 5367 Καὶ
2326 5315 2585 5381 πτωχόν.
2620 5315 2780 5383 Drest
2815 5316 2863 5363 in
2901 5312 3213 5383 l’lttlorult'a.

2187 5385 2349 5458 Ιςᾳζὰ
2382 5387 2468 5437 τό.
2508 5382 2734 5458 Philota,
2762 5384 2856 5458 καὶ
2884 5381 3059 5434 τοῦτο.

1996 5451 2151 5577 ὰζϋῗ)
2172 5454 2517 5577 όΡΙιὶΙοσαίὶα,
2548 5452 2624 5514 ὡς
2656 5453 2869 5522 ἀληθῶς
2904 5452 3311 5522 συγχωρῶμεν.
3343 5451 3405 5504 El
3435 5453 3535 5522 μὲν

2038 5540 2067 5577 ο
2145 5543 2169 5577 ε
2203 5544 2251 5577 ν.

2099 5527 2251 5578 Θεόν.

1958 5540 2067 5598 γαρ
2099 5540 2251 5578 υεον.

2035 5596 2145 5666 (66)
2192 5594 2417 5666 Philam,
2510 5594 2557 5646 εἰ
2584 5591 2876 5661 ἐνδέχεται.

2057 5609 2145 5666 Uti)
2192 5609 2417 5656 rimam,
2449 5609 2480 5661 η
2510 5609 2557 5646 ει
2584 5609 2876 5661 ενοεχεται.

2032 5609 2142 5737 (67)
2186 5662 2525 5737 Euseh.,_8-30
2556 5667 2876 5730 γεγονότων,
2909 5660 3000 5714 τοῦ
3035 5656 3169 5714 εἶναι
3201 5660 3258 5711 ἐν
3295 5656 3441 5730 αύτῷ
3480 5654 3536 5708 τὸ

1958 5731 2174 5807 ἀληθὲς,
2206 5731 2612 5807 προγινώσκων.

2034 5799 2144 5879 (68)
2189 5799 2407 5871 Euseb,
2445 5801 2569 5853 τάδε
2606 5799 2837 5871 ποιήσει.
