4138 6426
422 330 489 382 75
1837 322 1903 377 ΙΝ
1940 320 2003 377 Gl

2108 319 2189 375 εει
2196 318 2242 373 Μ
2252 360 2263 372 .
3612 313 3678 365 74

412 451 513 519 τῆς
539 446 631 501 τοῦ
650 447 819 507 δεῖνος
845 444 1130 513 γενέσεως,
1157 441 1564 514 παραστησάτω
1586 440 1683 512 τὴν
1702 439 1990 511 διαφορὰν,

2108 438 2320 490 deribus
2342 433 2482 487 eﬁitci
2512 434 2797 495 concedet,
2823 433 2915 487 sed
2940 432 3265 503 cognitionis
3287 445 3476 486 eorum
3509 446 3675 485 causa

412 539 506 595 τοῦ
538 539 644 592 ἀπὸ
675 539 782 590 τῶν
820 537 1065 608 ἀστέρων
1091 535 1350 588 δύνασθαι
1378 533 1568 598 δεῖξαι,
1612 533 1694 585 ὅτι
1729 532 1854 585 τάδε
1894 532 1993 601 μὲν

412 631 656 700 νενόηται
676 628 851 700 ἀληθῆ
873 629 947 691 ὡς
975 628 1082 680 ἀπὸ
1100 626 1418 687 ποιούντων,
1445 624 1571 677 τάδε
1595 623 1652 676 δέ
1673 623 1748 686 ὡς
1767 622 1876 676 ἀπὸ
1896 639 1993 692 ση-

416 724 715 795 μαινόντων
742 722 918 793 μόνον’
951 721 1025 791 μὴ
1056 719 1267 788 ἔχοντες
1291 718 1347 770 δὲ
1375 716 1555 769 δοῦναι
1573 716 1674 785 τὴν
1702 714 1990 785 διαφορὰν,

411 814 768 885 εὐγνωμόνως
807 810 1332 881 συγκαταθήσονται,
1362 808 1524 879 μηδὲν
1550 806 1659 861 τῶν
1686 805 1827 860 κατά
1867 807 1993 870 τοὺς

411 904 733 976 ἀνθρώπους
790 903 898 957 ἀπὸ
958 903 1067 956 τῶν
1120 900 1365 971 ἀστέρων
1422 896 1689 967 γίνεσθαι,
1734 896 1871 959 ἀλλ’,
1918 897 1994 960 ὡς

413 995 842 1067 προειρήκαμεν,
869 994 916 1045 εί
940 992 1046 1063 ἄρα
1068 988 1448 1062 σημαίνεσθαι,
1475 988 1551 1051 ὡς
1580 990 1629 1041 εἰ
1659 986 1733 1057 μὴ
1769 986 1861 1039 καὶ
1884 985 1995 1038 ἀπὸ

411 1086 518 1139 τῶν
552 1085 797 1156 ἀστέρων
828 1100 912 1146 τις
939 1081 1211 1151 ἐλάμϐανε
1236 1079 1304 1133 τὰ
1344 1075 1757 1148 παρεληλυθότα
1793 1076 1889 1127 καὶ
1925 1074 1994 1127 τὰ

416 1178 698 1250 μέλλοντα,
728 1176 840 1230 ἀλλ’
875 1175 982 1228 ἀπὸ
1011 1173 1104 1227 τοῦ
1125 1172 1214 1226 νοῦ
1248 1172 1341 1224 τοῦ
1366 1170 1526 1234 Θεοῦ,
1557 1169 1647 1223 διά
1668 1186 1811 1231 τινος
1836 1168 1996 1235 λόγου

412 1270 774 1343 προφητικοῦ.
810 1269 1018 1339 Ὥσπερ
1050 1264 1157 1336 γὰρ
1196 1261 1686 1335 προαπεδείξαμεν,
1724 1260 1806 1312 ὅτι
1846 1258 1996 1311 οὐδὲν

410 1364 572 1417 λυπεῖ
591 1363 684 1415 τὸν
708 1362 834 1432 περὶ
856 1360 948 1413 τοῦ
979 1359 1064 1427 ἐφ’
1096 1358 1228 1428 ἡμῖν
1256 1356 1413 1422 λόγον
1444 1353 1506 1407 τὸ
1526 1351 1617 1405 τὸν
1642 1350 1773 1404 Θεὸν
1800 1350 1997 1403 εἰδέναι

411 1458 482 1512 τὰ
529 1456 955 1529 πραχθησόμενα
993 1450 1231 1520 ἑκάστῳ,
1279 1447 1453 1508 οὕτως
1500 1444 1624 1497 οὺδέ
1668 1442 1736 1495 τά
1773 1444 1993 1511 σημεῖα,

410 1552 447 1606 ἃ
479 1551 664 1615 ἔταξεν
691 1550 720 1602 ό
751 1547 884 1610 Θεὸς
912 1547 992 1607 εἰς
1030 1544 1090 1595 τὸ
1124 1540 1434 1612 σημαίνειν,
1470 1533 1750 1607 ἐμποδίζει
1784 1534 1894 1604 (95)
1936 1533 1997 1586 τὸ

412 1646 496 1714 ἐφ’
534 1645 698 1714 ἡμῖν·
749 1638 886 1693 ἀλλά
922 1632 1316 1705 παραπλησίως
1366 1628 1554 1699 βιϐλίῳ
1591 1628 1898 1698 περιέχοντι
1929 1624 2000 1678 τὰ

416 1735 679 1805 μέλλοντα
723 1726 1077 1802 προφητικῶς
1108 1726 1137 1777 ὁ
1166 1724 1274 1785 πᾶς
1302 1720 1527 1793 οὐρανὸς
1558 1718 1800 1783 δύναται,
1837 1718 1999 1771 οἱονεὶ

2104 530 2155 581 in
2192 527 2405 598 priores
2435 527 2574 579 alias
2596 524 2896 593 positiones
2927 526 3237 595 figurasque
3277 524 3563 585 translata,
3589 540 3679 577 so-

2102 617 2206 669 lam
2234 615 2499 669 hodierno
2517 614 2644 668 silui
2672 613 3131 683 signiﬁcationem
3160 615 3430 683 relinquet
3452 631 3465 666 :
3487 616 3565 668 sic
3594 623 3681 668 ta-

2102 722 2224 760 men
2255 714 2313 760 ut
2345 704 2598 773 praesenti
2636 704 2873 756 siderum
2898 707 2997 758 sub
3026 715 3206 759 ortum
3232 707 3364 759 certi
3394 703 3554 772 hujus
3583 707 3681 760 ho-

2104 796 2265 850 minis
2301 794 2650 850 collocationi
2696 802 2901 848 certam
2949 795 3251 850 futurormn
3286 797 3678 865 prxnotioncm

2102 890 2284 946 deberi
2309 888 2465 943 velit:
2492 888 2594 958 15
2628 888 2815 943 aﬂ'erat
2843 889 2931 943 ille
2949 903 3111 957 porro
3137 888 3473 942 discriminis
3515 888 3681 942 ratio-

2103 998 2248 1046 nem,
2263 982 2618 1049 quamobrem
2635 981 2739 1036 alia
2758 992 3014 1051 tanquam
3029 980 3218 1037 effecta
3234 982 3282 1034 vi
3302 982 3561 1043 siderum,
3577 982 3679 1036 alia

2105 1081 2363 1142 tanquam
2386 1074 2454 1128 ab
2480 1073 2547 1126 iis
2572 1073 2729 1127 modo
2750 1072 3080 1142 signiﬁcata,
3098 1089 3227 1128 vere
3243 1074 3498 1143 cognosci
3520 1090 3683 1141 posse

2104 1165 2381 1218 defendat.
2411 1164 2564 1230 Quod
2591 1164 2667 1217 illi
2699 1164 2990 1221 discrimen
3020 1181 3143 1219 cum
3169 1166 3448 1233 assignare
3474 1166 3680 1219 nullum

2107 1253 2335 1322 possint,
2384 1254 2668 1308 nobiscum
2712 1254 2970 1322 deinceps
3026 1254 3274 1324 ingenue,
3317 1255 3450 1308 nihil
3495 1271 3681 1309 eorum

2104 1359 2223 1412 qua}
2251 1346 2323 1409 ad
2338 1345 2585 1400 homines
2616 1345 2949 1413 pertineant,
2973 1362 3001 1399 a
3029 1346 3297 1401 sideribus
3316 1346 3451 1401 cllici
3477 1347 3683 1400 fatean-

2108 1444 2216 1497 tur,
2261 1436 2355 1491 sed
2390 1444 2623 1500 tantum,
2671 1436 2749 1490 uti
2781 1437 2892 1506 jam
2927 1446 3057 1493 ante
3101 1437 3360 1501 diximus,
3406 1448 3685 1505 utcunque

2108 1524 2431 1596 signiﬁcari.
2472 1525 2622 1591 Quod
2662 1526 2887 1593 perinde
2920 1528 3145 1581 omnino
3174 1527 3337 1581 fuerit
3376 1544 3439 1581 ac
3475 1529 3519 1582 si
3563 1529 3686 1596 quis

2107 1634 2211 1672 non
2238 1616 2349 1684 jam
2380 1633 2445 1672 ex
2484 1618 2671 1673 iisdem
2704 1618 2996 1683 sideribus,
3042 1619 3133 1674 scd
3173 1635 3270 1689 per
3295 1620 3528 1688 aliquam
3555 1636 3682 1687 pro-

2107 1710 2371 1779 phetiam,
2407 1725 2473 1764 ex
2506 1709 2737 1777 ipsamet
2773 1708 2866 1764 Dei
2914 1721 3096 1767 mente
3125 1727 3217 1766 res
3248 1723 3341 1765 aut
3379 1712 3687 1781 pnetcritas

416 1798 597 1896 βίϐλος
642 1824 719 1875 ὣν
750 1798 909 1883 Θεοῦ,
956 1817 1229 1889 περιέχειν
1262 1814 1330 1866 τά
1377 1812 1659 1883 μέλλοντα.
1708 1811 1909 1879 Διόπερ
1943 1809 2001 1860 ἐν

2108 1808 2199 1853 aut
2225 1799 2436 1853 futuras
2461 1799 2821 1867 intelligeret.
2860 1798 3327 1865 Quemadmodum
3358 1803 3503 1855 enim
3527 1818 3686 1872 supe-

414 1920 481 1989 τῇ
514 1917 791 1988 προσευχῇ
825 1912 916 1966 τοῦ
960 1909 1160 1979 Ἰωσὴφ
1191 1906 1302 1976 (94)
1339 1904 1563 1957 δύναται
1592 1902 1732 1955 οὕτω
1762 1898 2001 1953 νοεῖσθαι

411 2010 473 2063 τὸ
513 2008 801 2077 λεγόμενον
847 2003 952 2055 ὑπὸ
992 2000 1086 2053 τοῦ
1139 1996 1366 2051 Ἰακώϐ·
1421 2016 1439 2047 ι
1502 1994 1765 2062 Ἀνέγνων
1803 1991 1912 2062 γὰρ
1946 1993 2002 2044 ἐν

413 2102 534 2161 ταῖς
580 2095 745 2161 πλαξὶ
786 2091 880 2146 τοῦ
908 2087 1179 2162 οὐρανοῦ,
1221 2088 1319 2140 ὅσα
1371 2083 1707 2154 συμϐήσεται
1743 2081 1870 2150 ὑμῖν
1909 2077 2003 2131 καὶ

412 2196 526 2257 τοῖς
574 2193 709 2253 υίοίς
744 2187 914 2260 ὑμῶν.
954 2205 971 2236 ι
1018 2185 1172 2254 Τάχα
1205 2182 1260 2235 δὲ
1292 2179 1386 2233 καὶ⁵
1429 2177 1510 2241 τὸ,
1552 2196 1569 2228 ι
1598 2176 1946 2246 Είλιγήσεται
1975 2174 2003 2225 ὁ

411 2285 639 2357 οὐρανὸς
672 2282 748 2345 ὡς
798 2279 1021 2350 βιϐλίον,
1062 2296 1079 2326 ι
1115 2276 1241 2336 τοὺς
1281 2272 1474 2338 λόγους
1516 2270 1641 2332 τοὺς
1682 2265 2004 2337 περιεχομέ-

413 2396 561 2441 νους,
599 2371 969 2446 σημαντικοὺς
997 2368 1106 2421 τῶν
1139 2365 1435 2436 ἐσομένων,
1485 2361 1632 2433 δηλοῖ
1664 2357 2003 2429 ἀπαρτισθη-

416 2470 697 2540 σομένους,
749 2463 846 2517 καὶ⁴
903 2461 969 2516 ἵν’
1016 2458 1189 2519 οὕτως
1232 2457 1392 2519 εἴπω,
1452 2447 1999 2523 πληρωθησομένους,

415 2537 603 2630 ὥσπερ
642 2557 890 2625 λέγονται
925 2553 981 2607 αἱ
1012 2549 1341 2621 προφητεῖαι
1372 2541 1766 2630 πεπληρῶσθαι
1800 2537 1876 2609 τῷ
1909 2540 2002 2591 ἐκ-

416 2626 726 2723 ίεὸηκέναι.
780 2646 893 2700 Καὶ
939 2643 1111 2706 οὓτως
1152 2641 1305 2694 ἔσται
1353 2626 1433 2701 εἰς
1478 2636 1679 2707 σημεῖα
1714 2630 1784 2685 τὰ
1830 2630 2005 2700 ἄστρα

416 2742 698 2813 γεγονότα,
750 2736 895 2793 κατά
938 2736 1038 2806 τὴν
1083 2731 1347 2801 λέγουσαν
1380 2728 1567 2799 φωνήν
1592 2742 1604 2755 ·
1661 2743 1679 2775 ι
1718 2724 2003 2775 Ἔστωσαν

415 2811 497 2899 είς
544 2835 766 2904 σημεῖα.
827 2848 845 2881 ι
901 2828 958 2880 '0
1003 2826 1061 2879 δέ
1123 2820 1412 2893 Ἱερεμίας,
1462 2814 1807 2887 ἐπιστρέφων
1856 2811 2003 2882 ἡμᾶς

417 2926 557 2999 πρὸς
587 2924 833 2985 ἑαυτοὺς,
869 2920 965 2975 καὶ
1008 2913 1310 2988 περιαιρῶν
1339 2911 1503 2981 φόϐον
1532 2908 1624 2961 τὸν
1658 2906 1751 2960 ἐπὶ
1773 2907 1886 2967 τοῖς
1915 2919 2004 2954 vo-

419 2996 733 3087 μιζομένοις
784 3008 1165 3083 σημαίνεσθαι,
1207 3005 1352 3074 τάχα
1384 3003 1441 3055 δέ
1484 2999 1579 3053 καὶ
1622 2996 2004 3087 ὑπολαμϐανο-

422 3083 603 3179 μένοις
647 3104 854 3157 ἐκεῖθεν
885 3098 1162 3172 ἔρχεσθαι,
1209 3092 1394 3166 φησίν·
1419 3110 1437 3142 ι
1474 3089 1604 3142 ’Δπὸ
1638 3085 1744 3139 τῶν
1764 3083 2003 3156 σημείων

417 3198 513 3253 τοῦ
547 3192 779 3269 οὐρανοῦ
815 3192 890 3264 μὴ
919 3186 1190 3260 φοϐεῖσθε.
1232 3205 1251 3237 ι

2109 1893 2223 1947 rius
2254 1900 2537 1948 ostensum
2567 1908 2597 1947 a
2629 1892 2786 1947 nobis
2813 1902 2919 1959 est,
2960 1894 3105 1961 quod
3142 1892 3313 1956 Deus,
3339 1908 3457 1962 quae
3495 1910 3522 1946 a
3552 1909 3687 1962 quo-

2106 1995 2210 2050 que
2260 1981 2573 2051 profectura
2628 1980 2764 2045 sint,
2812 1982 2996 2036 omnia
3043 1982 3390 2051 praenoverit,
3446 1982 3497 2034 id
3549 1981 3688 2037 nihil

2109 2088 2334 2142 prorsus
2372 2073 2666 2128 voluntatis
2693 2082 2889 2128 nostra:
2915 2073 3164 2141 potestati
3195 2071 3412 2127 ofﬁcere
3447 2088 3461 2125 :
3488 2073 3558 2126 ita
3589 2087 3687 2126 nec

2108 2163 2309 2225 eidem,
2344 2177 2463 2230 qua:
2497 2176 2677 2215 rerum
2717 2164 2869 2233 signa
2915 2162 3055 2215 Deus
3087 2176 3211 2215 esse
3236 2161 3433 2223 voluit,
3478 2161 3684 2215 incom-

2107 2248 2352 2314 modant,
2374 2247 2466 2302 sed
2488 2246 2778 2302 voluminis
2808 2247 3036 2315 alicujus
3065 2249 3256 2314 instar,
3293 2248 3530 2302 futurum
3557 2264 3686 2317 pro-

2107 2343 2326 2412 phetica
2364 2342 2602 2397 dictione
2629 2341 2923 2413 complexi,
2956 2345 3213 2397 universo
3262 2358 3478 2413 quoque
3520 2343 3685 2407 cmlo,

2107 2437 2198 2503 qui
2236 2434 2327 2489 Dei
2363 2434 2499 2489 liber
2527 2434 2746 2502 quidam
2779 2441 2885 2498 est,
2915 2435 3184 2490 contineri
3222 2434 3402 2489 futura
3437 2443 3683 2503 possunt.

2108 2528 2297 2596 Itaque
2330 2528 2474 2582 hunc
2502 2529 2554 2581 in
2596 2530 2818 2583 modum
2850 2526 3076 2597 intelligi
3108 2536 3311 2596 petest,
3342 2527 3486 2594 quod
3519 2525 3568 2578 in
3591 2522 3689 2578 Ju-

2109 2619 2260 2688 sephi
2306 2620 2623 2688 precatione.
2652 2634 2681 2673 a
2713 2618 2918 2674 Jacobo
2956 2618 3196 2673 dicitur:
3239 2636 3256 2668 ι
3293 2617 3424 2687 Legi
3454 2617 3504 2668 in
3541 2616 3690 2668 talup

2109 2710 2176 2765 lis
2192 2711 2344 2776 cmli,
2371 2725 2712 2779 quaecunque
2742 2710 2991 2765 accident
3020 2710 3242 2762 vobiset
3276 2708 3400 2761 ﬁliis
3422 2705 3637 2760 vestris.
3664 2725 3686 2757 ι

2108 2801 2420 2868 Quinetiam
2452 2802 2607 2867 illud,
2649 2820 2667 2853 ι
2692 2801 3128 2871 Complicabitur
3177 2799 3374 2855 caelum
3407 2798 3563 2868 quasi
3620 2796 3686 2849 li-

2108 2894 2204 2948 ber
2236 2895 2303 2957 ",
2345 2912 2363 2944 ι
2394 2907 2460 2948 eo
2509 2893 2757 2948 fortassis
2822 2893 3091 2961 pertinet,
3145 2901 3206 2944 ut
3256 2891 3551 2960 impressas
3585 2887 3690 2956 ipsi

2109 3002 2291 3041 rerum
2325 2985 2629 3039 futurarum
2669 2983 3106 3053 signiﬁcationes
3140 2981 3444 3054 perfecmm
3502 2981 3690 3047 quasi-

2109 3093 2211 3147 que
2244 3077 2570 3145 completum
2602 3075 2664 3129 iri
2696 3076 3052 3137 demonstret,
3085 3071 3545 3143 quemadmodum
3572 3070 3695 3137 ipso

2030 3149 2071 3207 (ἶ
2108 3185 2286 3224 rerum
2323 3169 2471 3223 exitu
2521 3169 2786 3236 completa
2832 3166 3218 3236 prophetarum
3259 3164 3514 3215 dicuntur
3560 3177 3690 3213 ora-

422 3294 567 3348 cula.
598 3256 776 3360 Atque
808 3256 890 3341 ita
933 3256 1212 3354 signorum
1243 3287 1302 3333 ut
1365 3290 1481 3331 vrce
1523 3273 1903 3342 fungerentur,
1973 3266 2269 3321 constituta
2313 3262 2573 3317 divinitus
2626 3270 2773 3315 astra
2822 3262 3047 3325 fuerint,
3084 3259 3238 3326 juxta
3275 3256 3403 3311 illud
3441 3271 3452 3303 :
3504 3274 3523 3307 ι
3571 3256 3695 3309 Sint

423 3388 476 3441 in
528 3351 704 3457 signa.
738 3403 757 3436 ι
810 3351 1129 3450 Quanquam
1163 3374 1452 3436 Jeremias,
1507 3371 1585 3424 uti
1636 3377 1689 3423 et
1745 3365 1903 3420 nobis
1952 3378 2049 3417 nos
2083 3363 2196 3432 ipse
2251 3360 2460 3425 reddat,
2512 3373 2683 3427 eoque
2729 3366 2872 3412 metu
2926 3356 3149 3421 liberet,
3200 3370 3359 3423 quem
3417 3369 3477 3408 ea
3540 3351 3697 3405 nobis

420 3446 616 3535 afferre
684 3486 936 3547 possent,
977 3446 1098 3542 quae
1157 3469 1226 3523 ab
1269 3465 1432 3521 astris
1476 3464 1560 3519 vel
1628 3459 1948 3532 signiﬁcari,
1991 3457 2072 3512 vel
2130 3455 2399 3526 proﬁcisci
2451 3454 2774 3524 quandoque
2820 3453 3126 3517 vidcantur,
3187 3452 3259 3505 ita
3317 3457 3540 3505 monet:
3574 3466 3592 3498 ‹
3647 3446 3694 3498 Α

421 3574 592 3643 signis
616 3570 739 3625 caali
771 3568 939 3622 nolite
969 3573 1213 3619 metuere
1242 3559 1311 3613 ⁸ο.
1348 3577 1367 3609 ι

494 3669 723 3738 Ἴδωμεν
762 3665 856 3719 καὶ
882 3662 1132 3733 δεύτερον
1165 3656 1527 3728 ἐπιχείρημα,
1561 3651 1678 3715 πῶς
1716 3650 1778 3703 οὐ
1810 3646 2002 3701 δύναν-

420 3778 509 3815 ται
538 3763 585 3813 οἱ
620 3758 849 3828 ἀστέρες
876 3751 1014 3809 εῖναι
1060 3750 1351 3823 ποιητικοί,
1379 3746 1493 3800 ἀλλ’
1526 3746 1575 3798 εί
1607 3744 1716 3815 ἄρα
1744 3757 2004 3813 σημαντι-

422 3852 526 3906 κοί.
589 3850 723 3902 Ἀπὸ
767 3848 873 3901 τῶν
927 3846 1192 3899 πλείστων
1227 3840 1339 3911 γὰρ
1385 3839 1526 3891 ὅσων
1574 3836 1839 3903 γενέσεων
1890 3831 2007 3885 ἔστι

422 3945 607 3999 λαϐεῖν
628 3941 698 3994 τὰ
723 3940 852 4017 περὶ,
883 3938 1000 4000 ἐνὸς
1038 3933 1347 4006 ἀνθρώπου·
1382 3927 1540 3981 τοῦτο
1571 3926 1627 3979 δέ
1654 3924 1777 3979 καθ’
1813 3921 2009 3976 ὑπόθε-

427 4053 510 4088 σιν
540 4035 794 4103 λέγομεν,
826 4014 1232 4099 συγχωροῦντες
1263 4022 1325 4075 τὸ
1346 4020 1658 4090 ἐπιστήμην
1680 4015 1859 4069 αὐτῶν
1886 4014 2011 4067 ἀνα-

423 4122 796 4195 ὴμὸάνεσθαι
824 4122 916 4173 ὑπ’
959 4115 1260 4186 ἀνθρώπων
1293 4110 1573 4166 δύνασθαι.
1614 4108 1753 4179 Φέρε
1783 4107 1893 4176 γὰρ
1924 4107 2006 4157 el-

427 4218 549 4269 πεῖν
582 4211 828 4284 περὶτοῦ
860 4209 1006 4263 τόνδε
1036 4203 1320 4259 πείσεσθαι
1343 4201 1484 4264 τόδε,
1524 4200 1621 4253 καὶ
1652 4195 2006 4267 τεθνήξεσθαι

427 4282 793 4371 περιπεσόντα
817 4297 1039 4367 λῃσταῖς
1065 4293 1160 4347 καὶ
1188 4289 1568 4362 ἀναιρεθέντα,
1606 4287 1738 4355 φασὶ
1775 4284 1886 4355 (95)
1918 4282 2009 4335 δύ-

425 4392 621 4448 νασθαι
646 4389 941 4462 λαμϐάνειν
975 4386 1082 4441 ἀπό
1111 4402 1170 4438 τε
1200 4385 1298 4454 τῆς
1336 4380 1473 4444 ἰδίας
1506 4378 1673 4431 αὑτοῦ
1718 4374 2007 4444 γενέσεως,

426 4486 530 4540 κᾶν
556 4485 696 4556 τύχῃ
735 4481 873 4553 ἔχων
900 4478 1161 4546 ἀδελφοὺς
1197 4474 1466 4535 πλείονας,
1503 4468 1612 4522 ἀπὸ
1647 4468 1746 4537 τῆς
1779 4465 2008 4518 ἑκάστου

426 4576 625 4632 αὐτῶν.
661 4572 945 4645 Περιέχειν
986 4569 1095 4641 γὰρ
1135 4566 1337 4621 οἴονται
1378 4564 1477 4634 τὴν
1520 4561 1751 4615 ἑκάστου
1799 4558 2011 4625 γένεσιν

2183 3640 2269 3695 10.
2296 3639 2414 3694 Jam
2441 3650 2571 3690 vero
2602 3634 2749 3687 aliud
2795 3641 3054 3702 praeterea
3088 3633 3372 3685 videamus
3405 3647 3696 3701 argumen-

2111 3742 2247 3796 tum,
2274 3729 2415 3800 quod
2448 3725 2718 3781 sideribus
2753 3722 3016 3778 efﬁciendi
3058 3722 3295 3785 nullam,
3330 3724 3422 3775 sed
3456 3723 3695 3791 aliquam

2116 3834 2326 3878 tantum
2361 3819 2427 3890 (si
2468 3816 2550 3872 vel
2582 3816 2696 3885 ipsa
2740 3827 2917 3869 tamen
2954 3812 3069 3866 dari
3105 3813 3306 3881 potest)
3346 3813 3693 3881 signiﬁcandi

2113 3916 2222 3970 vim
2253 3912 2549 3982 relinquat.
2585 3908 2870 3964 Docebunt
2904 3909 3188 3963 enimvero
3218 3907 3371 3960 multi
3415 3907 3692 3961 hominum

2111 4017 2289 4073 ortus,
2322 4021 2442 4074 quae
2472 4006 2563 4059 uni
2591 4007 2859 4058 duntaxat
2898 4000 3105 4056 homini
3143 4008 3407 4053 eventura
3440 3998 3549 4051 sint
3582 4015 3596 4050 :
3641 3999 3694 4051 id

2114 4097 2259 4167 quod
2302 4106 2481 4150 tamen
2522 4110 2588 4148 ex
2632 4090 2915 4163 hypothesi
2958 4089 3162 4143 dictum
3196 4102 3315 4141 esse
3360 4085 3539 4151 velim,
3575 4100 3697 4153 per-

2117 4191 2244 4244 inde
2287 4202 2351 4241 ac
2396 4188 2440 4241 si
2487 4200 2673 4239 eorum
2722 4183 2773 4235 in
2808 4180 3174 4251 cognitionem
3226 4177 3475 4230 homines
3514 4177 3699 4229 venire

2113 4295 2277 4348 posse
2318 4277 2707 4332 concedamus.
2741 4272 2895 4338 Quod
2942 4270 3089 4323 enim
3139 4268 3227 4321 hic
3271 4276 3367 4320 aut
3417 4266 3506 4319 ille
3555 4267 3693 4319 certi

2115 4369 2393 4441 quidpiam
2418 4365 2697 4420 subiturus
2715 4363 2801 4423 sit,
2832 4369 2959 4430 puta
2982 4358 3314 4428 iugulandus
3336 4374 3363 4410 a
3393 4357 3696 4410 latrenibus

2120 4463 2172 4515 in
2194 4474 2330 4529 quos
2360 4456 2653 4519 inciderit;
2686 4456 2789 4507 hoc
2812 4453 2901 4507 isti
2932 4451 3146 4520 quidem
3180 4449 3378 4518 partim
3413 4464 3477 4502 ex
3512 4448 3699 4516 singu-

2120 4553 2219 4605 lari
2249 4549 2364 4619 ejus
2397 4559 2540 4612 ortu,
2571 4547 2771 4616 partim
2804 4559 2866 4598 ex
2912 4542 3165 4603 fratrum,
3208 4540 3252 4593 si
3285 4540 3471 4609 plures
3502 4556 3698 4593 nume-

426 4672 653 4741 ἀδελφὸν
690 4632 796 4721 ὑπὸ
831 4632 1477 4738 λῃστῦινυτεθνηξόμενον
1521 4652 1724 4725 ὁμοίως
1773 4649 1869 4702 καὶ
1915 4648 2003 4717 τὴι

2122 4655 2228 4710 ret,
2280 4640 2618 4712 singulorum
2653 4637 2916 4692 natalitiis
2947 4634 3133 4690 haberi
3169 4647 3327 4702 posse
3378 4632 3695 4687 defendunt.

504 4767 548 4799 ‘9
576 4766 681 4820 lsa.
711 4776 897 4825 ιιχιγ,
930 4759 983 4811 4.
1061 4750 1106 4787 π
1134 4752 1334 4808 Jerem.
1370 4765 1426 4814 κ,
1447 4747 1506 4801 2.

501 4885 612 4955 (95)
656 4881 819 4955 Apud.
860 4875 1149 4955 Εηεευίιιτη
1196 4872 1438 4955 testata.
1459 4862 2003 4955 ἐμπτῆξίέειγηεξπξξδέἓε

428 4932 836 5017 naliéihfam
892 4932 1294 5018 παραπλησριιξ
1316 4932 1540 5018 βιϐλίῳ,
1587 4932 2013 5018 etc.'_C_r.ederes

432 5004 785 5080 locum—inme
826 5004 1150 5086 respe'xisse'
1194 5004 1464 5086 Plotinum
1492 5004 1618 5062 cum
1658 5006 1737 5086 ait
1777 5004 1869 5057 lib.
1926 5018 2010 5086 ιιι,

826 5092 857 5143 7
887 5073 1117 5161 ε’Ἔστω
1140 5083 1319 5161 τοίνυν
1365 5078 1573 5161 ὥσπερ,
1591 5076 1898 5161 γράμματα
1952 5073 2012 5154 ἐν

698 5146 1016 5237 γραφόμενα
1044 5155 1231 5237 datust
1282 5146 1645 5237 γεγραμμένα

925 5229 1021 5299 μέν
1054 5243 1106 5279 τι
1140 5212 1326 5299 ’ἔργον
1362 5212 1641 5299 καῖ’άλλο.
1681 5212 2013 5299 Ἔπακολου-

480 5255 594 5297 ενα,
629 5255 885 5286 ποιουντα
925 5255 1021 5299 μιν
1054 5255 1106 5279 'tt.
1168 5255 1325 5295 ιριυυ
1369 5255 1465 5273 ην..-
1494 5255 1641 5270 νυν-ν.
1698 5255 1980 5268 ...ηπ-νυ.--

432 5255 582 5380 stth
609 5304 665 5356 δὲ
698 5302 839 5380 τῷδε·
871 5302 905 5370 ἡ
941 5300 1068 5378 παρ’
1113 5293 1289 5380 αὐτῶν
1345 5287 1772 5380 σημασίάὶ

435 5352 603 5443 igitur
631 5352 1000 5426 velut—littera:
1024 5352 1077 5420 in
1109 5367 1268 5426 cmlo,
1294 5352 1434 5430 qua?
1456 5359 1787 5443 scribantur.
1821 5352 1909 5443 V0.1.
1960 5352 2005 5443 S'i

427 5423 944 5516 jaiuscriptasunt,
972 5423 1291 5516 moveantur
1315 5423 1605 5516 perpetuo,
1638 5426 1817 5516 etnho‘c
1842 5423 2010 5476 aliud-

432 5494 541 5587 lﬁié
573 5494 716 5587 opus
738 5494 995 5587 efﬁciant.
1032 5507 1185 5562 Unde
1233 5494 1478 5587 seq-uitur
1532 5494 1858 5587 significatio
1892 5506 2013 5562 qua:

434 5566 664 5656 ali'ipSis
697 5581 1060 5656 portenditur,
1085 5587 1245 5656 Leto:
1288 5566 1351 5627 Et
1394 5585 1525 5656 en‘n.
1566 5566 1775 5656 IIIL‘Iib.
1812 5580 1850 5625 ι,
1887 5578 2007 5656 cap.

435 5632 781 5715 deut-avstris
805 5632 1028 5717 loquens
1048 5632 1064 5699 Ξ
1085 5640 1479 5717 Παρέχεταιβὲ
1508 5637 1601 5691 καὶ
1630 5635 1796 5717 ἄλλην
1825 5632 2013 5704 χρείαν

434 5728 533 5799 τὴν
574 5723 666 5799 τοῦ
711 5724 790 5785 είς
850 5705 1009 5799 αὐτὰ,
1065 5705 1271 5786 ὥσπεεῖ
1308 5711 1635 5799 γράμματα,
1695 5705 2010 5787 βλέποντας,

437 5772 561 5860 eo");
588 5795 684 5867 τὴν
720 5772 975 5861 τοιαύτην
997 5772 1437 5859 ’γραμματικῆν’
1454 5772 1660 5840 εἰδότας
1679 5772 1705 5841 ,⁷
1742 5772 2005 5844 ἀναγινώ-

641 5891 914 5952 ΡΑτιιοι..
949 5886 1066 5946 Gn.
1102 5881 1247 5942 ΧΗ.

2116 4876 2264 4912 σκειν
2297 4857 2365 4910 τὰ
2409 4854 2671 4925 μέλλοντα
2690 4892 2705 4916 ,
2834 4848 2941 4901 τῶν
2976 4844 3270 4925 σχημάτων
3303 4843 3442 4925 κατά
3469 4841 3529 4923 το
3562 4841 3697 4894 ἀνά-

2114 4930 2272 4997 λογον
2307 4913 2785 4997 μεθοδεύοντάς-τὸ
2811 4913 3231 4997 σημαινόμενον.
3285 4913 3513 4997 (“AIlteri
3562 4926 3700 4997 quo-

2116 4982 2224 5068 que
2248 4982 2365 5052 us'ui
2391 5004 2539 5060 sunt,
2571 4982 2714 5061 quod
2741 4982 2934 5068 nempe
2963 4982 3065 5056 qui
3084 4984 3346 5064 ejusmodi
3376 4982 3698 5068 litteratura:

2116 5051 2548 5137 per—itisunttea
2585 5051 2844 5137 tanquam
2871 5051 3479 5137 'litterasaspicien‘tcs
3515 5051 3699 5132 legant

2118 5122 2324 5201 futura,
2357 5152 2423 5191 ex
2447 5122 2645 5201 ﬁguris
2674 5122 2887 5185 servata
2935 5125 3184 5201 analogia
3220 5122 3693 5201 signiﬁcationem

2116 5189 2403 5263 rimantes.
2438 5224 2457 5257 ι
2494 5189 2780 5273 Qrigenem
2804 5208 2981 5273 autem
3026 5189 3126 5273 h_i_c'
3146 5194 3259 5247 fere
3286 5189 3564 5254 αὐτολεξεί
3610 5207 3692 5241 se-

2116 5280 2303 5348 quitur
2331 5266 2629 5348 Procopju's
2657 5272 2707 5324 in
2743 5266 3322 5348 G0l|e§iln.~HI.J'ETlU'S.

2486 5327 2561 5411 t'ﬁ
2588 5336 2923 5419 προσευχῇ
2959 5335 3066 5388 τοῦ
3118 5332 3350 5419 Ἰωσήφ,
3374 5339 3481 5419 etc.
3502 5327 3698 5419 nLiher

2119 5399 2483 5489 apn‘cr’yphus,
2516 5399 3037 5489 citjnsmodijihros
3069 5419 3235 5489 διεπιοή
3263 5399 3471 5489 Ιέιιιιιίιιιιι
3500 5399 3696 5478 Orige—

2123 5469 2246 5544 ii'és.’
2283 5469 2643 5541 Laudatur-et
2681 5491 2809 5533 tom.
2832 5479 2873 5533 V
2910 5479 2959 5530 in
2997 5469 3156 5529 Joan.
3187 5481 3243 5525 et
3277 5473 3343 5524 ab
3374 5469 3695 5544 Athanasio,

2120 5539 2238 5615 sive
2265 5539 2515 5627 qwuisqnis
2544 5564 2627 5608 est
2663 5563 2854 5605 aucxor
2883 5547 3207 5615 Synopseos,
3255 5549 3310 5595 et
3350 5556 3380 5594 a
3434 5539 3699 5609 Proc0pio

2125 5634 2180 5686 in
2206 5626 2406 5684 Cenes.
2434 5626 2510 5679 In.

2194 5700 2305 5771 (95)
2338 5696 2487 5769 Apud
2528 5692 2837 5754 Eusebium,
2871 5684 3024 5754 φησί.
