4138 6450
483 341 550 396 77
1902 330 1964 385 ΙΝ
1999 331 2061 387 Gl

2166 325 2304 383 ESIM
2313 368 2324 380 .
3675 329 3743 380 78

483 461 672 533 Οἶμαι,
701 463 806 524 ὄτι,
842 462 889 513 εί
916 459 1310 530 ἐπιστήσαιμεν
1345 456 1443 527 (2),
1474 455 1591 508 οὐδὲ
1621 455 1781 526 μέχρι
1808 451 1901 507 τοῦ
1938 453 2061 523 στῆ-

2170 464 2370 522 genere
2400 459 2853 505 commemorant.
2897 451 3165 507 Praeterea
3196 454 3288 524 qui
3325 454 3440 519 tiat,
3474 467 3532 508 ut
3574 454 3748 508 certis

486 569 574 606 σαι
613 550 951 622 δυνησόμεθα
993 567 1045 601 τι
1088 548 1286 619 ἀληθὲς
1319 549 1492 599 εἰπεῖν
1542 546 1671 616 περὶ
1716 544 1914 596 αὐτῶν.
1961 543 2064 594 To-

486 643 689 697 σούτων
721 643 778 694 δὲ
819 640 1131 712 φερομένων
1168 638 1303 693 ὁδῶν
1350 635 1794 710 προγνωστικῶν,
1831 635 1932 688 οὐκ
1966 629 2063 686 οἷδ’

483 738 630 799 ὅπως
660 734 946 801 ἐξώκειλαν
972 737 1020 787 οἱ
1047 733 1323 804 ἄνθρωποι
1345 731 1436 784 ἐπὶ
1462 731 1523 782 τὸ
1545 728 1643 799 τὴν
1673 727 1770 797 μὲν
1800 725 2067 778 οἰωνιστι-

484 830 583 901 κὴν
616 828 710 882 καὶ
743 827 843 898 τὴν
877 825 1103 896 θυτικὴν
1152 823 1226 895 μὴ
1259 822 1440 890 λέγειν
1472 815 1751 891 περιέχειν
1777 817 1838 870 τὸ
1875 815 2064 869 ποιοῦν

483 921 672 984 αἴτιον,
710 918 843 973 ἀλλὰ
876 917 1162 988 σημαίνειν
1196 913 1376 985 μόνον,
1411 912 1504 966 καὶ⁸
1530 911 1627 981 τὴν
1666 909 2063 980 ἀστεροσκοπι-

483 1012 585 1080 κὴν
612 1011 708 1082 (5),
729 1011 826 1063 οὐκ
855 1008 933 1062 ἐτι
960 1007 1016 1060 δὲ
1045 1005 1142 1078 τὴν
1176 1002 1669 1074 γενεθλιαλογικήν.
1702 1001 1766 1052 Εἰ
1797 998 1906 1070 γὰρ
1936 999 2058 1050 ὲπι-

482 1101 828 1172 γινώσκεται,
855 1101 943 1154 ἵνα
975 1099 1070 1153 καὶ
1098 1094 1455 1170 χαρισώμεθα
1481 1093 1540 1147 τὺ
1565 1090 1949 1161 γινώσκεσθαι,
1981 1087 2063 1157 γί-

482 1210 629 1246 νεται
649 1190 705 1244 δὲ
730 1189 935 1243 ἐκεῖθεν
957 1188 1076 1242 ὅθεν
1103 1187 1136 1258 ἠ
1163 1187 1364 1255 γνῶσις
1391 1183 1749 1254 λαμϐάνεται,
1777 1180 1831 1234 τί
1863 1180 2062 1250 μᾶλλον

481 1283 590 1337 ἀπὸ
630 1282 738 1335 τῶν
782 1281 1026 1352 ἀστέρων
1059 1279 1134 1350 (4)
1173 1277 1206 1350 ἢ
1251 1276 1360 1332 ἀπὸ
1392 1273 1502 1328 τῶν
1538 1274 1742 1327 οἰωνῶν
1794 1273 1944 1325 ἔσται
1992 1272 2063 1326 τὰ

482 1373 772 1444 γινόμενα;
836 1371 930 1426 καὶ
969 1370 1168 1442 μᾶλλον
1203 1367 1282 1439 (5)
1325 1367 1433 1421 ἀπὸ
1465 1367 1591 1420 ’τῶν
1619 1363 1823 1418 οἰωνῶν
1843 1401 1858 1428 ,
1889 1362 1922 1433 ἦ
1953 1361 2063 1416 ἀπὸ

480 1464 590 1518 τῶν
619 1465 940 1534 σπλάγχνων
966 1462 1075 1516 τῶν
1095 1459 1390 1531 θυομένων,
1420 1459 1454 1528 ἦ
1486 1457 1594 1510 ἀπὸ
1616 1455 1724 1508 τῶν
1742 1453 2062 1507 διαττόντων

479 1555 754 1627 ἀστέρωνς
804 1555 991 1609 Ταῦτα
1028 1553 1126 1623 μὲν
1155 1547 1247 1604 οὖν
1277 1549 1370 1602 ἐπὶ
1405 1547 1500 1600 τοῦ
1532 1547 1800 1617 παρόντος
1835 1544 2062 1615 ἀρκέσει

477 1647 560 1711 είς
607 1647 885 1718 ἀναίρεσιν
934 1644 1028 1697 τοῦ
1078 1639 1396 1710 ποιητικοὺς
1457 1633 1595 1690 εἶναι
1642 1636 1768 1698 τοὺς
1825 1635 2062 1706 ἀστέρας

478 1739 585 1794 τῶν
617 1738 990 1810 ἀνθρωπίνων.

2169 542 2494 609 quibusdam
2527 540 2671 609 apud
2705 542 2994 597 nonnullos
3040 542 3335 614 [Ethiopiae
3389 544 3613 614 populos
3651 560 3745 614 ge-

2168 648 2334 688 nuum
2363 631 2598 701 patellae,
2625 630 2994 690 Amazonibus
3022 650 3378 690 mammarum
3398 637 3566 692 altera
3597 651 3749 692 rese-

2166 733 2338 779 cetur.
2371 723 2656 790 Quomodo
2689 725 2831 778 enim
2869 726 2985 780 haec
3033 727 3198 782 certis
3233 728 3495 782 duntaxat
3532 729 3585 782 in
3616 744 3752 798 geu-

2168 815 2311 870 tibus
2341 816 2582 871 siderum
2611 817 2693 871 vis
2728 814 2965 870 elIiciat?
2994 817 3254 887 Equidem
3279 819 3358 874 sic
3390 821 3664 884 existimo,
3701 819 3749 874 si

2167 907 2586 972 attenderimus,
2614 907 2728 962 veri
2758 908 2895 963 nihil
2929 909 3032 963 hoc
3079 911 3132 963 in
3177 925 3397 980 genere,
3433 912 3484 966 in
3518 927 3626 980 quo
3662 910 3748 964 vel

2167 998 2358 1054 leviter
2388 998 2602 1053 haerere
2653 999 2835 1064 liceat,
2866 1001 3164 1070 excogitari
3198 1017 3227 1055 a
3259 1004 3414 1056 nobis
3466 1004 3748 1072 asserique

2167 1103 2346 1156 posse.
2381 1089 2652 1144 Caeterum
2681 1105 2802 1145 cum
2833 1100 2940 1144 tam
2973 1092 3157 1145 multae
3182 1095 3554 1161 praenoscendi
3601 1103 3750 1148 artes

2165 1178 2648 1246 circumferuntur,
2681 1195 2786 1234 non
2823 1182 2978 1237 video
3009 1184 3363 1251 quamobrem
3397 1184 3449 1238 in
3499 1184 3547 1238 id
3581 1186 3749 1252 potis-

2165 1270 2364 1325 simum
2396 1272 2646 1328 homines
2678 1273 3029 1344 impegerint,
3063 1283 3121 1328 ut
3150 1275 3400 1338 augurali
3421 1284 3472 1328 et
3499 1275 3750 1343 haruspi-

2163 1362 2300 1416 cinae
2341 1370 2504 1432 alque
2551 1374 2826 1420 astrorum
2868 1365 3287 1421 considerationi
3327 1365 3596 1421 eﬂiciendi
3639 1368 3746 1420 vim

2165 1466 2450 1525 negarent,
2498 1457 2844 1528 signiﬁcandi
2898 1467 3107 1512 tantum
3164 1459 3551 1522 concederent,
3604 1460 3744 1513 idem

2166 1555 2346 1599 tamen
2372 1545 2438 1599 de
2454 1559 2518 1600 ea
2536 1562 2658 1614 qua:
2694 1547 2746 1601 in
2767 1548 3135 1602 natalitiorum
3153 1549 3589 1603 consideratione
3622 1564 3746 1603 ver-

2163 1643 2339 1698 satur,
2393 1649 2500 1689 non
2549 1636 2651 1705 17
2699 1638 2963 1692 sentiant.
3012 1637 3148 1690 Nam
3181 1639 3226 1692 si
3275 1639 3530 1708 cognosci
3561 1637 3746 1692 futura

2165 1736 2388 1798 possunt
2415 1725 2542 1796 (hoc
2585 1728 2733 1782 enim
2784 1729 2839 1783 in
2891 1731 3180 1799 prtesentia
3209 1731 3462 1798 demus),
3495 1732 3750 1801 idemque

479 1830 808 1902 cognitionis
854 1828 1067 1882 illorum
1113 1834 1195 1879 est
1233 1818 1649 1888 ell'ectionisque
1711 1819 2083 1888 principium:
2121 1830 2218 1871 cur
2267 1817 2322 1872 in
2373 1817 2563 1874 stellas
2610 1818 2812 1887 potius,
2880 1834 3041 1888 quam
3089 1818 3144 1873 in
3200 1835 3349 1886 aves,
3393 1836 3580 1876 eorum
3628 1839 3751 1891 qua:

485 1927 640 1988 liunt,
678 1937 839 1978 causa
883 1918 1228 1975 conferatur?
1285 1916 1370 1971 vel
1403 1931 1504 1971 cur
1539 1915 1730 1970 avibus
1780 1915 1968 1969 eadem
2037 1913 2236 1981 potius,
2301 1927 2467 1982 quam
2520 1921 2614 1967 aut
2647 1912 2992 1969 victimarum
3035 1913 3200 1980 estis,
3242 1922 3336 1968 aut
3385 1915 3749 1970 discurrenti~

479 2020 578 2072 bns
618 2016 783 2070 astris
809 2012 1152 2084 assignetur?
1205 2009 1475 2065 Hactenus
1512 2004 1733 2078 quidem
1768 2021 1797 2059 a
1833 2008 1992 2060 nobis
2023 2044 2038 2068 ,
2067 2013 2329 2075 quantum
2365 2007 2452 2061 hic
2481 2005 2632 2061 locus
2654 2006 2986 2076 postulabat,
3018 2005 3297 2060 confutata
3340 2004 3429 2059 illa
3478 2008 3748 2063 sententia

476 2116 580 2168 est,
612 2121 732 2176 quas
765 2120 945 2158 rerum
972 2102 1330 2157 humanarum
1362 2099 1701 2155 el'l'ectionem
1727 2113 1755 2150 a
1774 2096 2044 2151 sideribus
2087 2099 2324 2166 pendere
2350 2098 2646 2151 statuebat.

549 2201 724 2271 Ὅπερ
752 2199 808 2252 δὲ
849 2197 1369 2269 συγκεχωρήκαμεν,
1402 2195 1462 2248 οὐ
1494 2194 1603 2265 γὰρ
1635 2192 1824 2246 ἐλύπει
1849 2192 1944 2246 τὸν
1970 2191 2062 2244 λό-
2095 2201 2139 2258 Β

476 2307 591 2357 γον,
645 2291 723 2353 ὡς
769 2289 877 2342 τῶν
912 2287 1216 2361 ἀνθρώπων
1259 2287 1578 2358 δυναμένων
1618 2283 2064 2354 καταλαμϐάνειν

474 2381 601 2444 τοὺς
637 2379 918 2450 οὐρανίους
950 2379 1361 2450 σχηματισμοὺς
1393 2377 1487 2430 καὶ
1509 2377 1578 2430 τὰ
1611 2377 1835 2446 σημεῖα,
1861 2373 1960 2426 καὶ
1987 2365 2064 2427 ὧν

475 2469 592 2522 ἐστι
642 2471 861 2540 σημεῖα,
909 2467 1067 2521 τοῦτο
1105 2467 1237 2539 φέρε
1274 2466 1370 2521 νῦν
1390 2466 1734 2537 ἐξετάσωμεν
1773 2468 1821 2520 εἰ
1866 2464 2065 2535 ἀληθές

475 2562 614 2615 ἐστι.
644 2559 781 2614 Φασὶ
808 2560 988 2615 τοίνυν
1009 2559 1059 2612 οἱ
1092 2561 1219 2632 περὶ
1249 2559 1424 2612 ταῦτα
1454 2557 1637 2621 δεινοὶ,
1679 2558 1772 2612 τὸν
1805 2557 2063 2628 μέλλοντα

474 2651 545 2702 τὰ
571 2648 709 2703 κατὰ
740 2649 840 2720 τὴν
869 2648 1348 2721 γενεθλιαλογικὴν
1377 2648 1593 2719 ἀληθῶς
1621 2646 2064 2717 καταλαμϐάνειν

475 2741 672 2795 εἰδέναι
696 2741 758 2794 οὐ
793 2740 954 2811 μόνον
978 2741 1039 2793 τὸ
1061 2740 1201 2794 κατὰ
1234 2741 1432 2794 πόστον
1467 2740 1542 2812 (6)
1587 2739 2062 2811 δωδεκατημορίου

476 2832 624 2886 ἔστὶν
645 2834 674 2888 ὁ
706 2831 1038 2902 καλούμενος
1063 2831 1258 2903 ἀστὴρ,
1286 2830 1422 2884 ἀλλὰ
1453 2833 1545 2884 καὶ
1587 2829 1726 2884 κατὰ
1753 2829 1911 2894 ποίας
1948 2829 2064 2900 μοί-

479 2939 580 2994 ρας
611 2921 704 2976 τοῦ
735 2922 1229 2993 δωδεκατημορίου,
1266 2922 1362 2976 καὶ
1389 2922 1530 2976 κατὰ
1561 2922 1716 2976 ποίου
1745 2920 2058 2994 ἑξηκοστοῦο

475 3015 524 3068 οἱ
567 3014 624 3068 δὲ
677 3014 1056 3086 ἀκριϐέστεροι
1107 3013 1201 3067 mi.
1253 3014 1394 3068 κατὰ
1433 3014 1588 3068 ποίου
1631 3013 1928 3085 ἑξηκοστοῦ
1971 3013 2066 3067 τοῦ

476 3105 791 3177 ἑξηκοστοῦ.
825 3107 936 3158 Καὶ
982 3105 1138 3159 τοῦτό
1185 3123 1315 3173 φασι
1357 3107 1467 3160 δεῖν
1497 3110 1672 3160 ποιεῖν
1717 3107 1802 3176 ἐφ’
1830 3107 2063 3161 ἑκάστου

475 3197 585 3249 τῶν
639 3196 1008 3268 πλανωμένων
1036 3197 1356 3263 ἐξετάζοντα
1404 3196 1502 3270 τὴν
1558 3199 1741 3268 σχέσιν
1786 3197 1886 3270 τὴν
1930 3198 2065 3270 πρὸς

2241 2193 2331 2246 Η.
2363 2192 2518 2260 Quod
2547 2200 2728 2248 autem
2779 2192 2940 2263 paulo
2969 2201 3113 2256 ante,
3149 2207 3271 2248 eum
3308 2202 3571 2264 susceptas
3612 2194 3751 2249 nihil

2171 2284 2532 2354 disputationi
2565 2283 2837 2350 alliceret,
2872 2283 3015 2339 ultro
3044 2285 3456 2349 concessimus,
3497 2287 3751 2342 cmlestes

2173 2375 2294 2431 illas
2346 2375 2668 2444 positiones,
2718 2376 2896 2444 signa,
2945 2385 3002 2430 et
3036 2391 3099 2432 ea
3135 2391 3366 2445 quorum
3403 2378 3556 2447 signa
3598 2390 3750 2442 sunt,

2171 2463 2445 2520 facultatis
2485 2465 2738 2520 humana:
2784 2465 2990 2520 viribus
3038 2466 3263 2535 intelligi
3307 2481 3516 2535 posse:
3555 2467 3606 2521 id
3659 2483 3750 2521 ve-

2172 2572 2362 2611 rumne
2389 2557 2459 2612 sit
2487 2572 2629 2612 nunc
2663 2558 2880 2611 demum
2914 2559 3289 2627 exquiramus.
3311 2559 3552 2614 Primum
3583 2559 3752 2630 igitur

2169 2650 2303 2703 artis
2330 2649 2490 2720 hujus
2526 2649 2770 2717 magistri
2798 2648 3022 2715 ducent,
3052 2650 3146 2718 qui
3173 2651 3238 2705 ad
3269 2667 3449 2705 veram
3485 2667 3549 2706 ac
3574 2654 3752 2720 perfe-

2169 2750 2310 2795 ctam
2350 2755 2534 2795 rerum
2583 2741 3049 2810 genethliacarum
3100 2741 3466 2809 cognitionem
3519 2743 3748 2811 aspiret,

2171 2831 2466 2885 tenendum
2502 2831 2631 2884 huic.
2653 2846 2777 2886 esse
2799 2847 2908 2886 non
2929 2833 3086 2887 modo
3114 2847 3350 2902 quanam
3373 2835 3424 2886 in
3452 2843 3606 2902 parte
3624 2832 3752 2888 duo-

2169 2923 2397 2984 decima,
2429 2922 2526 2978 sed
2554 2926 2720 2978 etiam
2744 2939 2981 2994 quanam
3021 2927 3074 2980 in
3101 2926 3249 2981 illius
3271 2927 3603 2982 duodecima:
3627 2942 3752 2996 par-

2177 3016 2366 3081 ticula,
2401 3016 2508 3070 imo
2555 3031 2728 3085 ecqua
2763 3019 2981 3072 tandem
3015 3018 3067 3070 in
3115 3019 3454 3088 sexagesima
3503 3030 3752 3073 versetur

2173 3115 2404 3160 astrum.
2423 3105 2643 3158 Addunt
2661 3119 2788 3159 vero
2811 3105 2906 3174 qui
2937 3121 3050 3159 rem
3079 3105 3397 3174 ettpettdunt
3414 3105 3753 3166 accuratius,

2171 3212 2406 3267 quanam
2467 3196 2522 3251 in
2583 3196 2731 3251 illius
2782 3197 3139 3264 sexagesima:
3188 3196 3549 3266 sexagesima.
3592 3195 3748 3262 Quod

552 3425 628 3498 (2)
663 3427 728 3480 El
758 3425 1216 3498 ἐπιστήσαιμεν.
1256 3427 1346 3482 Sic.
1382 3435 1529 3481 recte
1556 3426 1718 3498 habet
1743 3423 2058 3498 Philomlia,
2090 3431 2132 3488 ο
2167 3439 2354 3498 causa,
2403 3435 2456 3479 et
2489 3427 2652 3498 unius
2704 3425 2771 3478 ad
2823 3424 3027 3498 aliam_,_
3065 3440 3365 3494 eorumque
3416 3425 3485 3498 ad
3545 3436 3748 3482 terram

479 3495 621 3549 male
647 3511 776 3548 vero
808 3499 949 3564 apud
985 3493 1275 3552 Eusebium
1305 3499 1518 3566 legitur,
1582 3493 1874 3566 ἐπιστήσαι
1935 3495 2060 3566 μέν,

479 3566 622 3636 quod
650 3566 854 3618 idcirco
883 3567 1113 3634 Viget-us
1137 3569 1501 3636 ettpnngebat.

547 3635 624 3706 (ὅ)
659 3637 768 3708 Καὶ
794 3636 908 3704 τὴν
938 3635 1482 3706 ἀστεροσκοπὶκήν,
1513 3645 1622 3691 etc.
1668 3637 1898 3708 Yigeras
1923 3636 2062 3708 lege-

480 3705 802 3790 bat,o;3xé:r‘t
842 3709 940 3790 τὴν
970 3705 1440 3790 ἀστεροσκοπικὴν
1489 3708 1584 3761 καὶ¹
1628 3705 2062 3788 τῆν’γενεθλια-

475 3777 723 3847 λογικήν.
754 3777 859 3830 Sed
892 3777 1037 3832 recta
1073 3777 1289 3833 videtur
1339 3777 1407 3832 (δι’
1453 3793 1608 3842 sana,
1640 3777 1760 3847 qtae
1797 3779 1847 3830 in
1907 3786 2058 3830 textu

480 3858 669 3900 nostro
705 3856 810 3908 est,
843 3847 1028 3920 lectio.
1073 3851 1533 3920 Ἀστεροσκοπική
1558 3849 1704 3902 enim
1747 3848 1938 3920 eadem
1973 3857 2062 3920 est

475 3933 597 3991 qua:
615 3926 666 3968 et
698 3918 1160 3988 μετεωρολογική.
1186 3917 1492 3991 Μετεώρων
1517 3917 1670 3991 enim
1720 3919 1943 3991 nomine
1981 3918 2062 3971 si-

482 3988 614 4038 dera
647 4002 864 4058 queque
894 3991 1263 4058 coutinentur.
1287 3992 1356 4044 At
1382 3988 1826 4058 γενεθλιαλογική
1858 4003 1918 4042 ea
1954 3996 2058 4052 est,

483 4070 604 4122 quze
666 4067 733 4131 et_
783 4057 1258 4131 ἀποτελεσματική
1295 4101 1307 4120 ,
1337 4128 1347 4131 _
1375 4057 1469 4112 Seu
1524 4057 1930 4131 προγνωστική,
1966 4073 2060 4131 seu

485 4125 952 4197 ποιητικῇ-«τηεψ
987 4137 1040 4180 et
1059 4125 1416 4197 ἀστρολογίαν
1455 4125 1748 4196 appellant.
1787 4125 1946 4181 Prior
1973 4127 2060 4180 illa

485 4194 632 4269 circa
661 4195 958 4269 Stellarum
990 4194 1181 4269 tno_tn_s'
1215 4208 1267 4251 et
1321 4194 1736 4269 σχηματισμούς
1766 4208 2058 4269 versatur,

482 4264 684 4332 quibus
715 4263 904 4334 futura
947 4266 1262 4321 hominibus
1290 4283 1318 4320 a
1348 4263 1456 4322 diis
1477 4263 1776 4334 signiﬁcari
1825 4277 1879 4321 et
1936 4282 2062 4333 por-

485 4334 629 4387 tendi
657 4333 856 4403 ethnici
891 4335 1234 4388 crediderunt
1267 4353 1280 4388 :
1321 4353 1444 4390 nam
1504 4333 1638 4390 sulis
1670 4345 1798 4403 puta
1828 4375 1842 4398 ,
1888 4335 2060 4387 lume-

481 4419 588 4473 que
615 4402 860 4475 tlelecws
897 4405 1120 4475 deorum
1158 4407 1292 4459 iram
1347 4407 1596 4460 mmliare
1627 4402 1727 4460 sibi
1772 4419 2061 4475 persuase-

486 4472 636 4529 runt.
656 4472 763 4541 1ιηί
802 4489 1019 4544 quoque
1042 4474 1340 4545 Christiani
1372 4475 1736 4545 signajudicii
1769 4472 2055 4544 postremi,

486 4558 594 4596 non
617 4559 867 4605 causam,
897 4545 948 4598 in
985 4544 1116 4607 sole,
1148 4545 1270 4600 luna
1307 4557 1362 4602 et
1401 4544 1576 4600 stellis
1617 4545 1798 4597 l'utm-a
1849 4545 2054 4603 sciunt.

486 4615 764 4683 tuultaque
788 4616 858 4668 ab
898 4615 979 4668 his
1019 4618 1285 4682 portendi,
1326 4632 1434 4671 non
1465 4613 1626 4669 eiﬁci.
1665 4615 1797 4670 Vide
1832 4614 2059 4668 omnino

483 4683 738 4737 Basiliqu
771 4686 919 4738 hom.
951 4685 984 4737 6
1023 4686 1074 4737 in
1107 4684 1388 4750 llexaem.;
1427 4686 1773 4739 Ambrosium
1808 4685 1860 4738 in
1894 4697 2058 4752 opere

2166 3495 2456 3551 collatione
2482 3496 2803 3565 contingere
2853 3495 3202 3550 manifestum
3259 3507 3360 3550 est.
3400 3496 3581 3550 Altera
3623 3513 3751 3551 vero

2161 3576 2245 3620 est
2277 3566 2508 3620 scientia
2541 3583 2644 3634 qua
2677 3566 3048 3634 explanantur
3073 3576 3128 3620 et
3169 3569 3502 3620 mutationes
3523 3576 3578 3620 et
3620 3583 3750 3634 epe-

2165 3651 2220 3689 ra
2269 3651 2389 3707 quae
2432 3637 2726 3696 accidunt,
2770 3645 2825 3689 et
2867 3637 3228 3707 complentur
3276 3648 3500 3706 propter
3552 3639 3753 3707 ﬁguras

2163 3704 2428 3759 circuitus
2449 3723 2635 3776 earum
2662 3705 2940 3776 naturales
2969 3707 3048 3760 eis
3085 3707 3149 3776 in?
3168 3704 3326 3760 rebus
3355 3721 3491 3776 quas
3509 3704 3747 3762 circum-

2163 3777 2317 3829 dant.
2360 3795 2378 3829 ι
2422 3775 2487 3832 Et
2533 3787 2661 3832 ante
2703 3774 3058 3831 Ptolemaeum
3105 3774 3508 3833 Mattilius‘lib.
3574 3794 3587 3832 I
3650 3781 3750 3831 As-

2163 3856 2354 3900 (ratu:

2708 3937 2871 3992 Juvat
2902 3940 2976 3990 ira
3006 3953 3098 4004 per
3125 3938 3297 4004 ipsum

2238 4011 2400 4072 Aera,
2428 4019 2477 4063 et
2501 4011 2755 4063 itttmenso
2783 4011 3101 4076 spatiantem
3127 4011 3295 4062 uiuere
3331 4017 3483 4071 caelo,

2236 4078 2530 4148 Signaque,
2560 4089 2605 4132 et
2643 4081 2894 4132 adversos
2923 4078 3198 4132 stellarum
3230 4093 3442 4148 noscere
3467 4093 3676 4148 cursus.

2237 4147 2394 4214 Quod
2421 4147 2596 4202 solum
2623 4148 2824 4200 novisse
2846 4164 3036 4212 parum
3071 4157 3146 4201 est
3173 4163 3192 4200 :
3222 4147 3504 4208 impensius
3535 4147 3650 4214 ipsa

2235 4215 2388 4272 Scire
2404 4219 2563 4286 juvat
2587 4219 2766 4286 magni
2803 4220 3012 4285 penitus
3042 4218 3337 4284 praecordia
3365 4218 3574 4272 mundi.

2164 4330 2434 4384 Castorum
2467 4329 2712 4383 eamdem
2768 4329 2908 4381 hanc
2963 4325 3217 4396 Origenis
3271 4328 3744 4383 ratiocinationem

2165 4410 2568 4467 persequuntur
2601 4409 2670 4467 et
2727 4406 3009 4465 exponunt
3061 4396 3532 4467 Basiliusubomil.
3599 4403 3629 4451 ti
3690 4399 3742 4452 in

2170 4465 2456 4534 llexaem.;
2490 4466 2814 4522 Ambrosius
2866 4467 2960 4520 lib.
3001 4482 3077 4532 tv,
3107 4481 3157 4520 c.
3210 4466 3265 4520 4.
3297 4465 3457 4531 Hex.;
3495 4467 3748 4534 Philopo-

2165 4556 2267 4594 nus
2315 4539 2408 4592 lib.
2443 4555 2494 4593 tv
2527 4538 2666 4606 Περὶ
2706 4536 2817 4605 τῆς
2864 4537 3277 4606 κοσμοποιίας,
3312 4555 3432 4608 cap.
3471 4538 3557 4593 l8.
3603 4537 3747 4594 llus-

2163 4625 2308 4664 τιυς.

2239 4701 2318 4774 (.5)
2353 4703 2413 4756 Τί
2431 4699 2673 4770 μᾶλλον
2701 4698 2818 4774 dare
2843 4697 2960 4774 τών
2983 4698 3282 4774 λᾴσξτέρῳν,
3313 4709 3424 4774 etc.
3441 4699 3742 4774 _Plotinus,

481 4756 816 4842 cognomini,
851 4754 943 4809 lib.
981 4771 1053 4821 tv,
1083 4757 1298 4842 ςίιρλι,
1354 4759 1446 4842 sed
1503 4756 1808 4823 praesertim
1853 4753 2056 4842 Proco-

2166 4753 2605 4833 ειιιῖῖιῖιλίὖξνι,
2636 4753 2754 4842 cap.
2839 4788 2854 4822 :
2882 4770 2947 4842 Εἰ
2979 4770 3021 4822 δ’
3051 4753 3245 4842 δτιέξς
3269 4753 3373 4839 τὴν
3397 4753 3506 4842 τῶν
3530 4753 3745 4842 ἄστρων

485 4825 634 4889 pium
665 4825 718 4877 in
767 4825 966 4879 Genes.
1003 4842 1040 4889 ι,
1078 4826 1164 4878 Η.
1196 4825 1677 4882 Genetbliacorum
1725 4834 1907 4878 autem
1959 4824 2056 4876 do-

485 4896 660 4947 ctrina
686 4893 1047 4948 bumanarum
1070 4911 1270 4957 rerum,
1301 4897 1421 4950 sive
1445 4910 1574 4950 casu
1592 4894 2051 4964 contingentium,

485 4965 614 5036 sive
633 4974 824 5033 sponte
855 4976 1128 5034 gestarum
1154 4965 1608 5036 signiﬁcationem
1631 4973 1686 5018 et
1715 4963 1942 5036 causam
1980 4963 2054 5015 si—

483 5033 704 5090 deribus
739 5033 948 5088 tribolt.
981 5038 1050 5088 At
1081 5033 1341 5105 quoniam
1391 5036 1663 5090 veteribus
1707 5033 1822 5089 fere
1881 5041 2057 5087 astro-

488 5106 663 5158 nomis
691 5104 931 5176 solemne
965 5104 1111 5168 fuit,’
1135 5121 1242 5160 non
1296 5105 1766 5176 ἀστεροσκοπικήν
1809 5113 2054 5176 tantum,

485 5183 540 5227 et
565 5174 1037 5246 γενεθλιαλογικήν
1064 5177 1338 5240 excolere,
1362 5173 1456 5230 sed
1481 5173 1730 5246 priorem
1749 5173 1912 5246 etiam
1959 5189 2056 5239 pu-

486 5246 735 5299 sterioris
769 5243 963 5310 cauSa;
993 5243 1374 5314 astrorumque
1427 5243 1710 5314 scientiam
1752 5244 1818 5296 ad
1853 5243 2060 5296 futuro-

490 5329 608 5368 rum
659 5316 1046 5383 prasnotionem
1097 5313 1443 5380 convertere,
1478 5316 1603 5368 inde
1635 5313 1834 5368 factum
1866 5322 1950 5383 est
2001 5323 2059 5366 ut

489 5382 720 5451 utraque
745 5387 812 5437 ad
845 5386 1009 5438 futuri
1035 5389 1316 5441 scientiam
1351 5387 1626 5454 pertinere
1649 5385 1793 5438 dicta
1815 5383 1902 5436 sit.
1935 5382 2060 5435 Pto-

489 5454 709 5508 lemaeus
740 5469 970 5524 prorem.
1004 5456 1291 5510 'I’ptrabibl.
1317 5473 1336 5511 :
1371 5475 1389 5508 ι
1427 5455 1623 5508 Rerum
1660 5455 1713 5507 in
1751 5455 1950 5523 quibus
1975 5463 2055 5505 est

490 5527 967 5594 prognosticabilis
990 5528 1230 5581 scientia:
1250 5528 1528 5581 stellarum
1552 5525 1809 5594 cognitio,
1830 5537 2056 5591 magnas

487 5608 540 5648 et
571 5596 873 5664 praecipuas
919 5600 1053 5650 duas
1106 5612 1228 5652 esse
1283 5595 1759 5664 deprebemlimns.
1811 5595 2051 5664 Quarum

489 5663 814 5736 alteraqua:
843 5669 1120 5736 praecedit,
1155 5679 1207 5720 et
1236 5678 1320 5721 est
1349 5663 1559 5728 fortior,
1589 5675 1671 5719 est
1702 5663 2056 5736 scientia_so-

489 5734 556 5789 lis
585 5743 640 5788 et
675 5733 857 5805 lunam
891 5752 1098 5790 necnon
1151 5741 1391 5805 quinque
1455 5735 1734 5790 stellarum
1790 5733 2057 5787 erratica-

491 5822 610 5862 rutn
662 5804 864 5876 ﬁguras
893 5804 1306 5875 demonstrans,
1349 5822 1484 5878 quas
1539 5820 1760 5862 suorum
1813 5811 2054 5858 motuum

2159 4843 2344 4912 σχέσιν
2373 4843 2605 4913 ὁρῶντες
2635 4841 2771 4913 περὶΔ
2798 4839 3044 4893 ἑκάστων
3062 4838 3294 4913 ,λέγουσι
3315 4838 3422 4913 ,⁷-τὰ
3447 4838 3746 4913 γιγνρμενα

2158 4908 2288 4980 παρ’
2316 4908 2539 4964 ἐκείνων
2570 4908 2840 4980 ποιεῖσθαι
2873 4909 3262 4980 τεκμαίρονται
3285 4950 3317 4980 ,_
3333 4910 3533 4980 ὁμοίως
3561 4908 3626 4964 ἂν
3653 4913 3746 4965 καὶ⁸

2158 4931 2234 4964 πα
2280 4930 2285 4933 ’
2316 4930 2539 4964 εκεινων
2570 4930 2840 4963 ποιεισυαι
2873 4930 3262 4980 τεκμαιρονται
3285 4950 3301 4970 ν
3333 4930 3533 4980 ομοίως
3561 4930 3626 4964 αν
3653 4930 3746 4965 και

2158 4985 2205 5035 οἱ
2240 4930 2418 5051 ἔρνεις
2449 4980 2721 5051 ποιητικοὶ
2753 4973 2828 5051 ὧν
2869 4978 3222 5051 σημαίνουσιν
3265 4975 3405 5042 εἷεν,
3443 4981 3536 5033 καὶ
3567 4981 3746 5034 πάντα

2159 5001 2205 5035 οι
2240 5001 2267 5034 0
2307 5001 2418 5044 νεις
2449 5001 2721 5051 ποιητικοι
2753 5001 2828 5033 ων
2869 5001 3222 5049 σημαινουσιν
3265 5001 3405 5042 ειεν,
3443 5001 3536 5033 και
3567 5001 3746 5034 παντα

2159 5055 2238 5115 εἰς
2268 5001 2304 5106 ἕ
2340 5052 2630 5123 βλέποντες
2654 5051 2704 5123 οἱ
2751 5049 2973 5123 μάντεις
3007 5049 3385 5123 προλέγουσιν.
3437 5072 3454 5100 ι
3499 5052 3592 5123 b‘in
3626 5071 3748 5123 _au-

2161 5132 2268 5177 lem
2294 5120 2356 5175 ei
2383 5135 2452 5176 eo
2482 5123 2624 5189 quod
2675 5120 3048 5172 habitudinem
3105 5121 3382 5173 stcliarttttt
3435 5121 3744 5188 suspicit-n-

2165 5203 2246 5246 tes
2278 5191 2506 5262 singulis
2533 5192 2714 5244 iutura
2749 5190 3126 5262 prtenuntiant
3143 5227 3158 5252 ,
3190 5190 3277 5262 ab
3300 5190 3416 5262 illis
3443 5192 3558 5262 lieri
3609 5207 3746 5258 quu-

2165 5277 2270 5333 que
2299 5259 2594 5333 opinentur
2627 5259 2911 5333 :perinde
2935 5259 2984 5313 id
3011 5273 3070 5312 se
3108 5259 3361 5333 babehit,
3401 5274 3468 5333 ac
3493 5260 3560 5333 si
3615 5276 3747 5315 aves

2163 5325 2351 5387 eorum
2385 5347 2507 5400 qua:
2532 5325 2868 5401 signiﬁcant,
2899 5343 3078 5401 causa:
3103 5325 3318 5383 forent:
3381 5331 3745 5397 similiterque

2161 5405 2206 5457 si
2241 5404 2428 5456 omnia
2450 5441 2466 5467 ,
2520 5400 2754 5470 quorum
2788 5400 3336 5470 inspectioueivates
3393 5401 3744 5470 praesagiunt,

2163 5475 2346 5526 facere
2372 5468 2552 5525 etiam
2602 5484 2724 5538 qua:
2752 5469 3086 5539 signiﬁcant,
3135 5469 3472 5524 dicerentur.
3511 5488 3531 5520 ι
3599 5468 3674 5524 lo.

2230 5565 2443 5638 (5)”Kal
2472 5559 2742 5636 μᾶλλονέ
2776 5565 2971 5634 Vigero
2997 5563 3278 5632 legendum
3310 5563 3612 5630 videbatur,
3647 5568 3739 5622 καὶ

2161 5637 2212 5690 τί
2242 5636 2467 5708 μᾶλλον.

2235 5729 2310 5796 (6)
2333 5727 2590 5780 Πόστου-
2627 5723 2766 5778 Idem
2800 5723 3010 5796 legebat
3041 5721 3217 5774 ποίου.
3241 5721 3508 5796 Craterum
3541 5719 3740 5776 Procu-

2165 5793 2452 5869 pius'Gaz.
2489 5799 2540 5851 in
2567 5796 2768 5852 Cenes.
2805 5797 2946 5848 hunc
2978 5794 3155 5848 locum
3189 5793 3499 5862 exscripsit.
