4138 6424
389 289 465 348 7‘9
1839 290 1965 346 ontt

2069 291 2182 348 iES
3592 303 3664 358 80

396 421 538 476 idem
577 417 678 488 ipsi
716 418 768 471 in
795 415 1037 486 quolibet
1065 416 1363 471 errantium
1397 415 1641 471 siderum
1665 414 1965 470 faciendum

2076 417 2202 480 τοὺς
2241 415 2524 481 ἀπλανεῖς.
2562 419 2733 473 Πάλιν
2769 414 2837 474 αὖ
2872 421 2963 473 ἐπὶ
2985 419 3077 473 τοῦ
3111 420 3430 474 ἀνατολικοῦ
3461 422 3664 492 ὁρίζον-

393 527 514 567 esse
548 511 895 582 prmcipiunt,
927 521 1163 563 mutuam
1203 509 1569 576 singulorum,
1603 523 1728 563 cum
1759 508 1826 562 iis
1855 523 1965 576 qua

2076 524 2169 570 τος
2190 507 2392 576 δεήσει,
2429 510 2615 577 φασὶν,
2650 511 2775 563 ἰδεῖν
2808 512 2868 564 ού
2906 513 3066 582 μόνον
3105 513 3166 564 rb
3193 513 3666 582 δωδεκατημόριον

395 604 501 660 ﬁxa
534 614 755 668 vocant,
802 603 1270 672 comparationem
1321 618 1383 656 ac
1439 610 1751 670 respectum
1805 599 1974 653 vesti-

393 698 589 764 gando.
615 695 820 750 Deinde
849 695 999 746 aiunt
1032 693 1084 746 in
1119 694 1238 762 ipso
1283 709 1502 763 quoque
1539 692 1788 746 orientali
1825 693 1976 746 hori-

392 799 575 853 zonte,
617 803 720 843 non
774 788 1067 842 videndum
1103 801 1228 840 esse
1262 785 1445 850 modo,
1489 800 1738 852 quamam
1769 784 1976 840 duode-

391 883 528 934 cima
561 897 687 948 pars
718 881 772 934 in
801 895 928 934 eum
959 881 1173 943 subeat,
1212 878 1304 933 sed
1340 879 1506 932 etiam
1549 893 1798 945 quaenam
1829 877 1973 932 illius

390 973 728 1027 duodecima:
783 972 1071 1041 particula,
1115 985 1343 1039 qumque
1396 969 1553 1036 hujus
1602 969 1971 1037 sexagesima,

392 1068 641 1134 primane
693 1080 761 1118 an
811 1065 1076 1119 secunda.
1135 1063 1597 1129 Quemadmodum
1658 1079 1794 1134 ergo
1855 1065 1970 1118 fieri

391 1153 583 1223 possit,
610 1165 668 1207 ut
693 1169 815 1208 cum
850 1153 1006 1216 hora,
1047 1153 1091 1205 si
1123 1153 1288 1205 latius
1317 1167 1431 1205 rem
1463 1152 1721 1218 aestimes,
1766 1153 1974 1209 duode-

391 1247 546 1301 rima:
576 1247 750 1316 partis
791 1246 1072 1300 dimidium
1104 1245 1502 1314 complectatur
1527 1285 1541 1309 ,
1573 1247 1970 1317 sexagesimam

393 1340 437 1392 is
466 1348 647 1392 teneat
684 1338 774 1407 qui
812 1339 1070 1391 horarum
1093 1337 1379 1391 divisionis
1409 1339 1713 1408 analogiam
1751 1354 1857 1392 non
1892 1348 1972 1392 te-

391 1431 554 1483 neat?
585 1429 826 1498 Exempli
861 1429 1054 1498 gratia,
1080 1442 1307 1482 noscere
1333 1429 1424 1497 qui
1474 1431 1703 1498 poterit,
1759 1441 1970 1484 certum

393 1521 537 1575 hunc
568 1521 844 1574 hominem
888 1521 1018 1574 liora
1069 1531 1285 1590 quarta,
1341 1532 1496 1590 parte
1533 1523 1679 1576 horae
1723 1524 1969 1588 dimidia,

389 1623 608 1680 quarta,
637 1620 852 1676 octava,
895 1611 1106 1665 decima
1134 1621 1318 1676 sexta,
1345 1613 1584 1666 secunda
1603 1621 1659 1666 et
1687 1613 1966 1666 tricesima

393 1716 576 1760 natum
609 1719 730 1760 esse
754 1705 778 1757 ?
804 1719 926 1758 nam
955 1713 1178 1773 propter
1200 1705 1370 1769 horae,
1402 1721 1506 1758 non
1532 1706 1754 1774 integra:
1784 1703 1962 1767 modo,

391 1798 485 1851 sed
514 1797 676 1852 etiam
705 1796 937 1850 definita:
971 1797 1130 1866 hujus
1158 1807 1434 1866 certaeque
1485 1797 1765 1866 particula
1813 1797 1967 1867 igno-

394 1891 682 1953 rationem,
717 1889 1006 1956 plurimum
1040 1903 1184 1956 sa-pe
1215 1889 1424 1950 volunt,
1459 1889 1514 1941 in
1549 1903 1613 1942 ea
1639 1903 1758 1957 qua:
1801 1890 1967 1956 signi-

390 1983 644 2049 ficantur,
673 1982 950 2036 varietatis
985 1981 1252 2036 incidere.
1280 1981 1343 2035 Et
1376 1982 1426 2034 in
1454 1982 1687 2050 geminis
1713 1981 1966 2051 quidem,

389 2083 446 2128 ut
473 2074 698 2128 alterius
723 2082 876 2127 ortus
898 2073 965 2127 ab
994 2073 1186 2137 altero,
1209 2083 1487 2127 momento
1509 2087 1651 2142 turpe
1675 2087 1803 2137 uno,
1837 2089 1973 2142 pun-

386 2175 580 2235 ctoque
606 2164 867 2232 temporis
900 2164 1208 2230 dirimatur,
1245 2164 1430 2218 multa:
1463 2173 1642 2218 tamen
1671 2175 1973 2220 occurrunt

385 2266 496 2311 tam
514 2271 737 2311 casuum
755 2272 919 2325 quam
953 2271 1136 2311 rerum
1156 2257 1603 2324 negotiorumque
1633 2256 1929 2310 varietates
1949 2273 1966 2321 ;

387 2348 801 2418 partim,utipsi
823 2349 995 2410 aiunt,
1015 2347 1160 2416 quod
1200 2347 1483 2402 stellarum
1516 2347 1766 2402 diversus
1787 2349 1841 2402 in
1865 2349 1971 2419 18

387 2451 620 2506 utroque
664 2445 944 2506 respectus
988 2436 1178 2498 fuerit,
1219 2435 1421 2505 partim
1450 2435 1595 2505 quod
1641 2437 1821 2492 minus
1846 2453 1968 2492 cer.

387 2540 496 2583 tam
531 2529 702 2595 illam,
728 2545 852 2598 quae
885 2529 937 2582 in
979 2528 1318 2582 horizontem
1349 2529 1584 2590 subiret,
1623 2535 1798 2598 partis
1823 2531 1962 2598 signi

384 2620 727 2675 duodecima:
762 2619 1090 2690 particulam
1123 2615 1158 2673 ii
1191 2621 1468 2675 tenuerint
1503 2622 1592 2691 qui
1629 2623 1966 2692 exploratam

383 2726 510 2767 sese
536 2712 725 2766 horam
761 2701 1014 2764 habuisse
1049 2719 1391 2779 putaverant.
1425 2710 1559 2765 Nam
1593 2713 1694 2767 hoc
1723 2713 1965 2782 quidem,

386 2816 588 2872 parsne
613 2801 763 2855 horae
797 2799 1074 2854 tricesima
1121 2810 1278 2854 ortus
1306 2801 1590 2870 utriusque
1623 2801 1965 2857 intervallum

386 2892 688 2957 exstiterit,
714 2901 955 2948 statuere
984 2907 1146 2946 nemo
1188 2901 1387 2960 potest.
1427 2893 1624 2947 Verum
1661 2895 1713 2948 id
1749 2909 1967 2964 quoque

387 3001 486 3056 per
520 3002 619 3040 nos
671 2987 933 3053 habeant,
965 2996 1024 3041 ut
1059 2986 1329 3055 exquisite
1379 2987 1572 3040 horam
1604 2999 1787 3043 tenere
1838 3006 1965 3059 pos-

2075 601 2229 651 ποῖον
2279 593 2347 669 ἦν
2393 600 2480 652 ἐπ’
2534 601 2723 665 αὑτοῦ,
2752 601 2886 655 ἀλλά
2934 604 3028 655 καὶ
3069 602 3168 672 τὴν
3211 607 3427 673 μοῖραν,
3472 604 3564 656 καὶ
3605 604 3666 655 τὸ

2076 689 2366 758 ἑξηκοστὸν
2400 691 2498 762 τῆς
2527 692 2742 764 μοίρας,
2770 693 2832 745 rb
2867 693 3083 764 πρῶτον
3112 694 3144 763 ἦ
3171 693 3231 746 τὺ
3262 695 3512 765 δεύτερον
3541 694 3662 763 ἑξη-

2077 781 2287 834 κοστόν.
2318 782 2441 844 Πῶς
2457 783 2657 848 τοίνυν,
2688 784 2786 852 τῆς
2815 783 2963 854 ὥρας
2995 783 3187 836 πλατεῖ
3205 783 3346 854 λόγῳ
3369 786 3537 854 ἥμισυ
3558 785 3662 837 δω-

2073 873 2470 944 δεκατημορίου
2524 876 2905 946 περιεχούσης,
2963 875 3184 928 δύναταί
3243 893 3324 938 τις
3376 876 3559 928 λαϐεῖν
3604 877 3666 930 τὺ

2076 965 2385 1037 ἑξηκοστὸν,
2450 967 2525 1037 μὴ
2556 967 2692 1037 ἔχων
2741 969 2839 1039 τὴν
2871 968 3160 1037 ἀναλογίαν
3202 967 3302 1036 τῆς
3346 967 3663 1039 διαιρέσεως

2075 1059 2182 1112 τῶν
2216 1059 2394 1130 ὡρῶν,
2431 1059 2594 1124 ὥστε,
2633 1060 2766 1131 φέρε
2809 1062 3002 1125 εἰπεῖν,
3045 1061 3266 1122 εἰδέναι,
3293 1061 3375 1112 ὃτι
3401 1061 3663 1130 γεγέννη-

2074 1169 2163 1204 ται
2191 1155 2219 1205 ό
2249 1151 2393 1204 δεῖνα
2434 1151 2554 1226 ὥρᾳ
2599 1153 2856 1225 τετάρτῃ,
2893 1156 2988 1206 καὶ
3019 1153 3206 1224 ἡμίσει
3239 1151 3410 1222 ὥρας,
3445 1154 3540 1204 καὶ
3570 1169 3661 1204 τε-

2073 1245 2277 1316 τάρτῳ,
2306 1245 2494 1316 ὀγδόῳ,
2546 1247 2641 1299 καὶ
2685 1247 3075 1316 ἑκκαιδεκάτῳ,
3111 1247 3203 1298 καὶ
3227 1245 3660 1316 δυοτριακοστῷς

2075 1338 2365 1409 παραπολὺ
2410 1339 2522 1410 γάρ
2571 1355 2703 1407 φασι
2741 1338 3142 1409 παραλλάττειν
3183 1338 3251 1390 τὰ
3286 1338 3662 1407 σημαινόμενα

2073 1428 2221 1500 παρά
2263 1428 2358 1498 τὴν
2385 1429 2661 1496 ἀγνωσίαν
2703 1431 2765 1483 οὐ
2795 1430 2895 1499 τῆς
2930 1431 3005 1499 (7)
3040 1429 3168 1500 ὅλης
3195 1429 3362 1500 ὧρας,
3389 1429 3525 1482 ἀλλά
3568 1429 3665 1482 καὶ

2072 1519 2164 1572 τοῦ
2194 1521 2564 1590 ποστημορίου
2597 1520 2788 1590 αὐτῆς.
2841 1521 2928 1572 Ἐν
2954 1520 3084 1590 γοῦν
3123 1524 3234 1583 τοίς
3273 1521 3516 1591 διδύμοις
3540 1537 3664 1587 γεν-

2070 1611 2330 1681 νωμένοις
2349 1612 2606 1677 πολλάκις
2623 1613 2682 1665 τὸ
2710 1610 2912 1683 μεταξὺ
2936 1614 3030 1665 κα)⁵
3045 1613 3332 1682 ἀκαριαῖον
3347 1612 3495 1683 ὧρας
3521 1611 3660 1675 ἐστὶ,

2071 1702 2164 1752 καὶ
2208 1702 2398 1755 πολλαὶ
2440 1703 2788 1775 παραλλαγαὶ
2825 1701 2933 1755 τῶν
2964 1701 3371 1771 συμϐαινόντων
3413 1701 3505 1754 καὶ
3551 1700 3661 1754 τῶν

2074 1796 2466 1865 πραττομένων
2499 1795 2585 1847 ἐπ’
2629 1794 2808 1846 αὐτῶν
2844 1793 3176 1854 ἀπαντῶσιν,
3212 1792 3288 1854 ὦς
3315 1809 3476 1860 φασιν
3518 1793 3660 1844 ἐκεῖ-

2071 1905 2172 1951 νοι,
2202 1887 2355 1952 παρά
2403 1887 2502 1957 τὴν
2536 1885 2715 1939 αἰτίαν
2756 1884 2855 1953 τῆς
2883 1884 3117 1954 σχέσεως
3147 1882 3256 1936 τῶν
3294 1882 3537 1952 ἀστέρων
3566 1883 3661 1936 καὶ

2070 1978 2132 2030 τὸ
2166 1979 2356 2049 μόριον
2378 1977 2472 2030 τοῦ
2499 1976 2974 2048 δωδεκατημορίου
3003 1975 3064 2027 rb
3090 1974 3239 2045 παρὰ
3265 1974 3355 2026 τὸν
3385 1973 3655 2043 ὁρίζοντα,

2070 2069 2132 2120 οὐ
2166 2068 2712 2140 καταλαμϐανόμενον
2729 2067 2834 2120 ὑπὸ
2856 2066 2963 2121 τῶν
2987 2065 3359 2136 νομιζομένων
3389 2065 3486 2134 τὴν
3507 2064 3656 2133 ὥραν

2071 2161 2456 2234 τετηρηκέναι.
2478 2161 2667 2224 Οὐδεὶς
2690 2159 2794 2231 γὰρ
2811 2159 3034 2212 δύναται
3051 2157 3249 2226 λέγειν,
3277 2159 3358 2210 ὅτι
3373 2157 3434 2209 rb
3454 2156 3654 2226 μεταξύ

2074 2253 2227 2305 τοῦδε
2272 2252 2372 2322 τῆς
2398 2251 2664 2321 γενέσεως
2691 2252 2826 2323 πρὸς
2841 2251 2940 2320 τὴν
2972 2249 3126 2302 τοῦδέ.
3160 2248 3471 2318 ὲστινῶρας
3495 2265 3655 2318 τρια-

2071 2344 2282 2398 κοστόν,
2325 2343 2460 2396 Ἀλλ’
2483 2342 2624 2395 ἔστω
2645 2341 3131 2413 συγκεχωρημένον
3164 2341 3344 2401 αὐτοῖς
3376 2339 3490 2390 τόδε
3514 2338 3656 2392 κατὰ

2068 2437 2130 2489 τὸ
2155 2436 2402 2488 ἐκλαϐεῖν
2435 2434 2534 2505 τὴν
2559 2434 2727 2506 ὥραν.
2755 2435 2822 2486 Φέ
2835 2450 2986 2504 ρεται
3025 2433 3091 2502 δὴ
3123 2431 3384 2500 θεώρημα
3412 2431 3486 2499 (8)
3519 2431 3656 2483 ἀπο-

2068 2526 2311 2580 δεικνύον
2334 2527 2424 2579 τὸν
2460 2525 2722 2590 ζωδιακὸν
2764 2524 2961 2577 κύκλον
2994 2523 3194 2593 ὁμοίως
3222 2526 3334 2585 τοῖς
3368 2522 3655 2591 πλανωμέ-

2068 2636 2181 2682 νοις
2214 2618 2474 2690 φέρεσθαι
2523 2618 2632 2670 ἀπὸ
2679 2616 2899 2686 δυσμῶν
2951 2616 3044 2668 ἐπὶ
3077 2615 3339 2678 ἀνατολὰς
3370 2615 3435 2668 δι’
3463 2613 3656 2667 ἑκατὸν

2069 2712 2206 2764 ἐτῶν
2239 2715 2430 2782 μοῖραν
2465 2711 2614 2781 μίαν,
2660 2710 2756 2762 καὶ
2783 2709 2944 2762 τοῦτο
2972 2709 3051 2779 τῷ
3083 2707 3261 2777 πολλῷ
3297 2710 3471 2778 χρόνῳ
3504 2709 3658 2760 ἐναλ-

2068 2804 2284 2858 λάττειν
2311 2803 2408 2874 τὴν
2442 2803 2590 2858 θέσιν
2638 2801 2746 2854 τῶν
2790 2801 3299 2873 δωδεκατημορίων·
3331 2801 3515 2871 ἑτέρου
3558 2800 3658 2870 μὲν

2067 2898 2426 2968 τυγχάνοντος
2462 2895 2559 2948 τοῦ
2613 2893 2810 2965 νοητοῦ
2854 2893 3341 2963 δωδεκατημορίου·
3378 2893 3563 2962 ἑτέρου
3599 2892 3654 2945 δὲ

2068 2989 2162 3043 τοῦ
2215 2989 2415 3043 ὡσανεὶ
2450 2987 2816 3058 μορφώματος
2843 2985 2957 3038 ἀλλ’
2991 2987 3054 3038 ὲκ
3095 2986 3190 3038 τοῦ
3223 2985 3411 3056 νοητοῦ
3439 2987 3511 3054 (9)
3550 2986 3656 3048 ζω-

385 3079 520 3132 sint.
559 3077 758 3132 Fertur
808 3092 940 3132 sane
1003 3079 1304 3143 theorema,
1339 3079 1632 3134 ostendens
1684 3081 1963 3137 zodiacum

2070 3080 2207 3143 δίου,
2272 3081 2408 3151 ὅπερ
2439 3080 2499 3132 οὐ
2554 3079 2695 3132 πάνυ
2736 3095 2786 3130 τι
2845 3077 3067 3130 δυνατὸν
3121 3077 3652 3148 καταλαμϐάνεσθαι.

385 3170 670 3236 circulum,
703 3170 929 3240 perinde
953 3179 1010 3223 ut
1034 3172 1301 3238 planetas,
1339 3171 1539 3226 deferri
1580 3173 1648 3226 ab
1681 3188 1878 3228 occasu
1913 3175 1964 3229 in

386 3274 590 3331 ortum,
624 3263 766 3317 intra
801 3272 1020 3318 centum
1051 3277 1245 3327 annos,
1278 3264 1444 3334 gradu
1475 3279 1616 3327 uno;
1651 3265 1744 3334 qui
1787 3275 1966 3322 motus

390 3356 651 3423 longioris
683 3369 974 3425 progressu
1007 3355 1292 3421 temporis,
1325 3356 1377 3410 in
1415 3355 1743 3423 positionem
1762 3356 1966 3413 duode-

384 3448 651 3502 cimarum
681 3448 920 3515 partium
956 3448 1239 3501 varietatis
1261 3446 1554 3515 plurimum
1581 3445 1809 3514 inferat;
1838 3463 1959 3504 cum

387 3541 699 3596 duodecima
721 3555 849 3610 pars
868 3539 972 3593 alia
1007 3542 1098 3602 sit,
1131 3554 1254 3609 quac
1288 3548 1470 3594 mente
1491 3540 1822 3609 concipitur,
1859 3543 1962 3596 alia

385 3649 506 3702 qum
533 3631 686 3702 quasi
729 3647 896 3686 sensu
947 3631 1278 3686 informatur
1314 3650 1328 3686 :
1358 3631 1436 3686 sic
1483 3641 1664 3686 tamen
1701 3643 1759 3686 ut
1793 3648 1859 3688 ex
1900 3650 1962 3688 ea

388 3737 618 3793 tantum,
653 3741 774 3796 qua:
809 3736 991 3780 mente
1024 3725 1354 3794 concipitur,
1391 3739 1619 3794 quaeque
1658 3727 1771 3793 vix,
1805 3741 1868 3781 ac
1896 3742 1966 3782 ne

389 3820 478 3872 vix
504 3819 723 3888 quidem
749 3817 918 3872 teneri
943 3827 1096 3872 certo
1114 3827 1318 3888 potest,
1349 3817 1425 3870 rei
1447 3817 1648 3870 veritas
1676 3818 1964 3873 habeatur.

388 3909 586 3965 Verum
632 3910 684 3964 id
710 3911 875 3964 etiam
905 3925 933 3962 a
965 3910 1124 3964 nobis
1154 3909 1338 3969 detur.
1366 3918 1426 3961 ut
1454 3901 1546 3962 aut
1581 3908 1797 3978 sigmtm
1833 3912 1964 3969 illud

385 4003 529 4073 quod
571 4013 753 4056 mente
791 4000 1119 4070 concipitur,
1161 4011 1312 4055 certo
1346 3999 1518 4054 teneri
1554 4009 1739 4068 queat,
1767 4011 1860 4054 aut
1897 4019 1959 4057 ex

387 4109 453 4148 eo
488 4091 680 4147 saltem
708 4090 855 4160 quod
886 4102 1049 4144 sensu
1083 4089 1428 4151 informatur,
1453 4100 1644 4140 verum
1702 4086 1958 4159 intelligi;

388 4195 659 4238 astrorum
690 4192 842 4238 certe
868 4181 1086 4252 quidem
1126 4180 1366 4243 illorum,
1394 4193 1516 4248 quae
1552 4178 1602 4231 in
1629 4178 1790 4232 situm
1816 4181 1962 4248 ejus-

385 4275 530 4329 modi
581 4273 919 4343 figuramque
965 4278 1321 4334 concurrunt,
1369 4283 1530 4339 quam
1565 4267 1663 4336 ipsi
1720 4281 1963 4325 contem-

482 4389 634 4453 7)Οῠ
660 4387 792 4456 τῆς.
829 4387 1034 4457 Viget,
1059 4387 1121 4440 οὐ
1155 4385 1314 4456 μόνον
1339 4385 1459 4457 τῆς.

482 4463 536 4527 8)
571 4454 811 4526 Φέρεται
842 4454 1226 4524 δὲ’θεώρημα,
1262 4465 1368 4527 etc.
1399 4455 1573 4508 Motus
1601 4454 1688 4510 hic
1728 4464 1833 4521 est,
1866 4459 1958 4525 qui

385 4525 768 4598 prééessiliiiis
821 4529 1270 4598 arquipoctjorum
1303 4525 1372 4577 ab
1423 4527 1751 4598 astronomia
1805 4530 1966 4598 vulgo

389 4594 722 4669 appellatur,
749 4613 858 4665 quo
881 4594 1051 4650 stella:
1076 4596 1195 4648 fixa:
1215 4594 1283 4647 ab
1308 4594 1620 4669 aequinoctii
1651 4605 1705 4669 et
1739 4594 1961 4669 solstiiii

387 4663 704 4723 cardinibus
767 4663 1049 4736 dlgressa',
1105 4677 1266 4732 super
1297 4663 1432 4731 polis
1467 4663 1698 4736 zodiaci,
1756 4666 1836 4728 εἰς
1901 4667 1968 4720 τὰ

387 4739 629 4810 ἑπόμενα
656 4732 912 4810 paulatim
946 4735 1397 4810 verticompertae
1418 4741 1564 4810 sunt.
1599 4732 1752 4810 Hunc
1786 4746 1964 4810 autem

389 4802 620 4872 motum,
648 4802 714 4862 ex
747 4806 1171 4870 Tiinocliaridis,
1217 4802 1533 4870 Hipparchi,
1567 4805 1790 4872 suisque
1827 4807 1966 4861 adeo

387 4879 886 4940 observationibus,
921 4885 1142 4930 centum
1196 4887 1459 4928 annorum
1506 4873 1682 4936 spatio
1733 4877 1963 4942 gradum

389 4965 557 5004 unum
600 4949 884 5003 absolvere
938 4947 1264 5000 Ptolemaaus
1299 4943 1491 5012 statuit
1524 4943 1622 4996 lib.
1658 4959 1719 4996 ru
1780 4943 1960 5012 Magn.

371 5028 675 5074 construct.
703 5059 718 5083 ,
759 5032 879 5086 cap.
909 5017 945 5070 2
980 5032 993 5068 :
1040 5017 1129 5078 Ὠς
1172 5017 1238 5067 ὲκ
1283 5010 1488 5086 τούτων
1512 5012 1628 5086 ’τὴν
1682 5013 1779 5086 τῆς
1829 5010 1963 5086 μιᾶς

391 5091 587 5162 μοίρας
614 5089 694 5152 εἰς
719 5087 786 5141 τὰ
808 5082 1050 5162 ἑπόμενα
1088 5082 1482 5162 παραχώρησιν
1509 5083 1784 5162 ἐνΑὲικατὸν
1813 5082 1962 5162 ἐγγιτ

389 5151 496 5240 στα
531 5151 684 5213 ἔτεσι
729 5151 1099 5240 γεγενημένην
1153 5151 1452 5240 εὑρῆσθαι,
1495 5151 1748 5240 καθάπερ
1793 5151 1898 5235 και
1935 5157 1963 5206 ὁ

389 5233 694 5300 Ἵππαρχος
729 5225 1104 5300 ὑπονενοηκὼς
1136 5225 1407 5296 φαίνεται.
1446 5241 1463 5300 ς
1507 5225 1575 5300 Ut
1597 5239 1662 5276 ex
1693 5225 1756 5278 iis
1803 5225 1963 5279 unius

387 5294 694 5369 gradus'iii
744 5294 1157 5369 consequenti:i_'
1189 5294 1496 5369 progressio
1552 5295 1690 5369 intra
1737 5304 1959 5348 centum

389 5364 779 5442 propemodum
807 5383 995 5442 annos
1020 5364 1217 5442 confici
1263 5364 1602 5442 deprehensa
1643 5365 1749 5442 sit,
1771 5379 1962 5433 quem-

390 5435 679 5495 admodum
709 5449 764 5493 et
806 5437 1147 5507 Hipparchus
1175 5435 1480 5504 suspicatus
1511 5449 1632 5507 esse
1665 5436 1899 5487 videtur.
1936 5452 1953 5484 ι

389 5511 466 5566 Ex
499 5525 609 5580 quo
662 5505 1116 5580 eﬂicitur’56000
1167 5519 1435 5580 annorum
1481 5506 1719 5580 decursu
1786 5515 1959 5557 totum

386 5575 649 5634 circulum
676 5580 812 5632 ﬁxas
849 5579 1122 5641 evolvere,
1145 5576 1238 5646 qui
1273 5590 1448 5630 annus
1480 5575 1794 5628 Platonicus
1817 5615 1831 5638 ,
1865 5589 1958 5626 seu

388 5665 563 5705 annus
595 5665 823 5718 magnus
854 5649 1052 5702 dicitur
1082 5665 1108 5700 a
1140 5646 1436 5718 nonnullis.
1477 5646 1796 5718 'l‘ardiorem
1828 5659 1958 5718 vero

389 5721 532 5774 hunc
556 5713 759 5773 motum
799 5718 1002 5772 faciunt
1031 5719 1220 5772 tabula:
1249 5716 1622 5784 Alplionsiiiw,
1651 5716 1723 5766 ita
1750 5721 1806 5766 ut
1831 5713 1960 5766 totis

388 5790 563 5848 £9000
591 5790 750 5845 annis
785 5789 1066 5859 periodum
1091 5789 1234 5845 hanc
1261 5786 1467 5843 absolvi
1511 5800 1604 5841 rex
1645 5784 1960 5853 Alpheus-us

2079 3175 2260 3227 Ἔστω
2283 3173 2338 3226 δὲ
2366 3174 2460 3226 καὶ
2485 3171 2646 3224 τοῦτο
2665 3171 3154 3242 συγκεχωρημένον
3171 3170 3278 3240 (I0)
3296 3170 3356 3222 rb
3387 3170 3658 3241 καταλαμ-

2074 3265 2330 3321 ϐάνεσθαι
2360 3265 2421 3317 τὸ
2454 3265 2642 3335 νοητὸν
2690 3263 3179 3334 δωδεκατημόριον,
3226 3263 3256 3332 ἦ
3290 3261 3545 3315 δύνασθαι
3592 3264 3656 3314 ἐκ

2071 3358 2164 3412 τοῦ
2197 3355 2456 3428 αἰσθητοῦ
2491 3355 2964 3427 δωδεκατημορίου
3022 3353 3390 3424 λαμϐάνεσθαι
3421 3353 3482 3405 rb
3521 3353 3656 3421 ἀλη-

2073 3451 2184 3515 θές·
2235 3449 2371 3503 ἀλλά
2396 3449 2493 3519 τήν
2515 3466 2577 3518 γε
2595 3447 2894 3519 σύγκρασιν
2931 3447 3057 3517 παρ’
3092 3446 3272 3508 αὐτοῖς
3320 3445 3655 3516 καλουμένην

2067 3539 2178 3592 τῶν
2211 3540 2269 3591 ὲν
2311 3538 2487 3591 τοῖσδε
2517 3541 2630 3600 τοῖς
2665 3540 3066 3608 σχηματισμοῖς
3103 3537 3498 3605 τυγχανόντων,
3560 3538 3654 3592 καὶ

2067 3631 2220 3685 αὐτοὶ
2260 3630 2702 3701 ὁμολογήσουσιν,
2755 3630 2853 3699 οὐχ
2895 3625 2996 3681 οἷοί
3038 3646 3098 3682 τε
3148 3628 3316 3681 σῶσαι
3350 3630 3490 3682 κατὰ
3524 3632 3654 3686 πᾶν.

2067 3723 2484 3794 ἀμαυρουμένου
2515 3722 2608 3775 τοῦ
2635 3722 2986 3792 δηλουμένου,
3021 3723 3152 3791 φέρε
3188 3723 3380 3782 είπεῖν,
3413 3723 3655 3793 χείρονος

2069 3816 2178 3870 ἀπὸ
2202 3815 2353 3869 τοῦδε
2384 3816 2516 3884 (ll),
2550 3814 2640 3867 διὰ
2662 3815 2722 3866 rb
2745 3814 3132 3867 ἐπιϐλέπεσθαι
3165 3815 3327 3868 αὑτὸν
3363 3815 3470 3867 ὑπὸ
3502 3816 3653 3868 τοῦδε

2069 3911 2164 3964 τοῦ
2196 3911 2523 3982 κρείττονος,
2559 3910 2655 3962 καὶ
2687 3909 2778 3961 ἐπὶ
2801 3907 3037 3970 τοσόνδε,
3074 3907 3106 3977 ἢ
3134 3907 3344 3959 τοσόνδε
3379 3908 3654 3977 ἀμαυρου-

2074 4002 2256 4072 μένου·
2295 3999 2553 4063 πολλάκις
2576 4000 2736 4052 πάλιν
2759 3999 2856 4068 τῆς
2887 3997 3260 4068 ἀμαυρώσεως
3285 3996 3383 4066 τῆς
3409 3996 3501 4049 τοῦ
3538 3997 3652 4067 χεί-

2074 4115 2226 4168 ρονος
2257 4097 2364 4150 ὑπὸ
2389 4096 2490 4166 τῆς
2534 4093 2871 4163 ἐπιϐλέψειας
2901 4094 2998 4164 τῆς
3029 4093 3122 4145 τοῦ
3157 4093 3460 4163 κρείττονος
3487 4095 3656 4163 ἐμπο-

2067 4189 2376 4260 διζομὲνης,
2425 4191 2487 4241 ἐκ
2526 4187 2620 4240 τοῦ
2664 4186 2849 4258 ἕτερον
2892 4186 3091 4238 οὑτωσὶ
3119 4185 3515 4255 ἐσχηματίσθαι
3546 4204 3654 4255 χει-

2073 4282 2240 4353 ρόνων
2273 4280 2401 4333 ὄντα
2429 4277 2780 4349 σημαντικόν.
2817 4275 2927 4329 Καὶ
2943 4271 3116 4346 οἶμαι,
3142 4276 3506 4345 ἐπιστήσαντά
3532 4291 3655 4328 τινα

1999 4398 2042 4452 D
2071 4397 2387 4450 crediderit.
2420 4400 2487 4450 At
2521 4393 2868 4448 brevioribus
2891 4407 3011 4446 eam
3042 4391 3234 4451 spatiis
3270 4390 3654 4443 determinavit

2070 4467 2446 4534 Albategnius,
2484 4482 2580 4519 nec
2616 4466 2739 4532 plus
2773 4478 2937 4529 quam
2963 4459 3141 4534 23760
3167 4476 3337 4514 annos
3363 4463 3414 4516 ei
3441 4460 3650 4534 tribuit,

2070 4532 2462 4605 quippe—quam
2492 4535 2559 4588 66
2593 4548 2811 4602 ququ
2833 4547 2974 4584 anno
3012 4532 3238 4605 gradum
3265 4546 3428 4605 unum
3463 4532 3650 4605 exple-

2075 4598 2130 4658 re
2163 4598 2633 4672 deprelu-ndcrit':
2679 4598 2840 4670 quam
2884 4601 3207 4672 sententiam
3250 4598 3644 4672 observationi-

2073 4673 2172 4728 bus
2208 4670 2322 4729 suis
2368 4677 2523 4742 longe
2571 4671 3000 4729 accuratissimis
3058 4671 3124 4724 ad
3174 4685 3357 4742 verum
3392 4670 3646 4742 proxime

2071 4747 2333 4798 accedere
2365 4739 2713 4799 confirmavit
2750 4743 2968 4812 'l'ycho,
3007 4757 3130 4792 naui
3177 4740 3319 4812 intra
3337 4739 3418 4812 _67
3476 4755 3649 4791 anuo-

2071 4829 2189 4866 ruin
2223 4818 2453 4883 spatium
2496 4817 2667 4883 gradu
2703 4807 2810 4867 uno
2843 4813 2978 4883 fixas
3012 4807 3491 4883 ei;_r&_§7:6pe_va
3519 4823 3648 4877 pro-

2067 4879 2557 4954 gredi,'totutnque
2583 4883 2716 4954 (illud
2744 4882 3073 4954 curriculum
3098 4879 3276 4954 εει-ει)
3301 4879 3460 4930 anuis
3483 4894 3647 4954 pera-

2067 4949 2234 5020 grare
2252 4949 2540 5024 comperit.
2568 4953 2687 5027 iam
2728 4966 2880 5015 vero,
2910 4960 2968 5004 ut
3008 4950 3398 5027 ad_0rigenem
3452 4949 3645 5027 redea-

2067 5021 2440 5087 inus,motuin
2483 5039 2513 5078 a
2569 5023 2862 5076 Ptolemaeo
2926 5021 3284 5074 constitutum
3336 5021 3646 5085 respexisse

2064 5107 2186 5147 eum
2230 5095 2418 5164 liquet.
2453 5094 2714 5164 lluurtus.

2138 5164 2216 5234 (9)
2253 5157 2406 5218 Ἀλλ’
2438 5165 2507 5216 ἐκ
2538 5162 2640 5216 τοῦ
2663 5159 2908 5234 νοητοῦ.
2937 5168 3046 5234 etc.
3095 5158 3225 5234 Loci
3254 5157 3410 5234 hujus
3437 5157 3644 5210 hiatum

2065 5226 2244 5287 Oratio
2274 5235 2507 5303 pendula
2545 5226 3029 5303 arguit._llui.c_sic
3051 5230 3304 5303 explebat
3346 5226 3572 5303 Vigerus
3627 5243 3642 5278 :

2063 5296 2680 5377 ᾡταπῖμορφώματᾷς,
2710 5301 2772 5353 οὺ
2801 5298 3340 5377 μὲν-λαμϐανομένου
3372 5296 3466 5376 τοῦ
3513 5297 3651 5377 ἀλη-

2064 5373 2190 5436 θοῦς
2219 5366 2838 5444 ὲκ’το’ὖ’μόρφὼματος,
2863 5369 2977 5422 ἀλλ’
3003 5366 3077 5420 ὲκ
3105 5366 3198 5421 τού
3223 5366 3438 5444 νοητοῦ,
3473 5375 3581 5420 etc.

2135 5391 2190 5436 υς
2219 5391 2282 5426 εκ
2313 5391 2407 5426 του
2442 5391 2564 5444 μορν
2607 5391 2829 5442 υματος,
2863 5391 2961 5422 aut
3012 5391 3077 5420 εκ
3105 5391 3198 5421 του
3223 5391 3438 5436 νοητου,
3473 5391 3581 5420 ctu.

2135 5445 2249 5514 (IO)
2293 5446 2485 5496 Ἔστω
2516 5391 3508 5514 (εἶπαί-τοῦτο,συγκεχωρημέγον,
3543 5446 3649 5488 etc.

2067 5509 2201 5567 Vide
2232 5509 2282 5567 in
2315 5516 2458 5568 hunc
2484 5514 2665 5567 locum
2695 5509 3022 5564 Salmasiuin
3061 5511 3132 5562 lle
3161 5526 3314 5560 rauim
3333 5509 3654 5560 climacteri-

2065 5584 2161 5644 cis,
2197 5599 2316 5653 pag.
2345 5582 2471 5636 619.

2133 5642 2534 5737 (ξηνγίει-ικ,
2580 5649 2860 5722 χείρονοςο
2917 5647 3068 5701 τοῦδε
3110 5646 3166 5701 δὲ
3215 5646 3494 5718 χείρονος,
3544 5642 3654 5697 ἀπὸ

2065 5737 2216 5776 τουοε
2223 5761 2241 5778 ο
