4138 6424
458 428 517 483 8|
1864 420 1931 477 IN
1966 421 2037 476 GI

2139 419 2286 475 ZSIM.
3647 424 3715 477 ξιξ

458 532 567 590 τοῖς
600 526 804 588 τόποις,
841 522 1151 591 ἀπογνῶναι
1179 518 1276 589 τὴν
1320 516 1448 586 περὶ
1474 516 1679 569 τούτων
1711 516 2036 585 κατάληψιν,

2145 516 2479 583 perationem
2534 515 2823 584 appellant,
2881 514 3156 584 exquisite
3331 528 3452 569 sese
3497 516 3723 570 defendi

457 619 705 690 οὐδαμῶς
753 617 1058 689 ἀνθρώποις
1110 611 1455 681 ἐκκειμένην,
1490 609 1606 662 ἀλλ’
1639 611 1687 660 εἰ
1717 608 1824 677 ἀρα
1874 609 2033 679 μέχρι

455 715 547 768 τοῦ
583 710 925 784 σημανθῆναι
962 710 1121 779 μόνον
1147 706 1472 774 φθάνουσαν.
1504 704 1566 755 El
1594 702 1651 755 δέ
1682 720 1764 765 τις
1795 704 1852 753 ὲν
1869 702 2036 771 πείρᾳ

456 802 743 871 γεγένηται
775 797 884 851 τῶν
927 795 1288 867 πραγμάτων,
1317 790 1515 861 μᾶλλον
1549 790 1755 843 εἴσεται
1777 789 1837 842 τὸ
1876 791 1932 841 ὲν
1958 787 2037 857 τῷ

456 895 811 967 στοχάζεσθαι
845 891 1222 946 ἀποπτωτικὸν
1267 887 1374 941 τῶν
1415 886 1700 954 λεγόντων,
1731 885 1825 937 καὶ⁵
1857 882 2036 937 αὐτῶν

457 986 947 1056 συγγραψαμένων,
973 984 1118 1054 ἤπερ
1132 980 1479 1051 νομιζόμενον
1500 978 1544 1047 (l
1555 977 1609 1046 ‘2)
1636 974 2033 1028 ὲπιτευκτικόν.

456 1082 565 1133 Καὶ
609 1078 833 1139 Ἡσαΐας
866 1076 1014 1144 γοῦν,
1044 1075 1117 1136 ὡς
1142 1073 1202 1125 οὺ
1218 1070 1529 1140 δυναμένων
1557 1067 1760 1121 τούτων
1788 1065 2039 1136 εὑρίσκε-

456 1175 580 1226 σθαι
633 1171 738 1223 ὑπὸ
766 1168 1084 1240 ἀνθρώπων,
1121 1165 1254 1236 φησι
1301 1162 1436 1234 πρὸς
1477 1162 1574 1232 τὴν
1624 1158 1899 1230 θυγατέρα
1930 1156 2036 1209 τῶν

456 1261 762 1323 Χαλδαίων,
792 1259 900 1312 τῶν
933 1258 1103 1311 ταῦτα
1140 1255 1376 1327 μάλιστα
1419 1252 1570 1325 παρὰ
1617 1253 1824 1313 πάντας
1866 1252 2039 1315 ἐπαγ-

455 1354 809 1424 γελλομένων·
851 1373 867 1402 ι
911 1351 1199 1420 Στήτωσαν
1231 1346 1294 1417 δὴ
1350 1346 1444 1398 καὶ
1498 1341 1829 1396 σωσάτωσάν
1883 1357 1941 1391 σε
1988 1339 2040 1389 οἱ

454 1445 767 1516 ἀστρολόγοι
794 1444 885 1496 τοῦ
919 1440 1170 1511 ούρανοῦ·
1207 1433 1685 1505 ἀναγγειλάτωσάν
1713 1449 1795 1484 σοι
1827 1431 1877 1483 τί
1912 1429 2038 1500 μέλ-

453 1536 533 1588 λει
579 1535 671 1587 ἐπὶ
721 1534 779 1586 σὲ
813 1532 1086 1603 ἔρχεσθαι·
1121 1548 1139 1578 ι
1182 1527 1269 1579 διὰ
1299 1525 1408 1594 γάρ
1432 1522 1637 1575 τούτων
1669 1519 2036 1589 διδασκόμεθα

456 1624 528 1692 μὴ
559 1620 819 1675 δύνασθαι
842 1620 969 1679 τοὺς
1009 1615 1149 1667 πάνυ
1190 1614 1316 1682 περὶ
1345 1610 1515 1663 ταῦτα
1546 1608 1861 1680 φιλομαθεῖς
1900 1625 2037 1679 προ-

449 1712 665 1784 δηλοῦν,
729 1711 766 1765 ἀ
821 1707 1139 1779 βεϐούληται
1201 1704 1403 1778 Κύριος
1454 1702 1670 1772 ἑκάστῳ
1719 1700 1859 1754 ἔθνει
1900 1701 2037 1752 επα-

452 1806 667 1873 γαγεῖν.

2138 620 2243 656 nou
2323 617 2480 671 posse
2562 602 2895 656 fatebuntur.
2975 604 3254 673 Contingit
3326 606 3469 659 enim
3527 606 3717 674 sapis.-

2137 697 2308 757 sinie,
2357 705 2415 746 ut
2476 694 2559 745 vel
2638 694 2935 747 infestioris
2988 695 3147 764 hujus
3224 696 3355 749 astri
3412 696 3517 756 vis,
3573 697 3717 765 quod

2136 788 2382 851 emersit,
2436 786 2662 839 alterius
2696 785 2957 842 felicioris
3000 798 3225 859 aspectu
3260 787 3429 856 magis
3464 788 3720 842 minusve

2140 879 2463 932 retundatur
2498 895 2510 931 :
2551 878 2631 932 vel
2674 887 2733 931 ut
2773 879 2825 933 id
2894 880 3067 949 ipsum
3121 880 3416 950 quominus
3474 882 3715 943 eveniat,

2140 970 2400 1025 felicioris
2433 980 2687 1039 aspectus
2733 970 3013 1039 impediat,
3064 980 3354 1041 propterea
3404 973 3550 1039 quod
3584 970 3719 1024 alte-

2139 1078 2256 1115 rum
2300 1063 2352 1116 in
2383 1064 2488 1116 hoc
2511 1063 2620 1116 situ
2659 1062 2753 1129 sit,
2786 1062 3058 1116 deteriora
3101 1062 3437 1131 signiﬁcans.
3475 1061 3551 1116 Ac
3584 1062 3717 1115 mihi

2137 1168 2269 1205 sane
2314 1153 2387 1207 ita
2440 1152 2770 1221 persuadeo,
2809 1152 3060 1222 quisquis
3097 1154 3148 1205 in
3198 1155 3438 1205 locorum
3489 1152 3716 1204 istorum

2138 1241 2524 1310 disquisitione
2569 1241 2901 1306 versabitur,
2950 1242 3422 1310 pronuntiaturum
3450 1255 3571 1294 eum
3612 1239 3719 1292 nti-

2137 1348 2263 1402 que,
2307 1342 2645 1402 perspectam
2679 1332 3131 1403 exploratamque
3168 1331 3478 1385 mortalium
3516 1331 3718 1385 nemini

2137 1440 2328 1478 eorum
2369 1424 2636 1478 rationem
2675 1438 2816 1489 esse,
2846 1424 2940 1477 sed
2974 1424 3022 1477 ei
3050 1425 3313 1477 duntaxat
3353 1424 3457 1477 vim
3506 1422 3717 1492 signiti-

2137 1516 2293 1570 candi
2326 1515 2562 1584 aliquam
2597 1516 2663 1570 ad
2696 1531 2968 1570 summum
3001 1515 3230 1570 concedi
3263 1528 3442 1584 posse.
3488 1513 3589 1580 Qui
3618 1530 3719 1567 au-

2137 1615 2244 1660 tem
2278 1622 2366 1660 res
2387 1606 2533 1674 ipsas
2552 1605 2893 1673 experientia
2928 1605 3041 1674 ipse
3069 1620 3164 1659 sua
3191 1604 3525 1672 probaverit,
3555 1618 3717 1672 agno-

2138 1706 2254 1752 scet
2293 1697 2383 1751 ille
2419 1696 2668 1766 profecto
2704 1696 2755 1749 id
2790 1695 3077 1750 hominum
3122 1710 3295 1764 genus
3333 1695 3387 1748 in
3419 1695 3535 1748 suis
3578 1694 3726 1759 illis,

2140 1805 2279 1860 quas
2309 1797 2402 1842 aut
2433 1802 2565 1841 voce
2602 1794 2695 1841 aut
2726 1786 2936 1860 scripto
2964 1785 3302 1853 concipiunt,
3329 1786 3721 1852 prmseusioni-

454 1853 555 1951 bus
610 1896 765 1962 longe
814 1892 1012 1960 sapius
1079 1891 1361 1950 aberrare,
1432 1905 1619 1957 quam,
1671 1890 1816 1956 quod
1875 1887 1975 1941 sibi
2033 1886 2263 1955 fingunt,
2326 1897 2518 1936 verum
2565 1853 2851 1950 attingere.
2908 1877 3275 1944 Quamobrem
3331 1877 3545 1941 Isaias,
3578 1878 3723 1947 quod

452 2003 513 2040 ea
562 1996 712 2038 certo
742 1984 807 2035 ab
840 1982 1148 2035 hominibus
1201 1980 1347 2034 nullo
1384 1981 1543 2033 modo
1592 1980 1761 2034 teneri
1818 1980 2061 2049 possint,
2124 1974 2502 2030 Chaldreorum
2550 1972 2734 2037 tiliam,
2765 1970 2854 2039 qui
2905 1970 3048 2024 hanc
3085 1968 3363 2023 divinandi
3399 1976 3571 2023 artem
3618 1967 3722 2021 sibi

452 2092 559 2145 pra:
586 2073 837 2128 omnibus
862 2074 1167 2139 sumebant,
1201 2072 1342 2127 hunc
1362 2073 1413 2125 in
1444 2073 1661 2126 modum
1689 2071 2007 2140 compellat:
2045 2088 2064 2121 ι
2117 2069 2276 2122 Stent
2314 2082 2442 2122 vero
2466 2082 2526 2120 ac
2556 2066 2767 2120 salvent
2809 2074 2861 2119 te
2892 2062 3148 2132 astrologi
3197 2061 3319 2117 cteli
3348 2076 3361 2112 :
3396 2060 3724 2114 annuntient

453 2169 549 2223 tibi
576 2169 717 2236 quod
745 2183 909 2237 super
937 2176 989 2221 te
1028 2176 1311 2221 venturum
1338 2176 1421 2221 est
1445 2167 1491 2197 “
1516 2183 1531 2219 :
1562 2186 1579 2217 ι
1614 2167 1813 2236 quibus
1846 2181 1947 2221 nos
1977 2179 2108 2221 sane
2133 2164 2318 2219 docuit
2348 2178 2413 2215 ne
2445 2162 2511 2215 ab
2542 2160 2652 2215 illis
2679 2159 2898 2229 quidem
2926 2158 3078 2228 ipsis,
3110 2157 3199 2226 qui
3233 2172 3318 2210 res
3342 2157 3475 2211 istas
3500 2170 3718 2210 summo

448 2273 505 2319 ct
538 2264 808 2315 acerrimo
841 2262 1024 2316 studio
1065 2272 1482 2331 prosequuntur,
1526 2263 1656 2333 quid
1709 2278 1928 2333 quoque
1951 2262 2148 2333 popqu
2201 2260 2379 2315 facere
2412 2259 2675 2312 Dominus
2699 2258 2973 2322 statuerit,
3005 2255 3362 2325 praenuntiari
3415 2267 3595 2320 posse.

524 2357 638 2408 Νῦν
670 2355 776 2426 γὰρ
811 2357 885 2419 ὡς
923 2356 1058 2428 πρὸς
1110 2358 1207 2426 τὴν
1237 2357 1379 2422 λέξιν
1423 2359 1534 2428 (15)
1584 2360 1647 2413 τὸ
1696 2360 2033 2431 προφητικὸν

2212 2356 2317 2427 19
2356 2357 2444 2410 ιε.
2507 2354 2625 2409 Jam
2677 2354 2877 2408 dictum
2932 2354 3251 2421 prophetas,
3298 2351 3474 2419 quoad
3520 2349 3722 2402 nudam

448 2446 830 2517 ὲξειλήφαμενο
852 2450 899 2501 εἰ
919 2449 975 2500 δέ
1000 2466 1164 2518 φησιν
1191 2450 1219 2500 ό
1250 2449 1441 2501 Ἰακὼϐ
1462 2452 1825 2519 ἀνεγνωκέναι
1841 2454 1898 2505 ὲν
1920 2455 2038 2515 ταῖς

451 2539 612 2605 πλαξὶ
658 2540 751 2593 τοῦ
792 2541 1020 2612 ούρανοῦ
1064 2540 1175 2613 (14)
1218 2542 1286 2595 τά
1338 2543 1730 2615 συμϐησόμενα
1762 2548 1873 2608 τοῖς
1904 2547 2041 2608 υἱοῖς

452 2634 635 2695 αὐτοῦ,
672 2634 763 2686 καὶ
785 2636 907 2687 ὅσον
940 2636 1032 2688 ἐπὶ
1074 2634 1248 2705 τούτῳ
1275 2637 1543 2705 ἀντιλέγοι
1570 2656 1654 2702 τις
1687 2639 1752 2692 ἂν
1776 2641 1928 2709 ἡμῖν,
1957 2640 2037 2691 ὅτι

450 2724 665 2776 ἐναντία
695 2717 776 2785 οἷς
809 2725 1110 2794 εἰρήκαμεν
1141 2724 1393 2794 δηλοῦται
1415 2726 1503 2778 διὰ
1538 2728 1634 2798 τῆς
1658 2728 1696 2779 Γ
1702 2729 1899 2798 ραφῆς·
1928 2728 2039 2780 ὲλέ·

450 2831 619 2884 γομεν
669 2815 776 2885 γὰρ
830 2814 1114 2887 ἄνθρωπον
1163 2816 1561 2887 ἀκαταλήπτως
1610 2818 1753 2888 ἔχειν
1796 2818 1906 2870 τῶν
1937 2836 2035 2887 ση-

452 2903 641 2973 μείων·
673 2906 701 2956 ό
729 2904 786 2955 δὲ
824 2903 1016 2956 Ἰακώϐ
1059 2922 1222 2975 φησιν
1252 2907 1617 2973 ἀνεγνωκέναι
1643 2909 1699 2960 ἐν
1725 2910 1841 2971 ταῖς
1876 2908 2036 2973 πλαξὶ

449 2994 543 3047 τοῦ
578 2994 829 3065 ούρανοῦ
866 2996 1431 3068 ἁπολογησόμεθα,ὃτι
1452 2999 1500 3050 οἱ
1529 2998 1650 3051 καθ’
1682 2999 1829 3067 ἡμᾶς
1862 3000 2034 3066 σοφοὶ,

453 3086 724 3155 πνεύματι
760 3088 1131 3158 περισσοτέρῳ
1172 3089 1508 3159 χρησάμενοι
1548 3089 1650 3158 τῆς
1690 3090 2038 3161 ἀνθρωπίνης

451 3178 685 3245 φύσεως,
720 3180 821 3231 οὐκ
862 3179 1235 3248 ἀνθρωπίνως,
1281 3181 1437 3245 θείως
1482 3182 1541 3234 δὲ
1585 3181 1924 3236 διδάσκονται
1967 3183 2037 3236 τά

449 3269 753 3341 ἀπόρρητα·
787 3269 974 3341 ὥσπερ
1004 3271 1032 3322 ό
1083 3270 1313 3335 Παῦλος,
1358 3272 1549 3341 λέγων’
1589 3293 1607 3323 ι
1664 3275 1910 3327 Ἤκουσα
1939 3277 2037 3346 ἄῤ-

453 3370 590 3439 ῥητα
627 3364 872 3433 ῥήματα,
895 3363 931 3416 ἀ
954 3364 1055 3416 οὐκ
1080 3363 1198 3427 ἐξὸν
1238 3363 1508 3436 ἀνθρώπῳ
1546 3364 1795 3434 λαλῆσαι·
1838 3387 1856 3418 ι
1889 3369 2035 3420 ἴσασι

449 3457 557 3524 γάρ
590 3454 808 3523 τροπῶν
854 3455 1093 3523 ἀλλαγὰς
1123 3456 1216 3509 καὶ
1254 3456 1555 3527 μεταϐολάς
1593 3458 1819 3528 καιρῶν,
1855 3462 2034 3511 ἐνιαυ-

448 3543 557 3595 τῶν
611 3543 862 3607 κύκλους,
914 3546 1006 3598 καὶ
1050 3546 1297 3616 ἀστέρων
1332 3547 1528 3611 θέσεις,
1576 3548 1677 3601 οὐκ
1705 3549 1797 3601 ἀπ’
1833 3548 2036 3620 ἀνθρώ-

452 3652 586 3698 πων,
621 3636 743 3688 ούδὲ
781 3636 849 3688 δι’
896 3636 1217 3708 ἀνθρώπων,
1254 3636 1388 3690 ἀλλὰ
1420 3638 1514 3690 τοῦ
1550 3638 1860 3710 πνεύματος
1902 3642 2037 3693 ἀπο-

452 3724 817 3789 καλύπτοντος
850 3705 1052 3791 αὐτοῖς,
1084 3729 1176 3780 καὶ
1212 3728 1490 3799 καθαρῶς,
1517 3730 1592 3793 ὼς
1617 3705 1760 3783 θέλει
1792 3734 1820 3784 ό
1881 3730 2031 3796 Θεὸς,
2062 3705 2104 3763 C

451 3815 517 3868 τὰ
542 3816 660 3868 θεῖα
694 3818 1149 3885 ἀπαγγέλλοντος.
1187 3822 1295 3873 Καὶ
1326 3820 1503 3885 ἄλλως
1533 3820 1590 3874 δὲ
1627 3822 1655 3874 ὁ
1698 3822 1890 3876 Ἰακὼϐ
1926 3823 2036 3895 μεί-

451 3906 558 3968 ζων
581 3907 612 3975 ἥ
646 3907 786 3959 κατά
820 3906 1106 3979 ἄνθρωπον
1133 3905 1220 3981 ἦν,
1251 3911 1554 3981 πτερνίζων
1574 3910 1665 3964 τὸν
1693 3912 1919 3982 ἀδελφὺν
1939 3914 2035 3967 αύ-

450 3997 567 4061 τοῦ,
607 3998 701 4050 καὶ
726 4000 1000 4068 ὁμολογῶν
1048 4001 1105 4053 ὲν
1139 4002 1275 4072 αὐτῇ
1307 4003 1479 4075 ταύτῃ
1522 4006 1588 4074 τῇ
1626 4003 1809 4075 βίϐλῳ,
1845 4007 1936 4073 ἀφ’
1967 4001 2036 4078 ἧς

455 4087 804 4156 παρεθέμεθα
836 4090 916 4141 τό·
952 4108 970 4139 ι
1022 4092 1287 4159 Ἀνὲγνων
1319 4095 1376 4146 ὲν
1408 4098 1528 4157 ταῖς
1560 4095 1723 4161 πλαξὶ
1748 4096 1842 4149 τοῦ
1880 4098 2039 4166 ούρα-

454 4177 567 4240 νοῦ,
598 4197 616 4228 ι
651 4173 789 4230 εἶναι
821 4180 1228 4251 ἀρχικιλίαρχος
1255 4183 1536 4253 δυνάμεως
1560 4186 1787 4256 Κυρίου,
1815 4188 1908 4239 καὶ
1929 4188 2039 4240 δνο-

457 4287 532 4339 μα
562 4269 732 4322 πάλαι
757 4272 1094 4341 κεκτημένος
1146 4273 1381 4345 Ἰσραήλ·
1411 4275 1550 4344 ὅπερ
1594 4278 1652 4328 ὲν
1688 4276 1897 4347 σώματι
1930 4277 2037 4329 λει-

453 4361 698 4433 τουργῶν
750 4362 1131 4434 ἀναγνωρίιζει,
1188 4366 1697 4436 ὑπομιμνήσκοντος
1736 4369 1897 4421 αὑτὸν
1941 4368 2036 4423 τοῦ

453 4454 793 4523 ἀρχαγγέλου
822 4454 1050 4525 Οὑριήλ.

524 4546 677 4600 Μετά
704 4547 875 4601 ταῦτα
891 4546 1133 4601 λείπεται
1166 4547 1416 4614 ἐξετάσαι
1435 4549 1525 4603 καὶ
1543 4550 1894 4622 παραστῆσαι
1926 4552 2038 4614 τοῖς

455 4638 817 4703 πιστεύουσιν,
847 4640 928 4692 ὅτι
953 4641 1031 4702 είς
1072 4645 1270 4711 σημεῖα
1308 4645 1516 4696 κεῖνται
1548 4643 1599 4694 οἱ
1625 4643 1910 4715 φωστῆρες
1941 4642 2036 4697 τοῦ

451 4730 707 4800 ούρανοῦ·
734 4731 977 4802 σανθήσῃ
996 4730 1053 4783 δὲ
1086 4732 1190 4784 ὑπὸ
1223 4734 1329 4785 τῶν
1362 4733 1779 4805 περιεργότερον
1806 4735 2040 4806 φερομέ-

452 4842 558 4876 νων
608 4825 687 4887 είς
735 4825 859 4885 τοὺς
890 4824 1108 4888 τόπους,
1148 4826 1231 4888 τίς
1263 4826 1295 4895 ἡ
1332 4826 1476 4877 αἰτία
1512 4826 1607 4879 τοῦ
1646 4825 1818 4879 ταῦτα
1839 4826 1907 4879 τά
1944 4843 2039 4897 ση-

458 4919 583 4986 μεῖα
610 4916 701 4969 τὸν
726 4916 857 4968 Θεὸν
890 4916 1245 4985 πεποιηκέναι
1297 4920 1355 4969 ὲν
1380 4918 1456 4986 τῷ
1485 4918 1720 4988 οὐρανῷ.
1759 4919 1869 4971 Καὶ
1892 4918 2039 4971 ἔστιν

454 5011 627 5061 εἰπεῖν
663 5007 875 5078 πρῶτον
903 5007 1021 5076 μὲν,
1054 5008 1133 5060 ὅτι
1169 5007 1495 5078 πιστεύομεν
1532 5008 1602 5061 τὰ
1620 5008 1721 5077 τῆς
1754 5008 2037 5078 μεγαλειό-

454 5117 613 5169 τητος
645 5098 737 5152 τοῦ
771 5100 861 5151 νοῦ
890 5098 980 5151 τοῦ
1011 5098 1145 5151 Θεοῦ
1177 5101 1353 5152 πᾶσαν
1399 5099 1600 5167 γνῶσιν
1631 5099 1728 5171 τὴν
1757 5100 1887 5170 περὶ
1916 5100 2037 5153 ἐκά-

455 5204 579 5242 στου
602 5189 708 5241 τῶν
729 5189 896 5241 ὄντων
925 5186 1428 5259 ὲμπεριειληφότος,
1455 5187 1595 5240 ὥστε
1623 5189 1754 5259 μηδὲ
1786 5188 1845 5241 τὸ
1874 5190 2037 5259 τυχὸν

458 5283 548 5334 καλ⁸
603 5279 952 5350 νομιζόμενον
998 5280 1276 5349 ἐλάχιστον
1310 5279 1590 5333 λανθάνειν
1638 5278 1733 5347 τὴν
1786 5279 2037 5352 θειότητα

523 5437 566 5469 ⁸¹
598 5435 721 5491 lsai.
758 5452 921 5501 xuii,
956 5438 1041 5489 l7.
1138 5436 1183 5467 ⁵¹
1220 5435 1261 5488 ll
1288 5436 1412 5490 Cor.
1442 5450 1536 5497 ιιι,
1568 5434 1619 5487 4.

529 5580 641 5652 (12)
682 5581 1054 5652 Viger.._’i,1tsp
1082 5579 1139 5631 τὸ
1164 5578 1537 5652 νομιζόμενον.

526 5646 635 5716 (l3)
678 5652 805 5705 Νῦν
845 5646 975 5718 γὰρ,
1009 5646 1089 5716 ὠς
1139 5646 1287 5717 πρὸς
1338 5646 1451 5715 τὴν
1492 5648 1684 5711 λέξιν,
1716 5656 1821 5703 etc.
1876 5646 2028 5702 lland

455 5726 587 5775 satis
637 5722 749 5775 seio
800 5737 896 5773 cur
949 5722 1088 5773 hanc
1133 5724 1418 5788 praesentis
1486 5718 1770 5786 fragmenti
1828 5718 2026 5771 seriem

456 5809 616 5858 quam
648 5792 868 5844 exhibet
902 5789 1107 5843 f’hiloc.
1144 5790 1379 5855 cap.,‘22,
1418 5791 1553 5841 alias
1580 5790 1668 5852 ‘23,
1708 5790 1759 5841 in
1792 5804 1886 5841 sua
1916 5790 2031 5840 edi-

463 5863 608 5918 tiauc
640 5861 885 5917 omiserit
918 5860 1253 5915 clarissimus
1285 5859 1526 5915 Iluctius.
1562 5861 1831 5916 Caeterum
1866 5859 2029 5927 hujus

2146 2449 2409 2511 litteram,
2437 2448 2791 2516 eXposuimus
2834 2465 2846 2500 :
2883 2445 2927 2500 si
2964 2459 3095 2499 vero
3130 2441 3298 2497 Jacob
3330 2444 3405 2495 ait
3446 2442 3640 2510 legisse
3666 2456 3727 2495 se

2145 2541 2198 2594 in
2232 2540 2431 2594 tabulis
2459 2538 2584 2593 (εωὶί
2621 2554 2742 2607 quae
2771 2538 2895 2591 [iliis
2927 2538 3038 2591 suis
3066 2543 3325 2589 eventura
3366 2542 3490 2588 sunt
3513 2571 3529 2597 ,
3561 2541 3726 2601 atque

2144 2632 2348 2687 idcirco
2397 2630 2555 2685 nobis
2603 2638 2844 2698 opponat
2887 2628 3086 2696 aliquis
3128 2625 3407 2680 contraria
3454 2625 3554 2688 iis,
3604 2639 3725 2692 quae

2140 2724 2397 2786 diximus,
2439 2735 2534 2792 per
2564 2720 2878 2788 Scripturas
2920 2717 3185 2773 declarari
3216 2736 3229 2771 :
3258 2715 3531 2770 hominem
3576 2716 3723 2768 enim

2141 2811 2462 2870 dicebamus
2514 2814 2667 2883 signa
2728 2827 2833 2865 non
2893 2825 3054 2880 posse
3105 2810 3603 2878 comprehendere;
3670 2814 3728 2860 at

2138 2905 2307 2961 Jacob
2335 2907 2389 2961 in
2422 2905 2623 2961 tabulis
2650 2905 2772 2960 ρωιί
2809 2905 2887 2958 ait
2914 2919 2972 2957 se
3004 2904 3200 2973 legisse
3228 2921 3239 2955 :
3275 2901 3725 2970 respondebimus

2141 3009 2354 3053 nostros
2392 2998 2701 3066 sapientes,
2745 2996 3130 3051 excellentiore
3176 2995 3368 3062 spiritu
3418 3009 3580 3062 quam
3626 3009 3724 3061 pro

2139 3092 2370 3145 humana
2397 3101 2588 3144 natura
2624 3105 2770 3155 usos,
2808 3103 2910 3141 non
2955 3088 3292 3149 humanitus,
3325 3085 3417 3140 sed
3460 3085 3727 3140 divinitus

2139 3196 2339 3236 arcana
2370 3182 2621 3246 edoceri;
2651 3179 3110 3248 quemadmodmn
3143 3177 3342 3231 Paulus
3364 3178 3502 3232 dixit
3536 3194 3547 3230 :
3584 3178 3723 3231 «An-

2138 3274 2245 3327 divi
2277 3287 2475 3326 arcana
2511 3271 2671 3326 verba
2698 3286 2818 3340 qua:
2862 3286 2965 3323 non
2998 3270 3126 3323 licet
3157 3269 3364 3324 homini
3403 3269 3549 3338 loqui
3587 3272 3667 3335 ";
3699 3290 3719 3321 ι

2137 3366 2318 3421 sciunt
2364 3364 2507 3423 cnim
2551 3361 2972 3417 conversionum
3028 3363 3361 3417 mutationes
3405 3371 3460 3415 et
3515 3372 3725 3425 tempo-

2139 3473 2278 3520 rum,
2308 3469 2571 3509 annorum
2605 3452 2857 3515 circulos,
2887 3452 3127 3505 siderum
3157 3453 3477 3521 positiones,
3514 3469 3619 3506 non
3655 3452 3727 3507 ab

2138 3548 2465 3611 hominibus,
2517 3559 2694 3615 neque
2729 3559 2825 3613 per
2872 3544 3141 3610 homines,
3195 3545 3290 3598 sed
3350 3546 3543 3614 Spiritu
3591 3560 3723 3613 ape-

2140 3642 2313 3716 riente
2368 3638 2521 3707 ipsis,
2567 3648 2622 3692 et
2674 3652 2808 3707 pure
2845 3638 3096 3705 nudeque
3123 3677 3137 3701 ,
3180 3646 3239 3690 ut
3266 3636 3381 3690 vult
3426 3637 3586 3704 Deus,
3637 3653 3726 3692 res

2140 3712 2350 3786 divinas
2384 3730 2723 3784 enuntiante.
2778 3727 2913 3782 Nam
2956 3739 3012 3782 et
3059 3727 3225 3783 Jacob
3279 3727 3500 3782 homine
3551 3729 3725 3797 major

2138 3832 2276 3887 erat,
2321 3822 2522 3891 quippe
2581 3821 2672 3889 qui
2726 3820 3105 3889 supplantaret
3165 3818 3390 3874 fratrem
3447 3834 3628 3885 suum,
3670 3830 3729 3876 et

2140 3913 2377 3968 fateatur
2421 3913 2472 3966 in
2520 3927 2585 3966 eo
2663 3912 2780 3980 ipso
2840 3910 3000 3977 libro,
3054 3925 3119 3966 ex
3176 3926 3283 3980 quo
3349 3911 3723 3981 protulimus:

2143 4023 2161 4055 ι
2204 4002 2331 4073 Legi
2356 4004 2411 4056 in
2445 4002 2645 4057 tabulis
2672 4002 2816 4066 coeli,
2842 4022 2861 4053 ι
2896 4018 2954 4056 se
2976 4017 3099 4057 esse
3134 4003 3435 4071 principem
3474 4004 3725 4057 tribuno-

2142 4108 2259 4146 rum
2286 4094 2559 4147 exercitus
2594 4092 2829 4156 Domini,
2860 4094 3258 4162 etjampridem
3281 4094 3483 4149 habere
3525 4110 3737 4148 nomen.

2138 4180 2303 4237 Israel
2337 4204 2347 4237 :
2386 4184 2528 4252 quod
2566 4183 2782 4251 quidem
2814 4198 3045 4251 corpore
3097 4184 3417 4237 ministraus
3452 4200 3716 4253 recogito-

2140 4274 2263 4338 Scit,
2320 4274 2373 4327 in
2430 4275 2751 4327 memoriam
2800 4284 3130 4334 revocante.
3169 4276 3453 4343 ipsumque
3499 4280 3726 4332 subura,-

2142 4374 2307 4420 nente
2350 4365 2501 4421 Uriel
2528 4366 2883 4434 arehangelo.

2214 4542 2300 4596 15.
2333 4541 2450 4595 Jani
2493 4542 2760 4612 reliquum
2804 4552 2885 4597 est
2929 4550 2986 4595 ut
3037 4544 3374 4614 disputennts
3427 4556 3484 4603 et
3536 4548 3723 4617 esplt.

2140 4650 2326 4691 cemus
2357 4636 2705 4692 credentibus
2725 4676 2739 4701 ,
2787 4636 2838 4689 in
2875 4636 3027 4706 signa
3073 4638 3245 4706 posita
3276 4654 3396 4693 esse
3424 4640 3715 4695 luminaria

2140 4729 2300 4795 rmli;
2340 4729 2434 4784 sed
2471 4729 2741 4796 urgebunt
2779 4737 2830 4781 te
2856 4728 2951 4796 qui
2982 4728 3278 4796 Scriptum
3320 4732 3466 4785 locus
3494 4746 3723 4784 accura-

2140 4825 2247 4878 tius
2275 4822 2663 4891 pervestigant,
2693 4829 2748 4873 et
2778 4819 3047 4889 rogabunt
3081 4835 3201 4888 qua:
3235 4837 3401 4875 causa
3428 4824 3499 4877 sit
3525 4838 3721 4891 quam-

2143 4918 2335 4987 obrem
2401 4916 2545 4969 Deus
2619 4916 2733 4969 hmc
2780 4914 2931 4984 signa
2980 4912 3207 4966 incho
3253 4913 3460 4968 fecerit.
3519 4913 3741 4977 Quibus

2143 5009 2376 5076 primum
2414 5006 2848 5075 respondendum
2886 5014 3007 5069 est,
3046 5006 3271 5059 credere
3310 5020 3410 5059 nos
3450 5005 3724 5073 magnitu-

2143 5101 2323 5153 dinem
2354 5099 2549 5153 divinte
2587 5100 2784 5153 mentis
2832 5113 3049 5152 omnem
3094 5097 3341 5150 notitiam
3383 5096 3733 5165 singularum.

2144 5207 2326 5245 rerum
2363 5191 2415 5244 in
2448 5206 2507 5244 se
2541 5189 3005 5258 comprehendere
3029 5231 3041 5254 ,
3071 5189 3141 5241 ita
3177 5198 3233 5241 ut
3261 5203 3434 5256 neque
3468 5188 3723 5239 minutis-

2144 5282 2305 5348 sima,
2354 5290 2409 5335 et
2447 5297 2566 5350 qua:
2624 5281 2777 5335 nihili
2831 5282 3166 5351 penduntur,
3213 5280 3381 5349 ipsius
3442 5279 3729 5335 divinitati

2138 5580 2301 5634 seriei
2333 5579 2712 5649 interpretatio
2740 5578 2933 5649 Latina
2963 5584 3045 5649 est
3080 5574 3311 5649 Joannis.
3337 5572 3549 5649 Tarini.

2210 5652 2337 5722 (Mi
2375 5638 2489 5722 Ἐν·
2518 5652 2647 5722 ταῖς
2682 5648 2867 5722 πέζαξὶ
2911 5647 3014 5698 τοῦ
3058 5643 3342 5722 ούρανοῦἶ
3382 5638 3715 5722 VideHJuan.

2136 5711 2339 5773 All'ierti
2373 5711 2886 5773 Ριιιηυὶιτίἰίροιιίςυιη
2936 5711 3460 5786 psetnlepigraphum
3509 5711 3718 5766 Veteris

2139 5792 2496 5855 'l‘estamenti,
2530 5805 2653 5859 pag.
2685 5788 2779 5841 551
2817 5796 2869 5840 ct
2900 5802 3053 5854 seqq,
