  <div class='ocr_page' id='page_1' title='image "/cluster/home/n/w/nwhite01/storage/ocr_20150623/12:no.2/coo.31924054873074/055.png"; bbox 0 0 4138 6422; ppageno 0'>
   <div class='ocr_carea' id='block_1_1' title="bbox 368 393 1936 455">
    <p class='ocr_par' dir='ltr' id='par_1_1' title="bbox 368 395 1936 452">
     <span class='ocr_line' id='line_1_1' title="bbox 368 395 1936 452; baseline -0.001 -2"><span class='ocrx_word' id='word_1_1' title='bbox 368 398 437 452; x_wconf 76' lang='grc'><strong>85</strong></span> <span class='ocrx_word' id='word_1_2' title='bbox 1834 395 1936 451; x_wconf 68' lang='lat' dir='ltr'><strong>Oli]</strong></span> 
     </span>
    </p>
   </div>
   <div class='ocr_carea' id='block_1_2' title="bbox 2039 393 3631 455">
    <p class='ocr_par' dir='ltr' id='par_1_2' title="bbox 2039 393 3631 455">
     <span class='ocr_line' id='line_1_2' title="bbox 2039 393 3631 455; baseline 0.003 -6"><span class='ocrx_word' id='word_1_3' title='bbox 2039 393 2179 450; x_wconf 57' lang='lat' dir='ltr'><strong>iNES</strong></span> <span class='ocrx_word' id='word_1_4' title='bbox 3562 398 3631 455; x_wconf 76' lang='grc' dir='ltr'><strong>ει</strong></span> 
     </span>
    </p>
   </div>
   <div class='ocr_carea' id='block_1_3' title="bbox 368 513 1936 589">
    <p class='ocr_par' dir='ltr' id='par_1_3' title="bbox 368 513 1936 585">
     <span class='ocr_line' id='line_1_3' title="bbox 368 513 1936 585; baseline 0 -16"><span class='ocrx_word' id='word_1_5' title='bbox 368 513 542 569; x_wconf 90' lang='lat' dir='ltr'><strong>latere</strong></span> <span class='ocrx_word' id='word_1_6' title='bbox 576 514 785 584; x_wconf 81' lang='lat' dir='ltr'><strong>possint</strong></span> <span class='ocrx_word' id='word_1_7' title='bbox 810 562 819 570; x_wconf 91' lang='lat'><strong>.</strong></span> <span class='ocrx_word' id='word_1_8' title='bbox 845 516 987 585; x_wconf 87' lang='lat' dir='ltr'><strong>quod</strong></span> <span class='ocrx_word' id='word_1_9' title='bbox 1017 516 1273 571; x_wconf 84' lang='lat' dir='ltr'><strong>nimirum</strong></span> <span class='ocrx_word' id='word_1_10' title='bbox 1302 517 1545 572; x_wconf 91' lang='lat' dir='ltr'><strong>ostendit</strong></span> <span class='ocrx_word' id='word_1_11' title='bbox 1570 532 1692 572; x_wconf 90' lang='lat' dir='ltr'><strong>eum</strong></span> <span class='ocrx_word' id='word_1_12' title='bbox 1721 532 1936 571; x_wconf 83' lang='lat' dir='ltr'><strong>numcrc</strong></span> 
     </span>
    </p>
   </div>
   <div class='ocr_carea' id='block_1_4' title="bbox 2039 513 3634 589">
    <p class='ocr_par' dir='ltr' id='par_1_4' title="bbox 2053 514 3634 589">
     <span class='ocr_line' id='line_1_4' title="bbox 2053 514 3634 589; baseline 0.002 -22"><span class='ocrx_word' id='word_1_13' title='bbox 2053 514 2239 579; x_wconf 82' lang='grc' dir='ltr'><strong>αὑτοῦ,</strong></span> <span class='ocrx_word' id='word_1_14' title='bbox 2264 514 2423 579; x_wconf 81' lang='grc' dir='ltr'><strong>δόξαν</strong></span> <span class='ocrx_word' id='word_1_15' title='bbox 2472 516 2571 585; x_wconf 84' lang='grc' dir='ltr'><strong>μὲν</strong></span> <span class='ocrx_word' id='word_1_16' title='bbox 2607 515 2849 587; x_wconf 82' lang='grc' dir='ltr'><strong>περιέχει</strong></span> <span class='ocrx_word' id='word_1_17' title='bbox 2879 514 2973 569; x_wconf 85' lang='grc' dir='ltr'><strong>τοῦ</strong></span> <span class='ocrx_word' id='word_1_18' title='bbox 2999 515 3163 569; x_wconf 72' lang='grc' dir='ltr'><strong>οίονεὶ</strong></span> <span class='ocrx_word' id='word_1_19' title='bbox 3191 516 3391 586; x_wconf 78' lang='grc' dir='ltr'><strong>ἄπειρα</strong></span> <span class='ocrx_word' id='word_1_20' title='bbox 3415 516 3634 589; x_wconf 74' lang='grc' dir='ltr'><strong>ἀριθμῷ</strong></span> 
     </span>
    </p>
   </div>
   <div class='ocr_carea' id='block_1_5' title="bbox 368 607 1945 680">
    <p class='ocr_par' dir='ltr' id='par_1_5' title="bbox 368 607 1945 680">
     <span class='ocr_line' id='line_1_5' title="bbox 368 607 1945 680; baseline 0.002 -21"><span class='ocrx_word' id='word_1_21' title='bbox 368 607 534 660; x_wconf 83' lang='lat' dir='ltr'><strong>veluti</strong></span> <span class='ocrx_word' id='word_1_22' title='bbox 568 608 780 661; x_wconf 78' lang='lat' dir='ltr'><strong>infinita</strong></span> <span class='ocrx_word' id='word_1_23' title='bbox 807 609 856 661; x_wconf 91' lang='lat' dir='ltr'><strong>in</strong></span> <span class='ocrx_word' id='word_1_24' title='bbox 890 623 949 663; x_wconf 90' lang='lat' dir='ltr'><strong>se</strong></span> <span class='ocrx_word' id='word_1_25' title='bbox 982 610 1444 677; x_wconf 83' lang='lat' dir='ltr'><strong>comprehendere</strong></span> <span class='ocrx_word' id='word_1_26' title='bbox 1466 652 1478 675; x_wconf 90' lang='lat'><strong>,</strong></span> <span class='ocrx_word' id='word_1_27' title='bbox 1517 618 1621 663; x_wconf 86' lang='lat' dir='ltr'><strong>n&#39;on</strong></span> <span class='ocrx_word' id='word_1_28' title='bbox 1661 611 1945 680; x_wconf 88' lang='lat' dir='ltr'><strong>perspicua</strong></span> 
     </span>
    </p>
   </div>
   <div class='ocr_carea' id='block_1_6' title="bbox 369 700 1948 771">
    <p class='ocr_par' dir='ltr' id='par_1_6' title="bbox 369 700 1948 771">
     <span class='ocr_line' id='line_1_6' title="bbox 369 700 1948 771; baseline 0.001 -17"><span class='ocrx_word' id='word_1_29' title='bbox 369 700 837 755; x_wconf 71' lang='lat' dir='ltr'><strong>demonstratione</strong></span> <span class='ocrx_word' id='word_1_30' title='bbox 861 739 877 765; x_wconf 93' lang='lat'><strong>,</strong></span> <span class='ocrx_word' id='word_1_31' title='bbox 907 704 999 754; x_wconf 90' lang='lat' dir='ltr'><strong>sed</strong></span> <span class='ocrx_word' id='word_1_32' title='bbox 1034 700 1141 755; x_wconf 86' lang='lat' dir='ltr'><strong>fide</strong></span> <span class='ocrx_word' id='word_1_33' title='bbox 1165 742 1180 767; x_wconf 90' lang='lat'><strong>,</strong></span> <span class='ocrx_word' id='word_1_34' title='bbox 1229 716 1350 771; x_wconf 65' lang='lat' dir='ltr'><strong>quae</strong></span> <span class='ocrx_word' id='word_1_35' title='bbox 1390 702 1643 771; x_wconf 72' lang='lat' dir='ltr'><strong>ingeniun</strong></span> <span class='ocrx_word' id='word_1_36' title='bbox 1690 704 1854 756; x_wconf 90' lang='lat' dir='ltr'><strong>menti</strong></span> <span class='ocrx_word' id='word_1_37' title='bbox 1892 712 1948 756; x_wconf 91' lang='lat' dir='ltr'><strong>et</strong></span> 
     </span>
    </p>
   </div>
   <div class='ocr_carea' id='block_1_7' title="bbox 371 789 1949 859">
    <p class='ocr_par' dir='ltr' id='par_1_7' title="bbox 371 789 1949 859">
     <span class='ocr_line' id='line_1_7' title="bbox 371 789 1949 859; baseline 0.006 -18"><span class='ocrx_word' id='word_1_38' title='bbox 371 789 677 845; x_wconf 83' lang='lat' dir='ltr'><strong>universam</strong></span> <span class='ocrx_word' id='word_1_39' title='bbox 708 800 956 844; x_wconf 90' lang='lat' dir='ltr'><strong>naturam</strong></span> <span class='ocrx_word' id='word_1_40' title='bbox 987 791 1336 847; x_wconf 86' lang='lat' dir='ltr'><strong>antecellenti</strong></span> <span class='ocrx_word' id='word_1_41' title='bbox 1366 795 1676 849; x_wconf 84' lang='lat' dir='ltr'><strong>conveniat.</strong></span> <span class='ocrx_word' id='word_1_42' title='bbox 1709 795 1863 859; x_wconf 82' lang='lat' dir='ltr'><strong>Quod</strong></span> <span class='ocrx_word' id='word_1_43' title='bbox 1891 805 1949 850; x_wconf 92' lang='lat' dir='ltr'><strong>ut</strong></span> 
     </span>
    </p>
   </div>
   <div class='ocr_carea' id='block_1_8' title="bbox 368 882 1944 954">
    <p class='ocr_par' dir='ltr' id='par_1_8' title="bbox 368 882 1944 954">
     <span class='ocr_line' id='line_1_8' title="bbox 368 882 1944 954; baseline 0.005 -21"><span class='ocrx_word' id='word_1_44' title='bbox 368 882 702 950; x_wconf 79' lang='lat' dir='ltr'><strong>experientia</strong></span> <span class='ocrx_word' id='word_1_45' title='bbox 742 884 811 937; x_wconf 89' lang='lat' dir='ltr'><strong>ab</strong></span> <span class='ocrx_word' id='word_1_46' title='bbox 846 883 913 937; x_wconf 87' lang='lat' dir='ltr'><strong>iis</strong></span> <span class='ocrx_word' id='word_1_47' title='bbox 946 884 1038 952; x_wconf 90' lang='lat' dir='ltr'><strong>qui</strong></span> <span class='ocrx_word' id='word_1_48' title='bbox 1076 885 1314 954; x_wconf 85' lang='lat' dir='ltr'><strong>majores</strong></span> <span class='ocrx_word' id='word_1_49' title='bbox 1350 888 1569 941; x_wconf 87' lang='lat' dir='ltr'><strong>homine</strong></span> <span class='ocrx_word' id='word_1_50' title='bbox 1616 899 1776 953; x_wconf 91' lang='lat' dir='ltr'><strong>sunt,</strong></span> <span class='ocrx_word' id='word_1_51' title='bbox 1817 901 1870 943; x_wconf 90' lang='lat' dir='ltr'><strong>et</strong></span> <span class='ocrx_word' id='word_1_52' title='bbox 1916 905 1944 941; x_wconf 93' lang='lat' dir='ltr'><strong>a</strong></span> 
     </span>
    </p>
   </div>
   <div class='ocr_carea' id='block_1_9' title="bbox 368 974 1943 1046">
    <p class='ocr_par' dir='ltr' id='par_1_9' title="bbox 368 974 1943 1046">
     <span class='ocr_line' id='line_1_9' title="bbox 368 974 1943 1046; baseline 0.004 -19"><span class='ocrx_word' id='word_1_53' title='bbox 368 974 575 1027; x_wconf 87' lang='lat' dir='ltr'><strong>sanctis</strong></span> <span class='ocrx_word' id='word_1_54' title='bbox 610 974 885 1029; x_wconf 84' lang='lat' dir='ltr'><strong>mentibus</strong></span> <span class='ocrx_word' id='word_1_55' title='bbox 908 976 1157 1045; x_wconf 90' lang='lat' dir='ltr'><strong>corporis</strong></span> <span class='ocrx_word' id='word_1_56' title='bbox 1186 978 1404 1032; x_wconf 86' lang='lat' dir='ltr'><strong>vinculo</strong></span> <span class='ocrx_word' id='word_1_57' title='bbox 1426 978 1619 1033; x_wconf 89' lang='lat' dir='ltr'><strong>solutis</strong></span> <span class='ocrx_word' id='word_1_58' title='bbox 1642 995 1705 1033; x_wconf 87' lang='lat' dir='ltr'><strong>ac</strong></span> <span class='ocrx_word' id='word_1_59' title='bbox 1738 980 1943 1046; x_wconf 88' lang='lat' dir='ltr'><strong>liberis,</strong></span> 
     </span>
    </p>
   </div>
   <div class='ocr_carea' id='block_1_10' title="bbox 367 1063 1946 1140">
    <p class='ocr_par' dir='ltr' id='par_1_10' title="bbox 367 1063 1946 1140">
     <span class='ocr_line' id='line_1_10' title="bbox 367 1063 1946 1140; baseline 0.005 -23"><span class='ocrx_word' id='word_1_60' title='bbox 367 1063 723 1132; x_wconf 76' lang='lat' dir='ltr'><strong>intelligatur,</strong></span> <span class='ocrx_word' id='word_1_61' title='bbox 759 1074 1018 1135; x_wconf 89' lang='lat' dir='ltr'><strong>tanquam</strong></span> <span class='ocrx_word' id='word_1_62' title='bbox 1072 1068 1282 1122; x_wconf 89' lang='lat' dir='ltr'><strong>litteras</strong></span> <span class='ocrx_word' id='word_1_63' title='bbox 1330 1078 1385 1123; x_wconf 90' lang='lat' dir='ltr'><strong>et</strong></span> <span class='ocrx_word' id='word_1_64' title='bbox 1440 1071 1794 1125; x_wconf 82' lang='lat' dir='ltr'><strong>characteres</strong></span> <span class='ocrx_word' id='word_1_65' title='bbox 1849 1086 1946 1140; x_wconf 92' lang='lat' dir='ltr'><strong>per</strong></span> 
     </span>
    </p>
   </div>
   <div class='ocr_carea' id='block_1_11' title="bbox 366 1153 1946 1218">
    <p class='ocr_par' dir='ltr' id='par_1_11' title="bbox 366 1153 1946 1218">
     <span class='ocr_line' id='line_1_11' title="bbox 366 1153 1946 1218; baseline 0.007 -12"><span class='ocrx_word' id='word_1_66' title='bbox 366 1153 672 1207; x_wconf 61' lang='lat' dir='ltr'><strong>ctelestium</strong></span> <span class='ocrx_word' id='word_1_67' title='bbox 735 1156 951 1208; x_wconf 89' lang='lat' dir='ltr'><strong>orbium</strong></span> <span class='ocrx_word' id='word_1_68' title='bbox 1012 1160 1421 1212; x_wconf 82' lang='lat' dir='ltr'><strong>conversionem</strong></span> <span class='ocrx_word' id='word_1_69' title='bbox 1494 1161 1624 1215; x_wconf 90' lang='lat' dir='ltr'><strong>fecit</strong></span> <span class='ocrx_word' id='word_1_70' title='bbox 1688 1162 1738 1214; x_wconf 90' lang='lat' dir='ltr'><strong>in</strong></span> <span class='ocrx_word' id='word_1_71' title='bbox 1807 1162 1946 1218; x_wconf 73' lang='lat' dir='ltr'><strong>cmlo</strong></span> 
     </span>
    </p>
   </div>
   <div class='ocr_carea' id='block_1_12' title="bbox 366 1246 1942 1325">
    <p class='ocr_par' dir='ltr' id='par_1_12' title="bbox 366 1246 1942 1325">
     <span class='ocr_line' id='line_1_12' title="bbox 366 1246 1942 1325; baseline 0.005 -26"><span class='ocrx_word' id='word_1_72' title='bbox 366 1246 533 1309; x_wconf 86' lang='lat' dir='ltr'><strong>Deus,</strong></span> <span class='ocrx_word' id='word_1_73' title='bbox 568 1248 656 1300; x_wconf 90' lang='lat' dir='ltr'><strong>ubi</strong></span> <span class='ocrx_word' id='word_1_74' title='bbox 709 1257 765 1303; x_wconf 93' lang='lat' dir='ltr'><strong>et</strong></span> <span class='ocrx_word' id='word_1_75' title='bbox 814 1250 956 1304; x_wconf 90' lang='lat' dir='ltr'><strong>docti</strong></span> <span class='ocrx_word' id='word_1_76' title='bbox 992 1260 1046 1304; x_wconf 92' lang='lat' dir='ltr'><strong>et</strong></span> <span class='ocrx_word' id='word_1_77' title='bbox 1072 1251 1296 1305; x_wconf 89' lang='lat' dir='ltr'><strong>docendi</strong></span> <span class='ocrx_word' id='word_1_78' title='bbox 1334 1253 1485 1322; x_wconf 86' lang='lat' dir='ltr'><strong>signa</strong></span> <span class='ocrx_word' id='word_1_79' title='bbox 1540 1254 1633 1309; x_wconf 83' lang='lat' dir='ltr'><strong>Dei</strong></span> <span class='ocrx_word' id='word_1_80' title='bbox 1679 1255 1942 1325; x_wconf 88' lang='lat' dir='ltr'><strong>legerent.</strong></span> 
     </span>
    </p>
   </div>
   <div class='ocr_carea' id='block_1_13' title="bbox 366 1337 1944 1409">
    <p class='ocr_par' dir='ltr' id='par_1_13' title="bbox 366 1337 1944 1409">
     <span class='ocr_line' id='line_1_13' title="bbox 366 1337 1944 1409; baseline 0.008 -18"><span class='ocrx_word' id='word_1_81' title='bbox 366 1337 477 1393; x_wconf 78' lang='lat' dir='ltr'><strong>Nec</strong></span> <span class='ocrx_word' id='word_1_82' title='bbox 507 1355 638 1394; x_wconf 89' lang='lat' dir='ltr'><strong>vero</strong></span> <span class='ocrx_word' id='word_1_83' title='bbox 659 1342 965 1395; x_wconf 89' lang='lat' dir='ltr'><strong>mirandum</strong></span> <span class='ocrx_word' id='word_1_84' title='bbox 1000 1353 1081 1397; x_wconf 92' lang='lat' dir='ltr'><strong>est</strong></span> <span class='ocrx_word' id='word_1_85' title='bbox 1121 1342 1312 1409; x_wconf 92' lang='lat' dir='ltr'><strong>Deum,</strong></span> <span class='ocrx_word' id='word_1_86' title='bbox 1350 1356 1408 1399; x_wconf 92' lang='lat' dir='ltr'><strong>ut</strong></span> <span class='ocrx_word' id='word_1_87' title='bbox 1436 1362 1493 1401; x_wconf 91' lang='lat' dir='ltr'><strong>se</strong></span> <span class='ocrx_word' id='word_1_88' title='bbox 1526 1348 1699 1403; x_wconf 86' lang='lat' dir='ltr'><strong>beatis</strong></span> <span class='ocrx_word' id='word_1_89' title='bbox 1720 1350 1944 1404; x_wconf 90' lang='lat' dir='ltr'><strong>demon-</strong></span> 
     </span>
    </p>
   </div>
   <div class='ocr_carea' id='block_1_14' title="bbox 364 1429 1940 1499">
    <p class='ocr_par' dir='ltr' id='par_1_14' title="bbox 364 1429 1940 1499">
     <span class='ocr_line' id='line_1_14' title="bbox 364 1429 1940 1499; baseline 0.007 -18"><span class='ocrx_word' id='word_1_90' title='bbox 364 1435 522 1492; x_wconf 88' lang='lat' dir='ltr'><strong>stret,</strong></span> <span class='ocrx_word' id='word_1_91' title='bbox 558 1429 803 1496; x_wconf 71' lang='lat' dir='ltr'><strong>quaedam</strong></span> <span class='ocrx_word' id='word_1_92' title='bbox 848 1429 1069 1499; x_wconf 81' lang='lat' dir='ltr'><strong>fecisse,</strong></span> <span class='ocrx_word' id='word_1_93' title='bbox 1112 1447 1236 1487; x_wconf 91' lang='lat' dir='ltr'><strong>eum</strong></span> <span class='ocrx_word' id='word_1_94' title='bbox 1273 1432 1552 1491; x_wconf 80' lang='lat' dir='ltr'><strong>Pharaoni</strong></span> <span class='ocrx_word' id='word_1_95' title='bbox 1593 1438 1738 1492; x_wconf 80' lang='lat' dir='ltr'><strong>dicat</strong></span> <span class='ocrx_word' id='word_1_96' title='bbox 1790 1438 1940 1493; x_wconf 83' lang='lat' dir='ltr'><strong>Scri-</strong></span> 
     </span>
    </p>
   </div>
   <div class='ocr_carea' id='block_1_15' title="bbox 366 1521 1943 1591">
    <p class='ocr_par' dir='ltr' id='par_1_15' title="bbox 366 1521 1943 1591">
     <span class='ocr_line' id='line_1_15' title="bbox 366 1521 1943 1591; baseline 0.008 -20"><span class='ocrx_word' id='word_1_97' title='bbox 366 1528 586 1585; x_wconf 76' lang='lat' dir='ltr'><strong>pturazt</strong></span> <span class='ocrx_word' id='word_1_98' title='bbox 611 1521 735 1577; x_wconf 92' lang='lat' dir='ltr'><strong>ldeo</strong></span> <span class='ocrx_word' id='word_1_99' title='bbox 752 1522 981 1577; x_wconf 84' lang='lat' dir='ltr'><strong>excitavi</strong></span> <span class='ocrx_word' id='word_1_100' title='bbox 1014 1534 1086 1591; x_wconf 90' lang='lat' dir='ltr'><strong>te,</strong></span> <span class='ocrx_word' id='word_1_101' title='bbox 1131 1535 1190 1580; x_wconf 92' lang='lat' dir='ltr'><strong>ut</strong></span> <span class='ocrx_word' id='word_1_102' title='bbox 1224 1528 1565 1581; x_wconf 85' lang='lat' dir='ltr'><strong>ostenderem</strong></span> <span class='ocrx_word' id='word_1_103' title='bbox 1597 1530 1651 1582; x_wconf 93' lang='lat' dir='ltr'><strong>in</strong></span> <span class='ocrx_word' id='word_1_104' title='bbox 1686 1540 1739 1584; x_wconf 90' lang='lat' dir='ltr'><strong>te</strong></span> <span class='ocrx_word' id='word_1_105' title='bbox 1768 1531 1943 1583; x_wconf 86' lang='lat' dir='ltr'><strong>virtu-</strong></span> 
     </span>
    </p>
   </div>
   <div class='ocr_carea' id='block_1_16' title="bbox 368 1619 1939 1679">
    <p class='ocr_par' dir='ltr' id='par_1_16' title="bbox 368 1619 1939 1679">
     <span class='ocr_line' id='line_1_16' title="bbox 368 1619 1939 1679; baseline 0.011 -18"><span class='ocrx_word' id='word_1_106' title='bbox 368 1619 475 1662; x_wconf 90' lang='lat' dir='ltr'><strong>tem</strong></span> <span class='ocrx_word' id='word_1_107' title='bbox 512 1624 711 1674; x_wconf 87' lang='lat' dir='ltr'><strong>meam,</strong></span> <span class='ocrx_word' id='word_1_108' title='bbox 751 1620 807 1666; x_wconf 92' lang='lat' dir='ltr'><strong>et</strong></span> <span class='ocrx_word' id='word_1_109' title='bbox 849 1622 908 1665; x_wconf 89' lang='lat' dir='ltr'><strong>ut</strong></span> <span class='ocrx_word' id='word_1_110' title='bbox 932 1629 1125 1670; x_wconf 91' lang='lat' dir='ltr'><strong>nomen</strong></span> <span class='ocrx_word' id='word_1_111' title='bbox 1158 1632 1337 1671; x_wconf 90' lang='lat' dir='ltr'><strong>meum</strong></span> <span class='ocrx_word' id='word_1_112' title='bbox 1390 1620 1441 1671; x_wconf 93' lang='lat' dir='ltr'><strong>in</strong></span> <span class='ocrx_word' id='word_1_113' title='bbox 1499 1621 1750 1677; x_wconf 83' lang='lat' dir='ltr'><strong>universa</strong></span> <span class='ocrx_word' id='word_1_114' title='bbox 1796 1633 1939 1679; x_wconf 88' lang='lat' dir='ltr'><strong>terra</strong></span> 
     </span>
    </p>
   </div>
   <div class='ocr_carea' id='block_1_17' title="bbox 364 1704 1939 1783">
    <p class='ocr_par' dir='ltr' id='par_1_17' title="bbox 364 1704 1939 1783">
     <span class='ocr_line' id='line_1_17' title="bbox 364 1704 1939 1783; baseline 0.013 -30"><span class='ocrx_word' id='word_1_115' title='bbox 364 1704 775 1770; x_wconf 83' lang='lat' dir='ltr'><strong>pervulgaretur</strong></span> <span class='ocrx_word' id='word_1_116' title='bbox 804 1705 871 1759; x_wconf 82' lang='grc'><strong>⁸⁸.</strong></span> <span class='ocrx_word' id='word_1_117' title='bbox 904 1726 924 1759; x_wconf 70' lang='grc' dir='ltr'><strong>ι</strong></span> <span class='ocrx_word' id='word_1_118' title='bbox 966 1707 1023 1761; x_wconf 91' lang='lat' dir='ltr'><strong>Si</strong></span> <span class='ocrx_word' id='word_1_119' title='bbox 1051 1710 1197 1763; x_wconf 89' lang='lat' dir='ltr'><strong>enim</strong></span> <span class='ocrx_word' id='word_1_120' title='bbox 1232 1722 1541 1768; x_wconf 85' lang='lat' dir='ltr'><strong>asservatus</strong></span> <span class='ocrx_word' id='word_1_121' title='bbox 1582 1725 1663 1771; x_wconf 89' lang='lat' dir='ltr'><strong>est</strong></span> <span class='ocrx_word' id='word_1_122' title='bbox 1704 1716 1939 1783; x_wconf 86' lang='lat' dir='ltr'><strong>Pharao,</strong></span> 
     </span>
    </p>
   </div>
   <div class='ocr_carea' id='block_1_18' title="bbox 363 1794 1938 1877">
    <p class='ocr_par' dir='ltr' id='par_1_18' title="bbox 363 1794 1938 1877">
     <span class='ocr_line' id='line_1_18' title="bbox 363 1794 1938 1877; baseline 0.013 -33"><span class='ocrx_word' id='word_1_123' title='bbox 363 1802 419 1846; x_wconf 92' lang='lat' dir='ltr'><strong>ut</strong></span> <span class='ocrx_word' id='word_1_124' title='bbox 443 1794 549 1862; x_wconf 73' lang='lat'><strong>20</strong></span> <span class='ocrx_word' id='word_1_125' title='bbox 584 1794 952 1851; x_wconf 85' lang='lat' dir='ltr'><strong>declararetur</strong></span> <span class='ocrx_word' id='word_1_126' title='bbox 981 1804 1218 1866; x_wconf 83' lang='lat' dir='ltr'><strong>potentia</strong></span> <span class='ocrx_word' id='word_1_127' title='bbox 1250 1803 1457 1869; x_wconf 78' lang='lat' dir='ltr'><strong>Del,,et</strong></span> <span class='ocrx_word' id='word_1_128' title='bbox 1501 1823 1697 1861; x_wconf 90' lang='lat' dir='ltr'><strong>nomen</strong></span> <span class='ocrx_word' id='word_1_129' title='bbox 1731 1808 1847 1877; x_wconf 78' lang='lat' dir='ltr'><strong>ejus</strong></span> <span class='ocrx_word' id='word_1_130' title='bbox 1885 1810 1938 1864; x_wconf 86' lang='lat' dir='ltr'><strong>in</strong></span> 
     </span>
    </p>
   </div>
   <div class='ocr_carea' id='block_1_19' title="bbox 362 1886 1939 1972">
    <p class='ocr_par' dir='ltr' id='par_1_19' title="bbox 362 1886 1939 1972">
     <span class='ocr_line' id='line_1_19' title="bbox 362 1886 1939 1972; baseline 0.013 -37"><span class='ocrx_word' id='word_1_131' title='bbox 362 1886 611 1939; x_wconf 82' lang='lat' dir='ltr'><strong>universa</strong></span> <span class='ocrx_word' id='word_1_132' title='bbox 637 1895 776 1941; x_wconf 91' lang='lat' dir='ltr'><strong>terra</strong></span> <span class='ocrx_word' id='word_1_133' title='bbox 805 1890 1215 1960; x_wconf 65' lang='lat' dir='ltr'><strong>praedicaretur,</strong></span> <span class='ocrx_word' id='word_1_134' title='bbox 1256 1896 1635 1953; x_wconf 84' lang='lat' dir='ltr'><strong>animadverte</strong></span> <span class='ocrx_word' id='word_1_135' title='bbox 1680 1911 1939 1972; x_wconf 90' lang='lat' dir='ltr'><strong>quantam</strong></span> 
     </span>
    </p>
   </div>
   <div class='ocr_carea' id='block_1_20' title="bbox 360 1974 1939 2059">
    <p class='ocr_par' dir='ltr' id='par_1_20' title="bbox 360 1974 1939 2059">
     <span class='ocr_line' id='line_1_20' title="bbox 360 1974 1939 2059; baseline 0.013 -34"><span class='ocrx_word' id='word_1_136' title='bbox 360 1974 777 2031; x_wconf 85' lang='lat' dir='ltr'><strong>declarationem</strong></span> <span class='ocrx_word' id='word_1_137' title='bbox 818 1979 1038 2036; x_wconf 90' lang='lat' dir='ltr'><strong>virtutis</strong></span> <span class='ocrx_word' id='word_1_138' title='bbox 1062 1981 1156 2037; x_wconf 89' lang='lat' dir='ltr'><strong>Dei</strong></span> <span class='ocrx_word' id='word_1_139' title='bbox 1200 1987 1449 2041; x_wconf 81' lang='lat' dir='ltr'><strong>coelestia</strong></span> <span class='ocrx_word' id='word_1_140' title='bbox 1489 1988 1643 2058; x_wconf 86' lang='lat' dir='ltr'><strong>signa</strong></span> <span class='ocrx_word' id='word_1_141' title='bbox 1686 2006 1939 2059; x_wconf 85' lang='lat' dir='ltr'><strong>compre-</strong></span> 
     </span>
    </p>
   </div>
   <div class='ocr_carea' id='block_1_21' title="bbox 360 2065 1936 2142">
    <p class='ocr_par' dir='ltr' id='par_1_21' title="bbox 360 2065 1936 2142">
     <span class='ocr_line' id='line_1_21' title="bbox 360 2065 1936 2142; baseline 0.012 -24"><span class='ocrx_word' id='word_1_142' title='bbox 360 2065 625 2133; x_wconf 89' lang='lat' dir='ltr'><strong>hendant,</strong></span> <span class='ocrx_word' id='word_1_143' title='bbox 651 2085 776 2124; x_wconf 89' lang='lat' dir='ltr'><strong>cum</strong></span> <span class='ocrx_word' id='word_1_144' title='bbox 817 2086 845 2125; x_wconf 90' lang='lat' dir='ltr'><strong>a</strong></span> <span class='ocrx_word' id='word_1_145' title='bbox 889 2072 1067 2142; x_wconf 87' lang='lat' dir='ltr'><strong>primo</strong></span> <span class='ocrx_word' id='word_1_146' title='bbox 1126 2091 1246 2132; x_wconf 63' lang='lat' dir='ltr'><strong>aevo</strong></span> <span class='ocrx_word' id='word_1_147' title='bbox 1291 2080 1358 2134; x_wconf 88' lang='lat' dir='ltr'><strong>ad</strong></span> <span class='ocrx_word' id='word_1_148' title='bbox 1412 2084 1936 2139; x_wconf 87' lang='lat' dir='ltr'><strong>consummationem</strong></span> 
     </span>
    </p>
   </div>
   <div class='ocr_carea' id='block_1_22' title="bbox 358 2158 1937 2242">
    <p class='ocr_par' dir='ltr' id='par_1_22' title="bbox 358 2158 1937 2242">
     <span class='ocr_line' id='line_1_22' title="bbox 358 2158 1937 2242; baseline 0.012 -34"><span class='ocrx_word' id='word_1_149' title='bbox 358 2158 543 2211; x_wconf 64' lang='lat' dir='ltr'><strong>saeculi</strong></span> <span class='ocrx_word' id='word_1_150' title='bbox 613 2159 777 2228; x_wconf 80' lang='lat' dir='ltr'><strong>digno</strong></span> <span class='ocrx_word' id='word_1_151' title='bbox 840 2162 931 2217; x_wconf 91' lang='lat' dir='ltr'><strong>Dei</strong></span> <span class='ocrx_word' id='word_1_152' title='bbox 1006 2164 1145 2220; x_wconf 89' lang='lat' dir='ltr'><strong>libro</strong></span> <span class='ocrx_word' id='word_1_153' title='bbox 1214 2172 1356 2225; x_wconf 74' lang='lat' dir='ltr'><strong>coelo</strong></span> <span class='ocrx_word' id='word_1_154' title='bbox 1437 2172 1694 2242; x_wconf 86' lang='lat' dir='ltr'><strong>impressa</strong></span> <span class='ocrx_word' id='word_1_155' title='bbox 1756 2178 1937 2229; x_wconf 82' lang='lat' dir='ltr'><strong>omnia</strong></span> 
     </span>
    </p>
   </div>
   <div class='ocr_carea' id='block_1_23' title="bbox 359 2249 1939 2331">
    <p class='ocr_par' dir='ltr' id='par_1_23' title="bbox 359 2249 1939 2331">
     <span class='ocr_line' id='line_1_23' title="bbox 359 2249 1939 2331; baseline 0.012 -32"><span class='ocrx_word' id='word_1_156' title='bbox 359 2255 414 2300; x_wconf 83' lang='lat' dir='ltr'><strong>et</strong></span> <span class='ocrx_word' id='word_1_157' title='bbox 494 2249 757 2318; x_wconf 89' lang='lat' dir='ltr'><strong>inscripta</strong></span> <span class='ocrx_word' id='word_1_158' title='bbox 834 2254 965 2307; x_wconf 86' lang='lat' dir='ltr'><strong>sint.</strong></span> <span class='ocrx_word' id='word_1_159' title='bbox 1057 2255 1262 2314; x_wconf 90' lang='lat' dir='ltr'><strong>Deinde</strong></span> <span class='ocrx_word' id='word_1_160' title='bbox 1338 2261 1568 2331; x_wconf 87' lang='lat' dir='ltr'><strong>eonjicio</strong></span> <span class='ocrx_word' id='word_1_161' title='bbox 1649 2262 1939 2318; x_wconf 88' lang='lat' dir='ltr'><strong>virtutibus</strong></span> 
     </span>
    </p>
   </div>
   <div class='ocr_carea' id='block_1_24' title="bbox 360 2340 1936 2423">
    <p class='ocr_par' dir='ltr' id='par_1_24' title="bbox 360 2340 1936 2423">
     <span class='ocr_line' id='line_1_24' title="bbox 360 2340 1936 2423; baseline 0.008 -30"><span class='ocrx_word' id='word_1_162' title='bbox 360 2340 515 2401; x_wconf 86' lang='lat' dir='ltr'><strong>illis.</strong></span> <span class='ocrx_word' id='word_1_163' title='bbox 578 2343 778 2411; x_wconf 83' lang='lat' dir='ltr'><strong>quibus</strong></span> <span class='ocrx_word' id='word_1_164' title='bbox 840 2360 929 2401; x_wconf 88' lang='lat' dir='ltr'><strong>res</strong></span> <span class='ocrx_word' id='word_1_165' title='bbox 998 2347 1248 2404; x_wconf 70' lang='lat' dir='ltr'><strong>humanm</strong></span> <span class='ocrx_word' id='word_1_166' title='bbox 1337 2362 1618 2420; x_wconf 87' lang='lat' dir='ltr'><strong>reguntur,</strong></span> <span class='ocrx_word' id='word_1_167' title='bbox 1692 2355 1936 2423; x_wconf 67' lang='lat' dir='ltr'><strong>quaedam</strong></span> 
     </span>
    </p>
   </div>
   <div class='ocr_carea' id='block_1_25' title="bbox 359 2432 1936 2515">
    <p class='ocr_par' dir='ltr' id='par_1_25' title="bbox 359 2432 1936 2515">
     <span class='ocr_line' id='line_1_25' title="bbox 359 2432 1936 2515; baseline 0.01 -32"><span class='ocrx_word' id='word_1_168' title='bbox 359 2432 513 2502; x_wconf 85' lang='lat' dir='ltr'><strong>signa</strong></span> <span class='ocrx_word' id='word_1_169' title='bbox 569 2434 778 2501; x_wconf 82' lang='lat' dir='ltr'><strong>inesse,</strong></span> <span class='ocrx_word' id='word_1_170' title='bbox 840 2446 897 2491; x_wconf 90' lang='lat' dir='ltr'><strong>ut</strong></span> <span class='ocrx_word' id='word_1_171' title='bbox 966 2439 1069 2493; x_wconf 84' lang='lat' dir='ltr'><strong>alia</strong></span> <span class='ocrx_word' id='word_1_172' title='bbox 1143 2451 1350 2496; x_wconf 91' lang='lat' dir='ltr'><strong>tantum</strong></span> <span class='ocrx_word' id='word_1_173' title='bbox 1408 2456 1769 2515; x_wconf 86' lang='lat' dir='ltr'><strong>cognoscant,</strong></span> <span class='ocrx_word' id='word_1_174' title='bbox 1833 2447 1936 2499; x_wconf 87' lang='lat' dir='ltr'><strong>alia</strong></span> 
     </span>
    </p>
   </div>
   <div class='ocr_carea' id='block_1_26' title="bbox 356 2523 1939 2598">
    <p class='ocr_par' dir='ltr' id='par_1_26' title="bbox 356 2523 1939 2598">
     <span class='ocr_line' id='line_1_26' title="bbox 356 2523 1939 2598; baseline 0.013 -23"><span class='ocrx_word' id='word_1_175' title='bbox 356 2523 522 2577; x_wconf 89' lang='lat' dir='ltr'><strong>etiam</strong></span> <span class='ocrx_word' id='word_1_176' title='bbox 566 2525 844 2595; x_wconf 82' lang='lat' dir='ltr'><strong>elliciant;</strong></span> <span class='ocrx_word' id='word_1_177' title='bbox 880 2532 1340 2598; x_wconf 88' lang='lat' dir='ltr'><strong>quemadmodum</strong></span> <span class='ocrx_word' id='word_1_178' title='bbox 1400 2536 1451 2589; x_wconf 94' lang='lat' dir='ltr'><strong>in</strong></span> <span class='ocrx_word' id='word_1_179' title='bbox 1503 2539 1678 2593; x_wconf 89' lang='lat' dir='ltr'><strong>sacris</strong></span> <span class='ocrx_word' id='word_1_180' title='bbox 1737 2544 1939 2595; x_wconf 86' lang='lat' dir='ltr'><strong>nostris</strong></span> 
     </span>
    </p>
   </div>
   <div class='ocr_carea' id='block_1_27' title="bbox 360 2614 1938 2698">
    <p class='ocr_par' dir='ltr' id='par_1_27' title="bbox 360 2614 1938 2698">
     <span class='ocr_line' id='line_1_27' title="bbox 360 2614 1938 2698; baseline 0.014 -31"><span class='ocrx_word' id='word_1_181' title='bbox 360 2614 512 2670; x_wconf 87' lang='lat' dir='ltr'><strong>libris</strong></span> <span class='ocrx_word' id='word_1_182' title='bbox 570 2622 815 2685; x_wconf 72' lang='lat' dir='ltr'><strong>quaedam</strong></span> <span class='ocrx_word' id='word_1_183' title='bbox 859 2623 1059 2690; x_wconf 89' lang='lat' dir='ltr'><strong>scripta</strong></span> <span class='ocrx_word' id='word_1_184' title='bbox 1120 2637 1250 2680; x_wconf 91' lang='lat' dir='ltr'><strong>sunt</strong></span> <span class='ocrx_word' id='word_1_185' title='bbox 1301 2636 1360 2680; x_wconf 90' lang='lat' dir='ltr'><strong>ut</strong></span> <span class='ocrx_word' id='word_1_186' title='bbox 1402 2644 1796 2698; x_wconf 83' lang='lat' dir='ltr'><strong>cognoscamus</strong></span> <span class='ocrx_word' id='word_1_187' title='bbox 1825 2673 1839 2697; x_wconf 89' lang='lat'><strong>,</strong></span> <span class='ocrx_word' id='word_1_188' title='bbox 1879 2642 1938 2688; x_wconf 95' lang='lat' dir='ltr'><strong>ut</strong></span> 
     </span>
    </p>
   </div>
   <div class='ocr_carea' id='block_1_28' title="bbox 359 2712 1937 2792">
    <p class='ocr_par' dir='ltr' id='par_1_28' title="bbox 359 2712 1937 2792">
     <span class='ocr_line' id='line_1_28' title="bbox 359 2712 1937 2792; baseline 0.012 -31"><span class='ocrx_word' id='word_1_189' title='bbox 359 2712 543 2766; x_wconf 84' lang='lat' dir='ltr'><strong>mundi</strong></span> <span class='ocrx_word' id='word_1_190' title='bbox 601 2713 874 2782; x_wconf 79' lang='lat' dir='ltr'><strong>opificium</strong></span> <span class='ocrx_word' id='word_1_191' title='bbox 937 2727 993 2769; x_wconf 88' lang='lat' dir='ltr'><strong>et</strong></span> <span class='ocrx_word' id='word_1_192' title='bbox 1057 2718 1161 2771; x_wconf 85' lang='lat' dir='ltr'><strong>alia</strong></span> <span class='ocrx_word' id='word_1_193' title='bbox 1212 2721 1509 2788; x_wconf 86' lang='lat' dir='ltr'><strong>mysteria;</strong></span> <span class='ocrx_word' id='word_1_194' title='bbox 1573 2724 1817 2792; x_wconf 62' lang='lat' dir='ltr'><strong>quaedam</strong></span> <span class='ocrx_word' id='word_1_195' title='bbox 1879 2737 1937 2781; x_wconf 88' lang='lat' dir='ltr'><strong>ut</strong></span> 
     </span>
    </p>
   </div>
   <div class='ocr_carea' id='block_1_29' title="bbox 356 2807 1933 2882">
    <p class='ocr_par' dir='ltr' id='par_1_29' title="bbox 356 2807 1933 2882">
     <span class='ocr_line' id='line_1_29' title="bbox 356 2807 1933 2882; baseline 0.009 -25"><span class='ocrx_word' id='word_1_196' title='bbox 356 2818 752 2874; x_wconf 79' lang='lat' dir='ltr'><strong>cognoscamus</strong></span> <span class='ocrx_word' id='word_1_197' title='bbox 775 2816 829 2861; x_wconf 92' lang='lat' dir='ltr'><strong>et</strong></span> <span class='ocrx_word' id='word_1_198' title='bbox 862 2807 1148 2877; x_wconf 80' lang='lat' dir='ltr'><strong>faciamus,</strong></span> <span class='ocrx_word' id='word_1_199' title='bbox 1186 2820 1245 2863; x_wconf 93' lang='lat' dir='ltr'><strong>ut</strong></span> <span class='ocrx_word' id='word_1_200' title='bbox 1273 2823 1542 2882; x_wconf 67' lang='lat' dir='ltr'><strong>prmcepta</strong></span> <span class='ocrx_word' id='word_1_201' title='bbox 1589 2824 1645 2869; x_wconf 87' lang='lat' dir='ltr'><strong>et</strong></span> <span class='ocrx_word' id='word_1_202' title='bbox 1678 2819 1933 2872; x_wconf 82' lang='lat' dir='ltr'><strong>mandata</strong></span> 
     </span>
    </p>
   </div>
   <div class='ocr_carea' id='block_1_30' title="bbox 360 2895 1935 2977">
    <p class='ocr_par' dir='ltr' id='par_1_30' title="bbox 360 2895 1935 2977">
     <span class='ocr_line' id='line_1_30' title="bbox 360 2895 1935 2977; baseline 0.009 -29"><span class='ocrx_word' id='word_1_203' title='bbox 360 2895 477 2950; x_wconf 91' lang='lat' dir='ltr'><strong>Dei.</strong></span> <span class='ocrx_word' id='word_1_204' title='bbox 516 2898 705 2964; x_wconf 85' lang='lat' dir='ltr'><strong>Itaque</strong></span> <span class='ocrx_word' id='word_1_205' title='bbox 748 2896 861 2951; x_wconf 77' lang='lat' dir='ltr'><strong>fleti</strong></span> <span class='ocrx_word' id='word_1_206' title='bbox 910 2908 1089 2966; x_wconf 89' lang='lat' dir='ltr'><strong>potest</strong></span> <span class='ocrx_word' id='word_1_207' title='bbox 1128 2910 1187 2954; x_wconf 88' lang='lat' dir='ltr'><strong>ut</strong></span> <span class='ocrx_word' id='word_1_208' title='bbox 1225 2902 1475 2959; x_wconf 62' lang='lat' dir='ltr'><strong>caelestes</strong></span> <span class='ocrx_word' id='word_1_209' title='bbox 1535 2905 1750 2971; x_wconf 63' lang='lat' dir='ltr'><strong>littera,</strong></span> <span class='ocrx_word' id='word_1_210' title='bbox 1799 2922 1935 2977; x_wconf 91' lang='lat' dir='ltr'><strong>quas</strong></span> 
     </span>
    </p>
   </div>
   <div class='ocr_carea' id='block_1_31' title="bbox 355 2982 1945 3070">
    <p class='ocr_par' dir='ltr' id='par_1_31' title="bbox 355 2982 1945 3070">
     <span class='ocr_line' id='line_1_31' title="bbox 355 2982 1945 3070; baseline 0.009 -30"><span class='ocrx_word' id='word_1_211' title='bbox 355 2988 533 3053; x_wconf 79' lang='lat' dir='ltr'><strong>angeli</strong></span> <span class='ocrx_word' id='word_1_212' title='bbox 584 2996 639 3041; x_wconf 92' lang='lat' dir='ltr'><strong>et</strong></span> <span class='ocrx_word' id='word_1_213' title='bbox 690 2989 883 3044; x_wconf 68' lang='lat' dir='ltr'><strong>divina:</strong></span> <span class='ocrx_word' id='word_1_214' title='bbox 934 2991 1161 3047; x_wconf 81' lang='lat' dir='ltr'><strong>virtutes</strong></span> <span class='ocrx_word' id='word_1_215' title='bbox 1219 2993 1400 3065; x_wconf 78' lang='lat' dir='ltr'><strong>legere</strong></span> <span class='ocrx_word' id='word_1_216' title='bbox 1452 2997 1613 3053; x_wconf 80' lang='lat' dir='ltr'><strong>facile</strong></span> <span class='ocrx_word' id='word_1_217' title='bbox 1665 2982 1945 3070; x_wconf 61' lang='lat' dir='ltr'><strong>possunt,</strong></span> 
     </span>
    </p>
   </div>
   <div class='ocr_carea' id='block_1_32' title="bbox 354 3082 1933 3157">
    <p class='ocr_par' dir='ltr' id='par_1_32' title="bbox 354 3082 1933 3157">
     <span class='ocr_line' id='line_1_32' title="bbox 354 3082 1933 3157; baseline 0.011 -25"><span class='ocrx_word' id='word_1_218' title='bbox 354 3082 602 3148; x_wconf 52' lang='lat' dir='ltr'><strong>quadam</strong></span> <span class='ocrx_word' id='word_1_219' title='bbox 657 3083 975 3138; x_wconf 83' lang='lat' dir='ltr'><strong>contineant</strong></span> <span class='ocrx_word' id='word_1_220' title='bbox 1036 3084 1104 3139; x_wconf 88' lang='lat' dir='ltr'><strong>ab</strong></span> <span class='ocrx_word' id='word_1_221' title='bbox 1152 3088 1360 3157; x_wconf 75' lang='lat' dir='ltr'><strong>angelis</strong></span> <span class='ocrx_word' id='word_1_222' title='bbox 1409 3098 1462 3143; x_wconf 91' lang='lat' dir='ltr'><strong>et</strong></span> <span class='ocrx_word' id='word_1_223' title='bbox 1528 3091 1622 3145; x_wconf 88' lang='lat' dir='ltr'><strong>Dei</strong></span> <span class='ocrx_word' id='word_1_224' title='bbox 1669 3094 1933 3149; x_wconf 87' lang='lat' dir='ltr'><strong>ministris</strong></span> 
     </span>
    </p>
   </div>
   <div class='ocr_carea' id='block_1_33' title="bbox 2049 606 3634 679">
    <p class='ocr_par' dir='ltr' id='par_1_33' title="bbox 2049 606 3634 679">
     <span class='ocr_line' id='line_1_33' title="bbox 2049 606 3634 679; baseline 0.001 -21"><span class='ocrx_word' id='word_1_225' title='bbox 2049 606 2219 669; x_wconf 76' lang='grc' dir='ltr'><strong>οὔτως</strong></span> <span class='ocrx_word' id='word_1_226' title='bbox 2244 608 2402 659; x_wconf 76' lang='grc' dir='ltr'><strong>αὐτὸν</strong></span> <span class='ocrx_word' id='word_1_227' title='bbox 2433 607 2916 677; x_wconf 73' lang='grc' dir='ltr'><strong>ἐμπεριειληφέναι</strong></span> <span class='ocrx_word' id='word_1_228' title='bbox 2939 608 2997 659; x_wconf 86' lang='grc' dir='ltr'><strong>ἐν</strong></span> <span class='ocrx_word' id='word_1_229' title='bbox 3025 607 3222 677; x_wconf 80' lang='grc' dir='ltr'><strong>ἐαυτῷ,</strong></span> <span class='ocrx_word' id='word_1_230' title='bbox 3246 607 3307 659; x_wconf 80' lang='grc' dir='ltr'><strong>οῦ</strong></span> <span class='ocrx_word' id='word_1_231' title='bbox 3335 607 3441 676; x_wconf 81' lang='grc' dir='ltr'><strong>μὴν</strong></span> <span class='ocrx_word' id='word_1_232' title='bbox 3473 609 3634 679; x_wconf 84' lang='grc' dir='ltr'><strong>ἐναρ-</strong></span> 
     </span>
    </p>
   </div>
   <div class='ocr_carea' id='block_1_34' title="bbox 2048 699 3635 770">
    <p class='ocr_par' dir='ltr' id='par_1_34' title="bbox 2048 699 3635 770">
     <span class='ocr_line' id='line_1_34' title="bbox 2048 699 3635 770; baseline 0.003 -22"><span class='ocrx_word' id='word_1_233' title='bbox 2048 700 2116 769; x_wconf 84' lang='grc' dir='ltr'><strong>γῆ</strong></span> <span class='ocrx_word' id='word_1_234' title='bbox 2148 699 2244 769; x_wconf 76' lang='grc' dir='ltr'><strong>τὴν</strong></span> <span class='ocrx_word' id='word_1_235' title='bbox 2267 699 2557 763; x_wconf 84' lang='grc' dir='ltr'><strong>ἀπόδειξιν,</strong></span> <span class='ocrx_word' id='word_1_236' title='bbox 2588 700 2723 753; x_wconf 87' lang='grc' dir='ltr'><strong>ἀλλά</strong></span> <span class='ocrx_word' id='word_1_237' title='bbox 2755 700 3209 768; x_wconf 85' lang='grc' dir='ltr'><strong>πεπιστευμένην,</strong></span> <span class='ocrx_word' id='word_1_238' title='bbox 3242 699 3318 762; x_wconf 87' lang='grc' dir='ltr'><strong>ώς</strong></span> <span class='ocrx_word' id='word_1_239' title='bbox 3367 700 3635 770; x_wconf 80' lang='grc' dir='ltr'><strong>ἁρμόζου-</strong></span> 
     </span>
    </p>
   </div>
   <div class='ocr_carea' id='block_1_35' title="bbox 2048 792 3634 864">
    <p class='ocr_par' dir='ltr' id='par_1_35' title="bbox 2048 792 3634 864">
     <span class='ocr_line' id='line_1_35' title="bbox 2048 792 3634 864; baseline 0.001 -20"><span class='ocrx_word' id='word_1_240' title='bbox 2048 809 2147 846; x_wconf 92' lang='grc' dir='ltr'><strong>σαν</strong></span> <span class='ocrx_word' id='word_1_241' title='bbox 2174 792 2252 863; x_wconf 82' lang='grc' dir='ltr'><strong>τῷ</strong></span> <span class='ocrx_word' id='word_1_242' title='bbox 2285 793 2563 864; x_wconf 78' lang='grc' dir='ltr'><strong>ἀγεννήτῳ</strong></span> <span class='ocrx_word' id='word_1_243' title='bbox 2592 792 2667 863; x_wconf 79' lang='grc' dir='ltr'><strong>νῷ</strong></span> <span class='ocrx_word' id='word_1_244' title='bbox 2713 793 2805 845; x_wconf 73' lang='grc' dir='ltr'><strong>καὶ</strong></span> <span class='ocrx_word' id='word_1_245' title='bbox 2838 794 2977 863; x_wconf 79' lang='grc' dir='ltr'><strong>ὑπὲρ</strong></span> <span class='ocrx_word' id='word_1_246' title='bbox 3010 794 3190 845; x_wconf 80' lang='grc' dir='ltr'><strong>πᾶσαν</strong></span> <span class='ocrx_word' id='word_1_247' title='bbox 3236 794 3397 859; x_wconf 78' lang='grc' dir='ltr'><strong>φύσιν</strong></span> <span class='ocrx_word' id='word_1_248' title='bbox 3430 794 3634 862; x_wconf 77' lang='grc' dir='ltr'><strong>τυγχά-</strong></span> 
     </span>
    </p>
   </div>
   <div class='ocr_carea' id='block_1_36' title="bbox 2047 881 3634 954">
    <p class='ocr_par' dir='ltr' id='par_1_36' title="bbox 2047 881 3634 954">
     <span class='ocr_line' id='line_1_36' title="bbox 2047 881 3634 954; baseline 0.003 -20"><span class='ocrx_word' id='word_1_249' title='bbox 2047 901 2207 936; x_wconf 81' lang='grc' dir='ltr'><strong>νοντι.</strong></span> <span class='ocrx_word' id='word_1_250' title='bbox 2254 885 2350 936; x_wconf 84' lang='grc' dir='ltr'><strong>’”Ιν’</strong></span> <span class='ocrx_word' id='word_1_251' title='bbox 2397 881 2488 937; x_wconf 77' lang='grc' dir='ltr'><strong>οὖν</strong></span> <span class='ocrx_word' id='word_1_252' title='bbox 2531 888 2596 954; x_wconf 80' lang='grc' dir='ltr'><strong>τῇ</strong></span> <span class='ocrx_word' id='word_1_253' title='bbox 2630 885 2792 954; x_wconf 64' lang='grc' dir='ltr'><strong>πείρα</strong></span> <span class='ocrx_word' id='word_1_254' title='bbox 2816 884 2973 936; x_wconf 84' lang='grc' dir='ltr'><strong>τοῦτο</strong></span> <span class='ocrx_word' id='word_1_255' title='bbox 3000 884 3480 953; x_wconf 78' lang='grc' dir='ltr'><strong>καταλαμϐάνηται</strong></span> <span class='ocrx_word' id='word_1_256' title='bbox 3526 884 3634 939; x_wconf 76' lang='grc' dir='ltr'><strong>ὑπὸ</strong></span> 
     </span>
    </p>
   </div>
   <div class='ocr_carea' id='block_1_37' title="bbox 2046 975 3636 1047">
    <p class='ocr_par' dir='ltr' id='par_1_37' title="bbox 2046 975 3636 1047">
     <span class='ocr_line' id='line_1_37' title="bbox 2046 975 3636 1047; baseline 0.001 -19"><span class='ocrx_word' id='word_1_257' title='bbox 2046 976 2153 1028; x_wconf 82' lang='grc' dir='ltr'><strong>τῶν</strong></span> <span class='ocrx_word' id='word_1_258' title='bbox 2199 976 2459 1046; x_wconf 77' lang='grc' dir='ltr'><strong>μειζόνων</strong></span> <span class='ocrx_word' id='word_1_259' title='bbox 2490 977 2523 1046; x_wconf 81' lang='grc' dir='ltr'>ἢ</span> <span class='ocrx_word' id='word_1_260' title='bbox 2560 978 2701 1029; x_wconf 83' lang='grc' dir='ltr'><strong>κατά</strong></span> <span class='ocrx_word' id='word_1_261' title='bbox 2725 976 3027 1047; x_wconf 76' lang='grc' dir='ltr'><strong>ἄνθρωπον,</strong></span> <span class='ocrx_word' id='word_1_262' title='bbox 3062 975 3157 1029; x_wconf 75' lang='grc' dir='ltr'><strong>καὶ</strong></span> <span class='ocrx_word' id='word_1_263' title='bbox 3184 975 3291 1027; x_wconf 85' lang='grc' dir='ltr'><strong>τῶν</strong></span> <span class='ocrx_word' id='word_1_264' title='bbox 3333 976 3502 1043; x_wconf 80' lang='grc' dir='ltr'><strong>ἁγίων</strong></span> <span class='ocrx_word' id='word_1_265' title='bbox 3537 976 3636 1045; x_wconf 78' lang='grc' dir='ltr'><strong>ψυ-</strong></span> 
     </span>
    </p>
   </div>
   <div class='ocr_carea' id='block_1_38' title="bbox 2047 1066 3634 1139">
    <p class='ocr_par' dir='ltr' id='par_1_38' title="bbox 2047 1066 3634 1139">
     <span class='ocr_line' id='line_1_38' title="bbox 2047 1066 3634 1139; baseline 0.013 -20"><span class='ocrx_word' id='word_1_266' title='bbox 2047 1068 2156 1138; x_wconf 83' lang='grc' dir='ltr'><strong>χῶν</strong></span> <span class='ocrx_word' id='word_1_267' title='bbox 2178 1068 2271 1121; x_wconf 87' lang='grc' dir='ltr'><strong>τοῦ</strong></span> <span class='ocrx_word' id='word_1_268' title='bbox 2300 1070 2650 1139; x_wconf 70' lang='grc' dir='ltr'><strong>ἐνεστηκότος</strong></span> <span class='ocrx_word' id='word_1_269' title='bbox 2676 1068 2873 1137; x_wconf 75' lang='grc' dir='ltr'><strong>δεσμοῦ</strong></span> <span class='ocrx_word' id='word_1_270' title='bbox 2906 1066 3355 1137; x_wconf 66' lang='grc' dir='ltr'><strong>ἀπηλλαγμένων</strong></span> <span class='ocrx_word' id='word_1_271' title='bbox 3390 1068 3634 1139; x_wconf 62' lang='grc' dir='ltr'><strong>ὡσπερεὶ</strong></span> 
     </span>
    </p>
   </div>
   <div class='ocr_carea' id='block_1_39' title="bbox 2046 1159 3635 1230">
    <p class='ocr_par' dir='ltr' id='par_1_39' title="bbox 2046 1159 3635 1230">
     <span class='ocr_line' id='line_1_39' title="bbox 2046 1159 3635 1230; baseline -0.001 -19"><span class='ocrx_word' id='word_1_272' title='bbox 2046 1161 2351 1230; x_wconf 86' lang='grc' dir='ltr'><strong>γράμματα</strong></span> <span class='ocrx_word' id='word_1_273' title='bbox 2396 1159 2489 1211; x_wconf 73' lang='grc' dir='ltr'><strong>καὶ</strong></span> <span class='ocrx_word' id='word_1_274' title='bbox 2530 1159 2884 1229; x_wconf 79' lang='grc' dir='ltr'><strong>χαρακτῆρας</strong></span> <span class='ocrx_word' id='word_1_275' title='bbox 2935 1160 3029 1212; x_wconf 75' lang='grc' dir='ltr'><strong>καὶ</strong></span> <span class='ocrx_word' id='word_1_276' title='bbox 3070 1159 3159 1211; x_wconf 88' lang='grc' dir='ltr'><strong>διά</strong></span> <span class='ocrx_word' id='word_1_277' title='bbox 3188 1160 3288 1229; x_wconf 78' lang='grc' dir='ltr'><strong>τῆς</strong></span> <span class='ocrx_word' id='word_1_278' title='bbox 3320 1159 3429 1213; x_wconf 84' lang='grc' dir='ltr'><strong>τῶν</strong></span> <span class='ocrx_word' id='word_1_279' title='bbox 3475 1160 3635 1230; x_wconf 78' lang='grc' dir='ltr'><strong>οὐρα-</strong></span> 
     </span>
    </p>
   </div>
   <div class='ocr_carea' id='block_1_40' title="bbox 2046 1248 3634 1319">
    <p class='ocr_par' dir='ltr' id='par_1_40' title="bbox 2046 1248 3634 1319">
     <span class='ocr_line' id='line_1_40' title="bbox 2046 1248 3634 1319; baseline 0.004 -23"><span class='ocrx_word' id='word_1_280' title='bbox 2046 1248 2174 1299; x_wconf 88' lang='grc' dir='ltr'><strong>νίων</strong></span> <span class='ocrx_word' id='word_1_281' title='bbox 2193 1249 2494 1318; x_wconf 77' lang='grc' dir='ltr'><strong>περιφορᾶς</strong></span> <span class='ocrx_word' id='word_1_282' title='bbox 2528 1248 2783 1317; x_wconf 83' lang='grc' dir='ltr'><strong>ἐποίησεν</strong></span> <span class='ocrx_word' id='word_1_283' title='bbox 2827 1248 2885 1299; x_wconf 82' lang='grc' dir='ltr'><strong>ἐν</strong></span> <span class='ocrx_word' id='word_1_284' title='bbox 2910 1248 3123 1319; x_wconf 81' lang='grc' dir='ltr'><strong>οὐρανῷ</strong></span> <span class='ocrx_word' id='word_1_285' title='bbox 3145 1250 3173 1301; x_wconf 87' lang='grc' dir='ltr'><strong>ό</strong></span> <span class='ocrx_word' id='word_1_286' title='bbox 3198 1249 3329 1313; x_wconf 77' lang='grc' dir='ltr'><strong>Θεὸς</strong></span> <span class='ocrx_word' id='word_1_287' title='bbox 3353 1251 3479 1313; x_wconf 76' lang='grc' dir='ltr'><strong>τοὺς</strong></span> <span class='ocrx_word' id='word_1_288' title='bbox 3502 1249 3634 1302; x_wconf 87' lang='grc' dir='ltr'><strong>δεδι-</strong></span> 
     </span>
    </p>
   </div>
   <div class='ocr_carea' id='block_1_41' title="bbox 2045 1338 3632 1410">
    <p class='ocr_par' dir='ltr' id='par_1_41' title="bbox 2045 1338 3632 1410">
     <span class='ocr_line' id='line_1_41' title="bbox 2045 1338 3632 1410; baseline 0.002 -21"><span class='ocrx_word' id='word_1_289' title='bbox 2045 1338 2347 1408; x_wconf 85' lang='grc' dir='ltr'><strong>δαγμένους</strong></span> <span class='ocrx_word' id='word_1_290' title='bbox 2386 1339 2481 1391; x_wconf 69' lang='grc' dir='ltr'><strong>καὶ</strong></span> <span class='ocrx_word' id='word_1_291' title='bbox 2503 1338 2988 1409; x_wconf 82' lang='grc' dir='ltr'><strong>διδαχθησομένους</strong></span> <span class='ocrx_word' id='word_1_292' title='bbox 3018 1338 3411 1407; x_wconf 79' lang='grc' dir='ltr'><strong>ἀναγινώσκειν</strong></span> <span class='ocrx_word' id='word_1_293' title='bbox 3435 1339 3505 1392; x_wconf 82' lang='grc' dir='ltr'><strong>τά</strong></span> <span class='ocrx_word' id='word_1_294' title='bbox 3533 1357 3632 1410; x_wconf 79' lang='grc' dir='ltr'><strong>ση-</strong></span> 
     </span>
    </p>
   </div>
   <div class='ocr_carea' id='block_1_42' title="bbox 2048 1432 3633 1503">
    <p class='ocr_par' dir='ltr' id='par_1_42' title="bbox 2048 1432 3633 1503">
     <span class='ocr_line' id='line_1_42' title="bbox 2048 1432 3633 1503; baseline 0.002 -21"><span class='ocrx_word' id='word_1_295' title='bbox 2048 1434 2173 1501; x_wconf 89' lang='grc' dir='ltr'><strong>μεῖα</strong></span> <span class='ocrx_word' id='word_1_296' title='bbox 2216 1432 2311 1484; x_wconf 90' lang='grc' dir='ltr'><strong>τοῦ</strong></span> <span class='ocrx_word' id='word_1_297' title='bbox 2357 1432 2512 1487; x_wconf 87' lang='grc' dir='ltr'><strong>Θεοῦ.</strong></span> <span class='ocrx_word' id='word_1_298' title='bbox 2542 1434 2615 1485; x_wconf 83' lang='grc' dir='ltr'><strong>Οὐ</strong></span> <span class='ocrx_word' id='word_1_299' title='bbox 2643 1432 2952 1502; x_wconf 76' lang='grc' dir='ltr'><strong>θαυμαστὸν</strong></span> <span class='ocrx_word' id='word_1_300' title='bbox 2978 1433 3034 1485; x_wconf 77' lang='grc' dir='ltr'><strong>δὲ</strong></span> <span class='ocrx_word' id='word_1_301' title='bbox 3067 1434 3159 1485; x_wconf 81' lang='grc' dir='ltr'><strong>καὶ</strong></span> <span class='ocrx_word' id='word_1_302' title='bbox 3191 1434 3330 1503; x_wconf 78' lang='grc' dir='ltr'><strong>ὑπὲρ</strong></span> <span class='ocrx_word' id='word_1_303' title='bbox 3357 1432 3633 1498; x_wconf 85' lang='grc' dir='ltr'><strong>ἐνδείξεως</strong></span> 
     </span>
    </p>
   </div>
   <div class='ocr_carea' id='block_1_43' title="bbox 2044 1522 3633 1594">
    <p class='ocr_par' dir='ltr' id='par_1_43' title="bbox 2044 1522 3633 1594">
     <span class='ocr_line' id='line_1_43' title="bbox 2044 1522 3633 1594; baseline -0.001 -19"><span class='ocrx_word' id='word_1_304' title='bbox 2044 1524 2140 1593; x_wconf 82' lang='grc' dir='ltr'><strong>τῆς</strong></span> <span class='ocrx_word' id='word_1_305' title='bbox 2177 1522 2310 1594; x_wconf 78' lang='grc' dir='ltr'><strong>πρὸς</strong></span> <span class='ocrx_word' id='word_1_306' title='bbox 2348 1525 2474 1586; x_wconf 73' lang='grc' dir='ltr'><strong>τοὺς</strong></span> <span class='ocrx_word' id='word_1_307' title='bbox 2517 1523 2819 1594; x_wconf 81' lang='grc' dir='ltr'><strong>μακαρίους</strong></span> <span class='ocrx_word' id='word_1_308' title='bbox 2848 1525 3021 1576; x_wconf 85' lang='grc' dir='ltr'><strong>ποιεῖν</strong></span> <span class='ocrx_word' id='word_1_309' title='bbox 3066 1539 3188 1576; x_wconf 88' lang='grc' dir='ltr'><strong>τινα</strong></span> <span class='ocrx_word' id='word_1_310' title='bbox 3218 1522 3307 1575; x_wconf 87' lang='grc' dir='ltr'><strong>τὸν</strong></span> <span class='ocrx_word' id='word_1_311' title='bbox 3338 1522 3492 1585; x_wconf 84' lang='grc' dir='ltr'><strong>Θεὸν,</strong></span> <span class='ocrx_word' id='word_1_312' title='bbox 3532 1523 3633 1592; x_wconf 85' lang='grc' dir='ltr'><strong>τῆς</strong></span> 
     </span>
    </p>
   </div>
   <div class='ocr_carea' id='block_1_44' title="bbox 2044 1612 3634 1685">
    <p class='ocr_par' dir='ltr' id='par_1_44' title="bbox 2044 1612 3634 1685">
     <span class='ocr_line' id='line_1_44' title="bbox 2044 1612 3634 1685; baseline -0.002 -19"><span class='ocrx_word' id='word_1_313' title='bbox 2044 1614 2268 1685; x_wconf 72' lang='grc' dir='ltr'><strong>Γραφῆς</strong></span> <span class='ocrx_word' id='word_1_314' title='bbox 2295 1614 2556 1683; x_wconf 78' lang='grc' dir='ltr'><strong>λεγούσης</strong></span> <span class='ocrx_word' id='word_1_315' title='bbox 2593 1613 2671 1682; x_wconf 82' lang='grc' dir='ltr'><strong>τῷ</strong></span> <span class='ocrx_word' id='word_1_316' title='bbox 2716 1612 2935 1683; x_wconf 81' lang='grc' dir='ltr'><strong>Φαραώ·</strong></span> <span class='ocrx_word' id='word_1_317' title='bbox 2970 1631 2989 1662; x_wconf 72' lang='grc' dir='ltr'><strong>ι</strong></span> <span class='ocrx_word' id='word_1_318' title='bbox 3041 1613 3133 1675; x_wconf 86' lang='grc' dir='ltr'><strong>Είς</strong></span> <span class='ocrx_word' id='word_1_319' title='bbox 3158 1612 3289 1665; x_wconf 77' lang='grc' dir='ltr'><strong>αὐτὸ</strong></span> <span class='ocrx_word' id='word_1_320' title='bbox 3315 1612 3472 1665; x_wconf 88' lang='grc' dir='ltr'><strong>τοῦτο</strong></span> <span class='ocrx_word' id='word_1_321' title='bbox 3507 1613 3634 1683; x_wconf 79' lang='grc' dir='ltr'><strong>ἐξή-</strong></span> 
     </span>
    </p>
   </div>
   <div class='ocr_carea' id='block_1_45' title="bbox 2044 1705 3629 1779">
    <p class='ocr_par' dir='ltr' id='par_1_45' title="bbox 2044 1705 3629 1779">
     <span class='ocr_line' id='line_1_45' title="bbox 2044 1705 3629 1779; baseline -0.002 -19"><span class='ocrx_word' id='word_1_322' title='bbox 2044 1708 2203 1779; x_wconf 85' lang='grc' dir='ltr'><strong>γειρά</strong></span> <span class='ocrx_word' id='word_1_323' title='bbox 2252 1724 2333 1770; x_wconf 90' lang='grc' dir='ltr'><strong>σε,</strong></span> <span class='ocrx_word' id='word_1_324' title='bbox 2359 1709 2507 1771; x_wconf 88' lang='grc' dir='ltr'><strong>ὅπως</strong></span> <span class='ocrx_word' id='word_1_325' title='bbox 2555 1706 2872 1775; x_wconf 76' lang='grc' dir='ltr'><strong>ἐνδείξωμαι</strong></span> <span class='ocrx_word' id='word_1_326' title='bbox 2904 1707 2961 1758; x_wconf 85' lang='grc' dir='ltr'><strong>ὲν</strong></span> <span class='ocrx_word' id='word_1_327' title='bbox 2990 1706 3073 1759; x_wconf 70' lang='grc' dir='ltr'><strong>σοὶ</strong></span> <span class='ocrx_word' id='word_1_328' title='bbox 3098 1705 3196 1775; x_wconf 74' lang='grc' dir='ltr'><strong>τὴν</strong></span> <span class='ocrx_word' id='word_1_329' title='bbox 3224 1705 3452 1775; x_wconf 83' lang='grc' dir='ltr'><strong>δύναμίν</strong></span> <span class='ocrx_word' id='word_1_330' title='bbox 3505 1723 3629 1776; x_wconf 90' lang='grc' dir='ltr'><strong>μου,</strong></span> 
     </span>
    </p>
   </div>
   <div class='ocr_carea' id='block_1_46' title="bbox 2045 1796 3626 1869">
    <p class='ocr_par' dir='ltr' id='par_1_46' title="bbox 2045 1796 3626 1869">
     <span class='ocr_line' id='line_1_46' title="bbox 2045 1796 3626 1869; baseline -0.003 -16"><span class='ocrx_word' id='word_1_331' title='bbox 2045 1802 2139 1853; x_wconf 83' lang='grc' dir='ltr'><strong>καὶ</strong></span> <span class='ocrx_word' id='word_1_332' title='bbox 2184 1802 2332 1863; x_wconf 84' lang='grc' dir='ltr'><strong>ὅπως</strong></span> <span class='ocrx_word' id='word_1_333' title='bbox 2376 1799 2631 1869; x_wconf 80' lang='grc' dir='ltr'><strong>διαγγελῇ</strong></span> <span class='ocrx_word' id='word_1_334' title='bbox 2669 1799 2729 1850; x_wconf 82' lang='grc' dir='ltr'><strong>τὸ</strong></span> <span class='ocrx_word' id='word_1_335' title='bbox 2761 1798 2931 1867; x_wconf 78' lang='grc' dir='ltr'><strong>ὄνομά</strong></span> <span class='ocrx_word' id='word_1_336' title='bbox 2972 1815 3073 1866; x_wconf 87' lang='grc' dir='ltr'><strong>μου</strong></span> <span class='ocrx_word' id='word_1_337' title='bbox 3105 1799 3162 1849; x_wconf 89' lang='grc' dir='ltr'><strong>ἐν</strong></span> <span class='ocrx_word' id='word_1_338' title='bbox 3208 1796 3357 1868; x_wconf 74' lang='grc' dir='ltr'><strong>πάσῃ</strong></span> <span class='ocrx_word' id='word_1_339' title='bbox 3388 1799 3452 1866; x_wconf 81' lang='grc' dir='ltr'><strong>τῇ</strong></span> <span class='ocrx_word' id='word_1_340' title='bbox 3477 1800 3570 1866; x_wconf 77' lang='grc' dir='ltr'><strong>γῇ.</strong></span> <span class='ocrx_word' id='word_1_341' title='bbox 3607 1816 3626 1848; x_wconf 73' lang='grc' dir='ltr'><strong>ι</strong></span> 
     </span>
    </p>
   </div>
   <div class='ocr_carea' id='block_1_47' title="bbox 1972 1862 3631 1963">
    <p class='ocr_par' dir='ltr' id='par_1_47' title="bbox 1972 1862 3631 1963">
     <span class='ocr_line' id='line_1_47' title="bbox 1972 1862 3631 1963; baseline -0.002 -18"><span class='ocrx_word' id='word_1_342' title='bbox 1972 1862 2015 1918; x_wconf 72' lang='grc' dir='ltr'><strong>Β</strong></span> <span class='ocrx_word' id='word_1_343' title='bbox 2045 1893 2107 1945; x_wconf 88' lang='grc' dir='ltr'><strong>Εί</strong></span> <span class='ocrx_word' id='word_1_344' title='bbox 2140 1892 2249 1963; x_wconf 82' lang='grc' dir='ltr'><strong>γὰρ</strong></span> <span class='ocrx_word' id='word_1_345' title='bbox 2277 1862 2570 1963; x_wconf 57' lang='lat' dir='ltr'><strong>(itempth</strong></span> <span class='ocrx_word' id='word_1_346' title='bbox 2607 1862 2823 1961; x_wconf 52' lang='lat' dir='ltr'><strong>&quot;stupui;</strong></span> <span class='ocrx_word' id='word_1_347' title='bbox 2856 1862 3004 1961; x_wconf 36' lang='grc' dir='ltr'><strong>-ὑπέρ</strong></span> <span class='ocrx_word' id='word_1_348' title='bbox 3043 1862 3631 1959; x_wconf 34' lang='grc' dir='ltr'><strong>ἐνδείξεως-δυν-άμ-ειικ</strong></span> 
     </span>
    </p>
   </div>
   <div class='ocr_carea' id='block_1_48' title="bbox 2042 1982 3630 2053">
    <p class='ocr_par' dir='ltr' id='par_1_48' title="bbox 2042 1982 3630 2053">
     <span class='ocr_line' id='line_1_48' title="bbox 2042 1982 3630 2053; baseline -0.004 -15"><span class='ocrx_word' id='word_1_349' title='bbox 2042 1984 2201 2046; x_wconf 88' lang='grc' dir='ltr'><strong>Θεοῦ,</strong></span> <span class='ocrx_word' id='word_1_350' title='bbox 2229 1986 2319 2037; x_wconf 71' lang='grc' dir='ltr'><strong>καὶ</strong></span> <span class='ocrx_word' id='word_1_351' title='bbox 2351 1984 2661 2051; x_wconf 74' lang='grc' dir='ltr'><strong>διαγγελίας</strong></span> <span class='ocrx_word' id='word_1_352' title='bbox 2687 1983 2780 2036; x_wconf 87' lang='grc' dir='ltr'><strong>τοῦ</strong></span> <span class='ocrx_word' id='word_1_353' title='bbox 2816 1983 3078 2053; x_wconf 75' lang='grc' dir='ltr'><strong>ὀνόματος</strong></span> <span class='ocrx_word' id='word_1_354' title='bbox 3100 1982 3264 2035; x_wconf 79' lang='grc' dir='ltr'><strong>αὐτοῦ</strong></span> <span class='ocrx_word' id='word_1_355' title='bbox 3294 1985 3352 2035; x_wconf 82' lang='grc' dir='ltr'><strong>ἐν</strong></span> <span class='ocrx_word' id='word_1_356' title='bbox 3389 1983 3537 2052; x_wconf 84' lang='grc' dir='ltr'><strong>πάσῃ</strong></span> <span class='ocrx_word' id='word_1_357' title='bbox 3563 1985 3630 2053; x_wconf 72' lang='grc' dir='ltr'><strong>τῇ</strong></span> 
     </span>
    </p>
   </div>
   <div class='ocr_carea' id='block_1_49' title="bbox 2041 2073 3631 2147">
    <p class='ocr_par' dir='ltr' id='par_1_49' title="bbox 2041 2073 3631 2147">
     <span class='ocr_line' id='line_1_49' title="bbox 2041 2073 3631 2147; baseline -0.003 -18"><span class='ocrx_word' id='word_1_358' title='bbox 2041 2080 2135 2147; x_wconf 78' lang='grc' dir='ltr'><strong>γῇ,</strong></span> <span class='ocrx_word' id='word_1_359' title='bbox 2166 2076 2336 2128; x_wconf 88' lang='grc' dir='ltr'><strong>ἐννόει</strong></span> <span class='ocrx_word' id='word_1_360' title='bbox 2369 2076 2541 2146; x_wconf 80' lang='grc' dir='ltr'><strong>πόσην</strong></span> <span class='ocrx_word' id='word_1_361' title='bbox 2564 2074 2783 2141; x_wconf 78' lang='grc' dir='ltr'><strong>ἔνδειξιν</strong></span> <span class='ocrx_word' id='word_1_362' title='bbox 2807 2074 3088 2144; x_wconf 88' lang='grc' dir='ltr'><strong>δυνάμεως</strong></span> <span class='ocrx_word' id='word_1_363' title='bbox 3121 2073 3255 2126; x_wconf 91' lang='grc' dir='ltr'><strong>Θεοῦ</strong></span> <span class='ocrx_word' id='word_1_364' title='bbox 3292 2073 3533 2144; x_wconf 77' lang='grc' dir='ltr'><strong>περιέχει</strong></span> <span class='ocrx_word' id='word_1_365' title='bbox 3563 2073 3631 2125; x_wconf 76' lang='grc' dir='ltr'><strong>τὰ</strong></span> 
     </span>
    </p>
   </div>
   <div class='ocr_carea' id='block_1_50' title="bbox 2040 2164 3629 2240">
    <p class='ocr_par' dir='ltr' id='par_1_50' title="bbox 2040 2164 3629 2240">
     <span class='ocr_line' id='line_1_50' title="bbox 2040 2164 3629 2240; baseline -0.004 -18"><span class='ocrx_word' id='word_1_366' title='bbox 2040 2168 2265 2240; x_wconf 78' lang='grc' dir='ltr'><strong>οὐράνια</strong></span> <span class='ocrx_word' id='word_1_367' title='bbox 2311 2168 2533 2236; x_wconf 77' lang='grc' dir='ltr'><strong>σημεῖα,</strong></span> <span class='ocrx_word' id='word_1_368' title='bbox 2570 2166 2785 2218; x_wconf 84' lang='grc' dir='ltr'><strong>πάντων</strong></span> <span class='ocrx_word' id='word_1_369' title='bbox 2824 2166 2932 2218; x_wconf 83' lang='grc' dir='ltr'><strong>τῶν</strong></span> <span class='ocrx_word' id='word_1_370' title='bbox 2961 2167 3057 2218; x_wconf 81' lang='grc' dir='ltr'><strong>ἀπ’</strong></span> <span class='ocrx_word' id='word_1_371' title='bbox 3089 2164 3284 2226; x_wconf 82' lang='grc' dir='ltr'><strong>αίῶνος</strong></span> <span class='ocrx_word' id='word_1_372' title='bbox 3314 2164 3418 2226; x_wconf 77' lang='grc' dir='ltr'><strong>ἕως</strong></span> <span class='ocrx_word' id='word_1_373' title='bbox 3445 2180 3629 2216; x_wconf 86' lang='grc' dir='ltr'><strong>συντε-</strong></span> 
     </span>
    </p>
   </div>
   <div class='ocr_carea' id='block_1_51' title="bbox 2041 2256 3621 2329">
    <p class='ocr_par' dir='ltr' id='par_1_51' title="bbox 2041 2256 3621 2329">
     <span class='ocr_line' id='line_1_51' title="bbox 2041 2256 3621 2329; baseline -0.004 -15"><span class='ocrx_word' id='word_1_374' title='bbox 2041 2262 2189 2323; x_wconf 82' lang='grc' dir='ltr'><strong>λείας</strong></span> <span class='ocrx_word' id='word_1_375' title='bbox 2216 2259 2676 2329; x_wconf 78' lang='grc' dir='ltr'><strong>ἐντετυπωμένων</strong></span> <span class='ocrx_word' id='word_1_376' title='bbox 2696 2262 2759 2329; x_wconf 81' lang='grc' dir='ltr'><strong>τῇ</strong></span> <span class='ocrx_word' id='word_1_377' title='bbox 2789 2258 2916 2329; x_wconf 69' lang='grc' dir='ltr'><strong>ἀξία</strong></span> <span class='ocrx_word' id='word_1_378' title='bbox 2949 2258 3114 2328; x_wconf 79' lang='grc' dir='ltr'><strong>βίϐλῳ</strong></span> <span class='ocrx_word' id='word_1_379' title='bbox 3139 2257 3231 2310; x_wconf 87' lang='grc' dir='ltr'><strong>τοῦ</strong></span> <span class='ocrx_word' id='word_1_380' title='bbox 3261 2256 3394 2309; x_wconf 90' lang='grc' dir='ltr'><strong>Θεοῦ</strong></span> <span class='ocrx_word' id='word_1_381' title='bbox 3431 2256 3508 2326; x_wconf 85' lang='grc' dir='ltr'><strong>τῷ</strong></span> <span class='ocrx_word' id='word_1_382' title='bbox 3529 2257 3621 2309; x_wconf 83' lang='grc' dir='ltr'><strong>οὑ-</strong></span> 
     </span>
    </p>
   </div>
   <div class='ocr_carea' id='block_1_52' title="bbox 2043 2347 3629 2424">
    <p class='ocr_par' dir='ltr' id='par_1_52' title="bbox 2043 2347 3629 2424">
     <span class='ocr_line' id='line_1_52' title="bbox 2043 2347 3629 2424; baseline -0.002 -20"><span class='ocrx_word' id='word_1_383' title='bbox 2043 2351 2209 2424; x_wconf 82' lang='grc' dir='ltr'><strong>ρανῷ.</strong></span> <span class='ocrx_word' id='word_1_384' title='bbox 2263 2350 2523 2421; x_wconf 84' lang='grc' dir='ltr'><strong>Δεύτερον</strong></span> <span class='ocrx_word' id='word_1_385' title='bbox 2553 2349 2609 2401; x_wconf 79' lang='grc' dir='ltr'><strong>δὲ</strong></span> <span class='ocrx_word' id='word_1_386' title='bbox 2645 2347 2979 2420; x_wconf 75' lang='grc' dir='ltr'><strong>στοχάζομαι</strong></span> <span class='ocrx_word' id='word_1_387' title='bbox 3032 2352 3153 2413; x_wconf 83' lang='grc' dir='ltr'><strong>ταῖς</strong></span> <span class='ocrx_word' id='word_1_388' title='bbox 3200 2349 3267 2401; x_wconf 76' lang='grc' dir='ltr'><strong>τά</strong></span> <span class='ocrx_word' id='word_1_389' title='bbox 3314 2347 3629 2417; x_wconf 83' lang='grc' dir='ltr'><strong>ἀνθρώπινα</strong></span> 
     </span>
    </p>
   </div>
   <div class='ocr_carea' id='block_1_53' title="bbox 2039 2439 3630 2513">
    <p class='ocr_par' dir='ltr' id='par_1_53' title="bbox 2039 2439 3630 2513">
     <span class='ocr_line' id='line_1_53' title="bbox 2039 2439 3630 2513; baseline -0.003 -16"><span class='ocrx_word' id='word_1_390' title='bbox 2039 2443 2448 2513; x_wconf 83' lang='grc' dir='ltr'><strong>οἱκονομούσαις</strong></span> <span class='ocrx_word' id='word_1_391' title='bbox 2496 2442 2789 2511; x_wconf 88' lang='grc' dir='ltr'><strong>δυνάμεσιν</strong></span> <span class='ocrx_word' id='word_1_392' title='bbox 2834 2440 3113 2509; x_wconf 85' lang='grc' dir='ltr'><strong>ἐγκεῖσθαι</strong></span> <span class='ocrx_word' id='word_1_393' title='bbox 3145 2441 3211 2492; x_wconf 85' lang='grc' dir='ltr'><strong>τά</strong></span> <span class='ocrx_word' id='word_1_394' title='bbox 3262 2442 3481 2509; x_wconf 79' lang='grc' dir='ltr'><strong>σημεῖα,</strong></span> <span class='ocrx_word' id='word_1_395' title='bbox 3541 2439 3630 2492; x_wconf 84' lang='grc' dir='ltr'><strong>τνα</strong></span> 
     </span>
    </p>
   </div>
   <div class='ocr_carea' id='block_1_54' title="bbox 2037 2532 3631 2607">
    <p class='ocr_par' dir='ltr' id='par_1_54' title="bbox 2037 2532 3631 2607">
     <span class='ocr_line' id='line_1_54' title="bbox 2037 2532 3631 2607; baseline -0.003 -18"><span class='ocrx_word' id='word_1_396' title='bbox 2037 2536 2160 2589; x_wconf 80' lang='grc' dir='ltr'><strong>τινὰ</strong></span> <span class='ocrx_word' id='word_1_397' title='bbox 2184 2538 2282 2607; x_wconf 82' lang='grc' dir='ltr'><strong>μὲν</strong></span> <span class='ocrx_word' id='word_1_398' title='bbox 2304 2534 2611 2603; x_wconf 70' lang='grc' dir='ltr'><strong>γινώσκωσι</strong></span> <span class='ocrx_word' id='word_1_399' title='bbox 2642 2534 2820 2604; x_wconf 88' lang='grc' dir='ltr'><strong>μόνον,</strong></span> <span class='ocrx_word' id='word_1_400' title='bbox 2851 2536 2971 2587; x_wconf 74' lang='grc' dir='ltr'><strong>τινὰ</strong></span> <span class='ocrx_word' id='word_1_401' title='bbox 2985 2535 3041 2587; x_wconf 84' lang='grc' dir='ltr'><strong>δέ</strong></span> <span class='ocrx_word' id='word_1_402' title='bbox 3070 2533 3350 2604; x_wconf 78' lang='grc' dir='ltr'><strong>ἐνεργῶσι·</strong></span> <span class='ocrx_word' id='word_1_403' title='bbox 3378 2532 3631 2604; x_wconf 84' lang='grc' dir='ltr'><strong>καθάπερ</strong></span> 
     </span>
    </p>
   </div>
   <div class='ocr_carea' id='block_1_55' title="bbox 2038 2622 3629 2698">
    <p class='ocr_par' dir='ltr' id='par_1_55' title="bbox 2038 2622 3629 2698">
     <span class='ocr_line' id='line_1_55' title="bbox 2038 2622 3629 2698; baseline -0.002 -18"><span class='ocrx_word' id='word_1_404' title='bbox 2038 2631 2097 2682; x_wconf 89' lang='grc' dir='ltr'><strong>ἐν</strong></span> <span class='ocrx_word' id='word_1_405' title='bbox 2128 2631 2248 2691; x_wconf 86' lang='grc' dir='ltr'><strong>ταῖς</strong></span> <span class='ocrx_word' id='word_1_406' title='bbox 2275 2628 2406 2698; x_wconf 67' lang='grc' dir='ltr'><strong>παρ’</strong></span> <span class='ocrx_word' id='word_1_407' title='bbox 2442 2630 2572 2697; x_wconf 77' lang='grc' dir='ltr'><strong>ἡμῖν</strong></span> <span class='ocrx_word' id='word_1_408' title='bbox 2603 2626 2802 2695; x_wconf 81' lang='grc' dir='ltr'><strong>βίϐλοις</strong></span> <span class='ocrx_word' id='word_1_409' title='bbox 2832 2626 2868 2679; x_wconf 77' lang='grc' dir='ltr'><strong>ἀ</strong></span> <span class='ocrx_word' id='word_1_410' title='bbox 2897 2628 2995 2697; x_wconf 86' lang='grc' dir='ltr'><strong>μὲν</strong></span> <span class='ocrx_word' id='word_1_411' title='bbox 3024 2626 3331 2694; x_wconf 87' lang='grc' dir='ltr'><strong>γέγραπται</strong></span> <span class='ocrx_word' id='word_1_412' title='bbox 3356 2626 3441 2677; x_wconf 83' lang='grc' dir='ltr'><strong>ἵνα</strong></span> <span class='ocrx_word' id='word_1_413' title='bbox 3466 2622 3629 2692; x_wconf 85' lang='grc' dir='ltr'><strong>γινώ-</strong></span> 
     </span>
    </p>
   </div>
   <div class='ocr_carea' id='block_1_56' title="bbox 2040 2712 3627 2790">
    <p class='ocr_par' dir='ltr' id='par_1_56' title="bbox 2040 2712 3627 2790">
     <span class='ocr_line' id='line_1_56' title="bbox 2040 2712 3627 2790; baseline -0.003 -19"><span class='ocrx_word' id='word_1_414' title='bbox 2040 2732 2279 2789; x_wconf 74' lang='grc' dir='ltr'><strong>σκωμεν,</strong></span> <span class='ocrx_word' id='word_1_415' title='bbox 2324 2712 2435 2771; x_wconf 81' lang='grc' dir='ltr'><strong>οἷον</strong></span> <span class='ocrx_word' id='word_1_416' title='bbox 2477 2718 2544 2771; x_wconf 86' lang='grc' dir='ltr'><strong>τά</strong></span> <span class='ocrx_word' id='word_1_417' title='bbox 2584 2718 2709 2790; x_wconf 61' lang='grc' dir='ltr'><strong>περ)⁸</strong></span> <span class='ocrx_word' id='word_1_418' title='bbox 2743 2717 3100 2788; x_wconf 88' lang='grc' dir='ltr'><strong>κοσμοποιίας</strong></span> <span class='ocrx_word' id='word_1_419' title='bbox 3134 2718 3228 2768; x_wconf 72' lang='grc' dir='ltr'><strong>καὶ</strong></span> <span class='ocrx_word' id='word_1_420' title='bbox 3258 2715 3391 2768; x_wconf 80' lang='grc' dir='ltr'><strong>ἀλλα</strong></span> <span class='ocrx_word' id='word_1_421' title='bbox 3416 2716 3627 2785; x_wconf 81' lang='grc' dir='ltr'><strong>μυστή-</strong></span> 
     </span>
    </p>
   </div>
   <div class='ocr_carea' id='block_1_57' title="bbox 2042 2809 3628 2884">
    <p class='ocr_par' dir='ltr' id='par_1_57' title="bbox 2042 2809 3628 2884">
     <span class='ocr_line' id='line_1_57' title="bbox 2042 2809 3628 2884; baseline 0 -19"><span class='ocrx_word' id='word_1_422' title='bbox 2042 2830 2147 2884; x_wconf 90' lang='grc' dir='ltr'><strong>ρια·</strong></span> <span class='ocrx_word' id='word_1_423' title='bbox 2175 2813 2209 2867; x_wconf 78' lang='grc' dir='ltr'><strong>ἃ</strong></span> <span class='ocrx_word' id='word_1_424' title='bbox 2240 2814 2298 2867; x_wconf 75' lang='grc' dir='ltr'><strong>δὲ</strong></span> <span class='ocrx_word' id='word_1_425' title='bbox 2340 2813 2427 2866; x_wconf 83' lang='grc' dir='ltr'><strong>ἵνα</strong></span> <span class='ocrx_word' id='word_1_426' title='bbox 2458 2810 2813 2880; x_wconf 78' lang='grc' dir='ltr'><strong>γινώσκοντες</strong></span> <span class='ocrx_word' id='word_1_427' title='bbox 2860 2810 3124 2880; x_wconf 84' lang='grc' dir='ltr'><strong>ποιῶμεν,</strong></span> <span class='ocrx_word' id='word_1_428' title='bbox 3160 2810 3349 2880; x_wconf 83' lang='grc' dir='ltr'><strong>ὥσπερ</strong></span> <span class='ocrx_word' id='word_1_429' title='bbox 3381 2810 3448 2862; x_wconf 87' lang='grc' dir='ltr'><strong>τά</strong></span> <span class='ocrx_word' id='word_1_430' title='bbox 3497 2809 3628 2881; x_wconf 75' lang='grc' dir='ltr'><strong>περὶ</strong></span> 
     </span>
    </p>
   </div>
   <div class='ocr_carea' id='block_1_58' title="bbox 2036 2905 3629 2978">
    <p class='ocr_par' dir='ltr' id='par_1_58' title="bbox 2036 2905 3629 2978">
     <span class='ocr_line' id='line_1_58' title="bbox 2036 2905 3629 2978; baseline 0.001 -19"><span class='ocrx_word' id='word_1_431' title='bbox 2036 2910 2136 2971; x_wconf 75' lang='grc' dir='ltr'><strong>τὰς</strong></span> <span class='ocrx_word' id='word_1_432' title='bbox 2168 2908 2389 2971; x_wconf 78' lang='grc' dir='ltr'><strong>ἐντολὰς</strong></span> <span class='ocrx_word' id='word_1_433' title='bbox 2415 2909 2509 2960; x_wconf 73' lang='grc' dir='ltr'><strong>καὶ</strong></span> <span class='ocrx_word' id='word_1_434' title='bbox 2544 2908 2612 2962; x_wconf 85' lang='grc' dir='ltr'><strong>τά</strong></span> <span class='ocrx_word' id='word_1_435' title='bbox 2641 2909 3033 2978; x_wconf 79' lang='grc' dir='ltr'><strong>προστάγματα</strong></span> <span class='ocrx_word' id='word_1_436' title='bbox 3060 2906 3155 2959; x_wconf 84' lang='grc' dir='ltr'><strong>τοῦ</strong></span> <span class='ocrx_word' id='word_1_437' title='bbox 3190 2906 3345 2962; x_wconf 88' lang='grc' dir='ltr'><strong>Θεοῦ.</strong></span> <span class='ocrx_word' id='word_1_438' title='bbox 3392 2905 3629 2975; x_wconf 78' lang='grc' dir='ltr'><strong>Ἐνδέχε-</strong></span> 
     </span>
    </p>
   </div>
   <div class='ocr_carea' id='block_1_59' title="bbox 2036 2996 3627 3070">
    <p class='ocr_par' dir='ltr' id='par_1_59' title="bbox 2036 2996 3627 3070">
     <span class='ocr_line' id='line_1_59' title="bbox 2036 2996 3627 3070; baseline -0.001 -20"><span class='ocrx_word' id='word_1_439' title='bbox 2036 3015 2126 3051; x_wconf 85' lang='grc' dir='ltr'><strong>ται</strong></span> <span class='ocrx_word' id='word_1_440' title='bbox 2152 2999 2216 3068; x_wconf 84' lang='grc' dir='ltr'><strong>δὴ</strong></span> <span class='ocrx_word' id='word_1_441' title='bbox 2245 3000 2312 3052; x_wconf 78' lang='grc' dir='ltr'><strong>τὰ</strong></span> <span class='ocrx_word' id='word_1_442' title='bbox 2336 3000 2565 3070; x_wconf 75' lang='grc' dir='ltr'><strong>οὐράνια</strong></span> <span class='ocrx_word' id='word_1_443' title='bbox 2591 3002 2913 3070; x_wconf 84' lang='grc' dir='ltr'><strong>γράμματα,</strong></span> <span class='ocrx_word' id='word_1_444' title='bbox 2937 2998 2971 3051; x_wconf 78' lang='grc' dir='ltr'><strong>ἃ</strong></span> <span class='ocrx_word' id='word_1_445' title='bbox 2993 2998 3214 3066; x_wconf 74' lang='grc' dir='ltr'><strong>ἄγγελοι</strong></span> <span class='ocrx_word' id='word_1_446' title='bbox 3240 2999 3335 3051; x_wconf 76' lang='grc' dir='ltr'><strong>καὶ</strong></span> <span class='ocrx_word' id='word_1_447' title='bbox 3366 2996 3627 3066; x_wconf 76' lang='grc' dir='ltr'><strong>δυνάμεις</strong></span> 
     </span>
    </p>
   </div>
   <div class='ocr_carea' id='block_1_60' title="bbox 2038 3089 3626 3161">
    <p class='ocr_par' dir='ltr' id='par_1_60' title="bbox 2038 3089 3626 3161">
     <span class='ocr_line' id='line_1_60' title="bbox 2038 3089 3626 3161; baseline 0.001 -19"><span class='ocrx_word' id='word_1_448' title='bbox 2038 3089 2175 3143; x_wconf 84' lang='grc' dir='ltr'><strong>θεῖαι</strong></span> <span class='ocrx_word' id='word_1_449' title='bbox 2212 3090 2607 3161; x_wconf 80' lang='grc' dir='ltr'><strong>ἀναγινώσκειν</strong></span> <span class='ocrx_word' id='word_1_450' title='bbox 2650 3091 2833 3153; x_wconf 85' lang='grc' dir='ltr'><strong>καλῶς</strong></span> <span class='ocrx_word' id='word_1_451' title='bbox 2864 3091 3136 3151; x_wconf 80' lang='grc' dir='ltr'><strong>δύνανται,</strong></span> <span class='ocrx_word' id='word_1_452' title='bbox 3186 3091 3462 3161; x_wconf 81' lang='grc' dir='ltr'><strong>περιέχειν</strong></span> <span class='ocrx_word' id='word_1_453' title='bbox 3506 3089 3626 3143; x_wconf 70' lang='grc' dir='ltr'><strong>τινὰ</strong></span> 
     </span>
    </p>
   </div>
   <div class='ocr_carea' id='block_1_61' title="bbox 354 3171 1936 3257">
    <p class='ocr_par' dir='ltr' id='par_1_61' title="bbox 354 3171 1933 3250">
     <span class='ocr_line' id='line_1_61' title="bbox 354 3171 1933 3250; baseline 0.011 -26"><span class='ocrx_word' id='word_1_454' title='bbox 354 3171 603 3243; x_wconf 87' lang='lat' dir='ltr'><strong>legenda,</strong></span> <span class='ocrx_word' id='word_1_455' title='bbox 656 3182 712 3227; x_wconf 92' lang='lat' dir='ltr'><strong>ut</strong></span> <span class='ocrx_word' id='word_1_456' title='bbox 766 3189 953 3229; x_wconf 90' lang='lat' dir='ltr'><strong>eorum</strong></span> <span class='ocrx_word' id='word_1_457' title='bbox 1013 3178 1325 3246; x_wconf 84' lang='lat' dir='ltr'><strong>cognitione</strong></span> <span class='ocrx_word' id='word_1_458' title='bbox 1373 3181 1656 3250; x_wconf 64' lang='lat' dir='ltr'><strong>laetentur;</strong></span> <span class='ocrx_word' id='word_1_459' title='bbox 1718 3185 1822 3239; x_wconf 83' lang='lat' dir='ltr'><strong>alia</strong></span> <span class='ocrx_word' id='word_1_460' title='bbox 1870 3197 1933 3241; x_wconf 85' lang='lat' dir='ltr'><strong>ut</strong></span> 
     </span>
    </p>
   </div>
   <div class='ocr_carea' id='block_1_62' title="bbox 2039 3171 3624 3257">
    <p class='ocr_par' dir='ltr' id='par_1_62' title="bbox 2041 3181 3624 3255">
     <span class='ocr_line' id='line_1_62' title="bbox 2041 3181 3624 3255; baseline -0.001 -20"><span class='ocrx_word' id='word_1_461' title='bbox 2041 3183 2137 3251; x_wconf 73' lang='grc' dir='ltr'><strong>μὲν</strong></span> <span class='ocrx_word' id='word_1_462' title='bbox 2166 3183 2695 3255; x_wconf 82' lang='grc' dir='ltr'><strong>ἀναγνωσθησόμενα</strong></span> <span class='ocrx_word' id='word_1_463' title='bbox 2728 3184 2833 3236; x_wconf 83' lang='grc' dir='ltr'><strong>ὑπὸ</strong></span> <span class='ocrx_word' id='word_1_464' title='bbox 2860 3184 2967 3237; x_wconf 86' lang='grc' dir='ltr'><strong>τῶν</strong></span> <span class='ocrx_word' id='word_1_465' title='bbox 2998 3182 3242 3251; x_wconf 83' lang='grc' dir='ltr'><strong>ἀγγέλων</strong></span> <span class='ocrx_word' id='word_1_466' title='bbox 3262 3184 3356 3235; x_wconf 73' lang='grc' dir='ltr'><strong>καὶ</strong></span> <span class='ocrx_word' id='word_1_467' title='bbox 3380 3181 3624 3252; x_wconf 70' lang='grc' dir='ltr'><strong>λειτουρα</strong></span> 
     </span>
    </p>
   </div>
   <div class='ocr_carea' id='block_1_63' title="bbox 353 3266 1947 3343">
    <p class='ocr_par' dir='ltr' id='par_1_63' title="bbox 353 3266 1947 3343">
     <span class='ocr_line' id='line_1_63' title="bbox 353 3266 1947 3343; baseline 0.011 -26"><span class='ocrx_word' id='word_1_468' title='bbox 353 3266 607 3320; x_wconf 89' lang='lat' dir='ltr'><strong>mandata</strong></span> <span class='ocrx_word' id='word_1_469' title='bbox 638 3266 913 3337; x_wconf 83' lang='lat' dir='ltr'><strong>accipiant</strong></span> <span class='ocrx_word' id='word_1_470' title='bbox 946 3276 1000 3322; x_wconf 92' lang='lat' dir='ltr'><strong>et</strong></span> <span class='ocrx_word' id='word_1_471' title='bbox 1026 3268 1283 3325; x_wconf 88' lang='lat' dir='ltr'><strong>elliciant.</strong></span> <span class='ocrx_word' id='word_1_472' title='bbox 1311 3271 1499 3343; x_wconf 82' lang='lat' dir='ltr'><strong>Neque</strong></span> <span class='ocrx_word' id='word_1_473' title='bbox 1541 3276 1638 3331; x_wconf 83' lang='lat' dir='ltr'><strong>abs</strong></span> <span class='ocrx_word' id='word_1_474' title='bbox 1683 3292 1740 3331; x_wconf 89' lang='lat' dir='ltr'><strong>re</strong></span> <span class='ocrx_word' id='word_1_475' title='bbox 1780 3278 1947 3334; x_wconf 76' lang='lat' dir='ltr'><strong>dixe-&#39;</strong></span> 
     </span>
    </p>
   </div>
   <div class='ocr_carea' id='block_1_64' title="bbox 354 3357 1928 3433">
    <p class='ocr_par' dir='ltr' id='par_1_64' title="bbox 354 3357 1928 3433">
     <span class='ocr_line' id='line_1_64' title="bbox 354 3357 1928 3433; baseline 0.011 -23"><span class='ocrx_word' id='word_1_476' title='bbox 354 3357 549 3425; x_wconf 87' lang='lat' dir='ltr'><strong>rimus,</strong></span> <span class='ocrx_word' id='word_1_477' title='bbox 596 3360 769 3415; x_wconf 86' lang='lat' dir='ltr'><strong>simile</strong></span> <span class='ocrx_word' id='word_1_478' title='bbox 807 3362 939 3430; x_wconf 89' lang='lat' dir='ltr'><strong>quid</strong></span> <span class='ocrx_word' id='word_1_479' title='bbox 977 3362 1078 3433; x_wconf 84' lang='lat' dir='ltr'><strong>legi</strong></span> <span class='ocrx_word' id='word_1_480' title='bbox 1130 3366 1328 3420; x_wconf 70' lang='lat' dir='ltr'><strong>caelum</strong></span> <span class='ocrx_word' id='word_1_481' title='bbox 1367 3378 1420 3421; x_wconf 90' lang='lat' dir='ltr'><strong>et</strong></span> <span class='ocrx_word' id='word_1_482' title='bbox 1448 3378 1591 3423; x_wconf 89' lang='lat' dir='ltr'><strong>astra</strong></span> <span class='ocrx_word' id='word_1_483' title='bbox 1619 3374 1928 3428; x_wconf 86' lang='lat' dir='ltr'><strong>continere:</strong></span> 
     </span>
    </p>
   </div>
   <div class='ocr_carea' id='block_1_65' title="bbox 352 3450 1931 3532">
    <p class='ocr_par' dir='ltr' id='par_1_65' title="bbox 352 3450 1931 3532">
     <span class='ocr_line' id='line_1_65' title="bbox 352 3450 1931 3532; baseline 0.008 -27"><span class='ocrx_word' id='word_1_484' title='bbox 352 3450 398 3505; x_wconf 88' lang='lat' dir='ltr'><strong>si</strong></span> <span class='ocrx_word' id='word_1_485' title='bbox 430 3464 556 3504; x_wconf 84' lang='lat' dir='ltr'><strong>vero</strong></span> <span class='ocrx_word' id='word_1_486' title='bbox 581 3451 818 3521; x_wconf 78' lang='lat' dir='ltr'><strong>pejores,</strong></span> <span class='ocrx_word' id='word_1_487' title='bbox 856 3467 912 3510; x_wconf 89' lang='lat' dir='ltr'><strong>et</strong></span> <span class='ocrx_word' id='word_1_488' title='bbox 939 3456 1057 3510; x_wconf 74' lang='lat' dir='ltr'><strong>alia:</strong></span> <span class='ocrx_word' id='word_1_489' title='bbox 1079 3459 1145 3512; x_wconf 87' lang='lat' dir='ltr'><strong>ab</strong></span> <span class='ocrx_word' id='word_1_490' title='bbox 1179 3460 1397 3515; x_wconf 91' lang='lat' dir='ltr'><strong>homine</strong></span> <span class='ocrx_word' id='word_1_491' title='bbox 1431 3462 1660 3517; x_wconf 81' lang='lat' dir='ltr'><strong>virtutes</strong></span> <span class='ocrx_word' id='word_1_492' title='bbox 1685 3467 1931 3532; x_wconf 68' lang='lat' dir='ltr'><strong>quaedam</strong></span> 
     </span>
    </p>
   </div>
   <div class='ocr_carea' id='block_1_66' title="bbox 352 3545 1931 3625">
    <p class='ocr_par' dir='ltr' id='par_1_66' title="bbox 352 3545 1931 3625">
     <span class='ocr_line' id='line_1_66' title="bbox 352 3545 1931 3625; baseline 0.009 -29"><span class='ocrx_word' id='word_1_493' title='bbox 352 3557 385 3596; x_wconf 90' lang='lat' dir='ltr'><strong>e</strong></span> <span class='ocrx_word' id='word_1_494' title='bbox 446 3545 704 3613; x_wconf 86' lang='lat' dir='ltr'><strong>praenotis</strong></span> <span class='ocrx_word' id='word_1_495' title='bbox 758 3556 813 3601; x_wconf 90' lang='lat' dir='ltr'><strong>et</strong></span> <span class='ocrx_word' id='word_1_496' title='bbox 871 3549 924 3602; x_wconf 92' lang='lat' dir='ltr'><strong>in</strong></span> <span class='ocrx_word' id='word_1_497' title='bbox 979 3550 1122 3604; x_wconf 88' lang='lat' dir='ltr'><strong>coelo</strong></span> <span class='ocrx_word' id='word_1_498' title='bbox 1178 3554 1454 3620; x_wconf 81' lang='lat' dir='ltr'><strong>expressis</strong></span> <span class='ocrx_word' id='word_1_499' title='bbox 1515 3555 1931 3625; x_wconf 81' lang='lat' dir='ltr'><strong>designatisque</strong></span> 
     </span>
    </p>
   </div>
   <div class='ocr_carea' id='block_1_67' title="bbox 354 3632 1935 3712">
    <p class='ocr_par' dir='ltr' id='par_1_67' title="bbox 354 3632 1935 3712">
     <span class='ocr_line' id='line_1_67' title="bbox 354 3632 1935 3712; baseline 0.011 -26"><span class='ocrx_word' id='word_1_500' title='bbox 354 3632 580 3700; x_wconf 75' lang='lat' dir='ltr'><strong>faciant,</strong></span> <span class='ocrx_word' id='word_1_501' title='bbox 616 3636 743 3690; x_wconf 90' lang='lat' dir='ltr'><strong>nihil</strong></span> <span class='ocrx_word' id='word_1_502' title='bbox 765 3648 848 3693; x_wconf 90' lang='lat' dir='ltr'><strong>est</strong></span> <span class='ocrx_word' id='word_1_503' title='bbox 883 3656 1106 3696; x_wconf 85' lang='lat' dir='ltr'><strong>necesse</strong></span> <span class='ocrx_word' id='word_1_504' title='bbox 1131 3643 1276 3712; x_wconf 85' lang='lat' dir='ltr'><strong>ipsas</strong></span> <span class='ocrx_word' id='word_1_505' title='bbox 1303 3645 1502 3699; x_wconf 87' lang='lat' dir='ltr'><strong>divinis</strong></span> <span class='ocrx_word' id='word_1_506' title='bbox 1528 3646 1725 3701; x_wconf 86' lang='lat' dir='ltr'><strong>litteris</strong></span> <span class='ocrx_word' id='word_1_507' title='bbox 1747 3650 1935 3705; x_wconf 84' lang='lat' dir='ltr'><strong>admo-</strong></span> 
     </span>
    </p>
   </div>
   <div class='ocr_carea' id='block_1_68' title="bbox 353 3727 1931 3807">
    <p class='ocr_par' dir='ltr' id='par_1_68' title="bbox 353 3727 1931 3807">
     <span class='ocr_line' id='line_1_68' title="bbox 353 3727 1931 3807; baseline 0.011 -29"><span class='ocrx_word' id='word_1_508' title='bbox 353 3727 499 3779; x_wconf 88' lang='lat' dir='ltr'><strong>nitas</strong></span> <span class='ocrx_word' id='word_1_509' title='bbox 549 3727 730 3783; x_wconf 89' lang='lat' dir='ltr'><strong>facere</strong></span> <span class='ocrx_word' id='word_1_510' title='bbox 786 3745 908 3799; x_wconf 62' lang='lat' dir='ltr'><strong>qua}</strong></span> <span class='ocrx_word' id='word_1_511' title='bbox 958 3733 1256 3790; x_wconf 90' lang='lat' dir='ltr'><strong>moliuntur</strong></span> <span class='ocrx_word' id='word_1_512' title='bbox 1289 3738 1424 3790; x_wconf 87' lang='lat' dir='ltr'><strong>:sed</strong></span> <span class='ocrx_word' id='word_1_513' title='bbox 1476 3741 1931 3807; x_wconf 88' lang='lat' dir='ltr'><strong>quemadmodum</strong></span> 
     </span>
    </p>
   </div>
   <div class='ocr_carea' id='block_1_69' title="bbox 352 3816 1935 3899">
    <p class='ocr_par' dir='ltr' id='par_1_69' title="bbox 352 3816 1935 3899">
     <span class='ocr_line' id='line_1_69' title="bbox 352 3816 1935 3899; baseline 0.011 -30"><span class='ocrx_word' id='word_1_514' title='bbox 352 3816 605 3871; x_wconf 88' lang='lat' dir='ltr'><strong>homines</strong></span> <span class='ocrx_word' id='word_1_515' title='bbox 627 3818 878 3886; x_wconf 88' lang='lat' dir='ltr'><strong>injuriam</strong></span> <span class='ocrx_word' id='word_1_516' title='bbox 917 3821 1196 3890; x_wconf 82' lang='lat' dir='ltr'><strong>facientes,</strong></span> <span class='ocrx_word' id='word_1_517' title='bbox 1225 3841 1321 3881; x_wconf 89' lang='lat' dir='ltr'><strong>nec</strong></span> <span class='ocrx_word' id='word_1_518' title='bbox 1347 3828 1579 3883; x_wconf 89' lang='lat' dir='ltr'><strong>scientes</strong></span> <span class='ocrx_word' id='word_1_519' title='bbox 1606 3833 1935 3899; x_wconf 64' lang='lat' dir='ltr'><strong>praenovisse</strong></span> 
     </span>
    </p>
   </div>
   <div class='ocr_carea' id='block_1_70' title="bbox 355 3906 1934 3988">
    <p class='ocr_par' dir='ltr' id='par_1_70' title="bbox 355 3906 1934 3988">
     <span class='ocr_line' id='line_1_70' title="bbox 355 3906 1934 3988; baseline 0.009 -29"><span class='ocrx_word' id='word_1_520' title='bbox 355 3906 524 3960; x_wconf 85' lang='lat' dir='ltr'><strong>Deum</strong></span> <span class='ocrx_word' id='word_1_521' title='bbox 554 3907 700 3962; x_wconf 86' lang='lat' dir='ltr'><strong>hunc</strong></span> <span class='ocrx_word' id='word_1_522' title='bbox 732 3910 833 3964; x_wconf 86' lang='lat' dir='ltr'><strong>abs</strong></span> <span class='ocrx_word' id='word_1_523' title='bbox 865 3925 923 3967; x_wconf 83' lang='lat' dir='ltr'><strong>se</strong></span> <span class='ocrx_word' id='word_1_524' title='bbox 961 3912 1153 3980; x_wconf 89' lang='lat' dir='ltr'><strong>injuria</strong></span> <span class='ocrx_word' id='word_1_525' title='bbox 1181 3914 1432 3970; x_wconf 81' lang='lat' dir='ltr'><strong>affectum</strong></span> <span class='ocrx_word' id='word_1_526' title='bbox 1477 3918 1567 3983; x_wconf 90' lang='lat' dir='ltr'><strong>iri,</strong></span> <span class='ocrx_word' id='word_1_527' title='bbox 1620 3934 1717 3988; x_wconf 91' lang='lat' dir='ltr'><strong>per</strong></span> <span class='ocrx_word' id='word_1_528' title='bbox 1778 3936 1934 3973; x_wconf 86' lang='lat' dir='ltr'><strong>suam</strong></span> 
     </span>
    </p>
   </div>
   <div class='ocr_carea' id='block_1_71' title="bbox 356 3999 1934 4081">
    <p class='ocr_par' dir='ltr' id='par_1_71' title="bbox 356 3999 1934 4081">
     <span class='ocr_line' id='line_1_71' title="bbox 356 3999 1934 4081; baseline 0.011 -32"><span class='ocrx_word' id='word_1_529' title='bbox 356 3999 763 4067; x_wconf 89' lang='lat' dir='ltr'><strong>improbitatem</strong></span> <span class='ocrx_word' id='word_1_530' title='bbox 814 4003 1069 4073; x_wconf 89' lang='lat' dir='ltr'><strong>injuriam</strong></span> <span class='ocrx_word' id='word_1_531' title='bbox 1122 4005 1363 4072; x_wconf 90' lang='lat' dir='ltr'><strong>faciunt;</strong></span> <span class='ocrx_word' id='word_1_532' title='bbox 1407 4009 1485 4063; x_wconf 91' lang='lat' dir='ltr'><strong>sic</strong></span> <span class='ocrx_word' id='word_1_533' title='bbox 1517 4011 1626 4064; x_wconf 89' lang='lat' dir='ltr'><strong>Deo</strong></span> <span class='ocrx_word' id='word_1_534' title='bbox 1677 4013 1934 4081; x_wconf 68' lang='lat' dir='ltr'><strong>opposita:</strong></span> 
     </span>
    </p>
   </div>
   <div class='ocr_carea' id='block_1_72' title="bbox 355 4089 1935 4173">
    <p class='ocr_par' dir='ltr' id='par_1_72' title="bbox 355 4089 1935 4173">
     <span class='ocr_line' id='line_1_72' title="bbox 355 4089 1935 4173; baseline 0.011 -32"><span class='ocrx_word' id='word_1_535' title='bbox 355 4089 611 4155; x_wconf 83' lang='lat' dir='ltr'><strong>virtutes,</strong></span> <span class='ocrx_word' id='word_1_536' title='bbox 658 4108 778 4161; x_wconf 70' lang='lat' dir='ltr'><strong>quae</strong></span> <span class='ocrx_word' id='word_1_537' title='bbox 823 4095 1085 4150; x_wconf 82' lang='lat' dir='ltr'><strong>malitiam</strong></span> <span class='ocrx_word' id='word_1_538' title='bbox 1120 4098 1401 4153; x_wconf 89' lang='lat' dir='ltr'><strong>hominum</strong></span> <span class='ocrx_word' id='word_1_539' title='bbox 1438 4102 1644 4157; x_wconf 86' lang='lat' dir='ltr'><strong>scelera</strong></span> <span class='ocrx_word' id='word_1_540' title='bbox 1693 4105 1935 4173; x_wconf 84' lang='lat' dir='ltr'><strong>cogitan-</strong></span> 
     </span>
    </p>
   </div>
   <div class='ocr_carea' id='block_1_73' title="bbox 355 4183 1938 4265">
    <p class='ocr_par' dir='ltr' id='par_1_73' title="bbox 355 4183 1938 4265">
     <span class='ocr_line' id='line_1_73' title="bbox 355 4183 1938 4265; baseline 0.009 -29"><span class='ocrx_word' id='word_1_541' title='bbox 355 4183 488 4237; x_wconf 91' lang='lat' dir='ltr'><strong>tium</strong></span> <span class='ocrx_word' id='word_1_542' title='bbox 534 4201 936 4256; x_wconf 74' lang='lat' dir='ltr'><strong>przenoverunt,</strong></span> <span class='ocrx_word' id='word_1_543' title='bbox 974 4193 1192 4261; x_wconf 85' lang='lat' dir='ltr'><strong>propria</strong></span> <span class='ocrx_word' id='word_1_544' title='bbox 1231 4194 1282 4248; x_wconf 89' lang='lat' dir='ltr'><strong>id</strong></span> <span class='ocrx_word' id='word_1_545' title='bbox 1312 4203 1367 4248; x_wconf 92' lang='lat' dir='ltr'><strong>et</strong></span> <span class='ocrx_word' id='word_1_546' title='bbox 1399 4194 1706 4265; x_wconf 88' lang='lat' dir='ltr'><strong>turpissima</strong></span> <span class='ocrx_word' id='word_1_547' title='bbox 1742 4196 1938 4250; x_wconf 90' lang='lat' dir='ltr'><strong>volun-</strong></span> 
     </span>
    </p>
   </div>
   <div class='ocr_carea' id='block_1_74' title="bbox 353 4278 1931 4360">
    <p class='ocr_par' dir='ltr' id='par_1_74' title="bbox 353 4278 1931 4360">
     <span class='ocr_line' id='line_1_74' title="bbox 353 4278 1931 4360; baseline 0.009 -31"><span class='ocrx_word' id='word_1_548' title='bbox 353 4284 464 4329; x_wconf 89' lang='lat' dir='ltr'><strong>tate</strong></span> <span class='ocrx_word' id='word_1_549' title='bbox 485 4278 792 4346; x_wconf 82' lang='lat' dir='ltr'><strong>perliciunt.</strong></span> <span class='ocrx_word' id='word_1_550' title='bbox 820 4280 978 4336; x_wconf 86' lang='lat' dir='ltr'><strong>Sacri</strong></span> <span class='ocrx_word' id='word_1_551' title='bbox 1003 4294 1184 4338; x_wconf 90' lang='lat' dir='ltr'><strong>autem</strong></span> <span class='ocrx_word' id='word_1_552' title='bbox 1210 4284 1407 4354; x_wconf 85' lang='lat' dir='ltr'><strong>angeli,</strong></span> <span class='ocrx_word' id='word_1_553' title='bbox 1434 4287 1740 4342; x_wconf 89' lang='lat' dir='ltr'><strong>administri</strong></span> <span class='ocrx_word' id='word_1_554' title='bbox 1767 4289 1931 4360; x_wconf 88' lang='lat' dir='ltr'><strong>spiri-</strong></span> 
     </span>
    </p>
   </div>
   <div class='ocr_carea' id='block_1_75' title="bbox 356 4372 1931 4450">
    <p class='ocr_par' dir='ltr' id='par_1_75' title="bbox 356 4372 1931 4450">
     <span class='ocr_line' id='line_1_75' title="bbox 356 4372 1931 4450; baseline 0.01 -29"><span class='ocrx_word' id='word_1_555' title='bbox 356 4382 465 4431; x_wconf 87' lang='lat' dir='ltr'><strong>tus,</strong></span> <span class='ocrx_word' id='word_1_556' title='bbox 489 4382 543 4424; x_wconf 92' lang='lat' dir='ltr'><strong>et</strong></span> <span class='ocrx_word' id='word_1_557' title='bbox 580 4372 633 4424; x_wconf 91' lang='lat' dir='ltr'><strong>in</strong></span> <span class='ocrx_word' id='word_1_558' title='bbox 692 4374 1052 4429; x_wconf 84' lang='lat' dir='ltr'><strong>ministerium</strong></span> <span class='ocrx_word' id='word_1_559' title='bbox 1108 4380 1258 4432; x_wconf 87' lang='lat' dir='ltr'><strong>missi</strong></span> <span class='ocrx_word' id='word_1_560' title='bbox 1313 4379 1359 4413; x_wconf 77' lang='lat'><strong>“</strong></span> <span class='ocrx_word' id='word_1_561' title='bbox 1409 4390 1559 4435; x_wconf 90' lang='lat' dir='ltr'><strong>certe</strong></span> <span class='ocrx_word' id='word_1_562' title='bbox 1610 4389 1868 4450; x_wconf 87' lang='lat' dir='ltr'><strong>tanquam</strong></span> <span class='ocrx_word' id='word_1_563' title='bbox 1901 4398 1931 4436; x_wconf 89' lang='lat' dir='ltr'><strong>a</strong></span> 
     </span>
    </p>
   </div>
   <div class='ocr_carea' id='block_1_76' title="bbox 354 4460 1930 4539">
    <p class='ocr_par' dir='ltr' id='par_1_76' title="bbox 354 4460 1930 4539">
     <span class='ocr_line' id='line_1_76' title="bbox 354 4460 1930 4539; baseline 0.008 -24"><span class='ocrx_word' id='word_1_564' title='bbox 354 4460 450 4515; x_wconf 84' lang='lat' dir='ltr'><strong>Dei</strong></span> <span class='ocrx_word' id='word_1_565' title='bbox 470 4462 585 4532; x_wconf 83' lang='lat' dir='ltr'><strong>lege</strong></span> <span class='ocrx_word' id='word_1_566' title='bbox 602 4465 930 4533; x_wconf 88' lang='lat' dir='ltr'><strong>accipientes</strong></span> <span class='ocrx_word' id='word_1_567' title='bbox 948 4467 1147 4536; x_wconf 88' lang='lat' dir='ltr'><strong>scripta</strong></span> <span class='ocrx_word' id='word_1_568' title='bbox 1168 4469 1445 4533; x_wconf 88' lang='lat' dir='ltr'><strong>mandata,</strong></span> <span class='ocrx_word' id='word_1_569' title='bbox 1466 4480 1611 4525; x_wconf 89' lang='lat' dir='ltr'><strong>recte</strong></span> <span class='ocrx_word' id='word_1_570' title='bbox 1642 4481 1698 4527; x_wconf 89' lang='lat' dir='ltr'><strong>et</strong></span> <span class='ocrx_word' id='word_1_571' title='bbox 1718 4473 1930 4539; x_wconf 88' lang='lat' dir='ltr'><strong>ordine,</strong></span> 
     </span>
    </p>
   </div>
   <div class='ocr_carea' id='block_1_77' title="bbox 2035 3270 3627 3344">
    <p class='ocr_par' dir='ltr' id='par_1_77' title="bbox 2035 3270 3627 3344">
     <span class='ocr_line' id='line_1_77' title="bbox 2035 3270 3627 3344; baseline 0 -20"><span class='ocrx_word' id='word_1_572' title='bbox 2035 3274 2146 3341; x_wconf 82' lang='grc' dir='ltr'><strong>γῶν</strong></span> <span class='ocrx_word' id='word_1_573' title='bbox 2178 3272 2275 3327; x_wconf 85' lang='grc' dir='ltr'><strong>τοῦ</strong></span> <span class='ocrx_word' id='word_1_574' title='bbox 2314 3273 2473 3337; x_wconf 91' lang='grc' dir='ltr'><strong>Θεοῦ,</strong></span> <span class='ocrx_word' id='word_1_575' title='bbox 2514 3274 2602 3327; x_wconf 79' lang='grc' dir='ltr'><strong>ἵνα</strong></span> <span class='ocrx_word' id='word_1_576' title='bbox 2648 3274 3050 3344; x_wconf 79' lang='grc' dir='ltr'><strong>εὐφραίνωνται</strong></span> <span class='ocrx_word' id='word_1_577' title='bbox 3078 3272 3453 3340; x_wconf 83' lang='grc' dir='ltr'><strong>γινώσκοντες·</strong></span> <span class='ocrx_word' id='word_1_578' title='bbox 3506 3270 3627 3325; x_wconf 81' lang='grc' dir='ltr'><strong>τινὰ</strong></span> 
     </span>
    </p>
   </div>
   <div class='ocr_carea' id='block_1_78' title="bbox 2033 3363 3626 3437">
    <p class='ocr_par' dir='ltr' id='par_1_78' title="bbox 2033 3363 3626 3437">
     <span class='ocr_line' id='line_1_78' title="bbox 2033 3363 3626 3437; baseline -0.002 -19"><span class='ocrx_word' id='word_1_579' title='bbox 2033 3366 2087 3419; x_wconf 87' lang='grc' dir='ltr'><strong>δὲ</strong></span> <span class='ocrx_word' id='word_1_580' title='bbox 2128 3365 2633 3437; x_wconf 76' lang='grc' dir='ltr'><strong>ὡσπερεὶ-ἐντολάς</strong></span> <span class='ocrx_word' id='word_1_581' title='bbox 2692 3365 3061 3435; x_wconf 74' lang='grc' dir='ltr'><strong>λαμϐάνοντες</strong></span> <span class='ocrx_word' id='word_1_582' title='bbox 3106 3364 3321 3417; x_wconf 80' lang='grc' dir='ltr'><strong>ποιῶσι.</strong></span> <span class='ocrx_word' id='word_1_583' title='bbox 3371 3363 3480 3416; x_wconf 72' lang='grc' dir='ltr'><strong>Καὶ</strong></span> <span class='ocrx_word' id='word_1_584' title='bbox 3527 3363 3626 3434; x_wconf 82' lang='grc' dir='ltr'><strong>οὐχ</strong></span> 
     </span>
    </p>
   </div>
   <div class='ocr_carea' id='block_1_79' title="bbox 2033 3452 3626 3523">
    <p class='ocr_par' dir='ltr' id='par_1_79' title="bbox 2033 3452 3626 3523">
     <span class='ocr_line' id='line_1_79' title="bbox 2033 3452 3626 3523; baseline 0 -18"><span class='ocrx_word' id='word_1_585' title='bbox 2033 3453 2471 3523; x_wconf 80' lang='grc' dir='ltr'><strong>ἁμαρτησόμεθα</strong></span> <span class='ocrx_word' id='word_1_586' title='bbox 2501 3454 2561 3506; x_wconf 77' lang='grc' dir='ltr'><strong>τὸ</strong></span> <span class='ocrx_word' id='word_1_587' title='bbox 2588 3454 2850 3522; x_wconf 86' lang='grc' dir='ltr'><strong>ἀνάλογον</strong></span> <span class='ocrx_word' id='word_1_588' title='bbox 2879 3457 2988 3515; x_wconf 84' lang='grc' dir='ltr'><strong>τοῖς</strong></span> <span class='ocrx_word' id='word_1_589' title='bbox 3010 3456 3066 3506; x_wconf 82' lang='grc' dir='ltr'><strong>ἐν</strong></span> <span class='ocrx_word' id='word_1_590' title='bbox 3097 3453 3174 3523; x_wconf 84' lang='grc' dir='ltr'><strong>τῷ</strong></span> <span class='ocrx_word' id='word_1_591' title='bbox 3207 3454 3357 3523; x_wconf 83' lang='grc' dir='ltr'><strong>νόμῳ</strong></span> <span class='ocrx_word' id='word_1_592' title='bbox 3378 3452 3626 3522; x_wconf 77' lang='grc' dir='ltr'><strong>λέγοντες</strong></span> 
     </span>
    </p>
   </div>
   <div class='ocr_carea' id='block_1_80' title="bbox 2033 3544 3624 3617">
    <p class='ocr_par' dir='ltr' id='par_1_80' title="bbox 2033 3544 3624 3617">
     <span class='ocr_line' id='line_1_80' title="bbox 2033 3544 3624 3617; baseline -0.001 -21"><span class='ocrx_word' id='word_1_593' title='bbox 2033 3544 2176 3614; x_wconf 81' lang='grc' dir='ltr'><strong>ἔχειν</strong></span> <span class='ocrx_word' id='word_1_594' title='bbox 2203 3547 2294 3598; x_wconf 80' lang='grc' dir='ltr'><strong>τὸν</strong></span> <span class='ocrx_word' id='word_1_595' title='bbox 2326 3546 2551 3617; x_wconf 77' lang='grc' dir='ltr'><strong>οὐρανὸν</strong></span> <span class='ocrx_word' id='word_1_596' title='bbox 2596 3547 2691 3599; x_wconf 79' lang='grc' dir='ltr'><strong>καὶ</strong></span> <span class='ocrx_word' id='word_1_597' title='bbox 2724 3547 2849 3609; x_wconf 75' lang='grc' dir='ltr'><strong>τοὺς</strong></span> <span class='ocrx_word' id='word_1_598' title='bbox 2883 3546 3139 3617; x_wconf 83' lang='grc' dir='ltr'><strong>ἀστέρας·</strong></span> <span class='ocrx_word' id='word_1_599' title='bbox 3178 3545 3273 3597; x_wconf 85' lang='grc' dir='ltr'><strong>ἐὰν</strong></span> <span class='ocrx_word' id='word_1_600' title='bbox 3301 3545 3355 3597; x_wconf 75' lang='grc' dir='ltr'><strong>δὲ</strong></span> <span class='ocrx_word' id='word_1_601' title='bbox 3386 3545 3624 3615; x_wconf 83' lang='grc' dir='ltr'><strong>χείρονες</strong></span> 
     </span>
    </p>
   </div>
   <div class='ocr_carea' id='block_1_81' title="bbox 2035 3637 3624 3709">
    <p class='ocr_par' dir='ltr' id='par_1_81' title="bbox 2035 3637 3624 3709">
     <span class='ocr_line' id='line_1_81' title="bbox 2035 3637 3624 3709; baseline 0 -19"><span class='ocrx_word' id='word_1_602' title='bbox 2035 3639 2128 3691; x_wconf 71' lang='grc' dir='ltr'><strong>καὶ</strong></span> <span class='ocrx_word' id='word_1_603' title='bbox 2159 3639 2342 3707; x_wconf 72' lang='grc' dir='ltr'><strong>ἕτεραι</strong></span> <span class='ocrx_word' id='word_1_604' title='bbox 2374 3637 2469 3690; x_wconf 89' lang='grc' dir='ltr'><strong>τοῦ</strong></span> <span class='ocrx_word' id='word_1_605' title='bbox 2504 3638 2793 3709; x_wconf 84' lang='grc' dir='ltr'><strong>ἀνθρώπου</strong></span> <span class='ocrx_word' id='word_1_606' title='bbox 2836 3638 3107 3709; x_wconf 82' lang='grc' dir='ltr'><strong>ἐνέργειαι</strong></span> <span class='ocrx_word' id='word_1_607' title='bbox 3138 3637 3332 3690; x_wconf 83' lang='grc' dir='ltr'><strong>ποιῶσί</strong></span> <span class='ocrx_word' id='word_1_608' title='bbox 3367 3655 3488 3690; x_wconf 83' lang='grc' dir='ltr'><strong>τινα</strong></span> <span class='ocrx_word' id='word_1_609' title='bbox 3515 3637 3624 3690; x_wconf 87' lang='grc' dir='ltr'><strong>τῶν</strong></span> 
     </span>
    </p>
   </div>
   <div class='ocr_carea' id='block_1_82' title="bbox 2034 3730 3624 3802">
    <p class='ocr_par' dir='ltr' id='par_1_82' title="bbox 2034 3730 3624 3802">
     <span class='ocr_line' id='line_1_82' title="bbox 2034 3730 3624 3802; baseline 0.002 -21"><span class='ocrx_word' id='word_1_610' title='bbox 2034 3730 2502 3801; x_wconf 81' lang='grc' dir='ltr'><strong>προεγνωσμένων</strong></span> <span class='ocrx_word' id='word_1_611' title='bbox 2552 3733 2645 3784; x_wconf 78' lang='grc' dir='ltr'><strong>καὶ</strong></span> <span class='ocrx_word' id='word_1_612' title='bbox 2692 3733 3107 3802; x_wconf 82' lang='grc' dir='ltr'><strong>σημαινομένων</strong></span> <span class='ocrx_word' id='word_1_613' title='bbox 3147 3733 3204 3785; x_wconf 92' lang='grc' dir='ltr'><strong>ἐν</strong></span> <span class='ocrx_word' id='word_1_614' title='bbox 3232 3731 3465 3801; x_wconf 79' lang='grc' dir='ltr'><strong>οὐρανῷ,</strong></span> <span class='ocrx_word' id='word_1_615' title='bbox 3523 3732 3624 3784; x_wconf 77' lang='grc' dir='ltr'><strong>οὐκ</strong></span> 
     </span>
    </p>
   </div>
   <div class='ocr_carea' id='block_1_83' title="bbox 2034 3818 3626 3890">
    <p class='ocr_par' dir='ltr' id='par_1_83' title="bbox 2034 3818 3626 3890">
     <span class='ocr_line' id='line_1_83' title="bbox 2034 3818 3626 3890; baseline -0.002 -18"><span class='ocrx_word' id='word_1_616' title='bbox 2034 3820 2245 3890; x_wconf 81' lang='grc' dir='ltr'><strong>ἀνάγκη</strong></span> <span class='ocrx_word' id='word_1_617' title='bbox 2281 3819 2373 3872; x_wconf 61' lang='grc' dir='ltr'><strong>καὶ⁴</strong></span> <span class='ocrx_word' id='word_1_618' title='bbox 2420 3819 2587 3883; x_wconf 86' lang='grc' dir='ltr'><strong>αὺτάς</strong></span> <span class='ocrx_word' id='word_1_619' title='bbox 2634 3819 2743 3872; x_wconf 87' lang='grc' dir='ltr'><strong>ἀπὺ</strong></span> <span class='ocrx_word' id='word_1_620' title='bbox 2795 3820 2901 3871; x_wconf 76' lang='grc' dir='ltr'><strong>τῶν</strong></span> <span class='ocrx_word' id='word_1_621' title='bbox 2936 3818 3071 3872; x_wconf 82' lang='grc' dir='ltr'><strong>Θεοῦ</strong></span> <span class='ocrx_word' id='word_1_622' title='bbox 3114 3818 3457 3889; x_wconf 86' lang='grc' dir='ltr'><strong>γραμμάτων</strong></span> <span class='ocrx_word' id='word_1_623' title='bbox 3492 3818 3626 3869; x_wconf 83' lang='grc' dir='ltr'><strong>ὑπο-</strong></span> 
     </span>
    </p>
   </div>
   <div class='ocr_carea' id='block_1_84' title="bbox 2038 3909 3622 3981">
    <p class='ocr_par' dir='ltr' id='par_1_84' title="bbox 2038 3909 3622 3981">
     <span class='ocr_line' id='line_1_84' title="bbox 2038 3909 3622 3981; baseline -0.001 -19"><span class='ocrx_word' id='word_1_624' title='bbox 2038 3912 2483 3981; x_wconf 77' lang='grc' dir='ltr'><strong>μιμνησκομένας</strong></span> <span class='ocrx_word' id='word_1_625' title='bbox 2526 3913 2699 3963; x_wconf 86' lang='grc' dir='ltr'><strong>ποιεῖν</strong></span> <span class='ocrx_word' id='word_1_626' title='bbox 2724 3910 2759 3965; x_wconf 76' lang='grc' dir='ltr'><strong>ἃ</strong></span> <span class='ocrx_word' id='word_1_627' title='bbox 2793 3910 3128 3981; x_wconf 88' lang='grc' dir='ltr'><strong>ἐνεργοῦσιν·</strong></span> <span class='ocrx_word' id='word_1_628' title='bbox 3161 3912 3275 3965; x_wconf 85' lang='grc' dir='ltr'><strong>ἀλλ’</strong></span> <span class='ocrx_word' id='word_1_629' title='bbox 3312 3910 3501 3980; x_wconf 80' lang='grc' dir='ltr'><strong>ὥσπερ</strong></span> <span class='ocrx_word' id='word_1_630' title='bbox 3527 3909 3622 3962; x_wconf 80' lang='grc' dir='ltr'><strong>ἀν-</strong></span> 
     </span>
    </p>
   </div>
   <div class='ocr_carea' id='block_1_85' title="bbox 2037 3998 3623 4071">
    <p class='ocr_par' dir='ltr' id='par_1_85' title="bbox 2037 3998 3623 4071">
     <span class='ocr_line' id='line_1_85' title="bbox 2037 3998 3623 4071; baseline 0.002 -20"><span class='ocrx_word' id='word_1_631' title='bbox 2037 3998 2242 4069; x_wconf 87' lang='grc' dir='ltr'><strong>θρωποι</strong></span> <span class='ocrx_word' id='word_1_632' title='bbox 2273 4000 2602 4064; x_wconf 86' lang='grc' dir='ltr'><strong>ἀδικοῦντες,</strong></span> <span class='ocrx_word' id='word_1_633' title='bbox 2627 4000 2687 4053; x_wconf 83' lang='grc' dir='ltr'><strong>οὐ</strong></span> <span class='ocrx_word' id='word_1_634' title='bbox 2712 4001 3073 4071; x_wconf 79' lang='grc' dir='ltr'><strong>μανθάνοντες</strong></span> <span class='ocrx_word' id='word_1_635' title='bbox 3108 4000 3513 4070; x_wconf 83' lang='grc' dir='ltr'><strong>προεγνωκέναι</strong></span> <span class='ocrx_word' id='word_1_636' title='bbox 3532 4000 3623 4054; x_wconf 78' lang='grc' dir='ltr'><strong>τὸν</strong></span> 
     </span>
    </p>
   </div>
   <div class='ocr_carea' id='block_1_86' title="bbox 2033 4088 3625 4163">
    <p class='ocr_par' dir='ltr' id='par_1_86' title="bbox 2033 4088 3625 4163">
     <span class='ocr_line' id='line_1_86' title="bbox 2033 4088 3625 4163; baseline 0 -20"><span class='ocrx_word' id='word_1_637' title='bbox 2033 4091 2165 4143; x_wconf 84' lang='grc' dir='ltr'><strong>Θεὸν</strong></span> <span class='ocrx_word' id='word_1_638' title='bbox 2186 4090 2247 4143; x_wconf 80' lang='grc' dir='ltr'><strong>τὸ</strong></span> <span class='ocrx_word' id='word_1_639' title='bbox 2284 4090 2432 4143; x_wconf 85' lang='grc' dir='ltr'><strong>τόνδε</strong></span> <span class='ocrx_word' id='word_1_640' title='bbox 2464 4091 2586 4143; x_wconf 77' lang='grc' dir='ltr'><strong>τινὰ</strong></span> <span class='ocrx_word' id='word_1_641' title='bbox 2616 4090 2967 4163; x_wconf 81' lang='grc' dir='ltr'><strong>ἀδικήσεσθαι</strong></span> <span class='ocrx_word' id='word_1_642' title='bbox 2994 4092 3086 4143; x_wconf 76' lang='grc' dir='ltr'><strong>ὑπ’</strong></span> <span class='ocrx_word' id='word_1_643' title='bbox 3108 4092 3305 4155; x_wconf 72' lang='grc' dir='ltr'><strong>αὐτῶν,</strong></span> <span class='ocrx_word' id='word_1_644' title='bbox 3339 4088 3625 4161; x_wconf 76' lang='grc' dir='ltr'><strong>ἐνεργοῦσι</strong></span> 
     </span>
    </p>
   </div>
   <div class='ocr_carea' id='block_1_87' title="bbox 2033 4180 3625 4255">
    <p class='ocr_par' dir='ltr' id='par_1_87' title="bbox 2033 4180 3625 4255">
     <span class='ocr_line' id='line_1_87' title="bbox 2033 4180 3625 4255; baseline -0.001 -21"><span class='ocrx_word' id='word_1_645' title='bbox 2033 4182 2094 4235; x_wconf 80' lang='grc' dir='ltr'><strong>τὸ</strong></span> <span class='ocrx_word' id='word_1_646' title='bbox 2122 4182 2326 4235; x_wconf 85' lang='grc' dir='ltr'><strong>ἀδικεῖν</strong></span> <span class='ocrx_word' id='word_1_647' title='bbox 2354 4184 2417 4235; x_wconf 80' lang='grc' dir='ltr'><strong>ἐκ</strong></span> <span class='ocrx_word' id='word_1_648' title='bbox 2446 4184 2545 4253; x_wconf 82' lang='grc' dir='ltr'><strong>τῆς</strong></span> <span class='ocrx_word' id='word_1_649' title='bbox 2565 4184 2774 4236; x_wconf 80' lang='grc' dir='ltr'><strong>ἑαυτῶν</strong></span> <span class='ocrx_word' id='word_1_650' title='bbox 2796 4185 3077 4255; x_wconf 87' lang='grc' dir='ltr'><strong>πονηρίας·</strong></span> <span class='ocrx_word' id='word_1_651' title='bbox 3114 4182 3285 4246; x_wconf 74' lang='grc' dir='ltr'><strong>οὕτως</strong></span> <span class='ocrx_word' id='word_1_652' title='bbox 3312 4184 3365 4234; x_wconf 77' lang='lat' dir='ltr'><strong>al</strong></span> <span class='ocrx_word' id='word_1_653' title='bbox 3396 4180 3625 4234; x_wconf 80' lang='grc' dir='ltr'><strong>ἀντικει-</strong></span> 
     </span>
    </p>
   </div>
   <div class='ocr_carea' id='block_1_88' title="bbox 2035 4272 3625 4347">
    <p class='ocr_par' dir='ltr' id='par_1_88' title="bbox 2035 4272 3625 4347">
     <span class='ocr_line' id='line_1_88' title="bbox 2035 4272 3625 4347; baseline -0.003 -19"><span class='ocrx_word' id='word_1_654' title='bbox 2035 4292 2191 4346; x_wconf 88' lang='grc' dir='ltr'><strong>μεναι</strong></span> <span class='ocrx_word' id='word_1_655' title='bbox 2232 4275 2493 4345; x_wconf 87' lang='grc' dir='ltr'><strong>δυνάμεις</strong></span> <span class='ocrx_word' id='word_1_656' title='bbox 2522 4276 2615 4329; x_wconf 85' lang='grc' dir='ltr'><strong>τοῦ</strong></span> <span class='ocrx_word' id='word_1_657' title='bbox 2644 4276 2800 4343; x_wconf 84' lang='grc' dir='ltr'><strong>Θεοῦ,</strong></span> <span class='ocrx_word' id='word_1_658' title='bbox 2832 4280 2929 4347; x_wconf 79' lang='grc' dir='ltr'><strong>τὴν</strong></span> <span class='ocrx_word' id='word_1_659' title='bbox 2958 4277 3159 4330; x_wconf 80' lang='grc' dir='ltr'><strong>κακίαν</strong></span> <span class='ocrx_word' id='word_1_660' title='bbox 3186 4273 3293 4327; x_wconf 84' lang='grc' dir='ltr'><strong>τῶν</strong></span> <span class='ocrx_word' id='word_1_661' title='bbox 3321 4274 3388 4327; x_wconf 84' lang='grc' dir='ltr'><strong>τά</strong></span> <span class='ocrx_word' id='word_1_662' title='bbox 3422 4272 3625 4343; x_wconf 78' lang='grc' dir='ltr'><strong>μοχθη-</strong></span> 
     </span>
    </p>
   </div>
   <div class='ocr_carea' id='block_1_89' title="bbox 2036 4364 3623 4439">
    <p class='ocr_par' dir='ltr' id='par_1_89' title="bbox 2036 4364 3623 4439">
     <span class='ocr_line' id='line_1_89' title="bbox 2036 4364 3623 4439; baseline -0.002 -20"><span class='ocrx_word' id='word_1_663' title='bbox 2036 4366 2104 4437; x_wconf 81' lang='grc' dir='ltr'><strong>ρά</strong></span> <span class='ocrx_word' id='word_1_664' title='bbox 2152 4365 2487 4437; x_wconf 83' lang='grc' dir='ltr'><strong>βουλομένων</strong></span> <span class='ocrx_word' id='word_1_665' title='bbox 2538 4367 2841 4439; x_wconf 87' lang='grc' dir='ltr'><strong>ἀνθρώπων</strong></span> <span class='ocrx_word' id='word_1_666' title='bbox 2908 4366 3334 4437; x_wconf 78' lang='grc' dir='ltr'><strong>προεγνωκότες,</strong></span> <span class='ocrx_word' id='word_1_667' title='bbox 3384 4368 3451 4436; x_wconf 76' lang='grc' dir='ltr'><strong>τῇ</strong></span> <span class='ocrx_word' id='word_1_668' title='bbox 3514 4364 3623 4434; x_wconf 68' lang='grc' dir='ltr'><strong>ἰδίᾳ.</strong></span> 
     </span>
    </p>
   </div>
   <div class='ocr_carea' id='block_1_90' title="bbox 2034 4457 3626 4530">
    <p class='ocr_par' dir='ltr' id='par_1_90' title="bbox 2034 4457 3626 4530">
     <span class='ocr_line' id='line_1_90' title="bbox 2034 4457 3626 4530; baseline -0.001 -19"><span class='ocrx_word' id='word_1_669' title='bbox 2034 4460 2286 4530; x_wconf 79' lang='grc' dir='ltr'><strong>αἰσχίστῃ</strong></span> <span class='ocrx_word' id='word_1_670' title='bbox 2330 4460 2637 4512; x_wconf 84' lang='grc' dir='ltr'><strong>ἐπιτελοῦσι</strong></span> <span class='ocrx_word' id='word_1_671' title='bbox 2677 4459 3017 4529; x_wconf 85' lang='grc' dir='ltr'><strong>προαιρέσει.</strong></span> <span class='ocrx_word' id='word_1_672' title='bbox 3052 4460 3113 4510; x_wconf 82' lang='grc' dir='ltr'><strong>Οί</strong></span> <span class='ocrx_word' id='word_1_673' title='bbox 3157 4459 3335 4528; x_wconf 81' lang='grc' dir='ltr'><strong>μέντοι</strong></span> <span class='ocrx_word' id='word_1_674' title='bbox 3367 4458 3501 4528; x_wconf 75' lang='grc' dir='ltr'><strong>ἱεροὶ</strong></span> <span class='ocrx_word' id='word_1_675' title='bbox 3533 4457 3626 4525; x_wconf 79' lang='grc' dir='ltr'><strong>ἀγ-</strong></span> 
     </span>
    </p>
   </div>
   <div class='ocr_carea' id='block_1_91' title="bbox 353 4550 1936 4630">
    <p class='ocr_par' dir='ltr' id='par_1_91' title="bbox 353 4555 1929 4630">
     <span class='ocr_line' id='line_1_91' title="bbox 353 4555 1929 4630; baseline 0.007 -23"><span class='ocrx_word' id='word_1_676' title='bbox 353 4555 575 4621; x_wconf 88' lang='lat' dir='ltr'><strong>quando</strong></span> <span class='ocrx_word' id='word_1_677' title='bbox 619 4565 671 4609; x_wconf 90' lang='lat' dir='ltr'><strong>et</strong></span> <span class='ocrx_word' id='word_1_678' title='bbox 713 4558 982 4626; x_wconf 84' lang='lat' dir='ltr'><strong>quomodo</strong></span> <span class='ocrx_word' id='word_1_679' title='bbox 1021 4569 1395 4630; x_wconf 83' lang='lat' dir='ltr'><strong>quantumque</strong></span> <span class='ocrx_word' id='word_1_680' title='bbox 1424 4572 1664 4630; x_wconf 86' lang='lat' dir='ltr'><strong>oportet,</strong></span> <span class='ocrx_word' id='word_1_681' title='bbox 1703 4564 1929 4618; x_wconf 86' lang='lat' dir='ltr'><strong>meliora</strong></span> 
     </span>
    </p>
   </div>
   <div class='ocr_carea' id='block_1_92' title="bbox 2039 4550 3624 4630">
    <p class='ocr_par' dir='ltr' id='par_1_92' title="bbox 2039 4550 3624 4621">
     <span class='ocr_line' id='line_1_92' title="bbox 2039 4550 3624 4621; baseline 0.001 -19"><span class='ocrx_word' id='word_1_682' title='bbox 2039 4551 2205 4618; x_wconf 86' lang='grc' dir='ltr'><strong>γελοι,</strong></span> <span class='ocrx_word' id='word_1_683' title='bbox 2244 4551 2313 4603; x_wconf 85' lang='grc' dir='ltr'><strong>τά</strong></span> <span class='ocrx_word' id='word_1_684' title='bbox 2365 4551 2716 4621; x_wconf 78' lang='grc' dir='ltr'><strong>λειτουργικὰ</strong></span> <span class='ocrx_word' id='word_1_685' title='bbox 2770 4550 3072 4620; x_wconf 78' lang='grc' dir='ltr'><strong>πνεύματα,</strong></span> <span class='ocrx_word' id='word_1_686' title='bbox 3125 4550 3193 4603; x_wconf 70' lang='grc' dir='ltr'><strong>τὰ</strong></span> <span class='ocrx_word' id='word_1_687' title='bbox 3240 4552 3318 4613; x_wconf 75' lang='grc' dir='ltr'><strong>είς</strong></span> <span class='ocrx_word' id='word_1_688' title='bbox 3350 4551 3624 4603; x_wconf 76' lang='grc' dir='ltr'><strong>διακονίαν</strong></span> 
     </span>
    </p>
   </div>
   <div class='ocr_carea' id='block_1_93' title="bbox 353 4648 1928 4724">
    <p class='ocr_par' dir='ltr' id='par_1_93' title="bbox 353 4648 1928 4724">
     <span class='ocr_line' id='line_1_93' title="bbox 353 4648 1928 4724; baseline 0.004 -20"><span class='ocrx_word' id='word_1_689' title='bbox 353 4649 586 4708; x_wconf 85' lang='lat' dir='ltr'><strong>faciunt.</strong></span> <span class='ocrx_word' id='word_1_690' title='bbox 624 4648 935 4704; x_wconf 82' lang='lat' dir='ltr'><strong>Absurdum</strong></span> <span class='ocrx_word' id='word_1_691' title='bbox 962 4652 1105 4705; x_wconf 90' lang='lat' dir='ltr'><strong>enim</strong></span> <span class='ocrx_word' id='word_1_692' title='bbox 1140 4652 1213 4706; x_wconf 88' lang='lat' dir='ltr'><strong>sit</strong></span> <span class='ocrx_word' id='word_1_693' title='bbox 1237 4655 1404 4723; x_wconf 88' lang='lat' dir='ltr'><strong>ipsos,</strong></span> <span class='ocrx_word' id='word_1_694' title='bbox 1456 4655 1548 4724; x_wconf 88' lang='lat' dir='ltr'><strong>qui</strong></span> <span class='ocrx_word' id='word_1_695' title='bbox 1595 4656 1761 4709; x_wconf 81' lang='lat' dir='ltr'><strong>divini</strong></span> <span class='ocrx_word' id='word_1_696' title='bbox 1799 4656 1928 4724; x_wconf 89' lang='lat' dir='ltr'><strong>sint,</strong></span> 
     </span>
    </p>
   </div>
   <div class='ocr_carea' id='block_1_94' title="bbox 357 4746 1929 4815">
    <p class='ocr_par' dir='ltr' id='par_1_94' title="bbox 357 4746 1929 4815">
     <span class='ocr_line' id='line_1_94' title="bbox 357 4746 1929 4815; baseline 0.004 -16"><span class='ocrx_word' id='word_1_697' title='bbox 357 4760 564 4802; x_wconf 87' lang='lat' dir='ltr'><strong>temere</strong></span> <span class='ocrx_word' id='word_1_698' title='bbox 622 4762 723 4800; x_wconf 91' lang='lat' dir='ltr'><strong>nec</strong></span> <span class='ocrx_word' id='word_1_699' title='bbox 755 4746 979 4801; x_wconf 79' lang='lat' dir='ltr'><strong>definite</strong></span> <span class='ocrx_word' id='word_1_700' title='bbox 1022 4749 1229 4813; x_wconf 87' lang='lat' dir='ltr'><strong>venire,</strong></span> <span class='ocrx_word' id='word_1_701' title='bbox 1261 4759 1321 4804; x_wconf 93' lang='lat' dir='ltr'><strong>ut</strong></span> <span class='ocrx_word' id='word_1_702' title='bbox 1352 4750 1539 4815; x_wconf 86' lang='lat' dir='ltr'><strong>alicui,</strong></span> <span class='ocrx_word' id='word_1_703' title='bbox 1582 4753 1731 4806; x_wconf 86' lang='lat' dir='ltr'><strong>verbi</strong></span> <span class='ocrx_word' id='word_1_704' title='bbox 1768 4769 1929 4808; x_wconf 90' lang='lat' dir='ltr'><strong>causa</strong></span> 
     </span>
    </p>
   </div>
   <div class='ocr_carea' id='block_1_95' title="bbox 353 4836 1931 4913">
    <p class='ocr_par' dir='ltr' id='par_1_95' title="bbox 353 4836 1931 4913">
     <span class='ocr_line' id='line_1_95' title="bbox 353 4836 1931 4913; baseline 0.006 -25"><span class='ocrx_word' id='word_1_705' title='bbox 353 4836 625 4890; x_wconf 86' lang='lat' dir='ltr'><strong>Abraham</strong></span> <span class='ocrx_word' id='word_1_706' title='bbox 661 4844 716 4892; x_wconf 93' lang='lat' dir='ltr'><strong>et</strong></span> <span class='ocrx_word' id='word_1_707' title='bbox 751 4836 926 4903; x_wconf 88' lang='lat' dir='ltr'><strong>Isaae,</strong></span> <span class='ocrx_word' id='word_1_708' title='bbox 955 4838 1359 4903; x_wconf 88' lang='lat' dir='ltr'><strong>administrent,</strong></span> <span class='ocrx_word' id='word_1_709' title='bbox 1395 4838 1564 4894; x_wconf 88' lang='lat' dir='ltr'><strong>Jacob</strong></span> <span class='ocrx_word' id='word_1_710' title='bbox 1595 4858 1659 4895; x_wconf 80' lang='lat' dir='ltr'><strong>ex</strong></span> <span class='ocrx_word' id='word_1_711' title='bbox 1689 4843 1931 4913; x_wconf 85' lang='lat' dir='ltr'><strong>periculo</strong></span> 
     </span>
    </p>
   </div>
   <div class='ocr_carea' id='block_1_96' title="bbox 355 4929 1928 5004">
    <p class='ocr_par' dir='ltr' id='par_1_96' title="bbox 355 4929 1928 5004">
     <span class='ocr_line' id='line_1_96' title="bbox 355 4929 1928 5004; baseline 0.005 -23"><span class='ocrx_word' id='word_1_712' title='bbox 355 4930 628 4991; x_wconf 88' lang='lat' dir='ltr'><strong>lihereut,</strong></span> <span class='ocrx_word' id='word_1_713' title='bbox 677 4929 760 4983; x_wconf 83' lang='lat' dir='ltr'><strong>vel</strong></span> <span class='ocrx_word' id='word_1_714' title='bbox 821 4929 980 4997; x_wconf 90' lang='lat' dir='ltr'><strong>hujus</strong></span> <span class='ocrx_word' id='word_1_715' title='bbox 1037 4940 1131 4984; x_wconf 89' lang='lat' dir='ltr'><strong>aut</strong></span> <span class='ocrx_word' id='word_1_716' title='bbox 1179 4930 1320 4985; x_wconf 90' lang='lat' dir='ltr'><strong>illius</strong></span> <span class='ocrx_word' id='word_1_717' title='bbox 1365 4931 1652 5001; x_wconf 63' lang='lat' dir='ltr'><strong>Prophetas</strong></span> <span class='ocrx_word' id='word_1_718' title='bbox 1716 4935 1928 5004; x_wconf 87' lang='lat' dir='ltr'><strong>spiritui</strong></span> 
     </span>
    </p>
   </div>
   <div class='ocr_carea' id='block_1_97' title="bbox 355 5019 1928 5091">
    <p class='ocr_par' dir='ltr' id='par_1_97' title="bbox 355 5019 1928 5091">
     <span class='ocr_line' id='line_1_97' title="bbox 355 5019 1928 5091; baseline 0.004 -18"><span class='ocrx_word' id='word_1_719' title='bbox 355 5022 563 5077; x_wconf 72' lang='lat' dir='ltr'><strong>adsint.</strong></span> <span class='ocrx_word' id='word_1_720' title='bbox 618 5019 696 5073; x_wconf 84' lang='lat' dir='ltr'><strong>Ne</strong></span> <span class='ocrx_word' id='word_1_721' title='bbox 751 5021 915 5090; x_wconf 81' lang='lat' dir='ltr'><strong>igitur</strong></span> <span class='ocrx_word' id='word_1_722' title='bbox 969 5020 1021 5075; x_wconf 89' lang='lat' dir='ltr'><strong>id</strong></span> <span class='ocrx_word' id='word_1_723' title='bbox 1076 5030 1282 5077; x_wconf 89' lang='lat' dir='ltr'><strong>temere</strong></span> <span class='ocrx_word' id='word_1_724' title='bbox 1329 5033 1385 5078; x_wconf 93' lang='lat' dir='ltr'><strong>et</strong></span> <span class='ocrx_word' id='word_1_725' title='bbox 1432 5025 1656 5079; x_wconf 86' lang='lat' dir='ltr'><strong>fortuito</strong></span> <span class='ocrx_word' id='word_1_726' title='bbox 1702 5024 1928 5091; x_wconf 85' lang='lat' dir='ltr'><strong>faciant,</strong></span> 
     </span>
    </p>
   </div>
   <div class='ocr_carea' id='block_1_98' title="bbox 353 5112 1931 5183">
    <p class='ocr_par' dir='ltr' id='par_1_98' title="bbox 353 5112 1931 5183">
     <span class='ocr_line' id='line_1_98' title="bbox 353 5112 1931 5183; baseline 0.003 -17"><span class='ocrx_word' id='word_1_727' title='bbox 353 5112 551 5167; x_wconf 90' lang='lat' dir='ltr'><strong>librum</strong></span> <span class='ocrx_word' id='word_1_728' title='bbox 615 5113 708 5168; x_wconf 90' lang='lat' dir='ltr'><strong>Dei</strong></span> <span class='ocrx_word' id='word_1_729' title='bbox 754 5112 970 5182; x_wconf 89' lang='lat' dir='ltr'><strong>legunt;</strong></span> <span class='ocrx_word' id='word_1_730' title='bbox 1013 5112 1203 5182; x_wconf 89' lang='lat' dir='ltr'><strong>sicque</strong></span> <span class='ocrx_word' id='word_1_731' title='bbox 1250 5115 1391 5183; x_wconf 88' lang='lat' dir='ltr'><strong>quod</strong></span> <span class='ocrx_word' id='word_1_732' title='bbox 1429 5116 1482 5169; x_wconf 91' lang='lat' dir='ltr'><strong>in</strong></span> <span class='ocrx_word' id='word_1_733' title='bbox 1537 5118 1808 5171; x_wconf 88' lang='lat' dir='ltr'><strong>mandatis</strong></span> <span class='ocrx_word' id='word_1_734' title='bbox 1849 5129 1931 5172; x_wconf 90' lang='lat' dir='ltr'><strong>est</strong></span> 
     </span>
    </p>
   </div>
   <div class='ocr_carea' id='block_1_99' title="bbox 353 5204 1930 5276">
    <p class='ocr_par' dir='ltr' id='par_1_99' title="bbox 353 5204 1930 5276">
     <span class='ocr_line' id='line_1_99' title="bbox 353 5204 1930 5276; baseline 0.004 -19"><span class='ocrx_word' id='word_1_735' title='bbox 353 5214 631 5275; x_wconf 72' lang='lat' dir='ltr'><strong>praestant.</strong></span> <span class='ocrx_word' id='word_1_736' title='bbox 663 5204 772 5260; x_wconf 86' lang='lat' dir='ltr'><strong>Nos</strong></span> <span class='ocrx_word' id='word_1_737' title='bbox 796 5221 945 5273; x_wconf 85' lang='lat' dir='ltr'><strong>vero,</strong></span> <span class='ocrx_word' id='word_1_738' title='bbox 978 5217 1038 5261; x_wconf 90' lang='lat' dir='ltr'><strong>ut</strong></span> <span class='ocrx_word' id='word_1_739' title='bbox 1060 5218 1217 5262; x_wconf 86' lang='lat' dir='ltr'><strong>antea</strong></span> <span class='ocrx_word' id='word_1_740' title='bbox 1250 5208 1505 5273; x_wconf 79' lang='lat' dir='ltr'><strong>diximus,</strong></span> <span class='ocrx_word' id='word_1_741' title='bbox 1533 5223 1653 5276; x_wconf 66' lang='lat' dir='ltr'><strong>quat</strong></span> <span class='ocrx_word' id='word_1_742' title='bbox 1679 5208 1930 5273; x_wconf 86' lang='lat' dir='ltr'><strong>facimus,</strong></span> 
     </span>
    </p>
   </div>
   <div class='ocr_carea' id='block_1_100' title="bbox 352 5298 1933 5368">
    <p class='ocr_par' dir='ltr' id='par_1_100' title="bbox 352 5298 1933 5368">
     <span class='ocr_line' id='line_1_100' title="bbox 352 5298 1933 5368; baseline 0.004 -18"><span class='ocrx_word' id='word_1_743' title='bbox 352 5298 570 5366; x_wconf 85' lang='lat' dir='ltr'><strong>propria</strong></span> <span class='ocrx_word' id='word_1_744' title='bbox 625 5298 907 5353; x_wconf 88' lang='lat' dir='ltr'><strong>voluntate</strong></span> <span class='ocrx_word' id='word_1_745' title='bbox 944 5299 1211 5363; x_wconf 86' lang='lat' dir='ltr'><strong>facimus,</strong></span> <span class='ocrx_word' id='word_1_746' title='bbox 1266 5300 1560 5368; x_wconf 84' lang='lat' dir='ltr'><strong>itidemque</strong></span> <span class='ocrx_word' id='word_1_747' title='bbox 1607 5302 1933 5357; x_wconf 67' lang='lat' dir='ltr'><strong>adversariae</strong></span> 
     </span>
    </p>
   </div>
   <div class='ocr_carea' id='block_1_101' title="bbox 353 5393 1931 5462">
    <p class='ocr_par' dir='ltr' id='par_1_101' title="bbox 353 5393 1931 5462">
     <span class='ocr_line' id='line_1_101' title="bbox 353 5393 1931 5462; baseline 0.002 -18"><span class='ocrx_word' id='word_1_748' title='bbox 353 5399 687 5457; x_wconf 85' lang='lat' dir='ltr'><strong>potestates,</strong></span> <span class='ocrx_word' id='word_1_749' title='bbox 725 5407 846 5460; x_wconf 72' lang='lat' dir='ltr'><strong>qua:</strong></span> <span class='ocrx_word' id='word_1_750' title='bbox 890 5393 942 5446; x_wconf 89' lang='lat' dir='ltr'><strong>in</strong></span> <span class='ocrx_word' id='word_1_751' title='bbox 994 5408 1093 5445; x_wconf 91' lang='lat' dir='ltr'><strong>nos</strong></span> <span class='ocrx_word' id='word_1_752' title='bbox 1133 5400 1339 5462; x_wconf 88' lang='lat' dir='ltr'><strong>agunt;</strong></span> <span class='ocrx_word' id='word_1_753' title='bbox 1383 5393 1671 5460; x_wconf 87' lang='lat' dir='ltr'><strong>depravata</strong></span> <span class='ocrx_word' id='word_1_754' title='bbox 1714 5395 1931 5462; x_wconf 85' lang='lat' dir='ltr'><strong>quidem</strong></span> 
     </span>
    </p>
   </div>
   <div class='ocr_carea' id='block_1_102' title="bbox 351 5483 1929 5554">
    <p class='ocr_par' dir='ltr' id='par_1_102' title="bbox 351 5483 1929 5554">
     <span class='ocr_line' id='line_1_102' title="bbox 351 5483 1929 5554; baseline 0.003 -21"><span class='ocrx_word' id='word_1_755' title='bbox 351 5497 476 5533; x_wconf 88' lang='lat' dir='ltr'><strong>cum</strong></span> <span class='ocrx_word' id='word_1_756' title='bbox 516 5497 824 5551; x_wconf 87' lang='lat' dir='ltr'><strong>peccamus,</strong></span> <span class='ocrx_word' id='word_1_757' title='bbox 875 5483 1091 5537; x_wconf 88' lang='lat' dir='ltr'><strong>erudita</strong></span> <span class='ocrx_word' id='word_1_758' title='bbox 1136 5498 1265 5537; x_wconf 89' lang='lat' dir='ltr'><strong>vero</strong></span> <span class='ocrx_word' id='word_1_759' title='bbox 1311 5493 1362 5537; x_wconf 89' lang='lat' dir='ltr'><strong>et</strong></span> <span class='ocrx_word' id='word_1_760' title='bbox 1416 5484 1770 5554; x_wconf 88' lang='lat' dir='ltr'><strong>intelligente,</strong></span> <span class='ocrx_word' id='word_1_761' title='bbox 1838 5486 1929 5539; x_wconf 84' lang='lat' dir='ltr'><strong>sed</strong></span> 
     </span>
    </p>
   </div>
   <div class='ocr_carea' id='block_1_103' title="bbox 353 5575 1930 5644">
    <p class='ocr_par' dir='ltr' id='par_1_103' title="bbox 353 5575 1930 5644">
     <span class='ocr_line' id='line_1_103' title="bbox 353 5575 1930 5644; baseline 0.004 -18"><span class='ocrx_word' id='word_1_762' title='bbox 353 5588 460 5626; x_wconf 81' lang='lat' dir='ltr'><strong>non</strong></span> <span class='ocrx_word' id='word_1_763' title='bbox 512 5575 631 5629; x_wconf 88' lang='lat' dir='ltr'><strong>sine</strong></span> <span class='ocrx_word' id='word_1_764' title='bbox 677 5576 991 5644; x_wconf 85' lang='lat' dir='ltr'><strong>angelorum</strong></span> <span class='ocrx_word' id='word_1_765' title='bbox 1042 5586 1096 5631; x_wconf 89' lang='lat' dir='ltr'><strong>et</strong></span> <span class='ocrx_word' id='word_1_766' title='bbox 1163 5577 1470 5630; x_wconf 83' lang='lat' dir='ltr'><strong>divinarum</strong></span> <span class='ocrx_word' id='word_1_767' title='bbox 1524 5578 1828 5631; x_wconf 86' lang='lat' dir='ltr'><strong>litterarqu</strong></span> <span class='ocrx_word' id='word_1_768' title='bbox 1877 5588 1930 5633; x_wconf 89' lang='lat' dir='ltr'><strong>et</strong></span> 
     </span>
    </p>
   </div>
   <div class='ocr_carea' id='block_1_104' title="bbox 354 5670 1931 5744">
    <p class='ocr_par' dir='ltr' id='par_1_104' title="bbox 354 5670 1931 5744">
     <span class='ocr_line' id='line_1_104' title="bbox 354 5670 1931 5744; baseline 0.006 -25"><span class='ocrx_word' id='word_1_769' title='bbox 354 5682 636 5721; x_wconf 81' lang='lat' dir='ltr'><strong>sacrorum</strong></span> <span class='ocrx_word' id='word_1_770' title='bbox 690 5670 1068 5724; x_wconf 90' lang='lat' dir='ltr'><strong>ministrorum</strong></span> <span class='ocrx_word' id='word_1_771' title='bbox 1123 5685 1245 5740; x_wconf 88' lang='lat' dir='ltr'><strong>ope,</strong></span> <span class='ocrx_word' id='word_1_772' title='bbox 1298 5686 1422 5725; x_wconf 91' lang='lat' dir='ltr'><strong>cum</strong></span> <span class='ocrx_word' id='word_1_773' title='bbox 1496 5670 1607 5727; x_wconf 89' lang='lat' dir='ltr'><strong>Deo</strong></span> <span class='ocrx_word' id='word_1_774' title='bbox 1661 5683 1811 5744; x_wconf 83' lang='lat' dir='ltr'><strong>grata</strong></span> <span class='ocrx_word' id='word_1_775' title='bbox 1878 5685 1931 5728; x_wconf 89' lang='lat' dir='ltr'><strong>ct</strong></span> 
     </span>
    </p>
   </div>
   <div class='ocr_carea' id='block_1_105' title="bbox 352 5760 850 5827">
    <p class='ocr_par' dir='ltr' id='par_1_105' title="bbox 352 5760 850 5827">
     <span class='ocr_line' id='line_1_105' title="bbox 352 5760 850 5827; baseline 0.008 -15"><span class='ocrx_word' id='word_1_776' title='bbox 352 5770 573 5827; x_wconf 82' lang='lat' dir='ltr'><strong>accepta</strong></span> <span class='ocrx_word' id='word_1_777' title='bbox 598 5760 850 5816; x_wconf 79' lang='lat' dir='ltr'><strong>facimus.</strong></span> 
     </span>
    </p>
   </div>
   <div class='ocr_carea' id='block_1_106' title="bbox 424 5874 1376 5943">
    <p class='ocr_par' dir='ltr' id='par_1_106' title="bbox 424 5874 1376 5943">
     <span class='ocr_line' id='line_1_106' title="bbox 424 5874 1376 5943; baseline 0.002 -16"><span class='ocrx_word' id='word_1_778' title='bbox 424 5874 469 5904; x_wconf 86' lang='grc'><strong>⁵³</strong></span> <span class='ocrx_word' id='word_1_779' title='bbox 494 5874 663 5927; x_wconf 67' lang='lat' dir='ltr'><strong>Exod.</strong></span> <span class='ocrx_word' id='word_1_780' title='bbox 720 5890 790 5939; x_wconf 78' lang='lat' dir='ltr'><strong>Ix,</strong></span> <span class='ocrx_word' id='word_1_781' title='bbox 829 5874 908 5928; x_wconf 85' lang='lat' dir='ltr'><strong>l6.</strong></span> <span class='ocrx_word' id='word_1_782' title='bbox 1014 5874 1214 5933; x_wconf 80' lang='lat' dir='ltr'><strong>“llcb.</strong></span> <span class='ocrx_word' id='word_1_783' title='bbox 1247 5874 1376 5943; x_wconf 54' lang='grc' dir='ltr'><strong>κιαι.</strong></span> 
     </span>
    </p>
   </div>
   <div class='ocr_carea' id='block_1_107' title="bbox 2040 4638 3622 4711">
    <p class='ocr_par' dir='ltr' id='par_1_107' title="bbox 2040 4638 3622 4711">
     <span class='ocr_line' id='line_1_107' title="bbox 2040 4638 3622 4711; baseline 0.001 -21"><span class='ocrx_word' id='word_1_784' title='bbox 2040 4638 2499 4709; x_wconf 85' lang='grc' dir='ltr'><strong>ἀποστελλόμενα,</strong></span> <span class='ocrx_word' id='word_1_785' title='bbox 2558 4640 2705 4703; x_wconf 85' lang='grc' dir='ltr'><strong>εἰκὸς</strong></span> <span class='ocrx_word' id='word_1_786' title='bbox 2758 4642 2841 4693; x_wconf 83' lang='grc' dir='ltr'><strong>ὅτι</strong></span> <span class='ocrx_word' id='word_1_787' title='bbox 2870 4641 2944 4703; x_wconf 83' lang='grc' dir='ltr'><strong>ὡς</strong></span> <span class='ocrx_word' id='word_1_788' title='bbox 2994 4642 3100 4693; x_wconf 74' lang='grc' dir='ltr'><strong>ἀπὸ</strong></span> <span class='ocrx_word' id='word_1_789' title='bbox 3131 4641 3295 4711; x_wconf 84' lang='grc' dir='ltr'><strong>νόμου</strong></span> <span class='ocrx_word' id='word_1_790' title='bbox 3340 4640 3475 4693; x_wconf 84' lang='grc' dir='ltr'><strong>Θεοῦ</strong></span> <span class='ocrx_word' id='word_1_791' title='bbox 3533 4657 3622 4708; x_wconf 88' lang='grc' dir='ltr'><strong>γε-</strong></span> 
     </span>
    </p>
   </div>
   <div class='ocr_carea' id='block_1_108' title="bbox 2039 4731 3621 4803">
    <p class='ocr_par' dir='ltr' id='par_1_108' title="bbox 2039 4731 3621 4803">
     <span class='ocr_line' id='line_1_108' title="bbox 2039 4731 3621 4803; baseline 0.001 -20"><span class='ocrx_word' id='word_1_792' title='bbox 2039 4731 2331 4801; x_wconf 85' lang='grc' dir='ltr'><strong>γραμμένα</strong></span> <span class='ocrx_word' id='word_1_793' title='bbox 2369 4732 2437 4784; x_wconf 79' lang='grc' dir='ltr'><strong>τὰ</strong></span> <span class='ocrx_word' id='word_1_794' title='bbox 2466 4733 2862 4803; x_wconf 86' lang='grc' dir='ltr'><strong>προστάγματα</strong></span> <span class='ocrx_word' id='word_1_795' title='bbox 2920 4732 3304 4803; x_wconf 77' lang='grc' dir='ltr'><strong>λαμϐάνοντες,</strong></span> <span class='ocrx_word' id='word_1_796' title='bbox 3354 4732 3621 4802; x_wconf 85' lang='grc' dir='ltr'><strong>τεταγμέ-</strong></span> 
     </span>
    </p>
   </div>
   <div class='ocr_carea' id='block_1_109' title="bbox 2040 4823 3624 4890">
    <p class='ocr_par' dir='ltr' id='par_1_109' title="bbox 2040 4823 3624 4890">
     <span class='ocr_line' id='line_1_109' title="bbox 2040 4823 3624 4890; baseline 0.001 -14"><span class='ocrx_word' id='word_1_797' title='bbox 2040 4841 2164 4887; x_wconf 85' lang='grc' dir='ltr'><strong>νως,</strong></span> <span class='ocrx_word' id='word_1_798' title='bbox 2200 4825 2294 4877; x_wconf 80' lang='grc' dir='ltr'><strong>καὶ</strong></span> <span class='ocrx_word' id='word_1_799' title='bbox 2326 4825 2413 4877; x_wconf 81' lang='grc' dir='ltr'><strong>ὅτε</strong></span> <span class='ocrx_word' id='word_1_800' title='bbox 2438 4824 2537 4889; x_wconf 83' lang='grc' dir='ltr'><strong>δεῖ,</strong></span> <span class='ocrx_word' id='word_1_801' title='bbox 2574 4826 2667 4878; x_wconf 79' lang='grc' dir='ltr'><strong>καὶ</strong></span> <span class='ocrx_word' id='word_1_802' title='bbox 2704 4826 2779 4889; x_wconf 87' lang='grc' dir='ltr'><strong>ὠς</strong></span> <span class='ocrx_word' id='word_1_803' title='bbox 2813 4826 2912 4890; x_wconf 90' lang='grc' dir='ltr'><strong>δεῖ,</strong></span> <span class='ocrx_word' id='word_1_804' title='bbox 2940 4828 3033 4879; x_wconf 73' lang='grc' dir='ltr'><strong>καὶ</strong></span> <span class='ocrx_word' id='word_1_805' title='bbox 3052 4827 3175 4879; x_wconf 84' lang='grc' dir='ltr'><strong>ὅσον</strong></span> <span class='ocrx_word' id='word_1_806' title='bbox 3204 4826 3286 4878; x_wconf 85' lang='grc' dir='ltr'><strong>δεῖ</strong></span> <span class='ocrx_word' id='word_1_807' title='bbox 3313 4826 3525 4878; x_wconf 81' lang='grc' dir='ltr'><strong>ποιοῦσι</strong></span> <span class='ocrx_word' id='word_1_808' title='bbox 3555 4823 3624 4877; x_wconf 79' lang='grc' dir='ltr'><strong>τά</strong></span> 
     </span>
    </p>
   </div>
   <div class='ocr_carea' id='block_1_110' title="bbox 2040 4915 3647 4988">
    <p class='ocr_par' dir='ltr' id='par_1_110' title="bbox 2040 4915 3647 4988">
     <span class='ocr_line' id='line_1_110' title="bbox 2040 4915 3647 4988; baseline -0.001 -20"><span class='ocrx_word' id='word_1_809' title='bbox 2040 4915 2339 4987; x_wconf 84' lang='grc' dir='ltr'><strong>κρείττονα·</strong></span> <span class='ocrx_word' id='word_1_810' title='bbox 2376 4918 2573 4971; x_wconf 83' lang='grc' dir='ltr'><strong>ἄτοπον</strong></span> <span class='ocrx_word' id='word_1_811' title='bbox 2604 4917 2711 4988; x_wconf 69' lang='grc' dir='ltr'><strong>γὰρ</strong></span> <span class='ocrx_word' id='word_1_812' title='bbox 2743 4919 2938 4981; x_wconf 67' lang='grc' dir='ltr'><strong>αὐτοὺς</strong></span> <span class='ocrx_word' id='word_1_813' title='bbox 2968 4918 3141 4980; x_wconf 85' lang='grc' dir='ltr'><strong>θείους</strong></span> <span class='ocrx_word' id='word_1_814' title='bbox 3176 4917 3334 4979; x_wconf 75' lang='grc' dir='ltr'><strong>ὄντας</strong></span> <span class='ocrx_word' id='word_1_815' title='bbox 3380 4916 3647 4986; x_wconf 24' lang='grc' dir='ltr'><strong>ἀποκληον</strong></span> 
     </span>
    </p>
   </div>
   <div class='ocr_carea' id='block_1_111' title="bbox 2043 5009 3620 5083">
    <p class='ocr_par' dir='ltr' id='par_1_111' title="bbox 2043 5009 3620 5083">
     <span class='ocr_line' id='line_1_111' title="bbox 2043 5009 3620 5083; baseline 0 -22"><span class='ocrx_word' id='word_1_816' title='bbox 2043 5010 2285 5080; x_wconf 85' lang='grc' dir='ltr'><strong>ρωτικῶς</strong></span> <span class='ocrx_word' id='word_1_817' title='bbox 2319 5013 2412 5065; x_wconf 75' lang='grc' dir='ltr'><strong>καὶ</strong></span> <span class='ocrx_word' id='word_1_818' title='bbox 2457 5012 2555 5082; x_wconf 82' lang='grc' dir='ltr'><strong>οὐχ</strong></span> <span class='ocrx_word' id='word_1_819' title='bbox 2580 5012 2901 5083; x_wconf 75' lang='grc' dir='ltr'><strong>ὡρισμένως</strong></span> <span class='ocrx_word' id='word_1_820' title='bbox 2944 5012 3198 5082; x_wconf 82' lang='grc' dir='ltr'><strong>ἔρχεσθαι</strong></span> <span class='ocrx_word' id='word_1_821' title='bbox 3231 5012 3323 5063; x_wconf 73' lang='grc' dir='ltr'><strong>ἐπὶ</strong></span> <span class='ocrx_word' id='word_1_822' title='bbox 3368 5011 3449 5073; x_wconf 82' lang='grc' dir='ltr'><strong>τὸ,</strong></span> <span class='ocrx_word' id='word_1_823' title='bbox 3499 5009 3620 5081; x_wconf 77' lang='grc' dir='ltr'><strong>φέρ’</strong></span> 
     </span>
    </p>
   </div>
   <div class='ocr_carea' id='block_1_112' title="bbox 2038 5101 3624 5174">
    <p class='ocr_par' dir='ltr' id='par_1_112' title="bbox 2038 5101 3624 5174">
     <span class='ocr_line' id='line_1_112' title="bbox 2038 5101 3624 5174; baseline 0.001 -20"><span class='ocrx_word' id='word_1_824' title='bbox 2038 5104 2231 5165; x_wconf 87' lang='grc' dir='ltr'><strong>εἰπεῖν,</strong></span> <span class='ocrx_word' id='word_1_825' title='bbox 2260 5106 2592 5174; x_wconf 79' lang='grc' dir='ltr'><strong>χρηματίσαι</strong></span> <span class='ocrx_word' id='word_1_826' title='bbox 2613 5122 2664 5156; x_wconf 90' lang='grc' dir='ltr'><strong>τι</strong></span> <span class='ocrx_word' id='word_1_827' title='bbox 2693 5104 2771 5173; x_wconf 80' lang='grc' dir='ltr'><strong>τῷ</strong></span> <span class='ocrx_word' id='word_1_828' title='bbox 2810 5104 3078 5174; x_wconf 77' lang='grc' dir='ltr'><strong>Ἀϐραὰμ,</strong></span> <span class='ocrx_word' id='word_1_829' title='bbox 3102 5103 3193 5155; x_wconf 76' lang='grc' dir='ltr'><strong>καὶ</strong></span> <span class='ocrx_word' id='word_1_830' title='bbox 3220 5102 3442 5171; x_wconf 83' lang='grc' dir='ltr'><strong>ποιῆσαί</strong></span> <span class='ocrx_word' id='word_1_831' title='bbox 3471 5101 3624 5173; x_wconf 80' lang='grc' dir='ltr'><strong>τιτῷ</strong></span> 
     </span>
    </p>
   </div>
   <div class='ocr_carea' id='block_1_113' title="bbox 2053 5193 3623 5267">
    <p class='ocr_par' dir='ltr' id='par_1_113' title="bbox 2053 5193 3623 5267">
     <span class='ocr_line' id='line_1_113' title="bbox 2053 5193 3623 5267; baseline -0.002 -20"><span class='ocrx_word' id='word_1_832' title='bbox 2053 5195 2256 5260; x_wconf 75' lang='grc' dir='ltr'><strong>Ἰσαὰκ,</strong></span> <span class='ocrx_word' id='word_1_833' title='bbox 2290 5196 2382 5249; x_wconf 77' lang='grc' dir='ltr'><strong>καὶ</strong></span> <span class='ocrx_word' id='word_1_834' title='bbox 2413 5196 2680 5267; x_wconf 78' lang='grc' dir='ltr'><strong>ῥύσασθαι</strong></span> <span class='ocrx_word' id='word_1_835' title='bbox 2705 5198 2768 5248; x_wconf 88' lang='grc' dir='ltr'><strong>ἐκ</strong></span> <span class='ocrx_word' id='word_1_836' title='bbox 2792 5195 3035 5249; x_wconf 84' lang='grc' dir='ltr'><strong>κινδύνου</strong></span> <span class='ocrx_word' id='word_1_837' title='bbox 3069 5195 3159 5247; x_wconf 83' lang='grc' dir='ltr'><strong>τὸν</strong></span> <span class='ocrx_word' id='word_1_838' title='bbox 3199 5193 3469 5262; x_wconf 75' lang='grc' dir='ltr'><strong>’1ακὼ6,ἢ</strong></span> <span class='ocrx_word' id='word_1_839' title='bbox 3501 5195 3623 5246; x_wconf 80' lang='grc' dir='ltr'><strong>ἐπι-</strong></span> 
     </span>
    </p>
   </div>
   <div class='ocr_carea' id='block_1_114' title="bbox 2043 5280 3622 5357">
    <p class='ocr_par' dir='ltr' id='par_1_114' title="bbox 2043 5280 3622 5357">
     <span class='ocr_line' id='line_1_114' title="bbox 2043 5280 3622 5357; baseline 0.001 -19"><span class='ocrx_word' id='word_1_840' title='bbox 2043 5286 2235 5356; x_wconf 80' lang='grc' dir='ltr'><strong>στῆναι</strong></span> <span class='ocrx_word' id='word_1_841' title='bbox 2288 5287 2365 5357; x_wconf 84' lang='grc' dir='ltr'>τῷ</span> <span class='ocrx_word' id='word_1_842' title='bbox 2413 5288 2683 5357; x_wconf 80' lang='grc' dir='ltr'><strong>πνεύματι</strong></span> <span class='ocrx_word' id='word_1_843' title='bbox 2721 5288 2874 5341; x_wconf 88' lang='grc' dir='ltr'><strong>τοῦδε</strong></span> <span class='ocrx_word' id='word_1_844' title='bbox 2912 5287 3005 5339; x_wconf 83' lang='grc' dir='ltr'><strong>τοῦ</strong></span> <span class='ocrx_word' id='word_1_845' title='bbox 3042 5288 3339 5357; x_wconf 75' lang='grc' dir='ltr'><strong>προφήτου.</strong></span> <span class='ocrx_word' id='word_1_846' title='bbox 3381 5287 3500 5338; x_wconf 88' lang='grc' dir='ltr'><strong>Ἰνα</strong></span> <span class='ocrx_word' id='word_1_847' title='bbox 3527 5280 3622 5339; x_wconf 85' lang='grc' dir='ltr'><strong>οὖν</strong></span> 
     </span>
    </p>
   </div>
   <div class='ocr_carea' id='block_1_115' title="bbox 2042 5377 3623 5449">
    <p class='ocr_par' dir='ltr' id='par_1_115' title="bbox 2042 5377 3623 5449">
     <span class='ocr_line' id='line_1_115' title="bbox 2042 5377 3623 5449; baseline -0.001 -18"><span class='ocrx_word' id='word_1_848' title='bbox 2042 5377 2118 5447; x_wconf 86' lang='grc' dir='ltr'><strong>μὴ</strong></span> <span class='ocrx_word' id='word_1_849' title='bbox 2176 5379 2640 5449; x_wconf 83' lang='grc' dir='ltr'><strong>ἀποκληρωτικῶς</strong></span> <span class='ocrx_word' id='word_1_850' title='bbox 2700 5380 2833 5449; x_wconf 81' lang='grc' dir='ltr'><strong>μηδὲ</strong></span> <span class='ocrx_word' id='word_1_851' title='bbox 2908 5378 3049 5430; x_wconf 77' lang='grc' dir='ltr'><strong>κατὰ</strong></span> <span class='ocrx_word' id='word_1_852' title='bbox 3117 5379 3404 5447; x_wconf 82' lang='grc' dir='ltr'><strong>συντυχίαν</strong></span> <span class='ocrx_word' id='word_1_853' title='bbox 3462 5377 3623 5431; x_wconf 80' lang='grc' dir='ltr'><strong>τοῦτο</strong></span> 
     </span>
    </p>
   </div>
   <div class='ocr_carea' id='block_1_116' title="bbox 2041 5470 3624 5542">
    <p class='ocr_par' dir='ltr' id='par_1_116' title="bbox 2041 5470 3624 5542">
     <span class='ocr_line' id='line_1_116' title="bbox 2041 5470 3624 5542; baseline 0.002 -21"><span class='ocrx_word' id='word_1_854' title='bbox 2041 5470 2374 5539; x_wconf 82' lang='grc' dir='ltr'><strong>πράττωσιν,</strong></span> <span class='ocrx_word' id='word_1_855' title='bbox 2414 5472 2845 5539; x_wconf 84' lang='grc' dir='ltr'><strong>ἀναγινώσκουσι</strong></span> <span class='ocrx_word' id='word_1_856' title='bbox 2878 5472 2975 5542; x_wconf 75' lang='grc' dir='ltr'><strong>τὴν</strong></span> <span class='ocrx_word' id='word_1_857' title='bbox 3008 5472 3183 5541; x_wconf 72' lang='grc' dir='ltr'><strong>βίϐλον</strong></span> <span class='ocrx_word' id='word_1_858' title='bbox 3221 5471 3312 5523; x_wconf 86' lang='grc' dir='ltr'><strong>τοῦ</strong></span> <span class='ocrx_word' id='word_1_859' title='bbox 3343 5470 3498 5524; x_wconf 82' lang='grc' dir='ltr'><strong>Θεοῦ·</strong></span> <span class='ocrx_word' id='word_1_860' title='bbox 3528 5470 3624 5524; x_wconf 78' lang='grc' dir='ltr'><strong>καὶ</strong></span> 
     </span>
    </p>
   </div>
   <div class='ocr_carea' id='block_1_117' title="bbox 2039 5571 3624 5645">
    <p class='ocr_par' dir='ltr' id='par_1_117' title="bbox 2039 5571 3624 5645">
     <span class='ocr_line' id='line_1_117' title="bbox 2039 5571 3624 5645; baseline 0.002 -22"><span class='ocrx_word' id='word_1_861' title='bbox 2039 5571 2211 5636; x_wconf 69' lang='grc' dir='ltr'><strong>οὕτως</strong></span> <span class='ocrx_word' id='word_1_862' title='bbox 2243 5574 2454 5628; x_wconf 88' lang='grc' dir='ltr'><strong>ποιοῦσι</strong></span> <span class='ocrx_word' id='word_1_863' title='bbox 2498 5575 2566 5628; x_wconf 78' lang='grc' dir='ltr'><strong>τὰ</strong></span> <span class='ocrx_word' id='word_1_864' title='bbox 2606 5576 2786 5639; x_wconf 76' lang='grc' dir='ltr'><strong>αὐτοῖς</strong></span> <span class='ocrx_word' id='word_1_865' title='bbox 2829 5575 3204 5629; x_wconf 75' lang='grc' dir='ltr'><strong>ἐπιϐάλλοντα.</strong></span> <span class='ocrx_word' id='word_1_866' title='bbox 3245 5578 3330 5638; x_wconf 79' lang='grc' dir='ltr'><strong>Ὠς</strong></span> <span class='ocrx_word' id='word_1_867' title='bbox 3372 5574 3624 5645; x_wconf 76' lang='grc' dir='ltr'><strong>προείπο-</strong></span> 
     </span>
    </p>
   </div>
   <div class='ocr_carea' id='block_1_118' title="bbox 2043 5673 3628 5745">
    <p class='ocr_par' dir='ltr' id='par_1_118' title="bbox 2043 5673 3628 5745">
     <span class='ocr_line' id='line_1_118' title="bbox 2043 5673 3628 5745; baseline 0.001 -22"><span class='ocrx_word' id='word_1_868' title='bbox 2043 5690 2141 5741; x_wconf 88' lang='grc' dir='ltr'><strong>μεν</strong></span> <span class='ocrx_word' id='word_1_869' title='bbox 2186 5673 2261 5736; x_wconf 81' lang='grc' dir='ltr'><strong>δὲ,</strong></span> <span class='ocrx_word' id='word_1_870' title='bbox 2300 5675 2458 5743; x_wconf 78' lang='grc' dir='ltr'><strong>ἡμεῖς</strong></span> <span class='ocrx_word' id='word_1_871' title='bbox 2498 5673 2533 5727; x_wconf 81' lang='grc' dir='ltr'><strong>ἀ</strong></span> <span class='ocrx_word' id='word_1_872' title='bbox 2582 5673 2861 5744; x_wconf 84' lang='grc' dir='ltr'><strong>ποιοῦμεν,</strong></span> <span class='ocrx_word' id='word_1_873' title='bbox 2904 5674 3021 5744; x_wconf 78' lang='grc' dir='ltr'><strong>ἢαί</strong></span> <span class='ocrx_word' id='word_1_874' title='bbox 3076 5676 3451 5745; x_wconf 85' lang='grc' dir='ltr'><strong>ἀντικείμεναι</strong></span> <span class='ocrx_word' id='word_1_875' title='bbox 3481 5676 3628 5744; x_wconf 76' lang='grc' dir='ltr'><strong>ἐνέρ-</strong></span> 
     </span>
    </p>
   </div>
   <div class='ocr_carea' id='block_1_119' title="bbox 2038 5771 3622 5844">
    <p class='ocr_par' dir='ltr' id='par_1_119' title="bbox 2038 5771 3622 5844">
     <span class='ocr_line' id='line_1_119' title="bbox 2038 5771 3622 5844; baseline 0.002 -20"><span class='ocrx_word' id='word_1_876' title='bbox 2038 5788 2204 5840; x_wconf 84' lang='grc' dir='ltr'><strong>γειαι,</strong></span> <span class='ocrx_word' id='word_1_877' title='bbox 2259 5774 2294 5829; x_wconf 77' lang='grc' dir='ltr'>ἃ</span> <span class='ocrx_word' id='word_1_878' title='bbox 2344 5773 2679 5827; x_wconf 76' lang='grc' dir='ltr'><strong>ἐπιτελοῦσιν</strong></span> <span class='ocrx_word' id='word_1_879' title='bbox 2750 5775 2827 5838; x_wconf 86' lang='grc' dir='ltr'><strong>εἰς</strong></span> <span class='ocrx_word' id='word_1_880' title='bbox 2888 5775 3053 5844; x_wconf 78' lang='grc' dir='ltr'><strong>ἡμᾶς,</strong></span> <span class='ocrx_word' id='word_1_881' title='bbox 3122 5773 3224 5844; x_wconf 78' lang='grc' dir='ltr'><strong>ἰδίᾳ</strong></span> <span class='ocrx_word' id='word_1_882' title='bbox 3305 5771 3622 5842; x_wconf 77' lang='grc' dir='ltr'><strong>προαιρέσει</strong></span> 
     </span>
    </p>
   </div>
  </div>
