4138 6454
470 450 540 503 85

1883 410 1951 465 ΙΝ
1990 404 2313 466 GENESIM.
2613 389 2616 392 ’
3652 379 3722 434 86

464 558 746 629 ποιοῦμενο
794 553 1014 620 ἀτάκτῳ
1051 548 1168 619 μὲν,
1202 544 1292 597 ὅτε
1346 535 1757 611 ἁμαρτάνομεν,
1808 522 2216 595 πεπαιδευμένη
2254 518 2334 584 δὲ,
2364 517 2463 570 οὐκ
2512 513 2645 585 ἄτερ
2687 511 2952 580 ἀγγέλων,
3006 510 3124 564 οὐδὲ
3176 509 3335 564 θείων
3365 503 3728 578 γραμμάτων,

462 655 582 711 οὐδὲ
630 622 922 721 ’ὑπηρετῶν
973 642 1164 711 ἁγίων,
1227 639 1314 692 ὅτε
1367 633 1486 704 Θεῷ
1539 631 1808 700 εύάρεστα
1870 622 2202 694 πράττομεν.

535 748 646 800 Κα.
693 714 924 810 Κλήμης
966 735 1024 788 δὲ
1063 735 1091 786 ὁ
1133 731 1422 800 Ῥωμαῖος,
1486 723 1694 794 Πέτρου
1751 714 2047 772 ἀποστόλου
2081 719 2122 774 Α

469 834 746 908 μαθητὴς,
807 826 1017 900 συνῳδὰ
1079 822 1290 884 τούτοις
1347 821 1406 872 ὲν
1470 815 1550 886 τῷ
1617 812 1844 885 παρόντι
1912 823 2048 877 προ-

465 897 702 998 ϐλήματι
756 897 892 992 πρὸς
922 897 931 899 7
960 917 1052 970 τὸν
1114 913 1328 984 πατέρα
1391 911 1451 964 ἐν
1522 903 1812 972 Λαοδικείᾳ
1882 897 2052 952 εἰπὼν

465 1022 522 1072 ὲν
553 991 697 1079 ’ταῖς
753 991 1052 1082 Περιόδοις
1079 1047 1095 1073 ,
1159 999 1589 1073 ἀναγκαιότατόν
1639 1014 1694 1050 τι
1761 994 1855 1049 ἐπὶ
1909 991 2054 1044 τέλει

463 1109 572 1164 τῶν
622 1106 875 1161 τοιούτων
919 1103 1091 1170 λόγων
1143 1099 1277 1168 φησὶ
1330 1095 1460 1167 περὶ
1505 1091 1614 1146 τῶν
1655 1091 1752 1161 τῆς
1787 1086 2054 1156 γενέσεως

464 1201 764 1270 δοκούντων
801 1194 1162 1264 ἐκϐεϐηκέναι
1196 1189 1306 1263 (15)
1339 1188 1486 1258 λόγῳ
1526 1177 2055 1270 τεσσαρεσκαιδεκά-

463 1311 562 1362 τῳ·
599 1312 615 1343 ι
641 1275 810 1343 Καῖὸ
843 1287 1046 1358 πατήρ·
1085 1279 1367 1352 Σύγγνωθί
1405 1295 1516 1349 μοι,
1559 1269 1604 1329 ὧ
1635 1274 1842 1328 τέκνοψ
1878 1272 1927 1324 οἱ
1958 1269 2056 1341 μὲν

465 1385 573 1456 γάρ
605 1385 731 1455 χθές
767 1399 858 1434 σου
887 1381 1036 1449 λόγοι
1064 1377 1284 1449 ἀληθεῖς
1323 1373 1476 1436 ὅντες
1517 1366 1926 1435 συνελογίσαντο
1967 1381 2056 1435 μοι

467 1475 750 1528 συνθέσθαι
785 1490 886 1526 σοι·
922 1475 955 1542 ἡ
980 1470 1036 1524 δὲ
1070 1469 1179 1539 ὲμὴ
1209 1464 1516 1534 συνείδησις
1551 1461 1721 1531 μικρά
1747 1474 1834 1528 με,
1868 1456 2058 1525 ὥσπερ

466 1566 701 1638 πυρετοῦ
733 1565 1020 1636 ἔλλειμμα,
1051 1561 1187 1634 πρὸς
1210 1555 1472 1611 ἀπιστίαν
1507 1551 1714 1624 βραχέα
1753 1545 2054 1619 βασανίζει*

466 1659 686 1714 σύνοιδα
729 1658 838 1729 γὰρ
897 1651 1123 1726 ἐμαυτῷ
1171 1649 1240 1703 τὰ
1286 1648 1386 1718 τῆς
1435 1644 1705 1714 γενέσεως
1757 1641 1936 1693 πάντα
1970 1653 2059 1707 μοι

462 1749 916 1806 ἀποτελεσθέντα.
955 1742 1128 1812 Κάγὼ
1160 1737 1566 1812 ἀπεκρινάμηνο
1611 1732 1911 1804 Συννόησόν
1945 1747 2058 1802 μοι,

463 1840 510 1896 ὦ
544 1845 739 1914 πάτερ,
781 1841 898 1894 οἵαν
949 1837 1110 1906 φύσιν
1163 1833 1276 1904 ἔχει
1319 1831 1381 1886 τὸ
1420 1829 1672 1901 μάθημα,
1723 1825 1781 1892 ἐξ
1827 1815 1902 1878 ὧν
1949 1821 2061 1890 ἐγὼ

469 1933 838 2006 συμϐουλεύω.
889 1926 1275 2000 Μαθηματικῷ
1325 1921 1617 1995 συμϐαλὼν
1672 1919 1794 1972 εἰπὲ
1844 1916 2060 1988 πρῶτον

465 2026 637 2097 αὐτῷ,
669 2027 782 2089 ὅτι,
802 2021 940 2076 Τάδε
958 2037 1049 2091 μοι
1074 2018 1249 2089 φαῦλα
1283 2019 1341 2071 ὲν
1373 2015 1508 2086 τῷδε
1561 2012 1640 2084 τῷ
1681 2011 1857 2083 χρόνῳ
1898 2008 2057 2078 γέγο-

467 2133 578 2171 νεν·
612 2119 677 2169 ὲκ
705 2114 850 2177 τίνος
893 2113 1003 2184 ἄρα
1039 2128 1128 2182 μοι
1161 2107 1270 2162 τῶν
1317 2105 1563 2176 ἀστέρων
1617 2101 1829 2170 γέγονε,
1869 2098 2059 2169 μαθεῖν
2094 2106 2130 2158 Β

467 2207 678 2278 ἤθελον.
718 2207 827 2260 Καὶ
878 2206 1012 2275 ἐρεῖ,
1049 2203 1134 2255 ὅτι
1161 2200 1289 2262 τοὺς
1341 2198 1567 2269 χρόνους
1611 2190 1902 2263 κακοποιὸς
1950 2190 2058 2243 διε-

465 2300 654 2362 δέξατο
687 2300 861 2368 Ἀρης
904 2296 937 2366 ἢ
983 2293 1212 2361 Κρόνος,
1246 2291 1279 2360 ἦ
1309 2289 1514 2342 τούτων
1562 2303 1646 2350 τις
1679 2285 2058 2338 ἀποκαταστα-

465 2392 617 2454 τικὸς
641 2362 1018 2462 (ιω-ἐγένετο,
1050 2387 1083 2456 ἢ
1114 2384 1206 2436 τὸν
1235 2382 1478 2436 ἐνιαυτὸν
1502 2377 1687 2432 τοῦτόν
1713 2394 1797 2441 τις
1823 2362 2077 2429 ὲπεθεώέ

471 2500 634 2556 ρησεν
697 2482 762 2534 ὲκ
815 2477 1185 2550 τετραγώνου,
1243 2475 1276 2545 ἢ
1332 2470 1732 2542 διαμέτρου,
1786 2468 1981 2532 συνὼν,
2025 2467 2057 2537 ἢ

467 2574 932 2645 κεκεντρωμένος,
988 2570 1022 2641 ἢ
1076 2568 1226 2640 παρὰ
1272 2567 1503 2637 αἵρεσιν.
1554 2563 1742 2634 Ὅμως
1789 2561 1883 2614 καὶ¹
1926 2558 2061 2614 ἄλλα

473 2668 641 2739 μυρία
685 2668 860 2719 εἰπεῖν
910 2663 1042 2734 ἔχει·
1093 2660 1229 2730 πρὸς
1272 2657 1481 2720 τούτοις
1524 2655 1618 2721 δὲ,
1667 2650 2060 2724 ἢάγαθοποιὸς

472 2759 625 2830 κακῷ
657 2757 947 2820 ἀσύνθετος
975 2752 1064 2826 ἦν,
1098 2754 1130 2825 ἢ
1156 2751 1615 2822 ἀνεπιθεώρητος,
1641 2747 1674 2818 ἦ
1710 2748 1768 2800 ὲν
1802 2747 2058 2818 σχήματι,

470 2853 502 2921 ἦ
539 2852 690 2923 παρά
732 2850 963 2920 αἵρεσιν,
1012 2847 1045 2918 ἢ
1101 2849 1158 2900 ἐν
1205 2843 1464 2913 ἐκλείψει,
1509 2840 1543 2912 ἦ
1577 2835 2058 2906 ἀνεπισύναφος,ἢ

470 2950 528 3001 ὲν
563 2946 830 3016 ἀμαυροῖς
874 2941 1116 3011 ἄστροις.
1145 2937 1264 2991 ’Καὶ
1296 2937 1446 3007 ὅμως
1497 2931 1706 2986 πολλῶν
1735 2928 2061 3000 προφάσεων

469 3036 666 3100 οὐσῶν,
690 3035 824 3105 πρὸς
845 3033 880 3086 ἃ
906 3032 1106 3101 ἢκουσε
1137 3027 1237 3092 τάς
1265 3023 1568 3090 ἀποδείξεις
1593 3025 1893 3094 παρασχεῖν
1925 3021 2056 3091 ἔχει.

471 3126 632 3183 Μετά
661 3124 851 3177 τοῦτον
876 3118 969 3175 οὖν
991 3120 1084 3173 τὸν
1120 3107 1502 3190 μαθηματικὸν
1533 3114 1704 3185 ἑτέρῳ
1727 3111 2060 3185 προσελθὼν,

470 3221 539 3274 τὰ
570 3215 788 3273 ἐναντία
829 3213 968 3267 εἰπέ·
1017 3213 1118 3274 ὅτι,
1159 3208 1292 3262 Τόδε
1339 3224 1428 3278 μοι
1471 3205 1532 3260 τὸ
1577 3204 1779 3274 ἀγαθὸν
1839 3206 1896 3256 ἐν
1927 3203 2061 3274 τῷδε

470 3313 550 3382 τῷ
590 3311 767 3381 χρόνῳ
794 3306 1006 3375 γέγονε’
1047 3303 1111 3356 σὺ
1151 3302 1208 3355 δὲ
1241 3301 1334 3354 τὸν
1363 3298 1554 3370 χρόνον
1586 3296 1679 3349 τὸν
1717 3296 1880 3357 αὐτὸν
1912 3295 2058 3363 λέγε⁶

473 3404 694 3459 ἀπαίτει
719 3403 776 3455 δὲ
810 3401 874 3453 ὲκ
900 3399 1047 3462 τίνος
1078 3397 1184 3469 ἄρα
1216 3390 1318 3466 τῆς
1357 3393 1621 3462 γενέσεως
1653 3390 1811 3444 τοῦτο
1847 3391 2056 3460 γέγονε.

474 3493 583 3545 Kal.
614 3492 786 3562 ὅμως,
819 3490 896 3552 ὡς
925 3489 1204 3559 προεῖπον,
1239 3484 1375 3555 ἔχει,
1418 3483 1512 3536 σοῦ
1551 3481 1760 3551 καταψε

473 3585 634 3648 αὐτὸς
659 3585 725 3636 ὲκ
757 3580 967 3636 πολλῶν
999 3581 1292 3650 σχημάτων
1319 3578 1379 3632 ’ἐν
1404 3594 1458 3630 τι
1499 3577 1682 3648 εὑρεῖν
1717 3575 1922 3646 σχῆμα,
1971 3575 2064 3628 καὶ

471 3675 742 3746 δεύτερον,
778 3674 873 3727 καὶ
906 3673 1106 3746 τρίτον,
1153 3673 1249 3725 καὶ
1283 3670 1524 3734 πλείονα,
1556 3667 1632 3731 ὡς
1674 3667 1804 3723 αὐτὸ
1836 3667 2064 3737 ἐνεργῆ-

475 3784 572 3820 σαν
601 3766 722 3820 ὅθεν
750 3765 819 3820 τά
849 3764 1030 3833 ἀγαθά
1060 3766 1174 3834 ἐρεῖ
1202 3760 1549 3833 γεγενῆσθαιο
1579 3760 1842 3815 ἀδύνατον
1865 3760 1973 3832 γάρ
2005 3761 2064 3814 ὲν

474 3859 622 3930 πάσῃ
672 3857 884 3927 γενέσει
937 3855 1261 3927 ἀνθρώπων,
1319 3854 1394 3926 μὴ
1443 3856 1500 3908 ἐν
1548 3854 1700 3926 πάσῃ
1767 3853 1905 3925 ὥρᾳ,
1954 3852 2063 3906 τῶν

474 3951 722 4022 ἀστέρων
764 3950 890 4010 τοὺς
942 3948 1040 4019 μὲν
1081 3948 1264 4011 καλῶς
1313 3946 1548 4011 κεῖσθαι,
1594 3947 1723 4010 τοὺς
1755 3945 1812 3998 δὲ
1856 3945 2058 4008 κακῶς·

477 4042 674 4104 κύκλος
705 4042 813 4111 γάρ
851 4042 997 4093 ἐστιν
1029 4039 1307 4110 ἱσομερὴς,
1344 4038 1605 4102 ποικίλος,
1635 4037 1897 4107 ἀπείρους
1925 4036 2064 4106 ἔχων

476 4129 575 4193 τὰς
604 4130 928 4200 προφάσεις·
965 4129 1100 4199 πρὸς
1133 4129 1199 4192 ἃς
1230 4129 1462 4192 ἕκαστος
1488 4130 1662 4181 εἰπεῖν
1697 4127 1808 4198 ἔχει
1839 4127 1870 4179 ὃ
1898 4126 2059 4179 θέλει·

475 4223 536 4274 ὃν
568 4221 675 4292 γὰρ
723 4221 924 4290 τρόπον
972 4219 1064 4272 ἐπὶ
1095 4219 1202 4272 τῶν
1230 4218 1400 4284 λοξῶν
1443 4220 1668 4291 ὀνείρων
1707 4219 1876 4271 ἐνίοτε
1913 4217 2065 4269 οὐδὲν

476 4314 723 4384 νοοῦμεν,
757 4311 1076 4365 ἀποϐάντων
1094 4311 1149 4363 δὲ
1170 4311 1508 4382 οἰκειοτάτην
1529 4309 1911 4381 προσφέρομεν
1941 4308 2063 4361 ὲπί-

475 4404 644 4459 λυσινο
671 4404 845 4466 οὕτως
870 4402 961 4456 καὶ
992 4403 1052 4455 τὸ
1085 4401 1333 4473 μάθημα,
1359 4402 1464 4472 πρὸ
1490 4400 1584 4454 τοῦ
1618 4418 1671 4454 τι
1699 4399 2064 4470 ἀποτελεσθῆ-

475 4511 586 4557 ναι,
621 4493 772 4546 οὐδὲν
803 4491 970 4560 σαφὲς
1003 4493 1134 4560 ἡμῖν
1177 4489 1414 4560 μηνῦσαι
1437 4489 1680 4542 δύναται·
1718 4488 1856 4560 μετὰ
1883 4489 1938 4542 δὲ
1966 4488 2064 4558 τὴν

474 4584 568 4639 τοῦ
602 4584 892 4654 γενομένου
925 4571 1167 4653 ἱστορίαν
1210 4582 1330 4634 τότε
1376 4581 1639 4654 πρόδηλος
1679 4583 1712 4652 ή
1755 4581 1856 4651 τῆς
1901 4581 2067 4634 ἐκϐά-

477 4693 616 4740 σεως
643 4675 790 4728 αἰτία
820 4673 1086 4743 φαίνεται·
1113 4671 1370 4736 πολλάκις
1394 4673 1491 4743 μὲν
1519 4668 1611 4725 οῦν
1631 4673 1681 4725 οἱ
1710 4671 2065 4744 προλέγοντες

477 4769 751 4834 πταίουσι,
788 4767 882 4820 καὶ
918 4765 1055 4837 μετὰ
1086 4765 1186 4836 τὴν
1215 4764 1441 4818 ἔκϐασιν
1467 4765 1694 4828 ἑαυτοὺς
1735 4765 2059 4836 μέμφονται,

477 4860 728 4929 λέγοντες
760 4860 870 4924 ὅτι,
894 4852 1106 4926 Τόδεῆν
1138 4857 1201 4910 τὸ
1247 4856 1498 4927 ποιῆσαν,
1535 4856 1630 4909 καὶ
1676 4856 1777 4910 ούκ
1824 4855 2058 4926 εἴδομεν.

477 4953 550 5005 Τὸ
593 4952 692 5023 μὲν
740 4945 832 5003 οὖν
871 4948 965 5002 καὶ
1004 4949 1131 5010 τοὺς
1163 4947 1306 5000 πάνυ
1339 4948 1710 5018 ἐπιστήμονας
1741 4947 1953 5000 πταίειν
1981 4947 2065 5015 γίέ

478 5061 626 5096 νεται
658 5041 747 5096 διὰ
771 5041 832 5094 τὸ
878 5040 952 5112 μὴ
982 5040 1199 5103 εἰδέναι,
1242 5040 1318 5102 ib;
1346 5037 1473 5111 χθὲς
1502 5039 1659 5109 ἔφην,
1694 5041 1824 5092 ποῖα
1849 5038 2065 5103 πάντως

477 5135 578 5205 τῆς
609 5134 874 5203 γενέσεως
915 5133 1065 5186 αἴτια
1095 5133 1323 5200 γίνεται,
1359 5134 1486 5185 ποῖα
1518 5130 1575 5183 δὲ
1602 5132 1662 5184 ού
1705 5131 1940 5196 πάντως,
1972 5129 2065 5184 καὶ

479 5229 607 5279 ποῖα
657 5227 872 5288 πάντως
915 5225 1140 5296 ποιῆσαι
1193 5222 1590 5300 ἐπιθυμοῦμεν,
1635 5222 1697 5274 ού
1752 5221 1967 5284 πάντως
2007 5221 2064 5274 δὲ

482 5317 759 5388 ποιοῦμεν.
791 5317 922 5370 ’Ἦδε
953 5317 1011 5370 δὲ
1045 5319 1078 5388 ἡ
1118 5303 1272 5370 αἰτία
1299 5318 1451 5386 ἡμῖν,
1488 5317 1600 5377 τοῖς
1637 5314 1933 5384 μυστήριον
1966 5329 2063 5382 με·

483 5408 774 5479 μαθηκὸσι,
809 5409 985 5478 σαφής
1012 5409 1181 5473 ἐστιν,
1216 5407 1298 5459 ὅτι
1327 5405 1608 5478 ἐλεύθερον
1637 5404 1851 5476 ἔχοντες
1882 5403 2064 5472 λογισ-

484 5501 603 5572 μὸν,
635 5500 807 5556 ἐνίοτε
831 5499 1046 5569 ἐπέχειν
1074 5499 1278 5570 ταύτην
1314 5497 1754 5570 βουλευσάμενοι,
1777 5497 2065 5566 νενικήκα-

483 5609 604 5662 μεν.
637 5593 700 5646 Οἱ
734 5591 792 5645 δὲ
823 5590 1158 5660 ἀστρολόγοι,
1192 5590 1350 5643 τοῦτο
1382 5589 1514 5642 αὐτὸ
1544 5589 1604 5641 τὸ
1639 5587 1936 5659 μυστήριον
1966 5585 2066 5638 οὐκ

480 5681 700 5746 εἰδότες,
749 5683 880 5754 περὶ
922 5681 1106 5753 πάσης
1148 5679 1522 5752 προαιρέσεως
1565 5679 1977 5750 ἀποφηνάμενοι
2006 5676 2066 5743 ἐξ

553 5841 667 5905 HS)
714 5840 1007 5895 Philam/ia
1041 5842 1326 5906 impressa,
1356 5838 1747 5910 ἐμϐεϐηκέναι,
1780 5838 1938 5895 male.

550 5912 666 5984 (lli)
707 5911 927 5982 Eadem,
958 5909 1416 5977 ἀποκαταστικός,
1445 5911 1603 5965 male.

2234 706 2319 760 Η.
2369 704 2436 758 Ει
2485 701 2741 756 Clemens
2789 698 3085 758 Romanus,
3134 695 3279 750 Petri
3308 690 3534 762 apostoli
3567 687 3764 742 disci?

2156 797 2334 869 pulus,
2373 795 2461 849 his
2493 800 2859 846 consentanea
2887 786 2952 840 de
2997 784 3248 854 prazsenti
3280 780 3582 851 quaestione
3610 791 3734 832 cum

2163 902 2342 960 patre,
2386 888 2708 948 Laodiceae,
2744 883 2795 936 in
2827 877 3239 934 Circuitionibus
3290 875 3522 930 locutus.
3579 869 3738 937 quid-

2158 983 2280 1036 dam
2331 979 2564 1034 maxime
2612 970 2978 1028 necessarium
3023 967 3075 1020 in
3117 965 3224 1018 line
3263 963 3365 1032 21
3417 958 3730 1029 hnjnsmodi

2157 1085 2468 1127 sermonum
2493 1066 2669 1130 affert,
2692 1063 2762 1118 de
2796 1062 2862 1115 iis
2884 1075 3002 1131 qua:
3031 1074 3122 1129 per
3151 1055 3456 1128 genituram
3489 1051 3736 1107 evenisse

2157 1165 2425 1226 videnlur,
2454 1159 2705 1215 oratione
2740 1155 2949 1210 decima
3008 1161 3200 1221 quarta
3237 1148 3348 1220 (l7)
3369 1165 3381 1203 :
3405 1165 3421 1198 ι
3453 1147 3515 1200 Et
3547 1155 3733 1216 paler:

2157 1259 2382 1329 Ignosce
2407 1254 2564 1321 mihi,
2589 1252 2663 1306 ﬁli
2693 1268 2707 1316 ;
2738 1247 2977 1304 hesterni
3001 1247 3146 1301 enim
3176 1257 3457 1298 sermones
3482 1241 3582 1304 tui,
3608 1239 3736 1308 quia

2131 1349 2296 1416 ‘veri,
2329 1347 2651 1418 pepulerunt
2689 1331 2788 1396 'me
2841 1350 2898 1393 ut
2943 1339 3037 1392 libi
3089 1335 3385 1391 assentirer
3423 1350 3436 1386 :
3473 1332 3564 1386 sed
3616 1345 3734 1384 mea

2157 1438 2519 1501 conscientia,
2553 1433 2697 1488 velut
2720 1432 2882 1487 febris
2920 1430 3181 1499 reliquiae,
3211 1427 3367 1482 ﬁdem
3403 1439 3577 1477 meam
3615 1430 3740 1475 tan-

2160 1532 2328 1601 tisper
2356 1536 2578 1582 exercet
2604 1543 2620 1591 ;
2649 1523 2764 1580 scio
2791 1523 2936 1578 enim
2961 1533 3300 1591 qumcunque
3333 1516 3399 1570 ad
3432 1513 3736 1584 genituram

2164 1637 2338 1677 meam
2391 1619 2698 1690 pertinent,
2766 1615 2901 1670 mihi
2955 1614 3136 1669 omnia
3197 1609 3470 1666 evenisse.
3516 1605 3586 1660 Et
3634 1619 3734 1674 ego

2161 1712 2455 1782 respondi:
2483 1708 2735 1777 lntellige
2764 1721 2997 1772 mecum,
3039 1719 3072 1759 ο
3101 1712 3277 1773 pater,
3316 1715 3438 1770 quae
3471 1700 3540 1753 sit
3579 1695 3740 1763 hujus

2160 1804 2464 1874 disciplina:
2509 1809 2702 1857 natura
2745 1814 2810 1853 ex
2858 1797 2944 1852 his
2994 1811 3115 1865 qua:
3173 1794 3264 1847 tibi
3311 1791 3553 1847 consulo.
3599 1789 3737 1844 Cum

2160 1898 2548 1955 mathematico
2582 1906 2910 1964 congressus
2959 1890 3194 1960 primum
3235 1887 3314 1942 sic
3375 1885 3518 1954 agito
3555 1901 3566 1936 :
3605 1883 3733 1935 llaec

2163 1991 2295 2044 mihi
2337 1989 2476 2044 mala
2521 1988 2624 2042 hoc
2665 1985 2750 2040 vel
2798 1982 2889 2037 illo
2926 1991 3172 2048 tempore
3204 1976 3552 2046 contigerunt
3587 1991 3600 2027 :
3633 1988 3740 2040 quo

2163 2083 2325 2153 igitur
2361 2096 2424 2135 ex
2468 2089 2618 2134 astro
2657 2074 2808 2143 mihi
2842 2071 3194 2141 contigerint,
3257 2069 3396 2123 scire
3453 2065 3738 2136 pervelim.

2163 2169 2528 2242 Respondebit.
2562 2168 2652 2222 ille
2674 2207 2690 2231 ,
2732 2177 2860 2220 tunc
2893 2163 3154 2232 temporis
3183 2159 3488 2214 malelicum
3521 2166 3612 2210 aut
3639 2155 3740 2210 Sa-

2163 2278 2381 2320 turnum
2419 2273 2514 2317 aut
2546 2261 2778 2316 Martem
2821 2256 3160 2311 dominatum
3201 2253 3389 2315 fuisse,
3441 2250 3527 2305 vel
3577 2249 3742 2302 fuisse

2162 2357 2354 2412 horum
2408 2352 2625 2423 aliquod
2681 2348 3035 2419 regrediens,
3086 2344 3168 2399 vel
3215 2343 3284 2398 ab
3325 2343 3518 2397 horum
3559 2341 3742 2408 aliquo

2163 2465 2364 2504 annum
2395 2449 2540 2502 hunc
2582 2461 2647 2500 ex
2690 2439 3087 2512 quadrangulo,
3122 2435 3203 2490 vel
3234 2435 3524 2497 diametro,
3566 2433 3648 2487 vel
3686 2434 3737 2486 in

2162 2541 2570 2610 conjunctione,
2616 2537 2701 2591 vel
2752 2536 2807 2589 in
2870 2542 3082 2596 centro,
3140 2527 3223 2582 vel
3269 2537 3426 2582 extra
3481 2525 3738 2580 haeresim

2162 2643 2440 2701 aspectum
2479 2629 2681 2694 fuisse;
2733 2635 2849 2681 tum
2882 2633 2936 2680 et
2978 2629 3236 2678 sexcenta
3293 2618 3558 2688 ejusmodi
3606 2615 3742 2672 etfu-

2165 2729 2260 2787 tiet
2305 2745 2319 2780 :
2359 2733 2646 2794 praeterea,
2702 2721 2788 2774 vel
2848 2717 3141 2786 benignum
3187 2722 3395 2769 astrum
3437 2726 3560 2766 cum
3601 2710 3746 2764 malo

2163 2833 2270 2873 non
2301 2801 2684 2876 conveniebat,
2729 2810 2816 2865 vel
2845 2822 2951 2863 non
2976 2815 3097 2861 erat
3123 2802 3474 2875 aspectabile,
3513 2801 3598 2854 vel
3625 2809 3747 2855 erat

2164 2912 2217 2965 in
2249 2909 2568 2972 schemate,
2613 2903 2698 2958 vel
2740 2912 2891 2957 extra
2931 2899 3204 2962 haeresim,
3254 2895 3338 2951 vel
3388 2897 3440 2948 in
3479 2895 3744 2962 deliquio,

2163 3002 2247 3056 vel
2304 3013 2410 3055 non
2458 2996 2787 3055 cohaerebat,
2846 2991 2926 3046 vel
2978 2997 3096 3045 erat
3150 2989 3202 3042 in
3234 2987 3484 3042 obscuris
3537 2987 3741 3052 stellis;

2164 3107 2401 3162 cumque
2433 3089 2590 3152 multi
2617 3088 2726 3142 sint
2763 3086 3017 3140 obtentus
3049 3091 3104 3136 et
3140 3096 3337 3143 cantate,
3381 3079 3542 3134 habet
3571 3079 3638 3132 ad
3680 3093 3744 3131 ea

2165 3203 2285 3258 quae
2309 3194 2553 3256 rogatur,
2575 3181 2719 3250 quod
2747 3177 3075 3248 respondeat
3101 3186 3154 3229 et
3183 3172 3452 3239 subjiciat.
3477 3171 3610 3226 Cum
3642 3171 3747 3223 hoc

2163 3279 2486 3341 collocutus,
2537 3273 2704 3326 alium
2745 3262 3224 3344 deinde'conveni
3271 3259 3745 3324 mathematicum,

2163 3383 2216 3426 et
2238 3366 2515 3426 contraria
2551 3362 2721 3420 dicito
2750 3379 2764 3415 :
2796 3360 2912 3415 Hoc
2945 3359 3077 3414 mihi
3117 3357 3317 3412 bonum
3371 3351 3461 3406 illo
3503 3361 3748 3420 tempore

1764 3442 2058 3552 ῥήσᾶεῷἑνου,
2087 3464 2130 3522 C
2163 3461 2376 3532 evenit;
2409 3457 2554 3512 idem
2582 3469 2715 3509 vero
2744 3453 2918 3522 ipsum
2967 3460 3182 3517 tempus
3210 3445 3478 3516 signiﬁca,
3509 3458 3617 3514 quo
3647 3442 3745 3495 tibi

2165 3552 2304 3608 mala
2332 3549 2585 3605 evenisse
2609 3547 2866 3611 dixeras;
2909 3542 3103 3598 deinde
3127 3541 3430 3609 interroga,
3457 3551 3562 3607 qua
3595 3535 3646 3589 id
3677 3549 3744 3588 ex

2163 3643 2346 3712 genesi
2393 3641 2485 3696 tibi
2523 3636 2794 3695 evenerit.
2831 3634 2926 3689 llle
2977 3630 3356 3697 nihilominus,
3387 3638 3444 3684 ut
3475 3628 3745 3690 dicebam,

2163 3733 2492 3788 ementiente
2543 3738 2634 3795 te,
2693 3743 2764 3785 ex
2813 3725 2998 3781 multis
3049 3723 3234 3794 ﬁguris
3278 3731 3334 3776 et
3383 3718 3746 3790 positionibus

2166 3823 2329 3879 unam
2371 3821 2632 3891 reperiet,
2665 3828 2722 3873 et
2757 3816 3075 3880 secundam,
3123 3821 3178 3866 et
3217 3811 3458 3877 tertiam,
3509 3818 3562 3862 et
3614 3808 3748 3865 alias

2165 3918 2374 3986 plures,
2427 3911 2584 3983 quasi
2632 3925 2695 3964 ea
2743 3906 3012 3971 elleccrit,
3063 3903 3206 3957 unde
3255 3901 3394 3956 bona
3458 3899 3554 3954 tibi
3603 3898 3748 3952 dicet

2163 4006 2434 4062 evenisse.
2465 4001 2611 4057 Fieri
2650 3999 2853 4070 quippe
2880 4014 2985 4052 non
3021 4004 3221 4066 potest,
3261 4004 3320 4048 ut
3366 3993 3422 4047 in
3445 3992 3592 4049 omni
3624 3999 3749 4046 ortu

2167 4098 2470 4160 hominum,
2501 4111 2610 4150 non
2648 4093 2702 4146 in
2728 4090 2876 4146 omni
2907 4090 3067 4155 bora,
3104 4088 3384 4143 stellarum
3418 4087 3500 4140 ha:
3525 4085 3746 4148 bonam,

2165 4191 2270 4245 illae
2305 4188 2504 4244 malam
2539 4186 2778 4240 habeant
2808 4181 3138 4252 positionem
3168 4201 3180 4234 :
3217 4177 3457 4234 circulus
3485 4176 3630 4230 enim
3662 4176 3750 4230 ille

2166 4282 2414 4352 partibus
2452 4277 2678 4347 aaqualis
2730 4284 2784 4328 et
2841 4273 3023 4326 varius
3059 4279 3163 4332 est,
3205 4277 3259 4322 et
3305 4269 3548 4323 inﬁnitas
3589 4268 3752 4322 habet

2167 4374 2414 4444 species;
2453 4370 2595 4424 unde
2615 4368 2884 4437 quidlibet
2911 4365 3091 4419 dicere
3115 4363 3292 4432 quivis
3321 4362 3512 4429 possit.
3547 4361 3748 4427 Queru-

2169 4465 2460 4523 admodum
2516 4461 2660 4516 enim
2728 4458 2798 4513 de
2850 4455 3125 4527 perplexis
3176 4465 3230 4508 ct
3288 4453 3464 4508 dubiis
3525 4453 3752 4508 somniis

2169 4559 2300 4613 nihil
2349 4554 2742 4624 intelligimus;
2793 4561 2869 4614 at,
2923 4551 3011 4604 ubi
3039 4547 3362 4614 evenerint,
3407 4548 3748 4618 aptissimam

2165 4647 2561 4718 expositionem
2590 4643 2789 4699 aﬁerre
2821 4642 3096 4707 solemus;
3132 4641 3206 4696 ita
3229 4640 3749 4694 mathematicorum

2168 4742 2481 4812 disciplina,
2529 4749 2821 4808 antequam
2868 4733 2998 4804 quid
3053 4733 3335 4800 evenerit,
3387 4720 3521 4785 nihil
3564 4739 3752 4800 aperte

2095 4813 2138 4868 D
2169 4835 2324 4889 nobis
2371 4833 2659 4888 declarare
2703 4836 2921 4898 potest:
2960 4840 3148 4880 verum
3195 4825 3286 4879 ubi
3341 4839 3430 4879 res
3481 4823 3745 4888 evenerit,

2167 4937 2298 4982 tunc
2357 4940 2525 4981 causa
2594 4932 2825 4978 eventus
2887 4918 3182 4974 manifesta
3241 4927 3499 4988 apparet;
3566 4918 3748 4987 itaque

2172 5031 2590 5089 saepenumero,
2645 5013 2740 5085 qui
2798 5014 3140 5083 praadicuut,
3191 5008 3471 5077 falluntur,
3530 5018 3584 5064 et
3629 5017 3750 5078 post

2171 5119 2426 5174 evenlttttt
2457 5109 2558 5180 ipsi
2587 5123 2648 5164 se
2694 5104 3128 5177 reprehendunt,
3178 5103 3508 5171 dicuntque,
3553 5099 3612 5157 Id
3636 5116 3747 5156 rem

2173 5203 2448 5269 eﬂ‘ecerat,
2475 5211 2530 5257 et
2555 5201 2953 5256 nesciebamus.
2977 5197 3190 5266 Lapsus
3216 5197 3378 5266 igitur
3401 5197 3489 5250 ille
3510 5210 3575 5249 ac
3594 5210 3744 5249 error

2174 5299 2254 5354 vel
2288 5296 2747 5367 peritissimorum
2770 5293 2894 5348 inde
2920 5301 3025 5356 est,
3050 5290 3196 5360 quod
3229 5291 3502 5359 ignorent,
3539 5298 3600 5342 ut
3629 5289 3748 5343 heri

2173 5391 2444 5455 dicebam,
2469 5403 2726 5460 quaenam
2751 5389 2977 5443 omnino
3011 5385 3293 5440 sintortus
3316 5397 3516 5448 causae,
3550 5391 3604 5436 et
3631 5397 3752 5451 quae

2175 5499 2279 5539 non
2311 5482 2574 5548 omnino;
2601 5490 2656 5536 et
2687 5495 2808 5550 qua!
2836 5476 3061 5533 omnino
3102 5475 3282 5531 facere
3324 5475 3609 5543 cupiamus
3631 5514 3646 5537 ,
3696 5481 3754 5524 at

2174 5598 2281 5637 non
2315 5581 2541 5636 omnino
2568 5579 2821 5634 facimus.
2866 5577 2991 5633 Haec
3035 5586 3218 5632 autem
3259 5589 3423 5629 causa
3468 5571 3622 5628 nobis
3659 5569 3748 5639 qui

2176 5675 2496 5746 mysterium
2519 5671 2830 5735 didicimus,
2855 5670 3141 5738 perspicua
3174 5679 3278 5734 cst,
3305 5668 3434 5736 quia
3465 5679 3587 5720 cum
3621 5662 3752 5716 libe-

2231 5833 2344 5904 (t7)
2387 5831 2521 5904 Vide
2557 5831 2650 5886 lib.
2694 5846 2725 5884 x
2762 5827 2982 5898 Recog.,
3013 5844 3070 5885 n.
3102 5827 3170 5884 10
3209 5835 3267 5882 et
3318 5837 3461 5897 seq.,
3489 5831 3545 5877 et‘
3591 5828 3749 5876 notas

2176 5903 2451 5960 Cotelet'it.
