4138 6458
357 437 425 495 89
1798 433 1864 488 IN
1897 432 2214 489 GENESIM.
3555 432 3631 488 90

356 560 720 631 ηγορήματα,
769 556 1054 625 κεκίνηκεν
1122 555 1271 625 ήμᾶς
1328 555 1536 626 μήποτε
1588 554 1649 607 τὸ
1710 556 1929 626 πρᾶγμα

2040 555 2241 608 habere
2261 551 2472 624 Moyses
2494 566 2685 608 servus
2704 550 2796 605 Dei
2818 546 3148 604 intellexerit
3171 565 3184 604 :
3214 550 3472 614 maxime,
3497 566 3620 603 cum

358 648 451 701 καὶ
481 648 632 717 παρά
688 646 767 716 τῷ
798 645 1090 716 θεράποντι
1134 643 1379 714 νενόηται
1423 644 1555 713 (2%),
1580 643 1751 705 οὕτως
1791 643 1935 713 ἕχον,

357 741 452 794 καὶ
487 740 719 809 μάλιστα
742 739 862 791 ἐπεὶ
890 739 918 791 6
948 735 1257 808 κυριώτατα
1286 736 1607 807 ἑρμηνεύειν
1643 735 1754 806 (⁸25)
1786 735 1936 804 φιλο-

355 830 686 901 τιμούμενος
731 829 958 891 Ἀκύλας
1008 828 1108 880 οὑκ
1152 826 1279 881 ἄλλο
1329 827 1591 898 πεποίηκε
1639 827 1790 898 παρά
1839 826 1938 897 τήν

359 923 730 993 προσηγορίαν
753 922 846 975 καὶ
877 920 940 974 τὸ
984 919 1366 990 κατηγόρημα.
1413 919 1794 990 Ἐπιστησάτω
1830 920 1875 973 δ’
1910 922 1940 973 6

356 1012 811 1084 δυσπαραδέκτως
838 1011 975 1081 ἔχων
1000 1011 1225 1075 τούτων,
1251 1011 1298 1062 εί
1330 1008 1553 1065 δύναται
1586 1011 1776 1081 ἠθικὸν
1808 1012 1940 1084 πρό-

358 1104 573 1174 ϐλημα,
619 1105 651 1175 ἢ
701 1102 1267 1174 φυσιολογούμενον,ἢ
1304 1102 1723 1174 θεολογούμενον
1771 1104 1939 1175 χωρὶς

356 1196 644 1267 ἀκριϐείας
674 1196 1087 1267 σημαινομένων
1117 1195 1212 1249 καὶ
1250 1193 1359 1249 τῶν
1410 1193 1552 1248 κατά
1598 1195 1690 1248 τὸν
1721 1195 1936 1263 λογικὸν

356 1289 520 1341 τόπον
561 1287 957 1359 τρανουμένων,
998 1288 1056 1340 ὃν
1087 1288 1169 1341 δεῖ
1200 1288 1402 1359 τρόπον
1440 1287 1829 1359 παρίστασθαι.
1871 1289 1936 1341 Τί

357 1382 465 1453 γὰρ
497 1382 695 1436 ἄτοπον
727 1380 943 1433 ἀκούειν
974 1382 1084 1435 τῶν
1130 1380 1667 1453 κυριολεκτουμένων
1713 1382 1771 1434 ὲν
1816 1384 1938 1445 ταῖς

356 1472 675 1536 διαλέκτοις,
702 1472 795 1524 καὶ
821 1470 1130 1539 ὲφιστάνειν
1155 1469 1432 1542 ἐπιμελῶς
1465 1473 1578 1535 τοῖς
1604 1471 1937 1541 σημαινομέ-

356 1577 501 1625 νοις;
544 1559 657 1613 ἔστι
699 1559 807 1631 γάρ
832 1561 966 1615 ὅπου
1011 1559 1165 1631 παρά
1194 1561 1293 1629 τὴν
1327 1560 1550 1628 ἄγνοιαν
1574 1559 1682 1611 τῶν
1705 1558 1936 1626 λογικῶν

355 1651 605 1722 μεγάλως
643 1653 1043 1724 περιπίπτομεν
1093 1651 1166 1721 μὴ
1214 1651 1566 1722 καθαίροντες
1593 1650 1692 1713 τὰς
1724 1652 1933 1720 ὁμωνυ-

355 1743 504 1811 μίας,
536 1744 631 1796 καὶ
665 1742 1013 1813 ἀμφιϐολίας,
1056 1741 1149 1793 καὶ
1210 1743 1598 1813 καταχρήσεις,
1636 1742 1730 1794 καὶ
1755 1756 1936 1813 κυριο-

351 1834 552 1899 λεξίας,
599 1835 694 1887 καὶ
732 1833 1036 1896 διαστολάς·
1070 1826 1182 1886 οἷον
1222 1833 1373 1903 παρά
1410 1833 1472 1885 τὸ
1497 1832 1806 1902 ἀγνοεῖσθαι
1833 1834 1931 1905 τὴν

354 1924 644 1996 ὁμώνυμον
686 1925 788 1994 τῆς
837 1926 1069 1994 κόσμου
1122 1924 1495 1998 προσηγορίας
1546 1924 1729 1996 φωνὴν
1769 1902 1933 1977 ἐκπε-
1971 1902 2012 1956 Β

349 2014 629 2069 πτώκασιν
670 2016 763 2068 ἐπὶ
804 2015 866 2068 τὸ
895 2014 1005 2087 (24)
1033 2014 1372 2068 ἀσεϐέστατα
1423 2017 1640 2084 φρονεῖν
1676 2015 1805 2086 περὶ
1835 2015 1930 2068 τοῦ

353 2107 698 2177 Δημιουργοῦ
714 2107 762 2158 οἱ
800 2105 875 2176 μὴ
918 2105 1276 2177 καθάραντες,
1307 2105 1399 2158 ἐπὶ
1442 2105 1604 2159 τίνων
1642 2108 1812 2160 κεῖται
1847 2106 1929 2169 τὸ,

353 2214 373 2246 ι
414 2194 475 2250 ’0
520 2196 723 2267 κόσμος
765 2197 822 2249 ἐν
858 2195 937 2266 τῷ
973 2195 1197 2268 πονηρῷ
1239 2199 1434 2261 κεῖται,
1466 2216 1483 2248 ι
1538 2197 1620 2250 ὅτι
1663 2197 1782 2249 ἀντὶ
1823 2196 1931 2252 τῶν

347 2288 639 2357 περιγείων
690 2289 784 2341 καὶ
834 2288 1193 2359 ἀνθρωπίνων
1242 2287 1403 2341 τοῦτο
1452 2287 1628 2351 οὕτως
1680 2288 1799 2341 ἐκεῖ
1852 2289 1931 2360 τῷ

358 2377 580 2451 Ἰωάννῃ
609 2376 842 2450 εἴρηται.
889 2379 1179 2450 Οίηθέντες
1219 2378 1329 2451 γάρ
1369 2379 1571 2451 κόσμον
1601 2382 1723 2433 κατ’
1761 2381 1931 2453 αὐτὴν

344 2467 442 2538 τὴν
471 2468 615 2533 λέξιν
644 2468 1002 2539 σημαίνεσθαι
1026 2469 1087 2522 τὸ
1111 2470 1365 2541 σύστημα
1388 2470 1449 2523 τὸ
1478 2470 1535 2537 ἐξ
1562 2470 1794 2543 οὐρανοῦ
1838 2471 1931 2524 καὶ

347 2558 450 2629 γῆς
495 2561 588 2612 καὶ
621 2559 730 2613 τῶν
778 2562 837 2614 έν
865 2561 1069 2625 αὐτοῖς,
1104 2561 1420 2633 θρασύτατα
1448 2563 1543 2616 καὶ
1590 2562 1929 2618 ἀνοσιώτατα

347 2651 738 2720 ἀποφαίνονται
792 2653 922 2724 περὶ
968 2653 1123 2706 Θεοῦ·
1175 2654 1441 2725 μηδαμῶς
1482 2654 1628 2726 ἔργῳ
1659 2655 1928 2710 δεικνύναι

346 2742 633 2813 δυνάμενοι
682 2745 802 2809 πῶς
860 2746 1011 2816 ἥλιος
1053 2747 1148 2800 καὶ
1199 2746 1395 2818 σελήνη
1444 2748 1540 2799 καὶ
1586 2748 1833 2820 ἀστέρες,
1860 2750 1929 2803 τά

347 2831 490 2887 οὕτω
511 2836 861 2906 τεταγμένως
891 2836 1001 2909 (25)
1026 2838 1344 2909 κινούμενα,
1369 2839 1547 2891 κεῖται
1570 2839 1629 2893 ὲν
1653 2839 1731 2910 τῷ
1755 2857 1926 2912 πονηο

350 2924 446 2997 ρῷ.
486 2922 618 2980 Εἶτα
660 2927 753 2982 ἐὰν
805 2931 1172 3001 προσάγωμεν
1213 2932 1397 2996 αὐτοῖς
1444 2935 1510 2986 ὲκ
1552 2933 1669 3000 τοῦ,
1718 2950 1735 2983 ι
1758 2926 1928 2997 Οὗτός

344 3017 493 3070 ἑστιν
523 3019 553 3070 ὁ
596 3020 766 3088 ἀμνὸς
814 3020 909 3074 τοῦ
937 3021 1071 3074 Θεοῦ
1111 3023 1141 3075 6
1178 3022 1346 3092 αἴρων
1391 3022 1491 3094 τῂν
1520 3024 1793 3095 ἁμαρτίαν
1832 3023 1924 3077 τοῦ

344 3107 573 3179 κόσμου,
602 3128 620 3160 ι
680 3111 763 3163 ὅτι
812 3112 1018 3182 κόσμος
1062 3112 1190 3165 ἔνθα
1246 3116 1280 3183 ὴ
1335 3114 1581 3184 ἁμαρτία
1642 3114 1963 3178 πλεονάζει”

346 3200 488 3253 κατά
513 3200 715 3265 ταύτας
745 3203 844 3265 τάς
877 3203 1049 3270 λέξεις
1097 3203 1332 3272 λέγεται,
1377 3206 1657 3260 τουτέστιν
1691 3209 1749 3261 ὲν
1810 3210 1925 3270 τοῖς

344 3292 641 3362 περιγείοις
671 3294 879 3358 τόποις,
910 3295 1379 3365 εὐγνωμονοῦντες
1415 3296 1512 3367 μὲν
1562 3300 1925 3370 προσήσονται

340 3384 410 3437 τὰ
436 3384 719 3455 λεγόμενα,
757 3385 1182 3455 φιλονεικοῦντες
1213 3387 1290 3455 δὲ,
1324 3388 1547 3458 ἠλιθίως
1597 3390 1927 3462 ἀναστρεφὸ-

345 3491 517 3543 μενοι,
563 3476 881 3546 ἐπιμενοῦσι
910 3480 1022 3541 τοῖς
1051 3476 1197 3544 ἅπαξ
1229 3478 1466 3549 κριθεῖσι
1512 3480 1806 3553 μοχθηροῖς
1837 3482 1924 3536 διά

340 3564 437 3635 τὴν
453 3567 673 3635 ἄγνοιαν
695 3568 791 3637 τῆς
811 3568 1148 3639 ὁμωνυμίαςο
1177 3569 1338 3623 πάλιν
1366 3587 1427 3623 τε
1459 3567 1524 3625 αὖ
1550 3571 1644 3625 ὲάν
1676 3572 1922 3645 λέγηται,

2042 647 2088 699 is
2117 645 2209 713 qui
2252 645 2478 698 omnino
2510 643 2727 712 proprie
2763 642 3107 712 interpretari
3144 642 3372 706 studuit,
3404 637 3622 707 Aquila,

2040 740 2186 793 aliud
2233 738 2370 792 nihil
2404 735 2648 806 posuerit
2683 743 2880 804 praeter
2928 733 3343 803 appellationem
3389 744 3443 787 et
3479 749 3612 802 pra:-

2039 830 2299 884 dicatum.
2335 827 2528 882 Videat
2559 841 2722 896 porro
2755 825 2847 894 qui
2888 826 3004 878 hare
3034 839 3176 893 :egre
3202 825 3461 889 admittit,
3495 840 3623 892 pos-

2040 923 2182 978 sitne
2212 919 2641 991 propositionem
2676 918 2744 972 de
2780 919 3047 983 moribus,
3079 925 3171 970 aut
3206 917 3274 971 de
3306 931 3487 971 rerum
3520 933 3619 971 na-

2042 1022 2186 1077 tura,
2217 1020 2313 1066 aut
2335 1011 2402 1066 de
2435 1010 2728 1081 theologia,
2758 1011 2877 1065 sine
2903 1018 3157 1066 accurata
3190 1009 3618 1078 signiﬁcatorum

2037 1112 2091 1158 et
2119 1118 2307 1158 eorum
2340 1117 2462 1172 quae
2479 1102 2784 1157 dialecticis
2802 1100 2942 1157 locis
2966 1102 3328 1165 illustrantur,
3346 1102 3618 1172 cognitio-

2039 1209 2130 1258 ne,
2164 1201 2315 1249 recte
2347 1202 2612 1248 astruere.
2654 1191 2793 1259 Quid
2825 1192 2970 1247 enim
3007 1192 3229 1247 absurdi
3267 1202 3350 1247 est
3378 1207 3496 1260 eos,
3523 1196 3618 1262 qui

2039 1287 2327 1341 verborum
2362 1286 2725 1363 proprietates
2775 1286 2828 1339 in
2880 1285 3107 1356 singulis
3152 1284 3352 1356 linguis
3398 1284 3621 1339 investi-

2037 1386 2167 1449 gant
2193 1417 2207 1441 ,
2242 1377 2456 1443 audire,
2497 1387 2550 1432 et
2606 1377 2934 1446 signiﬁcatis
2984 1377 3255 1432 inhaerere
3290 1374 3625 1446 diligenter?

2038 1469 2313 1524 interdum
2357 1470 2503 1523 enim
2539 1478 2761 1538 propter
2802 1468 3198 1538 ignorationem
3230 1468 3419 1538 logicae
3450 1468 3619 1523 disci-

2038 1560 2219 1629 plinae,
2250 1560 2491 1630 graviter
2523 1561 2781 1627 labimur,
2818 1560 2961 1628 quod
2990 1561 3472 1629 mquivocationes,
3502 1575 3620 1615 am-

2038 1651 2230 1721 biguas
2264 1665 2422 1704 voces
2443 1690 2459 1717 ,
2490 1651 2744 1719 proprias
2773 1660 2827 1705 et
2876 1653 3203 1723 improprias
3231 1653 3499 1707 dictiones
3521 1695 3534 1717 ,
3565 1660 3620 1705 et

2039 1740 2417 1796 distinctiones
2456 1756 2565 1795 non
2603 1740 2965 1810 dijudicemus
2993 1759 3007 1805 ;
3038 1743 3499 1812 quemadmodum
3551 1758 3616 1796 ex

2039 1832 2383 1900 ignoratione
2414 1832 2862 1901 mquivocatiouis
2894 1848 3015 1902 quae
3048 1844 3134 1888 est
3169 1837 3223 1887 in
3255 1834 3618 1904 appellatione

2040 1924 2258 1988 "randi,
2294 1924 2359 1979 ad
2404 1923 2659 1979 infandas
2690 1927 2759 1979 de
2789 1926 3048 1980 Creatore
3086 1927 3384 1981 sententias
3424 1925 3619 1994 dilapsi

2038 2025 2186 2081 Sunt,
2224 2032 2327 2071 non
2359 2017 2735 2072 discernentes
2764 2019 2829 2073 de
2857 2018 3055 2086 quibus
3085 2019 3318 2087 positum
3348 2020 3419 2073 sit
3450 2018 3614 2072 illud:

2042 2124 2063 2157 ‹
2086 2106 2317 2162 Mundus
2352 2108 2404 2162 in
2437 2109 2668 2178 maligno
2704 2110 2913 2177 positus
2949 2120 3033 2164 est
3058 2110 3127 2176 ⁵⁸,
3158 2130 3177 2162 ι
3215 2112 3359 2180 quod
3403 2112 3468 2165 de
3502 2120 3616 2165 ter-

2038 2196 2186 2249 renis
2213 2206 2267 2251 et
2306 2198 2556 2253 humanis
2594 2214 2660 2253 eo
2690 2199 2810 2254 loco
2827 2199 3065 2254 Joannes
3108 2203 3415 2268 usurpavit.
3455 2201 3621 2254 Arhi-

2040 2286 2165 2338 trati
2195 2285 2340 2338 enim
2375 2287 2632 2340 numdum
2664 2287 2765 2341 hac
2793 2286 3033 2343 dictione
3062 2286 3376 2355 signiﬁcare
3405 2286 3526 2339 caeli
3561 2293 3619 2351 et

2039 2383 2196 2428 terrae
2223 2375 2410 2429 orbem
2438 2385 2494 2430 et
2520 2391 2640 2445 qua:
2670 2377 2722 2430 in
2754 2377 2821 2432 iis
2852 2378 3219 2441 continentur,
3256 2374 3618 2429 audacissime

2036 2474 2092 2521 et
2122 2481 2285 2536 supra
2314 2482 2478 2536 quam
2509 2468 2613 2522 dici
2663 2478 2869 2539 potest,
2899 2469 3110 2523 nel‘arie
3139 2468 3203 2522 de
3234 2466 3343 2520 Deo
3371 2481 3615 2536 pronun-

2039 2559 2216 2615 tiant:
2256 2575 2380 2613 cum
2436 2561 2615 2629 reipsa
2662 2562 3043 2617 demonstrare
3076 2576 3181 2616 non
3222 2562 3471 2632 possint,
3507 2576 3616 2631 quo

2035 2660 2195 2720 pacto
2244 2651 2325 2706 sol
2359 2659 2413 2707 et
2449 2651 2573 2705 luna
2617 2660 2672 2708 et
2715 2660 2865 2706 astra
2894 2694 2909 2720 ,
2962 2668 3082 2722 qua:
3119 2662 3228 2707 tam
3265 2663 3392 2724 apto
3423 2653 3615 2708 ordine

2036 2755 2344 2809 moventur,
2380 2746 2432 2799 in
2466 2746 2703 2816 maligno
2731 2748 2906 2817 posita
2942 2748 3073 2805 sint.
3110 2747 3312 2802 Deinde
3340 2747 3383 2801 si
3414 2758 3481 2801 ex
3511 2747 3613 2802 hoc

2035 2832 2194 2888 loco:
2256 2851 2275 2883 ι
2305 2832 2407 2890 Hic
2456 2842 2540 2888 est
2578 2835 2765 2902 Agnus
2811 2834 2956 2901 Dei,
2988 2836 3083 2905 qui
3138 2835 3276 2891 tollit
3322 2846 3610 2905 peccatum

2035 2925 2221 2979 mundi
2254 2926 2324 2989 ⁸⁸,
2357 2944 2375 2977 ι
2414 2925 2649 2995 probare
2680 2926 2810 2994 ipsis
2839 2926 3170 2981 voluerimus
3204 2928 3484 2991 mundum,
3520 2928 3611 2982 ubi

2034 3017 2271 3071 abundat
2308 3027 2587 3087 peccatum
2609 3056 2625 3083 ,
2661 3019 2961 3074 secundum
2995 3019 3092 3073 has
3131 3019 3434 3075 locutiones
3462 3021 3609 3087 dici,

2034 3110 2137 3163 hoc
2169 3118 2252 3163 est
2290 3109 2359 3164 de
2390 3111 2746 3165 terrestribus
2794 3110 2961 3176 locis;
3011 3110 3103 3176 qui
3148 3110 3377 3165 candido
3423 3112 3613 3166 animo

2033 3198 2259 3265 fuerint,
2288 3200 2580 3256 admittent
2605 3215 2726 3269 quae
2757 3201 3048 3265 dicuntur;
3090 3202 3413 3256 contentiosi
3446 3216 3609 3268 vero,

2031 3292 2225 3347 stolide
2252 3300 2307 3345 et
2336 3292 2519 3362 inepte
2564 3306 2686 3348 sese
2722 3302 3012 3347 versantes
3034 3332 3049 3358 ,
3086 3289 3153 3345 iis
3177 3293 3457 3346 adlimrere
3484 3309 3610 3359 per-

2027 3395 2156 3456 gent
2202 3399 2322 3454 qua:
2354 3386 2523 3442 semel
2558 3386 2697 3439 mala
2726 3386 3097 3456 judicaverint
3133 3395 3356 3455 propter
3387 3386 3607 3456 ignora-

2030 3478 2228 3532 tionem
2262 3478 2733 3546 aaquirocationis.
2766 3479 2980 3533 Rursus
3014 3479 3056 3532 si
3094 3478 3347 3531 dicatur:
3410 3495 3428 3529 ι
3464 3478 3610 3532 Deus

2026 3575 2145 3621 erat
2178 3566 2232 3620 in
2268 3566 2488 3623 Christo
2520 3568 2778 3621 mundum
2809 3566 3176 3622 reconcilians
3206 3568 3309 3623 sibi
3338 3568 3403 3633 ⁸⁷,
3440 3588 3460 3621 ι
3498 3583 3606 3621 non

344 3674 365 3709 ι
389 3657 519 3722 Θεὸς
547 3654 615 3729 ἦν
649 3661 706 3711 ὲν
736 3659 954 3731 Χριστῷ
993 3660 1196 3731 κόσμον
1239 3662 1630 3717 καταλλάσσων
1669 3664 1869 3736 ἑαυτῷ,
1897 3685 1916 3718 ι

2032 3656 2134 3725 iam
2170 3666 2428 3727 poterunt
2456 3659 2601 3727 quod
2629 3658 2696 3713 de
2731 3658 2988 3713 universo
3021 3661 3223 3714 mundo
3256 3668 3604 3729 acceperant,

337 3748 525 3803 οὐκέτι
583 3749 897 3822 δυνήσονται
941 3750 970 3803 ὃ
1017 3750 1332 3824 ὲξειλήφασι
1395 3756 1525 3827 περὶ
1579 3757 1779 3821 παντὸς
1828 3756 1922 3811 τοῦ

341 3842 569 3913 κόσμου,
597 3844 843 3897 τουτέστι
877 3845 1005 3915 περὶ
1049 3845 1160 3899 τῶν
1203 3847 1263 3901 ὲν
1308 3846 1415 3917 ὅλῳ
1458 3847 1536 3918 τῷ
1567 3848 1777 3920 κόσμῳ,
1815 3850 1921 3920 μά-

341 3934 500 3988 λιστα
549 3934 689 3989 κατά
737 3937 837 4000 τὰς
880 3937 1166 4001 ὑποθέσεις
1209 3939 1390 3993 αὐτῶν
1430 3940 1623 4005 δεῖξαιο
1659 3943 1755 3996 καὶ
1801 3944 1921 3996 κατ’

340 4024 507 4079 αὑτοῦ
561 4028 670 4096 γὰρ
714 4027 927 4099 ἀνάγκη
960 4029 1057 4099 τὴν
1095 4029 1239 4095 λέξιν
1285 4031 1361 4095 ὡς
1399 4030 1689 4103 ὁμώνυμον
1737 4033 1922 4100 ἐξετά-

342 4114 549 4179 ζεσθαι.
596 4118 708 4170 Καὶ
748 4117 875 4187 περὶ
905 4117 1005 4187 τὴν
1051 4119 1378 4188 ἀμφιϐολίαν
1406 4122 1463 4174 δὲ
1508 4122 1797 4195 μοχθηρῶν
1832 4126 1923 4178 ἐκ·

341 4204 512 4277 δοχῶν
569 4206 663 4259 καὶ
712 4205 865 4276 παρά
901 4206 1001 4278 τὴν
1032 4206 1315 4279 διαστολὴν
1351 4210 1463 4281 (26)
1498 4212 1605 4265 τῶν
1652 4214 1918 4283 στιγμῶν,

342 4299 434 4351 καὶ
464 4296 639 4351 ἄλλων
665 4296 722 4349 δὲ
762 4296 971 4367 μυρίων
1029 4299 1449 4371 παραδείγματά
1491 4303 1605 4355 ἐστι
1638 4302 1922 4375 φιλοτιμη-

342 4388 579 4460 σάμενον
611 4389 711 4441 οὐκ
742 4386 899 4455 ὀλίγα
944 4387 1148 4442 λαϐεῖν.
1198 4389 1384 4443 Ταῦτα
1421 4390 1477 4444 δὲ
1512 4391 1917 4463 παρεξέϐημεν,

340 4479 429 4533 ενα
458 4478 740 4550 δείξωμεν,
794 4478 876 4531 ὅτι
916 4479 1011 4531 καὶ
1061 4480 1183 4533 καθ’
1220 4482 1367 4552 ἡμᾶς
1394 4481 1519 4545 τοὺς
1560 4481 1813 4545 θέλοντας
1843 4483 1917 4554 μὴ

2025 3748 2129 3802 hoc
2160 3756 2266 3814 est,
2298 3748 2365 3804 de
2399 3748 2465 3803 iis
2493 3763 2614 3818 quae
2643 3748 2695 3803 in
2733 3758 2846 3804 toto
2882 3750 3086 3803 mundo
3118 3757 3267 3813 sunt,
3300 3747 3605 3818 praesertim

2024 3842 2320 3896 secundum
2351 3842 2681 3912 hypotheses
2710 3857 2837 3897 suas
2867 3843 3278 3897 demonstrare:
3313 3842 3379 3896 de
3410 3842 3604 3896 eodem

2024 3932 2167 3987 enim
2199 3933 2496 3987 dictionem
2535 3942 2593 3987 ut
2623 3933 2775 4002 plura
2807 3933 3205 4003 signiﬁcantem
3236 3934 3605 4002 pervestigare

2023 4036 2249 4077 necesse
2271 4032 2377 4078 est.
2404 4024 2788 4094 Ambiguitatis
2816 4035 2999 4079 autem
3030 4039 3413 4088 perversarum
3435 4041 3604 4095 expo-

2023 4114 2280 4170 sitionum
2304 4126 2358 4171 et
2382 4116 2840 4185 interpunctionis
2856 4126 2910 4172 et
2927 4129 3311 4173 sescentorum
3338 4120 3603 4188 ejusmodi

2021 4207 2269 4275 exempla
2321 4222 2427 4261 non
2459 4221 2629 4276 pauca
2661 4207 2934 4276 reperiet,
2972 4209 3063 4276 qui
3116 4210 3167 4263 id
3197 4211 3459 4265 studebit.
3495 4211 3603 4265 Sed

1992 4296 2141 4351 haec
2188 4311 2289 4364 per
2320 4297 2719 4367 digressionem
2750 4339 2765 4363 ,
2817 4309 2877 4354 ut
2924 4301 3337 4355 ostenderemus
3377 4302 3449 4354 ita
3504 4316 3603 4356 nos

2022 4401 2238 4457 quoque
2279 4389 2592 4444 existimare
2632 4390 2779 4456 illis,
2835 4394 2926 4461 qui
2967 4392 3157 4447 volunt.
3189 4393 3241 4446 iu
3296 4392 3603 4463 intelligen-

2026 4479 2095 4532 tia
2142 4478 2450 4534 divinarum
2482 4479 2893 4551 Scripturarum
2931 4486 3214 4538 veritatem
3247 4494 3466 4547 tenere,
3503 4499 3603 4545 nec

342 4570 673 4639 σφάλλεσθαι
707 4572 835 4645 περὶ
858 4572 955 4643 τὴν
988 4570 1245 4643 ἀλήθειαν
1274 4574 1332 4625 ὲν
1363 4572 1440 4643 τῷ
1473 4575 1614 4625 νοεῖν
1645 4575 1743 4637 τὰς
1771 4574 1919 4639 θείας

2032 4569 2154 4635 labi,
2189 4573 2657 4639 pernecessariam
2692 4589 2815 4629 esse
2851 4575 3158 4631 liberalium
3192 4578 3388 4632 artium
3419 4578 3602 4633 scien-

340 4663 561 4735 Γραφάς
623 4664 1024 4733 ἀναγκαιότατά
1073 4666 1187 4717 ἐστι
1247 4664 1316 4718 τά
1363 4666 1631 4718 πίπτοντα
1685 4668 1766 4729 είς
1818 4667 1916 4739 τὴν

339 4757 532 4826 χρῆσιν
564 4756 759 4809 εἰδέναι
799 4756 1011 4825 λογικά·
1039 4751 1114 4811 ὧν
1150 4757 1245 4810 καὶ
1288 4756 1383 4809 νῦν
1410 4757 1711 4829 ἐδεήθημεν
1740 4761 1820 4823 είς
1853 4760 1914 4813 τὸ

338 4847 516 4918 εὑρεῖν
555 4846 654 4917 τὴν
696 4845 955 4917 διαφορὰν
984 4845 1093 4899 τῶν
1122 4846 1433 4917 λεγομένων
1470 4848 1752 4915 γεγονέναι
1790 4867 1809 4900 ι
1836 4853 1917 4914 εἰς

339 4939 512 5009 ἀρχὰς
544 4939 642 5010 τῆς
674 4940 886 5007 νυκτὸς,
905 4944 1050 4997 ικαὶ(
1062 4944 1140 5008 είς
1158 4947 1219 5000 τὸ
1242 4940 1429 5011 ἄρχειν
1455 4939 1556 5011 τῆς
1584 4941 1797 5012 ἡμέρας
1820 4943 1913 4996 καὶ

337 5029 437 5099 τῆς
462 5029 673 5093 νυκτός.
694 5050 721 5085 δ

402 5142 415 5171 ἰ
482 5172 530 5205 ⁵⁵
559 5173 578 5227 1
611 5172 769 5228 Joan.
798 5190 849 5240 ν,
885 5174 972 5230 l9.
1046 5175 1094 5207 ⁸⁸
1125 5172 1281 5231 Joan.
1316 5191 1351 5243 ι,
1378 5175 1468 5233 29.
1538 5178 1583 5209 ⁵⁷
1612 5176 1651 5232 ΙΙ
1679 5177 1804 5235 Cor.
1836 5194 1889 5247 ν.
1923 5181 2006 5237 19-

408 5318 521 5389 (Ἧ)
562 5317 673 5389 Καὶ
703 5318 864 5386 παρὰ
887 5318 967 5384 τῷ
989 5319 1306 5389 θεράποντι
1330 5321 1623 5387 νενόηται.
1652 5322 1726 5376 Ita
1758 5324 1918 5380 habet

335 5387 523 5441 Tarini
556 5388 747 5459 editio,
776 5399 829 5441 et
865 5390 936 5442 ita
987 5387 1199 5458 legebat
1231 5406 1448 5459 quoque
1481 5391 1865 5448 Genebrardus
1897 5413 1912 5448 :

338 5459 569 5533 vitiose,
621 5458 666 5511 si
732 5459 1278 5533 modo_mendusam‘
1318 5458 1645 5533 scripturam
1705 5464 1910 5533 integra

335 5529 542 5581 scimus
574 5542 864 5596 seponere.
891 5528 1043 5594 Quod
1077 5532 1119 5583 si
1158 5528 1487 5595 conjectura:
1521 5531 1671 5585 locus
1705 5528 1908 5593 estfita

336 5597 622 5675 legendum
673 5612 794 5651 esse
844 5599 1350 5675 suspicarlnpossis,
1398 5601 1491 5675 καὶ
1541 5602 1691 5673 παρὰ
1730 5603 1806 5675 τῷ
1839 5604 1907 5655 τὰ

2026 4662 2155 4715 tiam
2184 4702 2199 4728 ,
2235 4664 2432 4732 quibus
2465 4672 2519 4718 et
2554 4680 2700 4720 nunc
2732 4667 2889 4722 nobis
2922 4684 3057 4737 Opus
3084 4671 3204 4735 fuit,
3242 4679 3301 4723 ut
3330 4671 3602 4724 invenire-

2024 4769 2145 4807 mus
2172 4794 2186 4813 ,
2236 4768 2345 4822 quo
2392 4753 2646 4809 differant
2684 4756 2771 4809 illa
2800 4796 2813 4822 ,
2858 4773 2978 4826 quze
3013 4759 3269 4814 dicuntur
3311 4759 3455 4815 facta
3543 4760 3600 4815 in

2022 4846 2377 4914 principatum
2412 4848 2601 4913 noctis,
2635 4855 2688 4902 et
2720 4858 2775 4902 ut
2810 4860 3091 4918 praeessent
3139 4851 3246 4905 diei
3278 4861 3324 4905 et
3373 4853 3535 4907 nocti.

2093 5328 2232 5402 (23)Δ
2259 5328 2311 5381 Ὀ
2342 5329 2670 5402 κυριώτατα
2701 5329 3069 5402 ἑρμηνεύειν,
3105 5340 3208 5387 etc.
3245 5331 3333 5388 Sic
3367 5348 3507 5402 saepe
3536 5334 3591 5391 in

2024 5393 2365 5473 Epistulqkad
2397 5393 2743 5473 Africanum}
2765 5393 2863 5473 sic
2892 5418 3033 5468 smpe
3060 5393 3443 5473 Hieronymus.

2091 5466 2202 5537 (24)
2254 5466 2733 5522 Ἐκπεπτώκασιν
2771 5468 2868 5523 ἐπὶ
2918 5466 3004 5524 τό.
3048 5466 3405 5526 Valentiniani
3440 5474 3589 5529 vide-

2016 5536 2160 5599 licet,
2186 5536 2557 5608 Marciunistm
2588 5540 2787 5607 aliique
2815 5556 3002 5593 eorum
3037 5544 3335 5608 corporali.

2086 5608 2199 5677 (‘25)
2240 5606 2451 5663 Philoc.
2483 5626 2609 5677 ms.,
2641 5606 3028 5678 τεταγμένως;
3082 5606 3378 5679 impressa,
3427 5630 3586 5669 τετα-

334 5666 452 5720 θεία
481 5668 747 5737 γράφοντι
772 5666 1243 5748 νενόηταιγ-ίίξνξ
1267 5669 1509 5748 Duelius,
1540 5666 1633 5724 cui
1654 5666 1905 5748 assentiri

2032 5666 2206 5748 νμέναί

335 5753 444 5815 nun
486 5754 724 5822 pessum,
757 5740 899 5822 quod
929 5740 1055 5791 alibi
1083 5745 1151 5822 al:
1193 5738 1665 5822 O'rigenc‘Muyscs
1698 5744 1905 5812 simpli-

2084 5750 2197 5819 (26)
2236 5749 2400 5825 Παρὰ
2442 5748 2556 5825 {iw
2591 5746 2941 5825 δίιιστοιίήν.
2996 5748 3155 5807 lluet.
3191 5752 3397 5825 legend.
3434 5753 3581 5807 vide

337 5809 477 5891 ci'te'r‘
506 5809 717 5891 dicatur
742 5808 1014 5891 ,θεράπων
1043 5818 1098 5861 et
1126 5808 1561 5891 Gepdrrgiy_6£oﬁl
1594 5811 1720 5869 Vide
1750 5808 1904 5890 nutus

2038 5808 2122 5887 ur,
2162 5808 2286 5891 περὶ
2318 5808 2415 5890 τὴν
2443 5808 2743 5888 διαστολὴν.

334 5878 399 5929 ad
433 5876 651 5932 Exhorl.
684 5878 754 5933 ad
786 5876 1123 5949 martyrium,
1155 5876 1272 5951 pug.
1301 5881 1423 5935 506.
