4138 6494
349 441 419 498 93
1805 440 1870 495 t-N'

2000 441 2230 497 NESIM.
3535 445 3605 501 94

340 559 421 621 τὺ,
439 556 688 625 σπεῖρον
708 555 943 625 σπέρμα
972 558 1118 611 κατὰ
1143 554 1331 627 γένος·
1358 555 1420 610 ἵν’
1442 554 1498 631 ᾖ,
1519 557 1898 623 Βλαστησάτι

2027 559 2195 625 juxta:
2236 574 2435 628 genus,
2484 565 2541 612 ut
2598 556 2669 613 sit
2697 596 2713 617 .
2758 558 3007 626 germinet
3054 568 3196 613 terra
3248 560 3462 614 herbam
3494 563 3599 630 {em

343 650 381 716 ἡ
407 647 475 718 γῆ
492 649 768 717 βοτάνην
788 652 1026 718 χόρτου,
1042 650 1191 703 κατὰ
1207 650 1378 719 γένος
1393 650 1645 717 σπεῖρον
1662 650 1917 718 σπέρμα·

345 740 739 812 ἐπιφερομένου
784 741 877 792 ἐπὶ
920 741 980 792 τὺ
1022 740 1196 810 γένος
1234 740 1328 793 τοῦ
1378 740 1630 807 σπεῖρον
1660 740 1917 808 σπέρμα.

413 832 757 895 Αὐξάνεσθε
788 832 884 885 καὶ
914 834 1316 899 πληθύνεσθε.
1343 834 1415 903 Ση
1427 832 1605 902 μαίνει
1631 830 1741 901 (29)
1764 833 1795 901 ὴ
1822 832 1921 901 μὲν

340 923 564 993 αὔξησις
597 924 696 994 τὴν
730 926 809 987 είς
845 924 1074 994 μέγεθος
1107 926 1366 987 ἐπίδοσιν,
1395 925 1455 977 τὸ
1479 924 1535 976 δὲ
1559 921 1921 994 πληθύνεσθαι

338 1016 438 1086 τὴν
470 1017 533 1067 ἐκ
566 1014 666 1084 τῆς
698 1016 897 1086 μίξεως
926 1018 1004 1078 εἰς
1035 1015 1235 1086 πλῆθος
1263 1016 1527 1088 διαδοχήν.

407 1106 514 1157 Kal
554 1102 722 1159 εἶπεν
749 1108 782 1159 d
815 1108 989 1172 Θεόςο
1030 1108 1382 1176 Ποιήσωμεν
1430 1108 1743 1175 ἄνθρωπον
1788 1107 1917 1160 κατ’

337 1198 547 1252 εἰκόνα
594 1198 888 1266 ἡμετέραν
936 1199 1035 1251 καὶ
1085 1198 1213 1254 καθ’
1264 1200 1568 1267 ὁμοίωσιν.
1621 1198 1919 1269 Προδιαλη-

340 1287 500 1338 πτέον
535 1288 644 1357 (50)
674 1289 957 1360 πρότερον,
987 1289 1089 1342 ποῦ
1121 1289 1435 1342 συνίσταται
1462 1290 1522 1342 τὸ
1544 1292 1670 1343 κατ’
1694 1292 1917 1355 εἰκόνα,

336 1379 396 1431 ὲν
429 1378 641 1448 σώματι
668 1380 699 1450 ἢ
728 1381 785 1432 ἐν
812 1380 976 1452 ψυχῇ.
1004 1382 1233 1452 Ἴδωμεν
1258 1382 1315 1434 δὲ
1342 1382 1605 1452 πρότερον
1637 1377 1718 1445 οἷς
1746 1382 1920 1453 χρῶν-

335 1489 424 1527 ται
455 1477 503 1527 οἱ
529 1476 589 1529 τὸ
612 1477 824 1546 πρῶτον
854 1476 1128 1545 λέγοντες
1162 1470 1236 1529 ὧν
1262 1479 1376 1529 ὲστι
1407 1478 1500 1529 καὶ
1527 1475 1778 1529 Μελίτων
1809 1476 1918 1547 (51)

337 1566 743 1635 συγγράμματα
795 1565 1201 1628 καταλελοιπὼς
1255 1566 1385 1634 περὶ
1454 1565 1549 1617 τοῦ
1604 1564 1919 1635 ὲνσώματον

333 1650 472 1708 εἶναι
503 1654 592 1707 τὸν
634 1656 787 1708 Θεόν.
837 1657 987 1726 Μέλη
1020 1655 1130 1726 γὰρ
1180 1656 1315 1709 Θεοῦ
1362 1655 1734 1726 ὀνομαζόμενα
1774 1658 1917 1728 εὑρί-

333 1764 573 1809 σκοντες,
609 1747 921 1817 ὀφθαλμοὺς
945 1745 1077 1800 Θεοῦ
1112 1746 1501 1811 ὲπιϐλέποντας
1529 1747 1626 1817 τὴν
1668 1749 1917 1819 οἰκουμέ-

330 1856 449 1909 νην,
484 1840 578 1891 καὶ
609 1833 722 1891 ὦτα
767 1836 932 1893 αὑτοῦ
982 1834 1119 1891 εἶναι
1152 1839 1231 1900 είς
1262 1838 1444 1908 δέησιν
1473 1838 1697 1893 δικαίων
1737 1842 1916 1893 ἐπινε-

2016 650 2179 718 juxta
2226 666 2388 719 genus
2425 652 2689 703 seminans
2726 668 2901 705 semen
2929 691 2944 714 ,
2999 650 3187 706 relatis
3238 653 3495 706 nimirum
3536 655 3601 706 ad

2022 754 2182 808 genus
2208 779 2224 807 ,
2262 740 2467 806 verbis,
2503 742 2770 794 seminans
2810 757 3004 793 semen.

2095 829 2323 885 Crescite
2355 841 2403 884 et
2440 832 2866 899 multiplicamini
2883 832 2948 885 ⁸³.
2980 833 3299 886 Accretione
3331 830 3604 901 signiﬁca-

2025 932 2113 977 tur
2146 923 2202 976 iu
2239 923 2501 992 majorem
2536 922 2730 976 molem
2772 931 3147 990 augmentum,
3184 924 3599 991 multiplicatio-

2022 1028 2091 1068 ne
2111 1028 2238 1067 vero
2254 1027 2316 1065 ea
2337 1028 2533 1081 quase:
2562 1012 2754 1082 copula
2784 1012 2862 1074 lit,
2884 1010 3241 1065 multitudinis
3261 1011 3598 1079 propagatio.

2093 1103 2200 1174 25
2237 1104 2300 1157 Et
2339 1104 2469 1156 dixit
2506 1102 2646 1156 Deus
2674 1118 2691 1156 :
2720 1101 3002 1156 Faciamus
3031 1105 3289 1155 hominem
3317 1102 3384 1154 ad
3414 1102 3606 1170 imagi-

2023 1212 2136 1253 nem
2168 1208 2403 1248 nostram
2435 1206 2479 1246 et
2505 1191 2903 1245 similitudinem
2934 1193 2999 1246 °°.
3027 1191 3181 1246 Prius
3203 1192 3597 1245 discutiendum

2021 1294 2106 1341 est
2132 1285 2219 1339 ubi
2246 1284 2515 1339 consistat
2540 1282 2693 1347 illud,
2726 1284 2793 1335 ad
2833 1284 3134 1352 imaginem,
3168 1283 3219 1335 in
3247 1297 3494 1350 corpore,
3526 1298 3595 1333 au

2023 1376 2076 1430 in
2129 1376 2332 1430 anima.
2386 1374 2450 1428 Et
2477 1374 2531 1430 in
2565 1372 2759 1444 primis
2794 1375 3094 1441 videamus,
3141 1375 3339 1442 quibus
3374 1383 3599 1426 utantur

2021 1466 2113 1537 qui
2158 1466 2309 1534 prius
2347 1474 2632 1530 asserunt;
2676 1479 2706 1519 e
2758 1479 2989 1534 quorum
3021 1480 3248 1520 numero
3280 1473 3363 1518 est
3391 1464 3599 1525 Melito.

2020 1556 2110 1625 qui
2140 1555 2342 1622 scripta
2367 1555 2608 1624 reliquit,
2634 1554 2828 1623 quibus
2856 1555 3053 1609 asserit
3080 1554 3246 1608 Deum
3272 1571 3598 1625 corporeum

2017 1661 2156 1705 esse.
2176 1647 2411 1701 Membra
2427 1646 2571 1701 enim
2603 1647 2693 1699 Dei
2720 1646 3119 1716 appellatacum
3150 1647 3449 1715 reperiunt,
3468 1661 3601 1702 ocu-

2019 1738 2097 1793 los
2128 1738 2217 1792 Dei
2242 1738 2590 1806 respicientes
2618 1746 2816 1788 terram
2853 1737 2919 1802 σί,
2944 1746 2999 1788 et
3030 1752 3191 1789 aures
3214 1736 3331 1806 ejus
3358 1736 3598 1793 intentus

2017 1843 2137 1882 esse
2158 1829 2221 1881 ad
2255 1842 2442 1896 preces
2473 1825 2746 1896 justorum
2775 1825 2842 1889 6';
2861 1834 2945 1879 et:
2972 1823 3160 1892 Olfecit
3185 1824 3436 1879 Dominus
3467 1831 3598 1879 odo-

328 1930 576 1993 νευκότα,
609 1931 725 1992 καὶ,
772 1929 1109 1998 Ὠσφράνθη
1148 1931 1363 1997 Κύριος
1402 1929 1605 1999 ὀσμὴν
1628 1932 1898 1999 εὐωδίας·

2017 1935 2123 1974 rem
2158 1920 2434 1972 suavitatis
2454 1917 2528 1982 ea;
2559 1925 2614 1972 et
2640 1934 2653 1969 :
2686 1916 2759 1972 0s
2794 1916 3003 1969 Domini
3030 1914 3259 1967 locutum
3292 1927 3366 1968 est
3395 1917 3496 1969 ista
3528 1916 3595 1981 "‘,

329 2023 442 2080 καὶ,
484 2019 553 2073 Τό
603 2021 798 2088 στόμα
840 2019 1062 2086 Κυρίου
1098 2019 1371 2087 ὲλάλησε
1400 2021 1607 2084 ταῦτα,
1638 2023 1732 2075 καὶ
1780 2022 1911 2095 βρα-

324 2110 478 2179 χίονα
503 2108 661 2173 Θεοῦ,
711 2110 805 2162 καὶ
851 2112 1056 2181 χεῖρας,
1104 2110 1199 2165 καὶ
1239 2110 1427 2173 πόδας,
1469 2113 1563 2165 καὶ
1590 2112 1906 2180 δακτύλους,

322 2202 582 2273 ἄντικρυς
639 2202 907 2270 φάσκουσι
952 2200 1122 2254 ταῦτα
1161 2202 1261 2273 οὐχ
1304 2202 1492 2273 ἕτερόν
1538 2221 1591 2255 τι
1639 2204 1908 2259 διδάσκειν

322 2293 353 2361 ἢ
389 2292 487 2362 τὴν
521 2293 734 2362 μορφὴν
764 2292 855 2343 τοῦ
905 2292 1059 2345 Θεοῦ.
1108 2292 1232 2354 Πῶς
1268 2293 1344 2358 δὲ,
1380 2293 1533 2362 φασὶ,
1567 2295 1662 2347 καὶ
1692 2294 1846 2367 ὤφθη
1880 2297 1909 2349 ό

321 2380 451 2443 Θεὸς
498 2379 575 2451 τῷ
608 2380 877 2451 Ἀὅραὰμ,
921 2381 1014 2432 καὶ
1056 2381 1253 2450 Μωσῇ,
1294 2380 1388 2432 καὶ
1431 2383 1544 2443 τοῖς
1586 2381 1782 2449 ἁγίοις,
1830 2382 1905 2453 μὴ

324 2471 783 2543 μεμορφωμένοςς
824 2471 1254 2543 μεμορφωμένος
1280 2471 1359 2535 δὲ,
1390 2472 1533 2526 κατὰ
1557 2477 1707 2527 ποῖον
1736 2492 1908 2545 χαρα-

320 2565 497 2635 κτῆρα
530 2565 562 2635 ἢ
591 2564 681 2616 τὸν
707 2562 1078 2635 άνθρὼπινον;
1118 2564 1212 2617 καὶ
1246 2565 1536 2634 συνάγουσι
1568 2566 1737 2636 μυρία
1767 2566 1905 2637 ῥητὰ

322 2655 460 2726 μέλη
508 2654 841 2725 ὀνομάζοντα
880 2653 1035 2708 Θεοῦ.
1082 2655 1227 2726 Πρὸς
1259 2655 1353 2720 οὒς
1385 2658 1717 2725 ἀγωνιστέον
1763 2658 1906 2729 πρῶ-

317 2760 409 2797 τον
461 2747 569 2799 άπὸ
612 2747 709 2816 τῆς
764 2746 994 2809 λέξεωςο
1052 2747 1601 2819 άντιπαραϐαλοῦμεν
1659 2749 1715 2804 δὲ
1766 2748 1904 2819 ῥητὰ

317 2838 431 2898 τοῖς
465 2836 625 2889 πλέον
655 2836 745 2888 τοῦ
775 2837 1101 2907 γράμματος
1154 2837 1318 2908 μηδὲν
1355 2839 1769 2910 ἐπισταμένοις,
1817 2841 1904 2893 ἐν-

317 2926 644 2996 αντιούμενα
681 2926 860 2980 αὐτῶν
905 2929 971 2997 τῇ
1012 2926 1309 2996 ὑπολήψει·
1347 2929 1412 2981 ὲκ
1460 2929 1559 2998 μὲν
1600 2928 1695 2983 τοῦ
1728 2931 1902 3000 Ζαχα-

320 3015 458 3085 ρίου,
489 3017 569 3069 ὅτι
614 3016 789 3070 Ἑπτὰ
818 3017 1109 3085 ὀφθαλμοὶ
1135 3017 1356 3084 Κυρίου
1395 3021 1449 3072 οἱ
1476 3019 1902 3090 ἐπιϐλέποντες

314 3109 412 3163 ἐπὶ
443 3110 649 3165 πᾶσαν
679 3109 793 3176 τὴν
824 3108 960 3178 γῆν.
1001 3109 1064 3160 Ei
1103 3109 1160 3162 δὲ
1203 3109 1346 3164 ἑπτὰ
1379 3110 1489 3180 ἔχει
1532 3112 1843 3183 ὀφθαλμοὺς
1872 3117 1901 3169 ὁ

314 3200 467 3265 Θεὸς,
508 3204 668 3273 ἡμεῖς
700 3202 756 3254 δὲ
785 3199 897 3265 δύο,
926 3199 985 3253 οὐ
1012 3200 1130 3252 κατ’
1163 3202 1347 3254 εἰκόνα
1378 3201 1542 3256 αὐτοῦ
1567 3205 1891 3275 γεγόναμεν.

327 3288 487 3344 Ἀλλὰ
539 3290 635 3343 καὶ
689 3292 849 3362 ἡμεῖς
894 3290 991 3361 μὲν
1033 3290 1133 3342 οὐκ
1183 3292 1632 3365 ὲπτερυγώμεθα,
1669 3298 1796 3369 περῖ⁹
1838 3298 1895 3352 δὲ

313 3379 448 3434 Θεοῦ
500 3382 647 3451 λέγει
698 3385 756 3436 ὲν
801 3382 1167 3454 ὲννενηκοστῷ
1215 3383 1434 3456 ψαλμῷ,
1483 3388 1564 3441 ὅτι
1609 3390 1726 3444 ὑπὸ
1788 3391 1895 3458 τὰς

312 3472 607 3542 πτέρυγας
638 3472 823 3526 αὐτοῦ
845 3475 1092 3542 ἑλπιεῖς.
1128 3478 1191 3530 Et
1215 3477 1273 3531 δὲ
1303 3478 1511 3541 ἐκεῖνος
1564 3480 1662 3550 μὲν
1696 3481 1896 3553 πτέρυο

310 3577 414 3628 γας
459 3561 590 3632 ἔχει,
623 3564 783 3633 ἡμεῖς
817 3563 874 3615 δέ
908 3566 1074 3634 ἐσμεν
1106 3564 1242 3629 ζῶον
1274 3567 1531 3639 ἄπτερον,
1566 3568 1626 3621 οὐ
1661 3571 1778 3623 κατ’
1813 3571 1893 3624 εί-

310 3654 443 3705 κόνα
471 3653 602 3707 Θεοῦ
630 3654 851 3723 γέγονεν
890 3656 918 3708 ὁ
962 3656 1265 3728 ἄνθρωπος.
1315 3660 1438 3725 Πῶς
1467 3660 1523 3714 δὲ
1555 3662 1583 3713 ὁ
1619 3679 1895 3734 σφαιροει-

308 3745 404 3817 δὴς
434 3746 660 3817 οὐρανὸς
688 3746 779 3799 καὶ
802 3748 888 3801 ἀεὶ
914 3750 1227 3820 κινούμενος
1261 3749 1447 3823 θρόνος
1479 3749 1619 3807 εἶναι
1649 3753 1890 3823 δύναται,

307 3836 383 3900 ὠς
419 3836 880 3907 ὑπολαμϐάνουσι,
910 3838 1005 3893 τοῦ
1040 3839 1213 3906 Θεοῦ;
1253 3842 1413 3896 Ἀλλὰ
1451 3843 1546 3898 καὶ
1586 3846 1619 3916 ἡ
1664 3846 1737 3916 γῆ
1774 3847 1891 3912 πῶς

307 3928 596 3981 ὑποπόδιον
621 3928 728 3983 τῶν
761 3929 936 3982 ποδῶν
961 3932 1156 3997 αὑτοῦ;
1186 3934 1699 4003 Ἀπαγγελλέτωσαν
1722 3940 1851 4009 ἡμῖν
1867 3978 1884 3997 .

306 4014 455 4087 Ἀρα
481 4019 591 4089 γὰρ
628 4020 690 4074 τὸ
725 4020 831 4074 ἀπὸ
862 4021 1103 4087 γονάτων
1137 4022 1298 4094 μέχρι
1339 4025 1447 4080 τῶν
1491 4026 1698 4097 βάσεων
1732 4028 1891 4100 σῶμα

308 4109 405 4161 τοῦ
457 4109 659 4178 μεταξὺ
709 4108 939 4178 οὐρανοῦ
984 4113 1077 4164 καὶ
1120 4114 1224 4182 γῆς
1255 4117 1615 4187 περιέχοντος,
1648 4121 1707 4172 ἐν
1741 4121 1891 4191 μέσῳ

308 4197 365 4251 δὲ
395 4197 561 4268 οὔσης
594 4199 693 4269 τῆς
720 4200 822 4269 γῆς
848 4200 940 4253 τοῦ
978 4204 1176 4267 παντὸς
1209 4205 1434 4273 κόσμου,
1460 4210 1551 4266 καὶ
1579 4212 1892 4282 περιεχομέ-

307 4308 404 4361 νης
429 4290 518 4345 ὑπ’
539 4288 727 4353 αὑτοῦ,
751 4289 826 4354 ὡς
851 4298 1193 4362 γραμμικαῖς
1211 4297 1513 4363 ἀποδείξεσι
1538 4302 1887 4371 παρίσταται,

307 4377 437 4447 παρ’
469 4378 601 4447 ἡμῖν
626 4378 763 4430 εἰσιν
785 4379 840 4429 αἱ
872 4377 1057 4446 βάσεις
1085 4382 1175 4433 τοῦ
1201 4383 1391 4455 Θεοῦῆ
1428 4389 1576 4459 παρὰ
1607 4392 1719 4453 τοῖς
1749 4391 1891 4444 ἀντί-

306 4467 495 4539 χθοσι;
527 4468 635 4522 Καὶ
667 4467 794 4537 ὃλην
823 4468 919 4540 τὴν
950 4471 1275 4545 οἰκουμένην
1312 4476 1470 4546 ἡμῶν
1519 4479 1887 4551 πεπληρώκα-

2012 2022 2067 2066 et
2110 2011 2393 2066 brachium
2446 2010 2559 2073 Dei,
2597 2018 2651 2063 et
2685 2023 2897 2072 manus,
2950 2017 3004 2061 et
3038 2008 3223 2076 pedes,
3262 2018 3318 2060 et
3359 2007 3593 2077 digitos;

2010 2103 2194 2158 statim
2236 2103 2473 2157 inferunt
2512 2103 2626 2155 lttec
2686 2100 2821 2154 nihil
2854 2099 3000 2152 aliud
3038 2100 3235 2152 docere
3263 2114 3425 2166 quam
3481 2099 3596 2153 for-

2014 2210 2155 2248 mam
2178 2193 2292 2248 Dei.
2315 2193 2599 2260 Quomodo
2618 2206 2773 2254 vero,
2794 2191 2968 2255 aiunt,
2990 2189 3136 2242 visus
3154 2200 3236 2242 est
3263 2190 3402 2244 Deus
3425 2191 3594 2244 Abra-

2013 2287 2115 2351 hm,
2170 2285 2299 2340 Mosi
2332 2294 2387 2339 et
2415 2285 2638 2349 sanctis,
2674 2284 2902 2338 formam
2928 2296 3034 2335 non
3067 2281 3316 2335 habens?
3359 2283 3500 2350 quod
3543 2283 3591 2337 si

2006 2377 2237 2433 formam
2270 2376 2496 2442 habens,
2515 2375 2731 2444 qualem
2766 2374 3024 2437 formam,
3051 2372 3096 2426 si
3126 2386 3232 2425 non
3266 2372 3590 2426 humanam?

2006 2480 2060 2525 et
2082 2480 2410 2525 coacervant
2458 2469 2605 2523 mille
2636 2469 2780 2533 loca,
2806 2469 3007 2538 quibus
3030 2468 3270 2522 membra
3290 2466 3387 2521 Dei
3404 2467 3588 2536 appel—

2006 2560 2207 2614 lantur.
2247 2562 2523 2615 Adversus
2568 2573 2705 2626 quos
2736 2561 3053 2614 certandum
3102 2569 3190 2613 est
3242 2561 3475 2629 primum
3520 2574 3587 2612 ex

2005 2653 2244 2708 dictione
2274 2650 2596 2721 Scriptum.
2628 2651 2694 2705 Et
2736 2667 2803 2706 ex
2830 2653 3063 2706 adverso
3109 2652 3433 2721 Oppouimus
3480 2652 3588 2717 his,

2003 2745 2093 2816 qui
2128 2755 2325 2814 praeter
2355 2743 2598 2798 litteram
2647 2744 2787 2798 nihil
2837 2752 3061 2806 norunt,
3095 2745 3392 2812 Scriptura;
3423 2745 3586 2800 verba

2002 2850 2191 2891 eorum
2243 2835 2482 2903 Opinioui
2530 2835 2830 2897 contraria,
2892 2850 2959 2887 ex
3007 2834 3268 2889 Zacharia
3326 2835 3582 2890 dicente:

2004 2927 2213 2997 Septem
2245 2926 2385 2981 oculi
2410 2926 2625 2978 Domini
2651 2927 2940 2995 respiciunt
2971 2944 3126 2995 super
3151 2927 3446 2981 universam
3476 2937 3585 2981 ter-

2002 3036 2116 3075 ram
2144 3019 2210 3073 ⁸⁸.
2257 3017 2409 3086 Quod
2462 3018 2507 3072 si
2552 3018 2693 3072 Deus
2746 3028 2954 3088 septem
3012 3019 3201 3073 oculos
3262 3019 3446 3085 habet,
3485 3036 3585 3075 uos

2000 3120 2178 3165 autem
2220 3110 2358 3165 duos
2396 3118 2625 3174 tantum,
2660 3125 2764 3163 non
2815 3109 2881 3161 ad
2929 3109 3226 3179 imaginem
3255 3111 3373 3179 ejus
3415 3114 3581 3165 creati

2001 3218 2207 3257 sumus.
2237 3201 2343 3256 Sed
2375 3216 2552 3271 neque
2586 3216 2682 3255 nos
2713 3201 2921 3270 prtediti
2960 3216 3145 3256 sumus
3174 3202 3299 3265 alis,
3334 3218 3458 3257 cum
3501 3213 3577 3257 ta—

1999 3309 2117 3349 men
2163 3294 2228 3348 de
2281 3295 2391 3348 Deo
2434 3294 2649 3347 dicatur
2698 3295 2749 3348 in
2785 3295 3139 3365 nonagesimo
3178 3295 3417 3364 psalmo:
3468 3292 3576 3347 Sub

1996 3385 2175 3451 pennis
2236 3384 2352 3452 ejus
2408 3384 2642 3453 sperabis
2715 3384 2781 3439 “.
2837 3383 2991 3451 Quod
3057 3385 3102 3439 si
3161 3384 3305 3440 Deus
3348 3398 3580 3462 “pennas

1996 3476 2182 3542 habet,
2242 3492 2340 3533 nos
2395 3487 2573 3531 autem
2629 3492 2816 3533 sumus
2875 3477 3132 3533 animalia
3191 3479 3413 3533 minime
3446 3495 3582 3549 peu-

1996 3576 2122 3623 nata
2160 3606 2176 3633 ,
2234 3583 2340 3625 ιιοη
2414 3566 2591 3623 factus
2622 3577 2705 3623 est
2757 3568 2922 3623 homo
2966 3567 3033 3623 ad
3103 3569 3392 3639 imaginem
3459 3568 3577 3625 Dei.

1994 3656 2064 3716 At
2129 3659 2405 3728 quomodo
2472 3658 2716 3726 coelum,
2781 3674 2904 3717 cum
2976 3659 3050 3714 sit
3115 3658 3442 3728 sphaericum
3522 3669 3581 3715 et

1994 3765 2210 3822 semper
2265 3752 2511 3808 volvatur
2549 3790 2566 3815 ,
2636 3751 2862 3806 thronus
2926 3749 3019 3805 Dei
3087 3765 3212 3806 esse
3264 3759 3475 3819 potest,
3519 3761 3580 3804 ut

1996 3845 2095 3915 ipsi
2154 3842 2510 3901 existimant?
2561 3841 2672 3897 lmo
2714 3843 2879 3897 etiam
2929 3852 3072 3896 terra
3121 3842 3392 3911 quomodo
3451 3855 3578 3895 sca-

1992 3936 2192 3992 bellum
2250 3935 2447 4006 pedum
2502 3932 2651 4001 ejus?
2683 3932 3071 4003 Respondeant
3106 3933 3285 3987 nobis.
3323 3931 3581 4001 Nunquid

1993 4027 2139 4081 enim
2179 4041 2375 4096 corpus
2403 4024 2535 4079 illud
2571 4026 2714 4093 quod
2738 4039 2767 4077 a
2804 4023 3031 4094 genibus
3057 4037 3227 4092 usque
3268 4022 3335 4075 ad
3364 4021 3578 4090 plantas

1993 4118 2355 4188 protenditur,
2384 4117 2886 4186 comprelieudente
2906 4116 3007 4169 hoc
3032 4116 3207 4184 spatio
3230 4114 3371 4182 quod
3406 4115 3575 4168 inter-

1994 4208 2138 4261 cedit
2165 4207 2305 4261 inter
2323 4205 2523 4260 coelum
2559 4214 2614 4260 et
2640 4215 2866 4271 terram,
2898 4220 3019 4259 cum
3048 4213 3192 4259 terra
3227 4205 3366 4258 sitin
3394 4204 3573 4259 medio

1993 4297 2157 4353 totius
2180 4298 2388 4363 mundi,
2425 4304 2481 4349 et
2508 4296 2853 4351 contineatur
2878 4297 2946 4350 ab
2983 4296 3118 4367 ipso,
3149 4306 3207 4348 ut
3230 4296 3571 4351 demonstra~

1994 4389 2228 4445 tionibus
2277 4389 2573 4443 linearibus
2613 4392 2847 4451 Constat,
2893 4387 3032 4454 apud
3069 4402 3167 4439 nos
3200 4397 3328 4441 sunt
3370 4388 3572 4456 plautas

1996 4483 2112 4549 Dei,
2138 4499 2206 4536 an
2232 4482 2372 4551 apud
2394 4479 2812 4535 antichthonas?
2842 4478 2906 4531 Et
2937 4494 3002 4531 an
3030 4479 3338 4532 universam
3367 4488 3570 4533 terram

305 4577 412 4624 σιν,
442 4561 475 4630 ἢ
508 4560 603 4614 καὶ
648 4560 811 4614 πλέον
846 4578 898 4614 τι
948 4562 1426 4633 ἐπιλαμϐάνουσιν,
1474 4570 1507 4639 ἢ
1550 4570 1766 4626 ἔλαττόν
1797 4590 1883 4637 τις

2000 4584 2233 4629 nostram
2286 4572 2516 4642 replent,
2558 4571 2851 4624 autetiam
2901 4569 3021 4639 plus
3078 4571 3570 4637 comprehendunt,

303 4652 658 4723 Διεστήκασιν
698 4653 746 4706 οἱ
795 4652 954 4716 πόδες
999 4655 1164 4709 αὑτοῦ
1212 4656 1300 4712 διὰ
1342 4660 1441 4723 τὰς
1475 4660 1749 4728 θαλάσσας
1790 4665 1885 4719 καὶ

303 4744 428 4804 τοὺς
463 4743 758 4810 ποταμοὺς,
794 4743 827 4813 ἢ
857 4744 949 4797 καὶ
979 4748 1091 4809 τοῖς
1125 4745 1311 4802 ὕδασιν
1353 4752 1726 4820 ὲπιϐαίνουσι;
1760 4754 1884 4819 Πῶς

301 4833 356 4886 δὲ
397 4827 458 4887 οὗ
496 4835 524 4886 ὁ
576 4833 891 4904 τηλικοῦτος
935 4836 1162 4907 οὐρανὸς
1209 4839 1415 4910 θρόνος,
1448 4844 1543 4897 καὶ
1586 4847 1620 4916 ἡ
1646 4846 1715 4916 γῆ
1750 4847 1883 4900 ὑπο-

1991 4665 2274 4720 minusve?
2310 4664 2595 4717 Distantne
2624 4660 2786 4731 pedes
2807 4661 2925 4732 ejus
2946 4673 3168 4730 propter
3192 4663 3360 4716 maria
3387 4672 3438 4716 et
3468 4662 3570 4716 llu-

1991 4757 2158 4819 mina,
2197 4765 2289 4809 aut
2320 4756 2483 4809 etiam
2522 4754 2575 4808 in
2638 4754 2795 4822 aquis
2840 4755 3130 4808 insistunt?
3159 4754 3251 4809 sed
3293 4757 3567 4824 quomodo

1994 4849 2060 4913 is,
2086 4846 2240 4917 cujus
2272 4857 2480 4901 tantum
2504 4846 2698 4902 coelum
2729 4846 2958 4903 thronus
2990 4858 3098 4913 est,
3117 4863 3179 4902 ac
3205 4857 3350 4904 terra
3371 4849 3565 4919 pedum

368 4947 787 5033 ,ἶιβθηὶέᾏῖᾉ
859 4952 904 4984 ’⁸
932 4952 1067 5033 Gen'
1087 4972 1125 5023 '0
1152 4956 1243 5014 96·
1318 4960 1511 5021 ⁶¹Ρεξ1¹.
1534 4978 1586 5029 C,
1614 4963 1667 5019 6.
1745 4964 1789 4997 ⁸³
1816 4963 1898 5021 Ps:

2000 4981 2179 5031 tum,
2206 4965 2292 5022 16.
2349 4965 2394 4999 ⁸³
2415 4965 2555 5021 Gen.
2583 4980 2699 5029 νιιι,
2723 4964 2812 5020 21.
2887 4964 2933 4997 ⁸⁸
2959 4965 3060 5021 lsa.
3095 4981 3133 5033 ι,
3157 4965 3250 5021 20.
3325 4966 3369 4997 ⁸⁵
3396 4966 3565 5030 Zach.

302 5033 374 5085 Iv,
400 5019 487 5072 10.
564 5020 623 5050 ⁸⁰ν
644 5020 787 5075 Psal.
827 5037 913 5086 xc,
938 5022 991 5077 4.

370 5106 482 5178 (Ξ9)
515 5110 1185 5189 ’Σηηέιαίνειηθῳς-Ειιειιιι
1224 5120 1330 5172 hoc
1378 5118 1623 5174 scholion
1673 5120 1725 5175 in
1780 5123 1875 5177 iis-

301 5179 422 5260 dem
452 5180 1103 5260 schedis_C0tttbelisianis
1124 5190 1457 5260 exscriptum
1483 5205 1512 5244 e
1535 5190 1740 5246 Catena
1769 5209 1871 5250 ms.

303 5247 705 5312 MmISpeliensi.

373 5317 484 5388 (30)
515 5318 1016 5397 Προδιᾳληπτέον,
1049 5334 1156 5397 etc.
1212 5326 1478 5397 Integrum
1534 5331 1700 5384 hocce
1763 5328 1874 5384 fra-

339 5389 856 5471 meututu‘h'auetur
891 5397 1032 5471 apud
1068 5389 1469 5471 TheodorEIum
1503 5410 1693 5471 quaest.
1722 5399 1791 5471 20
1820 5403 1871 5454 in

334 5459 524 5538 ieues.,
560 5466 615 5512 et
640 5458 857 5531 Origeui
885 5458 1048 5520 etiam
1082 5466 1327 5522 tribuunt
1360 5458 1570 5524 sched'aa
1600 5469 1873 5525 Combeﬁ-

301 5543 486 5583 Slalla’.

369 5598 480 5721 (512
505 5599 795 5681 Melitam
832 5612 937 5659 etc.
975 5602 1109 5657 Hinc
1150 5615 1300 5661 certo
1327 5606 1536 5663 discere
1581 5616 1665 5664 est
1706 5611 1875 5679 quod-

373 5684 423 5721 m
480 5681 617 5721 llerlt
654 5684 1028 5721 argumentum
1072 5676 1252 5721 oneris
1293 5677 1379 5721 niti
1434 5677 1613 5721 Malim
1658 5681 1870 5721 ιίιιιιιιιη

300 5683 423 5740 nam
458 5672 617 5722 luerit
654 5684 1028 5737 argumentum
1072 5676 1252 5740 operis
1293 5677 1379 5730 cui
1430 5677 1613 5732 Melito
1658 5672 1870 5734 titulum

301 5735 504 5819 iecerat
532 5741 671 5819 ῃερί
700 5735 1060 5819 ἐνςζωμάτου-
1089 5735 1257 5811 Θεοῦ,
1285 5747 1566 5819 ut_legitur
1590 5751 1731 5819 apud
1770 5752 1871 5804 Eu-

300 5808 506 5861 sebiqu
668 5808 902 5887 ινῌΙΙιέι.
952 5813 1102 5877 εε‹·Ι.,
1125 5808 1387 5887 _c_ap,_26,
1422 5808 1475 5870 Et
1510 5808 1647 5887 apud
1680 5818 1871 5873 Hiero-

300 5893 514 5945 nymum
565 5877 675 5936 Vir.
704 5882 923 5949 illustr.,
954 5900 1073 5952 cap.
1112 5877 1219 5938 “21L-
1238 5877 1399 5943 Certe
1425 5877 1685 5960 Orig-cnes
1717 5891 1866 5947 Meli-

1982 5131 2165 5177 tonem
2226 5123 2430 5197 diserte
2475 5134 2729 5197 accenset
2774 5127 2837 5181 iis
2876 5128 2967 5197 qui
3019 5127 3187 5181 Deum
3233 5143 3560 5197 corporeum

1980 5208 2104 5248 esse
2140 5194 2472 5267 statuebant,
2499 5196 2700 5267 quique
2741 5194 3029 5267 imaginem
3075 5199 3169 5253 Dei
3221 5203 3275 5251 in
3325 5194 3561 5255 hominis

1980 5279 2212 5337 corpore
2257 5263 2577 5337 impressam
2620 5281 2741 5321 esse
2780 5263 3143 5323 allirmabant.
3192 5269 3285 5322 Ait
3341 5269 3563 5337 insuper

1981 5333 2172 5409 ipsum.
2193 5336 2614 5409 commentarios
2651 5337 2935 5409 reliquisse
2977 5339 3117 5407 Περὶ
3149 5333 3565 5409 τοῦᾲένσώιὶαη

1978 5399 2086 5478 τξον
2114 5399 2265 5456 εἶναι
2296 5404 2404 5455 τόν
2433 5406 2628 5478 Θεόνη
2650 5399 2945 5478 Huc'adde
2985 5399 3127 5478 quod
3162 5419 3217 5461 et
3245 5399 3567 5465 Gennadius

1983 5474 2282 5547 De_d_og_m.
2335 5473 2572 5547 ποίης.
2601 5475 2658 5537 4,
2707 5473 3015 5531 Melitaneui
3065 5494 3384 5547 corporequ
3423 5482 3563 5547 quid

1982 5543 2035 5617 in
2064 5543 2329 5617 Trinitate
2354 5546 2668 5617 _cred_it_lisse
2710 5548 2894 5600 tradit.
2943 5543 3233 5617 Perpera'm
3282 5563 3412 5617 ergo
3442 5543 3559 5603 Va-

1983 5613 2147 5687 lesius
2179 5616 2320 5687 apud
2352 5611 2642 5687 Eusebium
2671 5617 2895 5687 tituluur
2912 5611 3091 5684 operis
3122 5618 3259 5684 Περὶ
3291 5611 3560 5687 ἐιῗσωμάο

1980 5700 2086 5736 του
2115 5681 2284 5745 Θεοῦ,
2312 5685 2493 5749 vortit,
2528 5683 2741 5738 Librum
2777 5688 2839 5739 de
2870 5681 3247 5740 Incarnatioue
3278 5688 3391 5740 Dei.
3421 5681 3554 5741 lier-

2017 5769 2163 5807 cram
2213 5754 2339 5805 item
2389 5751 2940 5822 Christophorsouus,
2982 5755 3054 5808 De
3103 5758 3206 5808 Deo
3250 5760 3548 5815 incantato.

2004 5823 2213 5890 ’ropius
2250 5822 2315 5894 ntl
2360 5838 2469 5876 rem
2507 5828 2734 5877 accessit
2784 5826 3031 5886 liuﬁuus,
3074 5826 3149 5878 De
3182 5828 3289 5879 Deo
3334 5845 3554 5894 corpore

1975 5892 2390 5949 indttto.-—V’ide
2423 5894 2648 5964 hujusce
2678 5894 3024 5950 Cullectiouis
3046 5907 3083 5953 ι.
3111 5895 3169 5952 ν.
3193 5896 3348 5953 Eutr.
3379 5892 3555 5951 ι’Ᾰτιι..
