4138 6432
553 430 624 484 95
2045 397 2391 460 ORIGENES
3777 375 3846 428 96

565 535 890 598 scabellum,
931 530 1204 584 invenitur
1241 527 1593 582 deambulare
1640 527 1693 580 in
1730 526 1844 581 solo
1867 527 2137 594 paradiso,

2250 520 2429 573 πόδἰον
2461 516 2570 570 τῶν
2602 513 2798 574 ποδῶν,
2827 513 2886 564 ὲν
2915 510 3060 582 μόνῳ
3081 508 3158 579 τῷ
3185 505 3493 578 παραδείσῳ
3519 499 3834 574 εὑρίσκεται

567 639 661 680 aut
687 635 906 696 apparet
942 623 1069 676 Mosi
1100 625 1154 673 in
1188 619 1392 674 vertice
1446 623 1648 674 montis
1683 619 1856 672 Sina?
1909 619 1972 673 Et
2012 636 2146 689 quo-

568 718 726 772 modo
755 717 858 780 ille,
879 718 970 784 qui
1013 713 1142 768 talia
1179 715 1246 768 de
1289 713 1399 768 Deo
1424 712 1842 777 existimaverit,
1871 727 1976 766 non
2014 710 2148 765 stul-

565 820 656 867 tus
684 808 930 864 dicetur?

566 924 676 994 26
707 922 908 978 Deinde
930 931 1042 992 post
1076 919 1261 994 multa,
1282 919 1667 994 _qt_ue_disserit
1705 918 1792 994 _ad
1833 920 2148 972 eversionem

922 989 1181 1060 ejusmodi
1209 989 1490 1055 opinionis,
1525 989 1758 1048 subiicit.

638 1086 741 1151 Qui
777 1099 906 1139 vero
937 1089 1147 1137 asseret
1181 1079 1333 1144 illud,
1366 1080 1434 1132 ad
1464 1081 1767 1148 imaginem,
1799 1096 1905 1133 non
1942 1080 1993 1133 in
2026 1093 2149 1133 cor-

562 1193 695 1247 pore
715 1176 1046 1238 consistere,
1072 1173 1164 1228 sed
1192 1173 1245 1224 in
1269 1173 1449 1225 anima
1497 1171 1769 1234 rationali,
1802 1171 1997 1239 dogma
2035 1183 2149 1226 sta-

565 1280 681 1322 tuet
707 1285 810 1323 non
842 1267 1320 1332 contemnendum,
1341 1262 1806 1332 comprehendens
1835 1279 1956 1331 qua'
1972 1261 2145 1317 facul-

563 1371 705 1415 tates
735 1361 844 1414 sint
892 1359 1083 1426 ipsius.
1115 1357 1248 1412 Nam
1281 1372 1402 1426 qua:
1451 1355 1506 1408 in
1545 1354 1764 1409 homine
1803 1365 1880 1408 est
1919 1353 2146 1410 facultas

561 1452 954 1524 cognoscendi,
972 1451 1276 1522 iudicandi,
1299 1450 1438 1504 bene
1463 1448 1730 1510 merendi,
1765 1447 1996 1502 faciendi
2027 1463 2146 1517 qua:

558 1544 707 1611 iusta
749 1551 894 1607 sunt,
949 1541 1304 1606 fortitudinis,
1335 1549 1409 1606 et,
1442 1548 1499 1592 ut
1535 1538 1699 1594 semel
1732 1538 1929 1602 dicam,
1969 1540 2145 1594 omnis

565 1636 688 1690 boni
727 1635 996 1699 effectrix,
1032 1649 1062 1687 a
1099 1631 1209 1687 Deo
1241 1631 1341 1701 ipsi
1379 1640 1565 1685 creata
1613 1639 1696 1684 est
1725 1631 1790 1684 ad
1833 1631 2144 1699 imaginem.

560 1725 719 1791 Quod
752 1733 934 1777 autem
964 1739 1069 1776 non
1107 1723 1281 1776 forma
1310 1722 1584 1790 corporis,
1632 1722 1726 1776 sed
1754 1721 1999 1776 actiones
2054 1735 2143 1776 re-

2252 607 2592 682 περιπατῶν,
2626 606 2658 675 ἢ
2690 606 2748 657 ὲν
2795 608 2860 674 τῇ
2909 607 3118 674 κορυφῇ
3158 601 3252 654 τοῦ
3298 601 3428 653 Σινᾶ
3467 599 3711 667 φαίνεται
3754 594 3836 663 τῷ

2251 705 2458 773 Μωσῇ;
2489 701 2596 752 Καὶ
2631 699 2746 760 πῶς
2796 696 2970 750 ταῦτά
3019 713 3101 758 τις
3151 696 3279 764 περὶ
3324 691 3459 747 Θεοῦ
3513 687 3834 755 δοξάζωνοὺ

2255 792 2437 863 μωρὸς
2466 789 2789 860 λεχθήσεται
2811 803 2826 852 ;

2243 899 2390 956 Εἶτα
2417 901 2614 956 πολλὰ
2640 900 2791 969 πρὸς
2817 897 3163 969 ἀνατροπὴν
3202 895 3386 949 εἰπὼν
3414 892 3525 962 τῆς
3558 891 3830 958 τοιαύτη(

2815 970 3002 1035 δόξης
3037 967 3260 1035 ἐπάγει.

2333 1065 2392 1116 Ὁ
2420 1064 2478 1118 δὲ
2514 1063 2738 1132 φάσκων
2771 1061 2832 1114 τὸ
2875 1059 2998 1112 κατ’
3040 1060 3244 1111 εἰκόνα
3272 1057 3381 1126 (52)
3413 1055 3488 1126 μὴ
3527 1056 3584 1107 ὲν
3624 1053 3831 1122 σώματι

2251 1154 2409 1220 εἶναι,
2441 1159 2500 1209 ὲν
2521 1156 2576 1210 δὲ
2600 1159 2665 1226 τῇ
2699 1155 2888 1223 λογικῇ
2915 1152 3080 1221 ψυχῇ,
3115 1149 3455 1220 παραστήσει
3479 1147 3580 1198 οὐκ
3602 1145 3834 1196 εὐκατα-

2249 1251 2514 1322 φρόνητον
2557 1249 2754 1319 δόγμα,
2807 1242 3126 1298 καταλαϐὼν
3183 1242 3324 1304 τίνες
3381 1239 3637 1308 δυνάμεις
3696 1235 3835 1288 εἰσὶν

2248 1343 2439 1412 αὐτῆς.
2481 1343 2543 1396 'ﬂ
2571 1341 2680 1412 γὰρ
2718 1337 2993 1408 γνωστικὴ
3034 1336 3262 1405 δύναμις
3289 1336 3320 1403 ἡ
3350 1334 3406 1385 ὲν
3435 1331 3513 1402 τῷ
3539 1329 3832 1400 ἀνθρώπῳ,

2249 1435 2467 1506 κριτική
2503 1450 2564 1486 τε
2619 1432 2712 1485 καὶ
2765 1427 3105 1500 εὐποιητικὴ,
3158 1422 3614 1496 δικαιοπρακτική
3647 1439 3706 1474 τε
3740 1420 3836 1474 καὶ

2249 1526 2531 1597 ἐρρωμένη
2569 1525 2701 1594 (53),
2744 1523 2837 1576 καὶ
2878 1519 3218 1585 ἁπαξαπλῶς
3265 1517 3463 1578 παντὸς
3508 1513 3673 1568 καλοῦ
3718 1515 3836 1566 ἑπι-

2245 1619 2548 1688 τελεστικὴ,
2579 1618 2701 1669 κατ’
2727 1615 2910 1667 εἰκόνα
2944 1611 3049 1666 ὑπὸ
3071 1611 3164 1665 τοῦ
3189 1609 3324 1662 Θεοῦ
3354 1608 3642 1676 γεγόνασιν
3664 1603 3832 1674 αὐτῷ.

2248 1713 2368 1764 Ὅτι
2407 1710 2464 1763 δὲ
2505 1709 2566 1761 τὸ
2612 1709 2732 1761 κατ’
2763 1705 2947 1759 εἰκόνα
2981 1705 3038 1757 αἰ
3077 1701 3300 1774 πράξεκ
3347 1698 3833 1770 χαρακτηρίζουσι,

562 1789 890 1884 prccsentent
923 1813 1080 1866 nobis
1129 1789 1423 1881 imaginem
1457 1811 1573 1874 Dei,
1621 1821 1807 1882 aperte
1856 1811 2137 1882 Apostolus

2247 1803 2343 1856 καὶ
2386 1801 2509 1870 οὐχὶ
2543 1802 2576 1871 ή
2613 1798 2706 1852 τοῦ
2757 1797 3004 1868 σώματος
3040 1794 3240 1866 μορφὴ,
3278 1791 3466 1859 σαφῶς
3511 1792 3540 1843 6
3580 1789 3836 1842 Ἀπόστο-

561 1875 614 1958 in
634 1905 875 1972 Epistola
907 1904 971 1958 ad
1000 1875 1319 1958 Corinthi—os
1341 1901 1506 1956 dicit:
1529 1875 1988 1967 Quemadmodum
2023 1921 2137 1972 por-

2246 1895 2336 1957 λος
2365 1895 2421 1946 ὲν
2451 1894 2519 1962 τῇ
2561 1891 2698 1961 πρὸς
2742 1889 3059 1960 Κορινθίους
3107 1886 3270 1957 φησί·
3303 1884 3508 1951 Καθὼς
3549 1880 3836 1953 ἐφορέσα⁴

561 2006 786 2057 lavimus
840 2004 1127 2068 imaginem
1173 2004 1388 2066 terreni,
1417 2003 1490 2056 ita
1507 2011 1772 2071 portemus
1799 2009 1847 2054 et
1863 1999 2146 2068 imaginem

559 2096 778 2148 caelestis
795 2095 862 2148 ⁸⁷.
885 2093 950 2147 Et
975 2095 1270 2161 imaginem
1301 2101 1578 2145 terrenam
1598 2099 1802 2161 portat,
1828 2089 1918 2159 qui
1949 2103 2148 2144 secun-

559 2186 686 2238 dum
719 2199 938 2239 carnem
978 2185 1132 2247 vivit,
1157 2192 1210 2237 et
1249 2185 1464 2253 perﬁcit
1490 2197 1656 2252 Opera
1701 2181 1926 2236 carnis:
1957 2179 2149 2248 imagi-

562 2289 685 2329 nem
715 2290 846 2330 vero
880 2274 1145 2336 ccelestis,
1175 2274 1266 2342 qui
1319 2274 1512 2342 spiritu
1553 2283 1710 2327 actus
1739 2273 1921 2327 carnis
1953 2271 2144 2325 morti-

562 2366 711 2420 ficat.
741 2366 807 2420 Et
835 2367 887 2420 in
918 2366 1025 2419 alia
1055 2366 1282 2434 epistola
1314 2367 1438 2419 vitm
1456 2374 1720 2433 prmcepta
1741 2364 1978 2427 tradens,
2006 2363 2147 2416 inter

563 2459 667 2512 alia
703 2458 982 2528 praecipit:
1022 2455 1086 2511 Ut
1115 2458 1231 2512 sitis
1278 2456 1566 2511 secundum
1607 2455 1885 2524 imaginem
1911 2453 2027 2523 ejus
2057 2456 2146 2524 qui

559 2552 754 2605 ereavit
787 2552 854 2604 “'.
879 2550 1018 2605 Deus
1039 2548 1369 2619 longanimis
1391 2555 1474 2600 est
1497 2561 1512 2600 :
1536 2547 1606 2600 ita
1639 2546 1800 2600 homo
1820 2545 2147 2614 longanimis

561 2643 726 2697 habet
778 2642 829 2695 id
874 2640 1020 2710 quod
1050 2648 1134 2693 est
1217 2637 1283 2691 ad
1343 2636 1634 2706 imaginem
1700 2636 1814 2690 Dei.
1862 2633 2048 2690 Justus
2090 2645 2147 2690 et

560 2741 785 2786 s:nnctus
805 2742 890 2787 est
921 2730 1206 2793 Dominus,
1231 2727 1430 2781 misera
1443 2737 1528 2784 tor
1549 2737 1602 2781 et
1625 2726 1958 2780 misericors.
1979 2725 2146 2796 Igitur

561 2823 652 2889 qui
684 2830 831 2876 amat
853 2820 1124 2888 justitiam
1172 2828 1225 2873 et
1264 2817 1636 2881 sanctitatem,
1663 2824 1716 2869 et
1746 2817 1954 2885 peragit
1981 2826 2147 2886 atque

561 2914 817 2966 observat
864 2919 1192 2982 praeceptum
1231 2910 1374 2964 istud
1419 2907 1723 2962 Salvatoris
1754 2924 1770 2962 :
1805 2908 1988 2962 Estote
2039 2911 2144 2962 mi-

558 3005 872 3070 sericordes,
912 3004 1353 3074 quemadmodum
1412 3000 1571 3055 Pater
1624 3011 1791 3055 vester
1841 3003 2144 3057 misericors

563 3109 638 3150 est
674 3098 750 3160 ";
779 3109 831 3150 et
868 3116 881 3150 :
917 3097 1096 3150 Estote
1125 3097 1366 3165 perfecti,
1391 3096 1524 3148 sicut
1549 3091 1710 3147 Pater
1736 3106 1903 3150 vester
1923 3098 2145 3153 caelestis

555 3189 816 3258 perfectus
839 3190 998 3257 est",
1032 3191 1089 3242 lit
1118 3190 1298 3260 imago
1335 3191 1425 3244 Dei
1457 3205 1554 3259 per
1576 3189 1782 3245 omnia.

631 3364 698 3418 Et
729 3366 1076 3419 dominamini
1109 3366 1343 3435 piscibus
1376 3366 1564 3430 utaris,
1587 3377 1635 3419 et
1660 3366 1962 3421 volatilibus
1997 3368 2136 3432 cali,

552 3471 603 3513 et
631 3461 870 3513 omnibus
913 3461 1203 3528 pecoribus,
1241 3469 1293 3514 et
1334 3461 1592 3516 universa
1629 3469 1805 3525 terrm,
1859 3471 1910 3516 et
1936 3465 2138 3518 cunctis

556 3552 828 3620 reptilibus
849 3567 966 3621 qua:
994 3562 1198 3622 reptant
1231 3569 1387 3621 super
1407 3564 1604 3606 terram
1620 3553 1688 3606 '".
1725 3553 2138 3609 Observandum

554 3653 643 3697 est
699 3644 1032 3697 reccnsenda
1089 3643 1452 3697 animantium
1507 3645 1811 3711 creatione,
1863 3645 1968 3699 alia
2019 3661 2139 3702 esse

552 3743 693 3800 cete,
727 3744 892 3804 atque
920 3734 1026 3788 alia
1066 3734 1277 3798 reptilia
1323 3733 1661 3798 animarum;
1708 3737 1833 3790 item
1866 3739 2140 3806 quomodo

554 3823 644 3876 hic
668 3823 882 3876 dicatur
911 3825 1070 3877 homo
1104 3833 1424 3893 potestatem
1454 3824 1656 3878 habere
1687 3826 1914 3895 piscium
1937 3829 2134 3895 maris;

552 3926 906 3980 suppressum
939 3923 1121 3968 autem
1146 3915 1217 3968 sit
1241 3924 1486 3968 cetorum
1524 3930 1693 3983 genus
1721 3932 1784 3970 ac
1818 3919 2132 3974 bestiarum.

556 4000 673 4055 Non
713 4003 856 4056 enim
894 4005 1191 4072 putandum
1227 4015 1433 4060 temere
1479 4022 1587 4060 non
1620 4021 1740 4063 esse
1783 4009 1897 4063 hac
1929 4011 2131 4078 addita,

557 4109 678 4146 cum
702 4094 861 4148 facile
889 4097 1158 4150 conscribi
1188 4106 1369 4167 posset
1388 4115 1402 4152 :
1420 4097 1486 4151 Et
1503 4098 1854 4153 dominentur
1877 4103 2130 4170 piscium,

553 4201 617 4239 ac
644 4196 890 4240 cetorum
919 4189 1106 4250 utaris,
1132 4197 1184 4243 et
1217 4189 1514 4242 bestiarum
1543 4199 1722 4258 terra},
1754 4202 1810 4247 et
1831 4193 2130 4248 volatilium

550 4277 696 4344 caeli,
723 4289 887 4348 atque
910 4295 1190 4348 pecorum.
1213 4283 1291 4334 Ac
1315 4282 1716 4355 rogo,animum
1749 4285 1977 4340 adverte
2002 4301 2128 4340 num

551 4370 676 4424 inde
702 4371 1045 4438 conﬁciatur,
1077 4373 1220 4441 quod
1253 4375 1368 4428 lucc
1390 4373 1610 4430 silentio
1633 4392 1822 4447 pressa
1854 4378 1985 4444 sint,
2019 4394 2127 4433 non

548 4461 717 4516 fuisse
759 4465 1235 4518 cuncta-animalia
1284 4467 1337 4519 in
1371 4467 1608 4522 hominis
1639 4471 1869 4536 gratiam
1915 4479 2123 4534 creata,

2244 2005 2359 2057 μεν
2407 1985 2522 2053 τὴν
2559 1984 2768 2038 εἰκόνα
2813 1981 2920 2035 τοῦ
2968 1979 3200 2050 χοϊκοῦ,
3245 1979 3434 2043 οὕτως
3489 1975 3837 2045 φορέσωμεν

2249 2079 2348 2132 xui
2379 2077 2495 2146 τὴν
2538 2077 2744 2130 εἰκόνα
2782 2074 2888 2128 τοῦ
2919 2073 3300 2139 ἑποιῬανίου.
3346 2069 3543 2123 Εἰκὸνα
3581 2068 3680 2138 μὲν
3728 2065 3836 2136 γάρ

2248 2171 2402 2240 φορεῖ
2434 2167 2622 2237 χοῖκὴν
2649 2168 2677 2219 ὁ
2712 2164 2854 2218 κατὰ
2884 2165 3060 2235 σάρκα
3094 2162 3222 2227 ζῶν,
3256 2163 3350 2214 καὶ
3387 2159 3554 2213 ποιῶν
3585 2160 3654 2213 τὰ
3699 2159 3835 2227 ἔργα

2247 2260 2344 2330 τῆς
2375 2258 2608 2329 σαρκός⁹
2636 2257 2819 2309 εἰκόνα
2848 2255 2904 2308 δὲ
2930 2254 3024 2307 τοῦ
3058 2251 3380 2324 ἐπουρανίου
3411 2252 3438 2303 6
3465 2249 3541 2319 τῷ
3564 2248 3835 2318 πνεύματι

2246 2352 2344 2415 τάς
2378 2349 2607 2421 πράξεις
2636 2349 2732 2419 τῆς
2768 2347 2969 2418 σαρκὸς
3005 2345 3270 2398 θανατῶν.
3318 2343 3428 2396 Καὶ
3473 2345 3529 2394 ὲν
3571 2342 3736 2412 ἑτέρᾳ
3778 2339 3834 2392 δὲ

2246 2445 2503 2514 ἐπιστολῇ
2531 2443 2797 2496 διδάσκων
2833 2441 2907 2503 ὡς
2933 2441 3013 2492 δεῖ
3046 2439 3213 2509 βιοῦν,
3250 2436 3500 2507 ἐπιφέρει
3530 2438 3647 2498 ταῖς
3688 2436 3835 2487 ὲντο-

2245 2534 2366 2598 λαῖς
2391 2533 2476 2598 τὸ,
2501 2535 2633 2588 Ἵνα
2657 2531 2914 2601 γένησθε
2950 2529 3076 2581 κατ’
3108 2528 3316 2580 εἰκόνα
3355 2525 3460 2578 τοῦ
3491 2526 3832 2589 κτίσαντος.

2245 2629 2449 2700 Κύριος
2503 2626 2873 2698 μακρόθυμος,
2913 2622 3010 2676 καὶ
3061 2623 3090 2674 6
3146 2619 3498 2692 μακρόθυμος
3549 2618 3834 2689 ἄνθρωπος

2246 2721 2358 2792 ἔχει
2386 2721 2449 2773 τὸ
2475 2719 2594 2772 κατ’
2617 2716 2802 2770 εἰκόνα
2821 2713 2979 2767 Θεοῦ.
3022 2713 3238 2774 Δίκαιος
3265 2711 3358 2763 καὶ
3384 2711 3526 2772 ὅσιος
3551 2711 3578 2762 6
3609 2707 3832 2779 Κύριος,

2246 2814 2339 2868 καὶ
2367 2811 2667 2882 οἰκτίρμων
2704 2809 2798 2862 καὶ
2835 2806 3081 2876 ἐλεήμων
3105 2804 3134 2856 6
3167 2802 3386 2873 Κύριος.
3417 2799 3624 2855 Οὐκοῦν
3652 2803 3681 2854 6
3706 2802 3835 2868 ἁγα-

2246 2907 2364 2960 πῶν
2390 2903 2739 2973 δικαιοσύνην
2766 2900 2861 2954 κα)⁸
2885 2898 3158 2966 ὁσιότητα,
3194 2896 3287 2948 καὶ
3317 2895 3571 2965 πράττων
3617 2892 3711 2945 καὶ
3744 2909 3833 2962 τη-

2247 3000 2356 3073 ρῶν
2394 2998 2492 3069 τὴν
2519 2995 2736 3066 ἐντολὴν
2763 2993 2858 3046 τοῦ
2897 2991 3150 3061 Σωτῆρος
3180 2987 3304 3057 τὴν,
3332 2987 3582 3040 Γίνεσθε
3614 2985 3831 3052 οἰκτίρ-

2240 3109 2446 3162 μονες,
2477 3091 2558 3155 ὠς
2585 3089 2682 3142 καὶ
2709 3091 2742 3141 ὀ
2771 3084 2974 3151 Πατὴρ
3001 3079 3168 3150 ὑμῶν
3197 3079 3510 3146 οἰκτίρμων
3532 3077 3685 3139 ἐστὶ,
3714 3075 3831 3140 καὶ,

2169 3214 2214 3277 c
2247 3185 2501 3238 Γίνεσθε
2533 3181 2770 3242 τέλειοι,
2821 3178 2902 3242 ὠς
2948 3179 2980 3229 ό
3027 3172 3230 3240 Πατὴρ
3277 3168 3442 3277 ὑμῶν
3478 3172 3511 3222 ό
3552 3167 3832 3277 cupis-ioc

2243 3276 2474 3342 τέλειός
2496 3275 2687 3336 ἐστιν,
2720 3268 2883 3324 εἰκὼν
2913 3266 3124 3336 γίνεται
3167 3262 3308 3316 κατά
3350 3260 3526 3314 πάντα
3551 3259 3643 3312 τοῦ
3669 3259 3827 3315 Θεοῦ.

2315 3367 2424 3420 Kal
2459 3365 2676 3433 ἄρχετε
2698 3361 2816 3414 τῶν
2837 3359 3058 3428 ἰχθύων
3086 3353 3193 3419 τῆς
3221 3351 3559 3418 θαλάσσης,
3592 3350 3688 3404 καί
3712 3350 3832 3404 τῶν

2242 3454 2530 3510 πετεινῶν
2545 3451 2652 3506 τοῦ
2666 3447 2946 3518 οὐρανοῦ,
2967 3445 3062 3500 καί
3076 3445 3316 3498 πάντων
3330 3441 3447 3496 τῶν
3457 3439 3714 3509 κτηνῶν,
3732 3440 3830 3493 καὶ

2241 3547 2444 3614 πάσης
2455 3543 2564 3613 τῆς
2577 3541 2710 3614 γῆς,
2728 3541 2821 3594 καί
2839 3538 3077 3592 πάντων
3091 3534 3204 3588 τῶν
3217 3531 3478 3602 ἑρπετῶν
3492 3531 3608 3585 τῶν
3623 3532 3830 3598 spade-

2240 3659 2359 3694 των
2373 3639 2471 3693 ἐπί
2492 3637 2602 3705 τῆς
2618 3635 2749 3706 τῆς.
2771 3631 3048 3704 Τηρητέον
3062 3629 3172 3699 (54)
3186 3627 3262 3691 δὲ,
3275 3628 3355 3680 ὅτι
3378 3627 3435 3678 ὲν
3452 3625 3529 3694 τῷ
3545 3623 3828 3693 καταλόγῳ

2237 3731 2337 3800 τῆς
2361 3729 2470 3782 τῶν
2495 3727 2649 3792 ξώων
2676 3722 3054 3796 δημιουργίας,
3088 3719 3224 3772 ἄλλα
3261 3718 3327 3771 τά
3372 3717 3531 3787 κήτη,
3573 3716 3666 3768 καὶ
3694 3715 3828 3768 ἄλλα

2239 3824 2697 3902 ἑρπετϊψυχῶν·
2735 3825 2829 3877 καὶ
2865 3823 2940 3884 ὼς
2978 3821 3168 3890 ἄρχειν
3203 3813 3298 3868 νῦν
3338 3813 3446 3865 τῶν
3491 3811 3687 3882 ἰχθύων
3727 3813 3825 3881 τῆς

2239 3921 2517 3990 Θαλάσσης
2541 3920 2569 3970 6
2596 3916 2880 3986 ἄνθρωπος
2903 3912 3142 3980 λέγεται,
3171 3903 3506 3973 σεσιώπηται
3533 3903 3588 3956 δὲ
3616 3903 3677 3955 τὸ
3713 3903 3825 3956 τῶν

2238 4011 2417 4083 κητῶν
2439 4010 2592 4078 γένος
2619 4009 2710 4060 καὶ
2737 4006 2796 4058 τὸ
2821 4004 2929 4056 τῶν
2950 4000 3175 4071 Θηρίων.
3201 3996 3274 4049 Οὐ
3300 3994 3406 4064 γάρ
3439 3995 3613 4065 μάτην
3638 3994 3717 4046 δεῖ
3738 4012 3824 4046 νο-

2239 4104 2415 4176 μίζειν
2447 4101 2521 4174 μὴ
2545 4095 2928 4172 προστίθεσθαι
2958 4093 3050 4147 καὶ
3079 4088 3272 4150 ταῦτα,
3302 4086 3598 4158 δυναμένου
3622 4089 3820 4155 ἀναγε-

2234 4195 2501 4268 γράφθαι·
2540 4191 2650 4245 Καὶ
2676 4190 2995 4262 άρχέτωσαν
3035 4185 3146 4238 τῶν
3193 4185 3411 4255 ἰχθύων,
3438 4183 3532 4235 καὶ
3576 4179 3686 4232 τῶν
3723 4196 3822 4249 κη-

2231 4287 2340 4342 τῶν
2372 4287 2471 4357 τῆς
2529 4281 2826 4351 θαλάσσης,
2875 4279 2969 4332 καὶ
3009 4276 3115 4329 τῶν
3155 4275 3359 4346 θηρίων
3406 4273 3505 4343 τῆς
3551 4271 3674 4340 γῆς,
3727 4271 3820 4322 καὶ

2231 4379 2339 4432 τῶν
2386 4374 2652 4430 πετεινῶν
2703 4372 2796 4426 τοῦ
2841 4368 3092 4441 οὐρανοῦ,
3141 4368 3234 4421 καὶ
3276 4367 3385 4418 τῶν
3431 4363 3663 4434 κτηνῶν.
3709 4362 3818 4414 Καὶ

2231 4471 2556 4539 ἐπίστησον,
2622 4467 2672 4518 εἰ
2729 4462 2952 4516 δυνατὸν
3003 4462 3091 4514 διὰ
3145 4458 3206 4512 τὸ
3266 4455 3682 4526 σεσιωπῆσθαι,
3741 4455 3816 4523 μή

547 4554 645 4607 sed
701 4553 815 4608 haec
865 4570 1094 4624 quorum
1128 4557 1396 4611 dominari
1432 4556 1661 4623 dicitur,
1710 4574 1903 4627 nempe
1955 4559 2128 4629 pisces

2238 4563 2412 4616 πάντα
2458 4560 2526 4613 τὰ
2582 4558 2696 4622 ζῶα
2733 4555 2819 4609 διὰ
2857 4554 2946 4607 τὸν
2991 4554 3276 4624 ἄνθρωπον
3330 4550 3630 4620 γεγονέναι,
3682 4546 3816 4600 ἀλλὰ

550 4646 740 4710 maris,
777 4645 1026 4700 volucres
1053 4648 1199 4709 caeli,
1259 4663 1323 4701 ac
1351 4658 1512 4702 teme
1546 4663 1766 4718 pecora,
1810 4649 1950 4704 forte
1997 4666 2127 4706 vero

546 4749 601 4792 et
633 4748 792 4793 terra:
823 4739 1034 4807 reptilia
1062 4742 1131 4794 ob
1158 4738 1397 4794 remedia
1428 4755 1643 4795 summe
1677 4744 1983 4797 necessaria
2007 4759 2129 4813 quin

543 4849 608 4886 ex
647 4833 752 4888 illis
784 4833 837 4887 in
862 4835 1161 4890 humanum
1196 4853 1351 4892 usum
1384 4838 1752 4906 proveniunt;
1814 4853 1919 4892 non
1949 4847 2125 4893 tamen

543 4923 781 4978 hominis
803 4941 966 4980 causa
992 4936 1148 4982 cetos
1172 4944 1392 4993 magnos
1415 4946 1480 4985 ac
1503 4943 1661 4984 terra:
1691 4929 1894 4984 bestias
1913 4940 2126 4986 creatas

540 5027 680 5067 esse.
718 5011 852 5068 Nam
891 5015 1092 5086 alioqui
1124 5018 1173 5072 in
1205 5029 1475 5089 potestate
1527 5020 1732 5075 homini
1775 5021 1899 5075 data
1931 5034 2120 5075 eorum

539 5117 694 5161 esset
743 5111 1108 5164 nomenclatio
1143 5113 1350 5168 addita.
1405 5114 1522 5169 Non
1574 5116 1881 5170 invenimus
1940 5126 2118 5171 autem

541 5201 594 5254 in
648 5200 930 5268 Scriptura
979 5216 1294 5272 serpentum
1336 5221 1504 5273 genus
1542 5207 1649 5277 27
1676 5209 1954 5276 reptilibus
1988 5223 2122 5262 con-

538 5294 838 5355 numerari,
875 5293 968 5347 sed
1019 5295 1230 5350 bestiis.
1289 5297 1514 5366 Serpens
1571 5301 1734 5364 enim,
1774 5301 1969 5369 inquit,
2004 5310 2119 5354 erat

533 5383 976 5449 prudentissimus
1007 5387 1240 5438 omnium
1260 5387 1539 5442 bestiarum
1557 5391 1621 5444 ⁷⁸.
1650 5389 1949 5445 lnActibus
1978 5406 2117 5460 quo-

610 5519 652 5550 "
689 5519 852 5576 lCor.
894 5538 985 5588 xv,
1015 5523 1102 5578 49.
1183 5525 1227 5556 ⁵⁸
1255 5525 1458 5581 Coloss.
1490 5543 1572 5588 tu.
1603 5527 1692 5582 10.
1774 5530 1819 5560 ⁶⁹
1849 5531 1977 5586 an.
2000 5545 2075 5596 Vt,
2106 5529 2198 5584 56.

613 5658 725 5734 (σε)
746 5659 813 5712 Τὸ
847 5659 971 5734 κατ’
996 5661 1216 5722 εἰκόνα,
1237 5672 1335 5716 clc.
1391 5661 1681 5732 Imaginem
1707 5665 1794 5718 Dei
1817 5665 1868 5717 in
1899 5681 2001 5734 qua
2023 5667 2120 5721 ho-

541 5730 702 5803 minis-
724 5741 874 5803 parte
907 5732 1224 5803 impressam
1245 5748 1364 5785 csse
1380 5730 1614 5787 senserit
1633 5730 2119 5803 Ot'igenes,—tlisptl-

543 5798 870 5872 tatlluetins
893 5798 1332 5868 Urigenianonnn
1359 5803 1450 5853 lib.
1481 5819 1536 5864 ll,
1564 5798 1756 5872 qumst:
1789 5807 1871 5870 l2,
1893 5798 2040 5860 nutu.
2059 5807 2109 5860 9.

611 5868 723 5941 εδδ)
768 5869 1108 5941 Ἐιῖροψέι-ιι.
1169 5874 1498 5927 Conibelisiu
1549 5868 1864 5944 liv-gt'ttdunt
1903 5878 2112 5932 videtur

2230 4655 2404 4709 ταῦτα
2433 4694 2448 4719 ,
2477 4647 2553 4707 ὧν
2576 4653 2764 4722 ἄρχειν
2787 4649 3021 4718 λέγεται,
3050 4647 3238 4718 ἰχθύας
3266 4645 3560 4714 θαλάσσης,
3592 4641 3684 4694 καὶ
3723 4657 3818 4692 πε-

2231 4746 2381 4800 τεινά
2415 4744 2667 4817 οὐρανοῦ,
2698 4743 2790 4796 καὶ
2829 4743 3002 4813 κτήνη
3047 4740 3146 4808 τῆς
3187 4737 3312 4806 γῆς,
3345 4737 3484 4805 τάχα
3519 4733 3576 4786 δὲ
3625 4732 3717 4785 καὶ
3749 4733 3817 4783 τά

2231 4839 2438 4910 ἑρπετὰ
2464 4839 2561 4908 τῆς
2587 4837 2708 4906 γῆς,
2739 4835 2825 4888 διὰ
2859 4834 2957 4896 τὰς
2993 4831 3426 4899 ἀναγκαιοτάτας
3448 4827 3555 4879 τῶν
3595 4825 3814 4894 φαρμά-

2231 4948 2342 4983 κων
2383 4930 2568 5000 χρείας
2619 4931 2713 4983 άπ’
2759 4925 2940 4979 αὐτῶν
2992 4921 3356 4992 τελουμένας·
3389 4922 3450 4973 οὺ
3499 4919 3680 4989 μέντοι
3727 4917 3817 4969 διὰ

2229 5022 2318 5074 τὸν
2350 5021 2633 5092 ἄνθρωπον
2678 5024 2851 5077 ταῦτα
2900 5016 3140 5086 ἐγεγόνει
3190 5014 3257 5066 τὰ
3308 5015 3446 5084 κήτη
3487 5011 3560 5064 τά
3603 5010 3813 5081 μεγάλα

2229 5115 2320 5166 καὶ
2358 5113 2426 5166 τά
2456 5113 2620 5184 θηρία
2658 5113 2756 5182 τῆς
2788 5110 2912 5179 γῆς.
2940 5103 3014 5180 ’ᾙ
3060 5107 3168 5178 γάρ
3202 5106 3269 5158 ἂν
3299 5103 3602 5176 προσετέθη
3632 5107 3696 5173 τῇ
3729 5103 3814 5156 δε-

2225 5207 2424 5277 δομένῃ
2450 5206 2670 5276 ἐξουσία
2696 5205 2802 5258 τῶν
2843 5201 3146 5274 ἀνθρώπων
3185 5202 3278 5254 καὶ
3309 5202 3341 5271 ἡ
3381 5199 3583 5253 τούτων
3614 5199 3812 5268 ὀνομα-

2226 5299 2336 5350 σία.
2381 5299 2492 5367 Οὑχ
2540 5295 2940 5368 εὑρίσκομενδὲ
2975 5296 3032 5346 ἐν
3075 5298 3142 5364 τῇ
3183 5295 3374 5363 Γραφῇ
3402 5291 3461 5344 τὸ
3493 5292 3599 5344 τῶν
3634 5291 3810 5358 ὄφεων

2225 5389 2382 5456 γένος
2428 5389 2486 5442 ὲν
2533 5391 2782 5460 ἑρπετοῖς
2824 5387 3173 5457 τεταγμένον,
3219 5387 3332 5440 ἀλλ’
3380 5387 3438 5438 ὲν
3491 5386 3717 5456 θηρίοις.
3754 5385 3809 5435 Ὀ

2293 5533 2337 5563 "°
2375 5531 2565 5586 Matth.
2604 5548 2656 5597 v,
2687 5530 2778 5585 48.
2871 5531 2913 5562 "
2953 5531 3090 5586 Gcn.
3115 5545 3153 5595 l,
3187 5531 3279 5585 28.
3390 5530 3434 5560 τ’
3467 5530 3603 5584 Gen.
3629 5545 3712 5595 ιιι,
3747 5531 3801 5585 2.

2229 5670 2501 5740 ἐρωμένη,
2537 5671 2680 5737 quod
2715 5685 2819 5740 non
2855 5671 3068 5724 videtur
3099 5669 3487 5740 necessarium.

2299 5739 2410 5808 (3t)
2448 5739 2742 5809 Τηρητέον
2763 5739 2850 5808 δέ,
2876 5753 2980 5798 etc.
3011 5740 3276 5795 Exltibcnt
3313 5742 3411 5794 huc
3441 5739 3802 5808 fragmentum

2227 5813 2437 5867 St‘llCtlJ)
2470 5813 2711 5867 Colnbcl'.
