  <div class='ocr_page' id='page_1' title='image "/cluster/home/n/w/nwhite01/storage/ocr_20150623/12:no.2/coo.31924054873074/062.png"; bbox 0 0 4138 6456; ppageno 0'>
   <div class='ocr_carea' id='block_1_1' title="bbox 304 342 386 398">
    <p class='ocr_par' dir='ltr' id='par_1_1' title="bbox 304 342 386 398">
     <span class='ocr_line' id='line_1_1' title="bbox 304 342 386 398; baseline -0.037 0"><span class='ocrx_word' id='word_1_1' title='bbox 304 342 386 398; x_wconf 79' lang='lat'><strong>97</strong></span> 
     </span>
    </p>
   </div>
   <div class='ocr_carea' id='block_1_2' title="bbox 1745 347 3596 425">
    <p class='ocr_par' dir='ltr' id='par_1_2' title="bbox 1745 347 3596 425">
     <span class='ocr_line' id='line_1_2' title="bbox 1745 347 3596 425; baseline 0.013 -24"><span class='ocrx_word' id='word_1_2' title='bbox 1745 347 1811 402; x_wconf 85' lang='lat' dir='ltr'><strong>IN</strong></span> <span class='ocrx_word' id='word_1_3' title='bbox 1852 348 2177 408; x_wconf 82' lang='lat' dir='ltr'><strong>GENESIM.</strong></span> <span class='ocrx_word' id='word_1_4' title='bbox 3529 371 3596 425; x_wconf 76' lang='lat'><strong>98</strong></span> 
     </span>
    </p>
   </div>
   <div class='ocr_carea' id='block_1_3' title="bbox 301 463 1883 553">
    <p class='ocr_par' dir='ltr' id='par_1_3' title="bbox 301 463 1883 540">
     <span class='ocr_line' id='line_1_3' title="bbox 301 463 1883 540; baseline 0.003 -22"><span class='ocrx_word' id='word_1_5' title='bbox 301 467 422 537; x_wconf 75' lang='grc' dir='ltr'><em>γὰρ</em></span> <span class='ocrx_word' id='word_1_6' title='bbox 470 467 622 537; x_wconf 65' lang='grc' dir='ltr'><em>ὄφις,</em></span> <span class='ocrx_word' id='word_1_7' title='bbox 668 469 862 540; x_wconf 76' lang='grc' dir='ltr'><em>φησὶν,</em></span> <span class='ocrx_word' id='word_1_8' title='bbox 906 463 987 539; x_wconf 69' lang='grc' dir='ltr'><em>ἦν</em></span> <span class='ocrx_word' id='word_1_9' title='bbox 1023 468 1462 538; x_wconf 70' lang='grc' dir='ltr'><em>φρονιμώτατος</em></span> <span class='ocrx_word' id='word_1_10' title='bbox 1499 469 1742 523; x_wconf 85' lang='grc' dir='ltr'><em>πάντων</em></span> <span class='ocrx_word' id='word_1_11' title='bbox 1787 469 1883 523; x_wconf 75' lang='grc' dir='ltr'><strong>τῶι</strong></span> 
     </span>
    </p>
   </div>
   <div class='ocr_carea' id='block_1_4' title="bbox 1988 463 3598 553">
    <p class='ocr_par' dir='ltr' id='par_1_4' title="bbox 2006 473 3598 553">
     <span class='ocr_line' id='line_1_4' title="bbox 2006 473 3598 553; baseline 0.014 -30"><span class='ocrx_word' id='word_1_12' title='bbox 2006 488 2132 541; x_wconf 88' lang='lat' dir='ltr'><strong>que,</strong></span> <span class='ocrx_word' id='word_1_13' title='bbox 2183 473 2367 542; x_wconf 81' lang='lat' dir='ltr'><strong>vipera</strong></span> <span class='ocrx_word' id='word_1_14' title='bbox 2417 488 2538 542; x_wconf 69' lang='lat' dir='ltr'><strong>qute</strong></span> <span class='ocrx_word' id='word_1_15' title='bbox 2595 474 2820 531; x_wconf 85' lang='lat' dir='ltr'><strong>Paulum</strong></span> <span class='ocrx_word' id='word_1_16' title='bbox 2880 485 3272 553; x_wconf 72' lang='lat' dir='ltr'><strong>momorderat,</strong></span> <span class='ocrx_word' id='word_1_17' title='bbox 3331 503 3396 544; x_wconf 82' lang='lat' dir='ltr'><strong>ex</strong></span> <span class='ocrx_word' id='word_1_18' title='bbox 3455 491 3598 546; x_wconf 88' lang='lat' dir='ltr'><strong>illius</strong></span> 
     </span>
    </p>
   </div>
   <div class='ocr_carea' id='block_1_5' title="bbox 305 560 1902 632">
    <p class='ocr_par' dir='ltr' id='par_1_5' title="bbox 305 560 1902 632">
     <span class='ocr_line' id='line_1_5' title="bbox 305 560 1902 632; baseline 0.001 -21"><span class='ocrx_word' id='word_1_19' title='bbox 305 560 550 626; x_wconf 77' lang='grc' dir='ltr'><em>θηρίων.</em></span> <span class='ocrx_word' id='word_1_20' title='bbox 582 561 690 613; x_wconf 75' lang='grc' dir='ltr'><strong>Καὶ</strong></span> <span class='ocrx_word' id='word_1_21' title='bbox 715 561 773 614; x_wconf 82' lang='grc' dir='ltr'><em>ἐν</em></span> <span class='ocrx_word' id='word_1_22' title='bbox 811 564 931 625; x_wconf 80' lang='grc' dir='ltr'><em>ταῖς</em></span> <span class='ocrx_word' id='word_1_23' title='bbox 969 561 1238 632; x_wconf 84' lang='grc' dir='ltr'><em>Πράξεσιν</em></span> <span class='ocrx_word' id='word_1_24' title='bbox 1281 561 1462 632; x_wconf 77' lang='grc' dir='ltr'><em>ἔχιδνα</em></span> <span class='ocrx_word' id='word_1_25' title='bbox 1512 561 1754 614; x_wconf 83' lang='grc' dir='ltr'>δακοῦσα</span> <span class='ocrx_word' id='word_1_26' title='bbox 1808 563 1902 614; x_wconf 86' lang='grc' dir='ltr'><em>τὸν</em></span> 
     </span>
    </p>
   </div>
   <div class='ocr_carea' id='block_1_6' title="bbox 312 649 1903 726">
    <p class='ocr_par' dir='ltr' id='par_1_6' title="bbox 312 649 1903 726">
     <span class='ocr_line' id='line_1_6' title="bbox 312 649 1903 726; baseline 0.003 -23"><span class='ocrx_word' id='word_1_27' title='bbox 312 649 546 715; x_wconf 77' lang='grc' dir='ltr'><strong>Παῦλον,</strong></span> <span class='ocrx_word' id='word_1_28' title='bbox 574 653 848 724; x_wconf 81' lang='grc' dir='ltr'><strong>ἐκρέματο</strong></span> <span class='ocrx_word' id='word_1_29' title='bbox 884 655 1025 707; x_wconf 81' lang='grc' dir='ltr'><em>κατὰ</em></span> <span class='ocrx_word' id='word_1_30' title='bbox 1057 655 1158 725; x_wconf 85' lang='grc' dir='ltr'><em>τῆς</em></span> <span class='ocrx_word' id='word_1_31' title='bbox 1199 656 1379 726; x_wconf 85' lang='grc' dir='ltr'><em>χειρὸς</em></span> <span class='ocrx_word' id='word_1_32' title='bbox 1417 654 1614 707; x_wconf 75' lang='grc' dir='ltr'><em>αὐτοῦ’</em></span> <span class='ocrx_word' id='word_1_33' title='bbox 1659 655 1751 708; x_wconf 82' lang='grc' dir='ltr'><em>καὶ</em></span> <span class='ocrx_word' id='word_1_34' title='bbox 1782 657 1903 709; x_wconf 77' lang='grc' dir='ltr'><em>ἐπι-</em></span> 
     </span>
    </p>
   </div>
   <div class='ocr_carea' id='block_1_7' title="bbox 310 743 1900 815">
    <p class='ocr_par' dir='ltr' id='par_1_7' title="bbox 310 743 1900 815">
     <span class='ocr_line' id='line_1_7' title="bbox 310 743 1900 815; baseline 0.002 -20"><span class='ocrx_word' id='word_1_35' title='bbox 310 743 496 815; x_wconf 80' lang='grc' dir='ltr'><em>φέρει-</em></span> <span class='ocrx_word' id='word_1_36' title='bbox 553 743 800 810; x_wconf 76' lang='grc' dir='ltr'><strong>Ἰδόντες</strong></span> <span class='ocrx_word' id='word_1_37' title='bbox 836 745 904 798; x_wconf 76' lang='grc' dir='ltr'><em>δὲ</em></span> <span class='ocrx_word' id='word_1_38' title='bbox 945 746 1240 814; x_wconf 80' lang='grc' dir='ltr'><em>βάρϐαροι</em></span> <span class='ocrx_word' id='word_1_39' title='bbox 1289 744 1662 815; x_wconf 79' lang='grc' dir='ltr'><strong>κρεμάμενον</strong></span> <span class='ocrx_word' id='word_1_40' title='bbox 1692 745 1759 798; x_wconf 86' lang='grc' dir='ltr'><em>τὸ</em></span> <span class='ocrx_word' id='word_1_41' title='bbox 1800 749 1900 813; x_wconf 72' lang='grc' dir='ltr'><strong>θη-</strong></span> 
     </span>
    </p>
   </div>
   <div class='ocr_carea' id='block_1_8' title="bbox 300 835 1899 911">
    <p class='ocr_par' dir='ltr' id='par_1_8' title="bbox 300 835 1899 911">
     <span class='ocr_line' id='line_1_8' title="bbox 300 835 1899 911; baseline 0.001 -23"><span class='ocrx_word' id='word_1_42' title='bbox 300 835 459 904; x_wconf 82' lang='grc' dir='ltr'><em>ρίον.</em></span> <span class='ocrx_word' id='word_1_43' title='bbox 504 837 592 888; x_wconf 90' lang='grc' dir='ltr'><em>Ἐν</em></span> <span class='ocrx_word' id='word_1_44' title='bbox 617 836 673 888; x_wconf 80' lang='grc' dir='ltr'><em>δὲ</em></span> <span class='ocrx_word' id='word_1_45' title='bbox 707 837 782 907; x_wconf 87' lang='grc' dir='ltr'><em>τῷ</em></span> <span class='ocrx_word' id='word_1_46' title='bbox 819 837 1088 910; x_wconf 85' lang='grc' dir='ltr'><em>Λευῖτικῷ</em></span> <span class='ocrx_word' id='word_1_47' title='bbox 1120 841 1221 911; x_wconf 82' lang='grc' dir='ltr'><strong>ὅρα</strong></span> <span class='ocrx_word' id='word_1_48' title='bbox 1269 839 1360 892; x_wconf 79' lang='grc' dir='ltr'><strong>ἐπὶ</strong></span> <span class='ocrx_word' id='word_1_49' title='bbox 1390 839 1550 892; x_wconf 89' lang='grc' dir='ltr'><em>τίνων</em></span> <span class='ocrx_word' id='word_1_50' title='bbox 1595 839 1792 892; x_wconf 82' lang='grc' dir='ltr'><strong>τάσσει</strong></span> <span class='ocrx_word' id='word_1_51' title='bbox 1838 837 1899 892; x_wconf 80' lang='grc' dir='ltr'><em>τὸ</em></span> 
     </span>
    </p>
   </div>
   <div class='ocr_carea' id='block_1_9' title="bbox 305 926 1900 1002">
    <p class='ocr_par' dir='ltr' id='par_1_9' title="bbox 305 926 1900 1002">
     <span class='ocr_line' id='line_1_9' title="bbox 305 926 1900 1002; baseline 0.004 -24"><span class='ocrx_word' id='word_1_52' title='bbox 305 926 552 997; x_wconf 74' lang='grc' dir='ltr'><em>ἑρπετὸν,</em></span> <span class='ocrx_word' id='word_1_53' title='bbox 580 927 656 990; x_wconf 85' lang='grc' dir='ltr'><em>ὡς</em></span> <span class='ocrx_word' id='word_1_54' title='bbox 675 929 926 998; x_wconf 82' lang='grc' dir='ltr'><strong>οὐδαμῶς</strong></span> <span class='ocrx_word' id='word_1_55' title='bbox 961 931 1052 984; x_wconf 82' lang='grc' dir='ltr'><em>ἐπί</em></span> <span class='ocrx_word' id='word_1_56' title='bbox 1076 931 1183 984; x_wconf 87' lang='grc' dir='ltr'><strong>τῶν</strong></span> <span class='ocrx_word' id='word_1_57' title='bbox 1215 929 1310 984; x_wconf 80' lang='grc' dir='ltr'><em>νῦν</em></span> <span class='ocrx_word' id='word_1_58' title='bbox 1343 933 1400 982; x_wconf 81' lang='grc' dir='ltr'><em>ὲν</em></span> <span class='ocrx_word' id='word_1_59' title='bbox 1428 933 1493 1001; x_wconf 83' lang='grc' dir='ltr'><em>τῇ</em></span> <span class='ocrx_word' id='word_1_60' title='bbox 1523 929 1778 1002; x_wconf 81' lang='grc' dir='ltr'>συνηθείᾳ</span> <span class='ocrx_word' id='word_1_61' title='bbox 1804 949 1900 985; x_wconf 87' lang='grc' dir='ltr'><em>κα-</em></span> 
     </span>
    </p>
   </div>
   <div class='ocr_carea' id='block_1_10' title="bbox 303 1017 1900 1094">
    <p class='ocr_par' dir='ltr' id='par_1_10' title="bbox 303 1017 1900 1094">
     <span class='ocr_line' id='line_1_10' title="bbox 303 1017 1900 1094; baseline 0.004 -24"><span class='ocrx_word' id='word_1_62' title='bbox 303 1017 596 1090; x_wconf 80' lang='grc' dir='ltr'><em>λουμένων.</em></span> <span class='ocrx_word' id='word_1_63' title='bbox 621 1021 812 1074; x_wconf 85' lang='grc' dir='ltr'><em>Ταῦτα</em></span> <span class='ocrx_word' id='word_1_64' title='bbox 833 1021 962 1094; x_wconf 79' lang='grc' dir='ltr'><em>γὰρ,</em></span> <span class='ocrx_word' id='word_1_65' title='bbox 990 1023 1146 1094; x_wconf 71' lang='grc' dir='ltr'><em>φησὶ,</em></span> <span class='ocrx_word' id='word_1_66' title='bbox 1163 1023 1427 1093; x_wconf 67' lang='grc' dir='ltr'><em>φάγεσθε</em></span> <span class='ocrx_word' id='word_1_67' title='bbox 1457 1022 1576 1076; x_wconf 84' lang='grc' dir='ltr'><em>ἀπὸ</em></span> <span class='ocrx_word' id='word_1_68' title='bbox 1597 1023 1716 1075; x_wconf 88' lang='grc' dir='ltr'><strong>τῶν</strong></span> <span class='ocrx_word' id='word_1_69' title='bbox 1734 1024 1900 1090; x_wconf 83' lang='grc' dir='ltr'><em>ἑρπε-</em></span> 
     </span>
    </p>
   </div>
   <div class='ocr_carea' id='block_1_11' title="bbox 301 1110 1893 1183">
    <p class='ocr_par' dir='ltr' id='par_1_11' title="bbox 301 1110 1893 1183">
     <span class='ocr_line' id='line_1_11' title="bbox 301 1110 1893 1183; baseline 0.003 -20"><span class='ocrx_word' id='word_1_70' title='bbox 301 1110 421 1163; x_wconf 88' lang='grc' dir='ltr'><strong>τῶν</strong></span> <span class='ocrx_word' id='word_1_71' title='bbox 437 1110 554 1164; x_wconf 89' lang='grc' dir='ltr'><strong>τῶν</strong></span> <span class='ocrx_word' id='word_1_72' title='bbox 569 1112 874 1177; x_wconf 79' lang='grc' dir='ltr'><strong>πετεινῶν,</strong></span> <span class='ocrx_word' id='word_1_73' title='bbox 889 1113 927 1167; x_wconf 82' lang='grc' dir='ltr'><strong>ά</strong></span> <span class='ocrx_word' id='word_1_74' title='bbox 941 1117 1293 1182; x_wconf 82' lang='grc' dir='ltr'><em>πορεύονται</em></span> <span class='ocrx_word' id='word_1_75' title='bbox 1310 1116 1407 1168; x_wconf 77' lang='grc' dir='ltr'><strong>ἐπὶ</strong></span> <span class='ocrx_word' id='word_1_76' title='bbox 1426 1113 1546 1168; x_wconf 89' lang='grc' dir='ltr'><strong>τῶν</strong></span> <span class='ocrx_word' id='word_1_77' title='bbox 1559 1115 1893 1183; x_wconf 84' lang='grc' dir='ltr'><em>τεσσάρων,</em></span> 
     </span>
    </p>
   </div>
   <div class='ocr_carea' id='block_1_12' title="bbox 300 1201 1896 1276">
    <p class='ocr_par' dir='ltr' id='par_1_12' title="bbox 300 1201 1896 1276">
     <span class='ocr_line' id='line_1_12' title="bbox 300 1201 1896 1276; baseline 0.005 -22"><span class='ocrx_word' id='word_1_78' title='bbox 300 1201 339 1254; x_wconf 77' lang='grc' dir='ltr'><em>ἅ</em></span> <span class='ocrx_word' id='word_1_79' title='bbox 368 1203 492 1270; x_wconf 80' lang='grc' dir='ltr'><em>ἔχει</em></span> <span class='ocrx_word' id='word_1_80' title='bbox 530 1203 723 1270; x_wconf 80' lang='grc' dir='ltr'><strong>σκέλη</strong></span> <span class='ocrx_word' id='word_1_81' title='bbox 752 1204 1048 1273; x_wconf 82' lang='grc' dir='ltr'><strong>ἀνώτερον</strong></span> <span class='ocrx_word' id='word_1_82' title='bbox 1078 1207 1197 1260; x_wconf 89' lang='grc' dir='ltr'><strong>τῶν</strong></span> <span class='ocrx_word' id='word_1_83' title='bbox 1229 1208 1431 1261; x_wconf 84' lang='grc' dir='ltr'><em>ποδῶν</em></span> <span class='ocrx_word' id='word_1_84' title='bbox 1452 1208 1664 1271; x_wconf 81' lang='grc' dir='ltr'><em>αὐτοῦ,</em></span> <span class='ocrx_word' id='word_1_85' title='bbox 1696 1208 1896 1276; x_wconf 77' lang='grc' dir='ltr'><em>πηδᾷν</em></span> 
     </span>
    </p>
   </div>
   <div class='ocr_carea' id='block_1_13' title="bbox 298 1294 1896 1371">
    <p class='ocr_par' dir='ltr' id='par_1_13' title="bbox 298 1294 1896 1371">
     <span class='ocr_line' id='line_1_13' title="bbox 298 1294 1896 1371; baseline 0.005 -24"><span class='ocrx_word' id='word_1_86' title='bbox 298 1294 370 1347; x_wconf 87' lang='grc' dir='ltr'><em>ἐν</em></span> <span class='ocrx_word' id='word_1_87' title='bbox 387 1295 593 1360; x_wconf 79' lang='grc' dir='ltr'><em>αὐτοῖς</em></span> <span class='ocrx_word' id='word_1_88' title='bbox 611 1296 708 1349; x_wconf 83' lang='grc' dir='ltr'><strong>ἐπὶ</strong></span> <span class='ocrx_word' id='word_1_89' title='bbox 731 1295 841 1363; x_wconf 84' lang='grc' dir='ltr'><em>τῆς</em></span> <span class='ocrx_word' id='word_1_90' title='bbox 859 1298 972 1367; x_wconf 81' lang='grc' dir='ltr'><em>γῆς</em></span> <span class='ocrx_word' id='word_1_91' title='bbox 990 1316 1004 1330; x_wconf 88' lang='grc'><strong>·</strong></span> <span class='ocrx_word' id='word_1_92' title='bbox 1029 1299 1127 1352; x_wconf 79' lang='grc' dir='ltr'><em>καὶ</em></span> <span class='ocrx_word' id='word_1_93' title='bbox 1158 1301 1346 1354; x_wconf 84' lang='grc' dir='ltr'><em>ταῦτα</em></span> <span class='ocrx_word' id='word_1_94' title='bbox 1373 1303 1635 1371; x_wconf 67' lang='grc' dir='ltr'><em>φάγεσθε</em></span> <span class='ocrx_word' id='word_1_95' title='bbox 1659 1301 1760 1355; x_wconf 82' lang='grc' dir='ltr'><strong>ἀπ’</strong></span> <span class='ocrx_word' id='word_1_96' title='bbox 1789 1303 1896 1355; x_wconf 86' lang='grc' dir='ltr'><em>αύ-</em></span> 
     </span>
    </p>
   </div>
   <div class='ocr_carea' id='block_1_14' title="bbox 299 1388 1895 1462">
    <p class='ocr_par' dir='ltr' id='par_1_14' title="bbox 299 1388 1895 1462">
     <span class='ocr_line' id='line_1_14' title="bbox 299 1388 1895 1462; baseline 0.005 -23"><span class='ocrx_word' id='word_1_97' title='bbox 299 1388 436 1451; x_wconf 88' lang='grc' dir='ltr'><em>τῶν,</em></span> <span class='ocrx_word' id='word_1_98' title='bbox 469 1389 578 1442; x_wconf 78' lang='grc' dir='ltr'><strong>τόν</strong></span> <span class='ocrx_word' id='word_1_99' title='bbox 605 1390 878 1460; x_wconf 84' lang='grc' dir='ltr'><em>βροῦχον</em></span> <span class='ocrx_word' id='word_1_100' title='bbox 922 1394 1021 1446; x_wconf 78' lang='grc' dir='ltr'><em>καὶ</em></span> <span class='ocrx_word' id='word_1_101' title='bbox 1068 1393 1143 1446; x_wconf 85' lang='grc' dir='ltr'><em>τὰ</em></span> <span class='ocrx_word' id='word_1_102' title='bbox 1188 1393 1362 1462; x_wconf 77' lang='grc' dir='ltr'><em>ὅμοια</em></span> <span class='ocrx_word' id='word_1_103' title='bbox 1409 1393 1591 1459; x_wconf 72' lang='grc' dir='ltr'><em>αὐτῷ,</em></span> <span class='ocrx_word' id='word_1_104' title='bbox 1638 1394 1738 1446; x_wconf 80' lang='grc' dir='ltr'><em>καὶ</em></span> <span class='ocrx_word' id='word_1_105' title='bbox 1780 1393 1895 1461; x_wconf 81' lang='grc' dir='ltr'><em>τὴν</em></span> 
     </span>
    </p>
   </div>
   <div class='ocr_carea' id='block_1_15' title="bbox 297 1478 1894 1552">
    <p class='ocr_par' dir='ltr' id='par_1_15' title="bbox 297 1478 1894 1552">
     <span class='ocr_line' id='line_1_15' title="bbox 297 1478 1894 1552; baseline 0.003 -20"><span class='ocrx_word' id='word_1_106' title='bbox 297 1478 513 1546; x_wconf 78' lang='grc' dir='ltr'><strong>ἀκρίδα</strong></span> <span class='ocrx_word' id='word_1_107' title='bbox 563 1481 660 1534; x_wconf 77' lang='grc' dir='ltr'><em>καὶ</em></span> <span class='ocrx_word' id='word_1_108' title='bbox 713 1483 786 1538; x_wconf 85' lang='grc' dir='ltr'><em>τὰ</em></span> <span class='ocrx_word' id='word_1_109' title='bbox 835 1483 1009 1552; x_wconf 83' lang='grc' dir='ltr'><em>ὅμοια</em></span> <span class='ocrx_word' id='word_1_110' title='bbox 1045 1485 1222 1552; x_wconf 74' lang='grc' dir='ltr'><em>αὐτῇ,</em></span> <span class='ocrx_word' id='word_1_111' title='bbox 1257 1485 1354 1539; x_wconf 76' lang='grc' dir='ltr'><em>καὶ</em></span> <span class='ocrx_word' id='word_1_112' title='bbox 1399 1485 1666 1551; x_wconf 62' lang='lat' dir='ltr'><strong>denian</strong></span> <span class='ocrx_word' id='word_1_113' title='bbox 1697 1485 1894 1538; x_wconf 78' lang='grc' dir='ltr'><em>καὶτὰ</em></span> 
     </span>
    </p>
   </div>
   <div class='ocr_carea' id='block_1_16' title="bbox 297 1571 1894 1644">
    <p class='ocr_par' dir='ltr' id='par_1_16' title="bbox 297 1571 1894 1644">
     <span class='ocr_line' id='line_1_16' title="bbox 297 1571 1894 1644; baseline 0.004 -21"><span class='ocrx_word' id='word_1_114' title='bbox 297 1571 470 1640; x_wconf 76' lang='grc' dir='ltr'><em>ὅμοια</em></span> <span class='ocrx_word' id='word_1_115' title='bbox 506 1573 687 1639; x_wconf 82' lang='grc' dir='ltr'><em>αὐτῷ,</em></span> <span class='ocrx_word' id='word_1_116' title='bbox 741 1576 837 1628; x_wconf 81' lang='grc' dir='ltr'><em>καὶ</em></span> <span class='ocrx_word' id='word_1_117' title='bbox 899 1575 1009 1628; x_wconf 84' lang='grc' dir='ltr'><em>τὸν</em></span> <span class='ocrx_word' id='word_1_118' title='bbox 1063 1577 1403 1644; x_wconf 57' lang='grc' dir='ltr'><em>ὀμιομάχην</em></span> <span class='ocrx_word' id='word_1_119' title='bbox 1452 1576 1550 1629; x_wconf 76' lang='grc' dir='ltr'><em>καὶ</em></span> <span class='ocrx_word' id='word_1_120' title='bbox 1602 1576 1675 1628; x_wconf 78' lang='grc' dir='ltr'><em>τὰ</em></span> <span class='ocrx_word' id='word_1_121' title='bbox 1722 1575 1894 1644; x_wconf 81' lang='grc' dir='ltr'><em>ὅμοια</em></span> 
     </span>
    </p>
   </div>
   <div class='ocr_carea' id='block_1_17' title="bbox 295 1664 1893 1736">
    <p class='ocr_par' dir='ltr' id='par_1_17' title="bbox 295 1664 1893 1736">
     <span class='ocr_line' id='line_1_17' title="bbox 295 1664 1893 1736; baseline 0.001 -18"><span class='ocrx_word' id='word_1_122' title='bbox 295 1665 484 1732; x_wconf 76' lang='grc' dir='ltr'><em>αὐτῷ’</em></span> <span class='ocrx_word' id='word_1_123' title='bbox 531 1668 630 1720; x_wconf 82' lang='grc' dir='ltr'><em>καὶ</em></span> <span class='ocrx_word' id='word_1_124' title='bbox 678 1667 801 1721; x_wconf 83' lang='grc' dir='ltr'><strong>πᾶν</strong></span> <span class='ocrx_word' id='word_1_125' title='bbox 833 1667 1086 1736; x_wconf 79' lang='grc' dir='ltr'><em>ἑρπετὸν</em></span> <span class='ocrx_word' id='word_1_126' title='bbox 1135 1668 1254 1722; x_wconf 86' lang='grc' dir='ltr'><strong>ἀπὸ</strong></span> <span class='ocrx_word' id='word_1_127' title='bbox 1304 1667 1425 1721; x_wconf 90' lang='grc' dir='ltr'><strong>τῶν</strong></span> <span class='ocrx_word' id='word_1_128' title='bbox 1473 1667 1762 1721; x_wconf 81' lang='grc' dir='ltr'><em>πετεινῶν</em></span> <span class='ocrx_word' id='word_1_129' title='bbox 1801 1664 1893 1734; x_wconf 79' lang='grc' dir='ltr'><strong>οἷς</strong></span> 
     </span>
    </p>
   </div>
   <div class='ocr_carea' id='block_1_18' title="bbox 295 1758 1888 1830">
    <p class='ocr_par' dir='ltr' id='par_1_18' title="bbox 295 1758 1888 1830">
     <span class='ocr_line' id='line_1_18' title="bbox 295 1758 1888 1830; baseline 0.003 -21"><span class='ocrx_word' id='word_1_130' title='bbox 295 1760 413 1812; x_wconf 81' lang='grc' dir='ltr'><em>εισι</em></span> <span class='ocrx_word' id='word_1_131' title='bbox 465 1759 759 1827; x_wconf 86' lang='grc' dir='ltr'><em>τέσσαρες</em></span> <span class='ocrx_word' id='word_1_132' title='bbox 811 1758 1013 1824; x_wconf 83' lang='grc' dir='ltr'><em>πόδες,</em></span> <span class='ocrx_word' id='word_1_133' title='bbox 1041 1758 1361 1829; x_wconf 77' lang='grc' dir='ltr'><em>βδέλυγμα</em></span> <span class='ocrx_word' id='word_1_134' title='bbox 1406 1760 1552 1830; x_wconf 82' lang='grc' dir='ltr'><em>ὑμῖν</em></span> <span class='ocrx_word' id='word_1_135' title='bbox 1581 1761 1745 1825; x_wconf 88' lang='grc' dir='ltr'><em>ἐστι,</em></span> <span class='ocrx_word' id='word_1_136' title='bbox 1790 1760 1888 1813; x_wconf 75' lang='grc' dir='ltr'><em>καὶ</em></span> 
     </span>
    </p>
   </div>
   <div class='ocr_carea' id='block_1_19' title="bbox 294 1849 1893 1924">
    <p class='ocr_par' dir='ltr' id='par_1_19' title="bbox 294 1849 1893 1924">
     <span class='ocr_line' id='line_1_19' title="bbox 294 1849 1893 1924; baseline 0.002 -22"><span class='ocrx_word' id='word_1_137' title='bbox 294 1849 368 1902; x_wconf 76' lang='grc' dir='ltr'><em>ἐν</em></span> <span class='ocrx_word' id='word_1_138' title='bbox 395 1851 627 1916; x_wconf 84' lang='grc' dir='ltr'><em>τούτοις</em></span> <span class='ocrx_word' id='word_1_139' title='bbox 645 1849 1078 1920; x_wconf 81' lang='grc' dir='ltr'><em>μιανθήσεσθε.</em></span> <span class='ocrx_word' id='word_1_140' title='bbox 1108 1851 1223 1904; x_wconf 85' lang='grc' dir='ltr'><strong>Οὐκ</strong></span> <span class='ocrx_word' id='word_1_141' title='bbox 1255 1851 1412 1923; x_wconf 81' lang='grc' dir='ltr'><em>ἄρχει</em></span> <span class='ocrx_word' id='word_1_142' title='bbox 1460 1853 1640 1906; x_wconf 81' lang='grc' dir='ltr'><em>τοίνυν</em></span> <span class='ocrx_word' id='word_1_143' title='bbox 1680 1852 1893 1924; x_wconf 77' lang='grc' dir='ltr'><em>ἄνθρω-</em></span> 
     </span>
    </p>
   </div>
   <div class='ocr_carea' id='block_1_20' title="bbox 296 1939 1885 2016">
    <p class='ocr_par' dir='ltr' id='par_1_20' title="bbox 296 1939 1885 2016">
     <span class='ocr_line' id='line_1_20' title="bbox 296 1939 1885 2016; baseline 0.002 -22"><span class='ocrx_word' id='word_1_144' title='bbox 296 1957 398 2004; x_wconf 86' lang='grc' dir='ltr'><strong>πος</strong></span> <span class='ocrx_word' id='word_1_145' title='bbox 427 1939 550 1993; x_wconf 77' lang='grc' dir='ltr'><em>οὕτε</em></span> <span class='ocrx_word' id='word_1_146' title='bbox 583 1941 691 1995; x_wconf 89' lang='grc' dir='ltr'><strong>τῶν</strong></span> <span class='ocrx_word' id='word_1_147' title='bbox 725 1942 905 2014; x_wconf 85' lang='grc' dir='ltr'><em>κητῶν</em></span> <span class='ocrx_word' id='word_1_148' title='bbox 931 1943 1038 1994; x_wconf 86' lang='grc' dir='ltr'><strong>τῶν</strong></span> <span class='ocrx_word' id='word_1_149' title='bbox 1071 1943 1320 2013; x_wconf 80' lang='grc' dir='ltr'><strong>μεγάλων</strong></span> <span class='ocrx_word' id='word_1_150' title='bbox 1344 1943 1471 1997; x_wconf 82' lang='grc' dir='ltr'><em>οὔτε</em></span> <span class='ocrx_word' id='word_1_151' title='bbox 1514 1945 1625 1998; x_wconf 86' lang='grc' dir='ltr'><strong>τῶν</strong></span> <span class='ocrx_word' id='word_1_152' title='bbox 1659 1944 1885 2016; x_wconf 83' lang='grc' dir='ltr'><em>θηρίων,</em></span> 
     </span>
    </p>
   </div>
   <div class='ocr_carea' id='block_1_21' title="bbox 297 2032 1888 2108">
    <p class='ocr_par' dir='ltr' id='par_1_21' title="bbox 297 2032 1888 2108">
     <span class='ocr_line' id='line_1_21' title="bbox 297 2032 1888 2108; baseline 0.004 -24"><span class='ocrx_word' id='word_1_153' title='bbox 297 2032 437 2101; x_wconf 83' lang='grc' dir='ltr'><em>τάχα</em></span> <span class='ocrx_word' id='word_1_154' title='bbox 464 2032 560 2104; x_wconf 80' lang='grc' dir='ltr'><em>τὴν</em></span> <span class='ocrx_word' id='word_1_155' title='bbox 587 2034 763 2105; x_wconf 80' lang='grc' dir='ltr'><em>ἀρχὴν</em></span> <span class='ocrx_word' id='word_1_156' title='bbox 792 2033 915 2087; x_wconf 79' lang='grc' dir='ltr'><em>οὔτε</em></span> <span class='ocrx_word' id='word_1_157' title='bbox 965 2035 1032 2088; x_wconf 82' lang='grc' dir='ltr'><em>δι’</em></span> <span class='ocrx_word' id='word_1_158' title='bbox 1079 2036 1243 2089; x_wconf 81' lang='grc' dir='ltr'><em>αὑτὸν</em></span> <span class='ocrx_word' id='word_1_159' title='bbox 1285 2037 1689 2108; x_wconf 82' lang='grc' dir='ltr'><em>γεγενημένων.</em></span> <span class='ocrx_word' id='word_1_160' title='bbox 1725 2037 1799 2088; x_wconf 85' lang='grc' dir='ltr'>Τὸ</span> <span class='ocrx_word' id='word_1_161' title='bbox 1831 2037 1888 2090; x_wconf 83' lang='grc' dir='ltr'><em>δὲ</em></span> 
     </span>
    </p>
   </div>
   <div class='ocr_carea' id='block_1_22' title="bbox 290 2122 1886 2200">
    <p class='ocr_par' dir='ltr' id='par_1_22' title="bbox 290 2122 1886 2200">
     <span class='ocr_line' id='line_1_22' title="bbox 290 2122 1886 2200; baseline 0.004 -26"><span class='ocrx_word' id='word_1_162' title='bbox 290 2122 478 2192; x_wconf 83' lang='grc' dir='ltr'><em>ὅμοιον</em></span> <span class='ocrx_word' id='word_1_163' title='bbox 509 2128 621 2189; x_wconf 87' lang='grc' dir='ltr'><em>τοῖς</em></span> <span class='ocrx_word' id='word_1_164' title='bbox 651 2126 835 2180; x_wconf 78' lang='grc' dir='ltr'><em>ἐνθάδε</em></span> <span class='ocrx_word' id='word_1_165' title='bbox 870 2126 1381 2200; x_wconf 78' lang='grc' dir='ltr'><strong>ἀναγεγραμμένοις</strong></span> <span class='ocrx_word' id='word_1_166' title='bbox 1431 2128 1538 2180; x_wconf 77' lang='grc' dir='ltr'>ὑπὸ</span> <span class='ocrx_word' id='word_1_167' title='bbox 1584 2128 1684 2199; x_wconf 84' lang='grc' dir='ltr'><em>τὴν</em></span> <span class='ocrx_word' id='word_1_168' title='bbox 1731 2127 1886 2191; x_wconf 81' lang='grc' dir='ltr'><em>ἐξου-</em></span> 
     </span>
    </p>
   </div>
   <div class='ocr_carea' id='block_1_23' title="bbox 293 2213 1887 2293">
    <p class='ocr_par' dir='ltr' id='par_1_23' title="bbox 293 2213 1887 2293">
     <span class='ocr_line' id='line_1_23' title="bbox 293 2213 1887 2293; baseline 0.005 -28"><span class='ocrx_word' id='word_1_169' title='bbox 293 2213 416 2267; x_wconf 88' lang='grc' dir='ltr'><em>σίαν</em></span> <span class='ocrx_word' id='word_1_170' title='bbox 449 2215 544 2269; x_wconf 84' lang='grc' dir='ltr'><em>τοῦ</em></span> <span class='ocrx_word' id='word_1_171' title='bbox 575 2217 863 2290; x_wconf 84' lang='grc' dir='ltr'><em>ἀνθρώπου</em></span> <span class='ocrx_word' id='word_1_172' title='bbox 895 2221 954 2273; x_wconf 86' lang='grc' dir='ltr'><em>ὲν</em></span> <span class='ocrx_word' id='word_1_173' title='bbox 984 2221 1061 2292; x_wconf 84' lang='grc' dir='ltr'><em>τῷ</em></span> <span class='ocrx_word' id='word_1_174' title='bbox 1095 2228 1142 2293; x_wconf 85' lang='grc' dir='ltr'><em>η’</em></span> <span class='ocrx_word' id='word_1_175' title='bbox 1170 2220 1369 2292; x_wconf 73' lang='grc' dir='ltr'><em>ψαλμῷ</em></span> <span class='ocrx_word' id='word_1_176' title='bbox 1405 2221 1652 2290; x_wconf 83' lang='grc' dir='ltr'><em>λέγεται·</em></span> <span class='ocrx_word' id='word_1_177' title='bbox 1683 2220 1887 2274; x_wconf 82' lang='grc' dir='ltr'><em>Πάντα</em></span> 
     </span>
    </p>
   </div>
   <div class='ocr_carea' id='block_1_24' title="bbox 293 2307 1885 2381">
    <p class='ocr_par' dir='ltr' id='par_1_24' title="bbox 293 2307 1885 2381">
     <span class='ocr_line' id='line_1_24' title="bbox 293 2307 1885 2381; baseline 0.006 -24"><span class='ocrx_word' id='word_1_178' title='bbox 293 2307 596 2375; x_wconf 73' lang='grc' dir='ltr'><em>ὑπέταξας</em></span> <span class='ocrx_word' id='word_1_179' title='bbox 637 2312 916 2366; x_wconf 79' lang='grc' dir='ltr'><em>ὑποκάτω</em></span> <span class='ocrx_word' id='word_1_180' title='bbox 961 2313 1163 2367; x_wconf 84' lang='grc' dir='ltr'><em>ποδῶν</em></span> <span class='ocrx_word' id='word_1_181' title='bbox 1218 2313 1425 2378; x_wconf 84' lang='grc' dir='ltr'><em>αὐτοῦ,</em></span> <span class='ocrx_word' id='word_1_182' title='bbox 1474 2315 1738 2381; x_wconf 81' lang='grc' dir='ltr'><em>πρόϐατα</em></span> <span class='ocrx_word' id='word_1_183' title='bbox 1785 2312 1885 2366; x_wconf 78' lang='grc' dir='ltr'><em>καὶ</em></span> 
     </span>
    </p>
   </div>
   <div class='ocr_carea' id='block_1_25' title="bbox 2007 568 3596 642">
    <p class='ocr_par' dir='ltr' id='par_1_25' title="bbox 2007 568 3596 642">
     <span class='ocr_line' id='line_1_25' title="bbox 2007 568 3596 642; baseline 0.013 -23"><span class='ocrx_word' id='word_1_184' title='bbox 2007 568 2275 635; x_wconf 74' lang='lat' dir='ltr'><strong>pendebat</strong></span> <span class='ocrx_word' id='word_1_185' title='bbox 2307 583 2493 632; x_wconf 89' lang='lat' dir='ltr'><strong>manu,</strong></span> <span class='ocrx_word' id='word_1_186' title='bbox 2534 568 2950 642; x_wconf 76' lang='lat' dir='ltr'><strong>sulijungilque:</strong></span> <span class='ocrx_word' id='word_1_187' title='bbox 2985 574 3052 628; x_wconf 88' lang='lat' dir='ltr'><strong>Ut</strong></span> <span class='ocrx_word' id='word_1_188' title='bbox 3090 579 3330 635; x_wconf 83' lang='lat' dir='ltr'><strong>viderunt</strong></span> <span class='ocrx_word' id='word_1_189' title='bbox 3375 585 3596 638; x_wconf 82' lang='lat' dir='ltr'><strong>barba-ri</strong></span> 
     </span>
    </p>
   </div>
   <div class='ocr_carea' id='block_1_26' title="bbox 2001 659 3562 744">
    <p class='ocr_par' dir='ltr' id='par_1_26' title="bbox 2001 659 3562 744">
     <span class='ocr_line' id='line_1_26' title="bbox 2001 659 3562 744; baseline 0.012 -35"><span class='ocrx_word' id='word_1_190' title='bbox 2001 659 2308 724; x_wconf 81' lang='lat' dir='ltr'><strong>pendentem</strong></span> <span class='ocrx_word' id='word_1_191' title='bbox 2337 659 2553 712; x_wconf 75' lang='lat' dir='ltr'><strong>bestiam</strong></span> <span class='ocrx_word' id='word_1_192' title='bbox 2581 661 2648 714; x_wconf 86' lang='grc'><strong>⁷³.</strong></span> <span class='ocrx_word' id='word_1_193' title='bbox 2688 661 2740 714; x_wconf 94' lang='lat' dir='ltr'><strong>In</strong></span> <span class='ocrx_word' id='word_1_194' title='bbox 2772 662 3015 720; x_wconf 89' lang='lat' dir='ltr'><strong>Levitieo</strong></span> <span class='ocrx_word' id='word_1_195' title='bbox 3038 679 3216 725; x_wconf 82' lang='lat' dir='ltr'><strong>autem</strong></span> <span class='ocrx_word' id='word_1_196' title='bbox 3247 675 3368 730; x_wconf 89' lang='lat' dir='ltr'><strong>vide</strong></span> <span class='ocrx_word' id='word_1_197' title='bbox 3394 677 3445 730; x_wconf 90' lang='lat' dir='ltr'><strong>in</strong></span> <span class='ocrx_word' id='word_1_198' title='bbox 3471 679 3562 744; x_wconf 84' lang='lat' dir='ltr'><strong>qui</strong></span> 
     </span>
    </p>
   </div>
   <div class='ocr_carea' id='block_1_27' title="bbox 2003 745 3590 836">
    <p class='ocr_par' dir='ltr' id='par_1_27' title="bbox 2003 745 3590 836">
     <span class='ocr_line' id='line_1_27' title="bbox 2003 745 3590 836; baseline 0.015 -38"><span class='ocrx_word' id='word_1_199' title='bbox 2003 745 2104 800; x_wconf 90' lang='lat' dir='ltr'><strong>bus</strong></span> <span class='ocrx_word' id='word_1_200' title='bbox 2135 748 2324 816; x_wconf 76' lang='lat' dir='ltr'><strong>reptile</strong></span> <span class='ocrx_word' id='word_1_201' title='bbox 2354 751 2674 813; x_wconf 88' lang='lat' dir='ltr'><strong>constituat,</strong></span> <span class='ocrx_word' id='word_1_202' title='bbox 2735 763 2901 821; x_wconf 86' lang='lat' dir='ltr'><strong>utque</strong></span> <span class='ocrx_word' id='word_1_203' title='bbox 2936 756 2990 809; x_wconf 92' lang='lat' dir='ltr'><strong>in</strong></span> <span class='ocrx_word' id='word_1_204' title='bbox 3029 760 3177 813; x_wconf 91' lang='lat' dir='ltr'><strong>nullo</strong></span> <span class='ocrx_word' id='word_1_205' title='bbox 3233 777 3422 818; x_wconf 90' lang='lat' dir='ltr'><strong>eorum</strong></span> <span class='ocrx_word' id='word_1_206' title='bbox 3466 781 3590 836; x_wconf 72' lang='lat' dir='ltr'><strong>quas</strong></span> 
     </span>
    </p>
   </div>
   <div class='ocr_carea' id='block_1_28' title="bbox 2002 839 3591 913">
    <p class='ocr_par' dir='ltr' id='par_1_28' title="bbox 2002 839 3591 913">
     <span class='ocr_line' id='line_1_28' title="bbox 2002 839 3591 913; baseline 0.014 -21"><span class='ocrx_word' id='word_1_207' title='bbox 2002 839 2162 893; x_wconf 89' lang='lat' dir='ltr'><strong>modo</strong></span> <span class='ocrx_word' id='word_1_208' title='bbox 2193 855 2324 894; x_wconf 83' lang='lat' dir='ltr'><strong>usus</strong></span> <span class='ocrx_word' id='word_1_209' title='bbox 2365 843 2674 896; x_wconf 83' lang='lat' dir='ltr'><strong>communis</strong></span> <span class='ocrx_word' id='word_1_210' title='bbox 2709 843 2890 899; x_wconf 89' lang='lat' dir='ltr'><strong>habet.</strong></span> <span class='ocrx_word' id='word_1_211' title='bbox 2933 848 3024 903; x_wconf 84' lang='lat' dir='ltr'><strong>Ait</strong></span> <span class='ocrx_word' id='word_1_212' title='bbox 3051 852 3227 907; x_wconf 91' lang='lat' dir='ltr'><strong>enim:</strong></span> <span class='ocrx_word' id='word_1_213' title='bbox 3265 855 3393 910; x_wconf 75' lang='lat' dir='ltr'><strong>Ha&#39;c</strong></span> <span class='ocrx_word' id='word_1_214' title='bbox 3417 876 3591 913; x_wconf 81' lang='lat' dir='ltr'><strong>come-</strong></span> 
     </span>
    </p>
   </div>
   <div class='ocr_carea' id='block_1_29' title="bbox 2000 928 3591 1017">
    <p class='ocr_par' dir='ltr' id='par_1_29' title="bbox 2000 928 3591 1017">
     <span class='ocr_line' id='line_1_29' title="bbox 2000 928 3591 1017; baseline 0.015 -38"><span class='ocrx_word' id='word_1_215' title='bbox 2000 928 2136 981; x_wconf 87' lang='lat' dir='ltr'><strong>detis</strong></span> <span class='ocrx_word' id='word_1_216' title='bbox 2156 928 2222 982; x_wconf 88' lang='lat' dir='ltr'><strong>de</strong></span> <span class='ocrx_word' id='word_1_217' title='bbox 2254 931 2529 997; x_wconf 87' lang='lat' dir='ltr'><strong>reptilibus</strong></span> <span class='ocrx_word' id='word_1_218' title='bbox 2581 935 2878 990; x_wconf 81' lang='lat' dir='ltr'><strong>uolatilium</strong></span> <span class='ocrx_word' id='word_1_219' title='bbox 2929 957 3046 1010; x_wconf 75' lang='lat' dir='ltr'><strong>qua:</strong></span> <span class='ocrx_word' id='word_1_220' title='bbox 3081 944 3404 1010; x_wconf 88' lang='lat' dir='ltr'><strong>gradiuntur</strong></span> <span class='ocrx_word' id='word_1_221' title='bbox 3431 967 3591 1017; x_wconf 84' lang='lat' dir='ltr'><strong>super</strong></span> 
     </span>
    </p>
   </div>
   <div class='ocr_carea' id='block_1_30' title="bbox 1998 1023 3585 1108">
    <p class='ocr_par' dir='ltr' id='par_1_30' title="bbox 1998 1023 3585 1108">
     <span class='ocr_line' id='line_1_30' title="bbox 1998 1023 3585 1108; baseline 0.014 -36"><span class='ocrx_word' id='word_1_222' title='bbox 1998 1033 2251 1092; x_wconf 78' lang='lat' dir='ltr'><strong>quatuor;</strong></span> <span class='ocrx_word' id='word_1_223' title='bbox 2288 1040 2405 1091; x_wconf 71' lang='lat' dir='ltr'><strong>qua?</strong></span> <span class='ocrx_word' id='word_1_224' title='bbox 2456 1023 2645 1079; x_wconf 83' lang='lat' dir='ltr'><strong>habent</strong></span> <span class='ocrx_word' id='word_1_225' title='bbox 2693 1044 2850 1083; x_wconf 79' lang='lat' dir='ltr'><strong>crura</strong></span> <span class='ocrx_word' id='word_1_226' title='bbox 2902 1032 3144 1102; x_wconf 79' lang='lat' dir='ltr'><strong>longiora</strong></span> <span class='ocrx_word' id='word_1_227' title='bbox 3186 1048 3325 1092; x_wconf 85' lang='lat' dir='ltr'><strong>retro</strong></span> <span class='ocrx_word' id='word_1_228' title='bbox 3365 1044 3585 1108; x_wconf 78' lang='lat' dir='ltr'><strong>pedibus</strong></span> 
     </span>
    </p>
   </div>
   <div class='ocr_carea' id='block_1_31' title="bbox 1998 1113 3588 1189">
    <p class='ocr_par' dir='ltr' id='par_1_31' title="bbox 1998 1113 3588 1189">
     <span class='ocr_line' id='line_1_31' title="bbox 1998 1113 3588 1189; baseline 0.015 -25"><span class='ocrx_word' id='word_1_229' title='bbox 1998 1113 2132 1175; x_wconf 89' lang='lat' dir='ltr'><strong>suis,</strong></span> <span class='ocrx_word' id='word_1_230' title='bbox 2161 1129 2253 1181; x_wconf 88' lang='lat' dir='ltr'><strong>per</strong></span> <span class='ocrx_word' id='word_1_231' title='bbox 2279 1130 2396 1182; x_wconf 75' lang='lat' dir='ltr'><strong>qua:</strong></span> <span class='ocrx_word' id='word_1_232' title='bbox 2419 1116 2612 1170; x_wconf 87' lang='lat' dir='ltr'><strong>saliant</strong></span> <span class='ocrx_word' id='word_1_233' title='bbox 2648 1133 2808 1186; x_wconf 87' lang='lat' dir='ltr'><strong>super</strong></span> <span class='ocrx_word' id='word_1_234' title='bbox 2849 1131 3068 1189; x_wconf 86' lang='lat' dir='ltr'><strong>terram;</strong></span> <span class='ocrx_word' id='word_1_235' title='bbox 3100 1137 3145 1178; x_wconf 85' lang='lat' dir='ltr'><strong>et</strong></span> <span class='ocrx_word' id='word_1_236' title='bbox 3173 1127 3284 1182; x_wconf 69' lang='lat' dir='ltr'><strong>hare</strong></span> <span class='ocrx_word' id='word_1_237' title='bbox 3307 1135 3588 1188; x_wconf 84' lang='lat' dir='ltr'><strong>comedetis</strong></span> 
     </span>
    </p>
   </div>
   <div class='ocr_carea' id='block_1_32' title="bbox 1997 1205 3584 1284">
    <p class='ocr_par' dir='ltr' id='par_1_32' title="bbox 1997 1205 3584 1284">
     <span class='ocr_line' id='line_1_32' title="bbox 1997 1205 3584 1284; baseline 0.014 -28"><span class='ocrx_word' id='word_1_238' title='bbox 1997 1206 2062 1257; x_wconf 86' lang='lat' dir='ltr'><strong>de</strong></span> <span class='ocrx_word' id='word_1_239' title='bbox 2090 1205 2197 1258; x_wconf 88' lang='lat' dir='ltr'><strong>eis:</strong></span> <span class='ocrx_word' id='word_1_240' title='bbox 2239 1207 2516 1271; x_wconf 84' lang='lat' dir='ltr'><strong>bruchum,</strong></span> <span class='ocrx_word' id='word_1_241' title='bbox 2547 1217 2594 1261; x_wconf 89' lang='lat' dir='ltr'><strong>et</strong></span> <span class='ocrx_word' id='word_1_242' title='bbox 2627 1227 2743 1276; x_wconf 72' lang='lat' dir='ltr'><strong>qua:</strong></span> <span class='ocrx_word' id='word_1_243' title='bbox 2770 1223 2894 1267; x_wconf 83' lang='lat' dir='ltr'><strong>sunt</strong></span> <span class='ocrx_word' id='word_1_244' title='bbox 2925 1216 2972 1268; x_wconf 90' lang='lat' dir='ltr'><strong>ei</strong></span> <span class='ocrx_word' id='word_1_245' title='bbox 3019 1219 3239 1284; x_wconf 77' lang='lat' dir='ltr'><strong>similia;</strong></span> <span class='ocrx_word' id='word_1_246' title='bbox 3260 1232 3309 1274; x_wconf 92' lang='lat' dir='ltr'><strong>et</strong></span> <span class='ocrx_word' id='word_1_247' title='bbox 3327 1222 3584 1278; x_wconf 86' lang='lat' dir='ltr'><strong>locustam</strong></span> 
     </span>
    </p>
   </div>
   <div class='ocr_carea' id='block_1_33' title="bbox 1996 1301 3584 1381">
    <p class='ocr_par' dir='ltr' id='par_1_33' title="bbox 1996 1301 3584 1381">
     <span class='ocr_line' id='line_1_33' title="bbox 1996 1301 3584 1381; baseline 0.014 -34"><span class='ocrx_word' id='word_1_248' title='bbox 1996 1306 2044 1348; x_wconf 90' lang='lat' dir='ltr'><strong>et</strong></span> <span class='ocrx_word' id='word_1_249' title='bbox 2075 1313 2194 1365; x_wconf 77' lang='lat' dir='ltr'><strong>qua:</strong></span> <span class='ocrx_word' id='word_1_250' title='bbox 2227 1308 2348 1350; x_wconf 88' lang='lat' dir='ltr'><strong>sunt</strong></span> <span class='ocrx_word' id='word_1_251' title='bbox 2373 1301 2419 1351; x_wconf 90' lang='lat' dir='ltr'><strong>ei</strong></span> <span class='ocrx_word' id='word_1_252' title='bbox 2480 1302 2693 1364; x_wconf 81' lang='lat' dir='ltr'><strong>similia;</strong></span> <span class='ocrx_word' id='word_1_253' title='bbox 2761 1313 2809 1357; x_wconf 89' lang='lat' dir='ltr'><strong>et</strong></span> <span class='ocrx_word' id='word_1_254' title='bbox 2840 1315 3096 1372; x_wconf 84' lang='lat' dir='ltr'><strong>attucum,</strong></span> <span class='ocrx_word' id='word_1_255' title='bbox 3148 1320 3196 1363; x_wconf 89' lang='lat' dir='ltr'><strong>et</strong></span> <span class='ocrx_word' id='word_1_256' title='bbox 3243 1329 3359 1381; x_wconf 77' lang='lat' dir='ltr'><strong>qum</strong></span> <span class='ocrx_word' id='word_1_257' title='bbox 3389 1326 3510 1367; x_wconf 86' lang='lat' dir='ltr'><strong>sunt</strong></span> <span class='ocrx_word' id='word_1_258' title='bbox 3534 1319 3584 1369; x_wconf 87' lang='lat' dir='ltr'><strong>ei</strong></span> 
     </span>
    </p>
   </div>
   <div class='ocr_carea' id='block_1_34' title="bbox 1995 1388 3582 1470">
    <p class='ocr_par' dir='ltr' id='par_1_34' title="bbox 1995 1388 3582 1470">
     <span class='ocr_line' id='line_1_34' title="bbox 1995 1388 3582 1470; baseline 0.013 -30"><span class='ocrx_word' id='word_1_259' title='bbox 1995 1388 2217 1450; x_wconf 84' lang='lat' dir='ltr'><strong>similia;</strong></span> <span class='ocrx_word' id='word_1_260' title='bbox 2264 1400 2311 1442; x_wconf 92' lang='lat' dir='ltr'><strong>et</strong></span> <span class='ocrx_word' id='word_1_261' title='bbox 2358 1391 2786 1462; x_wconf 79' lang='lat' dir='ltr'><strong>apliimnachum,</strong></span> <span class='ocrx_word' id='word_1_262' title='bbox 2817 1407 2867 1449; x_wconf 89' lang='lat' dir='ltr'><strong>et</strong></span> <span class='ocrx_word' id='word_1_263' title='bbox 2909 1415 3026 1467; x_wconf 79' lang='lat' dir='ltr'><strong>qua:</strong></span> <span class='ocrx_word' id='word_1_264' title='bbox 3058 1411 3180 1454; x_wconf 86' lang='lat' dir='ltr'><strong>sunt</strong></span> <span class='ocrx_word' id='word_1_265' title='bbox 3207 1404 3251 1455; x_wconf 90' lang='lat' dir='ltr'><strong>ei</strong></span> <span class='ocrx_word' id='word_1_266' title='bbox 3293 1405 3509 1470; x_wconf 77' lang='lat' dir='ltr'><strong>similia;</strong></span> <span class='ocrx_word' id='word_1_267' title='bbox 3534 1418 3582 1460; x_wconf 84' lang='lat' dir='ltr'><strong>et</strong></span> 
     </span>
    </p>
   </div>
   <div class='ocr_carea' id='block_1_35' title="bbox 1996 1481 3580 1564">
    <p class='ocr_par' dir='ltr' id='par_1_35' title="bbox 1996 1481 3580 1564">
     <span class='ocr_line' id='line_1_35' title="bbox 1996 1481 3580 1564; baseline 0.011 -32"><span class='ocrx_word' id='word_1_268' title='bbox 1996 1495 2147 1533; x_wconf 83' lang='lat' dir='ltr'><strong>omne</strong></span> <span class='ocrx_word' id='word_1_269' title='bbox 2172 1481 2354 1549; x_wconf 86' lang='lat' dir='ltr'><strong>reptile</strong></span> <span class='ocrx_word' id='word_1_270' title='bbox 2375 1484 2439 1535; x_wconf 86' lang='lat' dir='ltr'><strong>de</strong></span> <span class='ocrx_word' id='word_1_271' title='bbox 2466 1482 2785 1550; x_wconf 73' lang='lat' dir='ltr'><strong>volatilibus,</strong></span> <span class='ocrx_word' id='word_1_272' title='bbox 2805 1489 2991 1556; x_wconf 87' lang='lat' dir='ltr'><strong>quibus</strong></span> <span class='ocrx_word' id='word_1_273' title='bbox 3021 1503 3140 1544; x_wconf 87' lang='lat' dir='ltr'><strong>sunt</strong></span> <span class='ocrx_word' id='word_1_274' title='bbox 3157 1504 3384 1561; x_wconf 77' lang='lat' dir='ltr'><strong>quatuor</strong></span> <span class='ocrx_word' id='word_1_275' title='bbox 3402 1499 3580 1564; x_wconf 80' lang='lat' dir='ltr'><strong>pedes,</strong></span> 
     </span>
    </p>
   </div>
   <div class='ocr_carea' id='block_1_36' title="bbox 1994 1573 3583 1659">
    <p class='ocr_par' dir='ltr' id='par_1_36' title="bbox 1994 1573 3583 1659">
     <span class='ocr_line' id='line_1_36' title="bbox 1994 1573 3583 1659; baseline 0.013 -35"><span class='ocrx_word' id='word_1_276' title='bbox 1994 1573 2318 1626; x_wconf 84' lang='lat' dir='ltr'><strong>abominatio</strong></span> <span class='ocrx_word' id='word_1_277' title='bbox 2336 1587 2409 1628; x_wconf 89' lang='lat' dir='ltr'><strong>est</strong></span> <span class='ocrx_word' id='word_1_278' title='bbox 2427 1577 2593 1642; x_wconf 82' lang='lat' dir='ltr'><strong>vobis,</strong></span> <span class='ocrx_word' id='word_1_279' title='bbox 2618 1588 2666 1631; x_wconf 86' lang='lat' dir='ltr'><strong>et</strong></span> <span class='ocrx_word' id='word_1_280' title='bbox 2682 1579 2992 1646; x_wconf 84' lang='lat' dir='ltr'><strong>polluemini</strong></span> <span class='ocrx_word' id='word_1_281' title='bbox 3018 1583 3071 1636; x_wconf 89' lang='lat' dir='ltr'><strong>in</strong></span> <span class='ocrx_word' id='word_1_282' title='bbox 3102 1586 3174 1638; x_wconf 86' lang='lat' dir='ltr'><strong>eis</strong></span> <span class='ocrx_word' id='word_1_283' title='bbox 3188 1586 3389 1642; x_wconf 72' lang='lat' dir='ltr'><strong>“.Nnn</strong></span> <span class='ocrx_word' id='word_1_284' title='bbox 3421 1591 3583 1659; x_wconf 79' lang='lat' dir='ltr'><strong>igitur</strong></span> 
     </span>
    </p>
   </div>
   <div class='ocr_carea' id='block_1_37' title="bbox 1996 1667 3581 1748">
    <p class='ocr_par' dir='ltr' id='par_1_37' title="bbox 1996 1667 3581 1748">
     <span class='ocr_line' id='line_1_37' title="bbox 1996 1667 3581 1748; baseline 0.013 -29"><span class='ocrx_word' id='word_1_285' title='bbox 1996 1667 2158 1719; x_wconf 87' lang='lat' dir='ltr'><strong>homo</strong></span> <span class='ocrx_word' id='word_1_286' title='bbox 2205 1667 2570 1735; x_wconf 86' lang='lat' dir='ltr'><strong>principatum</strong></span> <span class='ocrx_word' id='word_1_287' title='bbox 2614 1671 2774 1725; x_wconf 83' lang='lat' dir='ltr'><strong>habet</strong></span> <span class='ocrx_word' id='word_1_288' title='bbox 2820 1684 3065 1729; x_wconf 90' lang='lat' dir='ltr'><strong>cetorum</strong></span> <span class='ocrx_word' id='word_1_289' title='bbox 3120 1693 3460 1748; x_wconf 81' lang='lat' dir='ltr'><strong>magnorum,</strong></span> <span class='ocrx_word' id='word_1_290' title='bbox 3521 1695 3581 1740; x_wconf 87' lang='lat' dir='ltr'><strong>et</strong></span> 
     </span>
    </p>
   </div>
   <div class='ocr_carea' id='block_1_38' title="bbox 1995 1758 3580 1844">
    <p class='ocr_par' dir='ltr' id='par_1_38' title="bbox 1995 1758 3580 1844">
     <span class='ocr_line' id='line_1_38' title="bbox 1995 1758 3580 1844; baseline 0.013 -33"><span class='ocrx_word' id='word_1_291' title='bbox 1995 1758 2315 1822; x_wconf 84' lang='lat' dir='ltr'><strong>bestiarum,</strong></span> <span class='ocrx_word' id='word_1_292' title='bbox 2365 1773 2486 1828; x_wconf 70' lang='lat' dir='ltr'><strong>qua:</strong></span> <span class='ocrx_word' id='word_1_293' title='bbox 2516 1776 2613 1814; x_wconf 88' lang='lat' dir='ltr'><strong>nec</strong></span> <span class='ocrx_word' id='word_1_294' title='bbox 2656 1762 2771 1830; x_wconf 88' lang='lat' dir='ltr'><strong>ipsa</strong></span> <span class='ocrx_word' id='word_1_295' title='bbox 2826 1761 2969 1820; x_wconf 77' lang='lat' dir='ltr'><strong>forte</strong></span> <span class='ocrx_word' id='word_1_296' title='bbox 2995 1781 3022 1817; x_wconf 86' lang='lat' dir='ltr'><strong>a</strong></span> <span class='ocrx_word' id='word_1_297' title='bbox 3057 1769 3326 1839; x_wconf 88' lang='lat' dir='ltr'><strong>principio</strong></span> <span class='ocrx_word' id='word_1_298' title='bbox 3381 1774 3432 1827; x_wconf 89' lang='lat' dir='ltr'><strong>in</strong></span> <span class='ocrx_word' id='word_1_299' title='bbox 3460 1775 3580 1844; x_wconf 85' lang='lat' dir='ltr'><strong>ejus</strong></span> 
     </span>
    </p>
   </div>
   <div class='ocr_carea' id='block_1_39' title="bbox 1997 1849 3582 1929">
    <p class='ocr_par' dir='ltr' id='par_1_39' title="bbox 1997 1849 3582 1929">
     <span class='ocr_line' id='line_1_39' title="bbox 1997 1849 3582 1929; baseline 0.016 -29"><span class='ocrx_word' id='word_1_300' title='bbox 1997 1849 2228 1919; x_wconf 70' lang='lat' dir='ltr'><strong>gratiam</strong></span> <span class='ocrx_word' id='word_1_301' title='bbox 2263 1861 2442 1903; x_wconf 86' lang='lat' dir='ltr'><strong>creata</strong></span> <span class='ocrx_word' id='word_1_302' title='bbox 2476 1861 2624 1906; x_wconf 89' lang='lat' dir='ltr'><strong>sunt.</strong></span> <span class='ocrx_word' id='word_1_303' title='bbox 2659 1854 3041 1911; x_wconf 84' lang='lat' dir='ltr'><strong>Consentanee</strong></span> <span class='ocrx_word' id='word_1_304' title='bbox 3079 1860 3163 1912; x_wconf 86' lang='lat' dir='ltr'><strong>his</strong></span> <span class='ocrx_word' id='word_1_305' title='bbox 3189 1875 3313 1929; x_wconf 70' lang='lat' dir='ltr'><strong>quae</strong></span> <span class='ocrx_word' id='word_1_306' title='bbox 3341 1864 3582 1926; x_wconf 73' lang='lat' dir='ltr'><strong>hominis</strong></span> 
     </span>
    </p>
   </div>
   <div class='ocr_carea' id='block_1_40' title="bbox 1984 1935 3580 2019">
    <p class='ocr_par' dir='ltr' id='par_1_40' title="bbox 1984 1935 3580 2019">
     <span class='ocr_line' id='line_1_40' title="bbox 1984 1935 3580 2019; baseline 0.014 -35"><span class='ocrx_word' id='word_1_307' title='bbox 1984 1939 2240 2001; x_wconf 77' lang='lat' dir='ltr'><strong>potestati</strong></span> <span class='ocrx_word' id='word_1_308' title='bbox 2266 1935 2572 2007; x_wconf 84' lang='lat' dir='ltr'><strong>mancipata</strong></span> <span class='ocrx_word' id='word_1_309' title='bbox 2598 1938 2686 1991; x_wconf 79' lang='lat' dir='ltr'><strong>hic</strong></span> <span class='ocrx_word' id='word_1_310' title='bbox 2710 1941 3044 2006; x_wconf 87' lang='lat' dir='ltr'><strong>scribuntur,</strong></span> <span class='ocrx_word' id='word_1_311' title='bbox 3071 1944 3272 2000; x_wconf 86' lang='lat' dir='ltr'><strong>dicitur</strong></span> <span class='ocrx_word' id='word_1_312' title='bbox 3289 1947 3342 2001; x_wconf 86' lang='lat' dir='ltr'><strong>in</strong></span> <span class='ocrx_word' id='word_1_313' title='bbox 3365 1945 3580 2019; x_wconf 79' lang='lat' dir='ltr'><strong>psalmo</strong></span> 
     </span>
    </p>
   </div>
   <div class='ocr_carea' id='block_1_41' title="bbox 1983 2022 3577 2104">
    <p class='ocr_par' dir='ltr' id='par_1_41' title="bbox 1983 2022 3577 2104">
     <span class='ocr_line' id='line_1_41' title="bbox 1983 2022 3577 2104; baseline 0.014 -30"><span class='ocrx_word' id='word_1_314' title='bbox 1983 2029 2176 2076; x_wconf 86' lang='lat' dir='ltr'><strong>octavo</strong></span> <span class='ocrx_word' id='word_1_315' title='bbox 2199 2036 2214 2075; x_wconf 89' lang='lat'><strong>:</strong></span> <span class='ocrx_word' id='word_1_316' title='bbox 2237 2022 2430 2079; x_wconf 84' lang='lat' dir='ltr'><strong>Omnia</strong></span> <span class='ocrx_word' id='word_1_317' title='bbox 2471 2026 2741 2095; x_wconf 83' lang='lat' dir='ltr'><strong>subjecisti</strong></span> <span class='ocrx_word' id='word_1_318' title='bbox 2775 2031 2867 2084; x_wconf 85' lang='lat' dir='ltr'><strong>sub</strong></span> <span class='ocrx_word' id='word_1_319' title='bbox 2913 2034 3127 2099; x_wconf 82' lang='lat' dir='ltr'><strong>pedibus</strong></span> <span class='ocrx_word' id='word_1_320' title='bbox 3167 2037 3282 2104; x_wconf 88' lang='lat' dir='ltr'><strong>ejus</strong></span> <span class='ocrx_word' id='word_1_321' title='bbox 3322 2055 3340 2092; x_wconf 92' lang='lat'><strong><em>:</em></strong></span> <span class='ocrx_word' id='word_1_322' title='bbox 3371 2055 3488 2094; x_wconf 77' lang='lat' dir='ltr'><strong>oues</strong></span> <span class='ocrx_word' id='word_1_323' title='bbox 3527 2053 3577 2096; x_wconf 87' lang='lat' dir='ltr'><strong>et</strong></span> 
     </span>
    </p>
   </div>
   <div class='ocr_carea' id='block_1_42' title="bbox 1982 2112 3574 2198">
    <p class='ocr_par' dir='ltr' id='par_1_42' title="bbox 1982 2112 3574 2198">
     <span class='ocr_line' id='line_1_42' title="bbox 1982 2112 3574 2198; baseline 0.014 -32"><span class='ocrx_word' id='word_1_324' title='bbox 1982 2112 2131 2168; x_wconf 84' lang='lat' dir='ltr'><strong>boves</strong></span> <span class='ocrx_word' id='word_1_325' title='bbox 2159 2117 2450 2181; x_wconf 88' lang='lat' dir='ltr'><strong>universas,</strong></span> <span class='ocrx_word' id='word_1_326' title='bbox 2471 2120 2684 2190; x_wconf 84' lang='lat' dir='ltr'><strong>insuper</strong></span> <span class='ocrx_word' id='word_1_327' title='bbox 2700 2131 2749 2174; x_wconf 87' lang='lat' dir='ltr'><strong>et</strong></span> <span class='ocrx_word' id='word_1_328' title='bbox 2769 2139 2957 2190; x_wconf 88' lang='lat' dir='ltr'><strong>pecora</strong></span> <span class='ocrx_word' id='word_1_329' title='bbox 2981 2130 3157 2198; x_wconf 85' lang='lat' dir='ltr'><strong>campi</strong></span> <span class='ocrx_word' id='word_1_330' title='bbox 3173 2148 3192 2193; x_wconf 91' lang='lat'><em>;</em></span> <span class='ocrx_word' id='word_1_331' title='bbox 3207 2131 3438 2186; x_wconf 82' lang='lat' dir='ltr'><strong>volucres</strong></span> <span class='ocrx_word' id='word_1_332' title='bbox 3459 2136 3574 2188; x_wconf 43' lang='lat' dir='ltr'><strong>caeli</strong></span> 
     </span>
    </p>
   </div>
   <div class='ocr_carea' id='block_1_43' title="bbox 1981 2207 3570 2282">
    <p class='ocr_par' dir='ltr' id='par_1_43' title="bbox 1981 2207 3570 2282">
     <span class='ocr_line' id='line_1_43' title="bbox 1981 2207 3570 2282; baseline 0.014 -24"><span class='ocrx_word' id='word_1_333' title='bbox 1981 2213 2030 2258; x_wconf 87' lang='lat' dir='ltr'><strong>et</strong></span> <span class='ocrx_word' id='word_1_334' title='bbox 2068 2207 2232 2275; x_wconf 83' lang='lat' dir='ltr'><strong>pisces</strong></span> <span class='ocrx_word' id='word_1_335' title='bbox 2271 2211 2471 2274; x_wconf 85' lang='lat' dir='ltr'><strong>maris,</strong></span> <span class='ocrx_word' id='word_1_336' title='bbox 2503 2215 2593 2281; x_wconf 80' lang='lat' dir='ltr'><strong>qui</strong></span> <span class='ocrx_word' id='word_1_337' title='bbox 2637 2216 3004 2281; x_wconf 86' lang='lat' dir='ltr'><strong>perambulant</strong></span> <span class='ocrx_word' id='word_1_338' title='bbox 3050 2222 3266 2275; x_wconf 86' lang='lat' dir='ltr'><strong>semitas</strong></span> <span class='ocrx_word' id='word_1_339' title='bbox 3305 2227 3470 2281; x_wconf 86' lang='lat' dir='ltr'><strong>maris</strong></span> <span class='ocrx_word' id='word_1_340' title='bbox 3499 2229 3570 2282; x_wconf 81' lang='grc'><strong>⁷⁵.</strong></span> 
     </span>
    </p>
   </div>
   <div class='ocr_carea' id='block_1_44' title="bbox 1982 2296 3292 2371">
    <p class='ocr_par' dir='ltr' id='par_1_44' title="bbox 1982 2296 3292 2371">
     <span class='ocr_line' id='line_1_44' title="bbox 1982 2296 3292 2371; baseline 0.015 -22"><span class='ocrx_word' id='word_1_341' title='bbox 1982 2296 2115 2351; x_wconf 87' lang='lat' dir='ltr'><strong>Nam</strong></span> <span class='ocrx_word' id='word_1_342' title='bbox 2146 2299 2232 2353; x_wconf 91' lang='lat' dir='ltr'><strong>ille</strong></span> <span class='ocrx_word' id='word_1_343' title='bbox 2261 2317 2479 2371; x_wconf 87' lang='lat' dir='ltr'><strong>quoque</strong></span> <span class='ocrx_word' id='word_1_344' title='bbox 2509 2304 2576 2357; x_wconf 89' lang='lat' dir='ltr'><strong>de</strong></span> <span class='ocrx_word' id='word_1_345' title='bbox 2609 2306 2744 2359; x_wconf 90' lang='lat' dir='ltr'><strong>cetis</strong></span> <span class='ocrx_word' id='word_1_346' title='bbox 2773 2322 2835 2360; x_wconf 89' lang='lat' dir='ltr'><strong>ae</strong></span> <span class='ocrx_word' id='word_1_347' title='bbox 2867 2309 3054 2366; x_wconf 89' lang='lat' dir='ltr'><strong>bestiis</strong></span> <span class='ocrx_word' id='word_1_348' title='bbox 3083 2312 3292 2370; x_wconf 90' lang='lat' dir='ltr'><strong>siletur.</strong></span> 
     </span>
    </p>
   </div>
   <div class='ocr_carea' id='block_1_45' title="bbox 291 2390 3577 2471">
    <p class='ocr_par' dir='ltr' id='par_1_45' title="bbox 291 2390 3577 2471">
     <span class='ocr_line' id='line_1_45' title="bbox 291 2390 3577 2471; baseline 0.001 -23"><span class='ocrx_word' id='word_1_349' title='bbox 291 2396 445 2462; x_wconf 81' lang='grc' dir='ltr'><em>βόας</em></span> <span class='ocrx_word' id='word_1_350' title='bbox 472 2398 734 2466; x_wconf 80' lang='grc' dir='ltr'><em>ἁπάσας,</em></span> <span class='ocrx_word' id='word_1_351' title='bbox 769 2401 856 2454; x_wconf 73' lang='grc' dir='ltr'><em>ἔτι</em></span> <span class='ocrx_word' id='word_1_352' title='bbox 897 2402 966 2454; x_wconf 88' lang='grc' dir='ltr'><em>δὲ</em></span> <span class='ocrx_word' id='word_1_353' title='bbox 1015 2403 1112 2456; x_wconf 77' lang='grc' dir='ltr'><em>καὶ</em></span> <span class='ocrx_word' id='word_1_354' title='bbox 1143 2404 1217 2457; x_wconf 85' lang='grc' dir='ltr'><em>τὰ</em></span> <span class='ocrx_word' id='word_1_355' title='bbox 1250 2402 1441 2471; x_wconf 79' lang='grc' dir='ltr'><em>κτήνη</em></span> <span class='ocrx_word' id='word_1_356' title='bbox 1483 2402 1592 2457; x_wconf 87' lang='grc' dir='ltr'><em>τοῦ</em></span> <span class='ocrx_word' id='word_1_357' title='bbox 1635 2401 1877 2455; x_wconf 59' lang='grc' dir='ltr'><em>πεδίον</em></span> <span class='ocrx_word' id='word_1_358' title='bbox 1918 2395 1995 2450; x_wconf 80' lang='grc' dir='ltr'><em>τὰ</em></span> <span class='ocrx_word' id='word_1_359' title='bbox 2043 2390 2284 2445; x_wconf 80' lang='grc' dir='ltr'><em>πετεινὰ</em></span> <span class='ocrx_word' id='word_1_360' title='bbox 2317 2390 2424 2444; x_wconf 84' lang='grc' dir='ltr'><em>τοῦ</em></span> <span class='ocrx_word' id='word_1_361' title='bbox 2476 2391 2739 2458; x_wconf 78' lang='grc' dir='ltr'><em>ούρανοῦ</em></span> <span class='ocrx_word' id='word_1_362' title='bbox 2769 2391 2866 2446; x_wconf 73' lang='grc' dir='ltr'><em>καὶ</em></span> <span class='ocrx_word' id='word_1_363' title='bbox 2900 2394 3044 2460; x_wconf 86' lang='grc' dir='ltr'><em>τοὺς</em></span> <span class='ocrx_word' id='word_1_364' title='bbox 3083 2398 3295 2465; x_wconf 76' lang='grc' dir='ltr'><em>ἰχθύας</em></span> <span class='ocrx_word' id='word_1_365' title='bbox 3322 2398 3434 2466; x_wconf 83' lang='grc' dir='ltr'><em>τῆς</em></span> <span class='ocrx_word' id='word_1_366' title='bbox 3471 2404 3577 2455; x_wconf 88' lang='grc' dir='ltr'><strong>θα-</strong></span> 
     </span>
    </p>
   </div>
   <div class='ocr_carea' id='block_1_46' title="bbox 290 2485 3576 2566">
    <p class='ocr_par' dir='ltr' id='par_1_46' title="bbox 290 2485 3576 2566">
     <span class='ocr_line' id='line_1_46' title="bbox 290 2485 3576 2566; baseline 0.001 -24"><span class='ocrx_word' id='word_1_367' title='bbox 290 2490 535 2560; x_wconf 81' lang='grc' dir='ltr'><em>λάσσης</em></span> <span class='ocrx_word' id='word_1_368' title='bbox 557 2532 572 2556; x_wconf 92' lang='grc'><strong>,</strong></span> <span class='ocrx_word' id='word_1_369' title='bbox 617 2493 692 2546; x_wconf 84' lang='grc' dir='ltr'><em>τὰ</em></span> <span class='ocrx_word' id='word_1_370' title='bbox 738 2495 1206 2565; x_wconf 81' lang='grc' dir='ltr'><em>διαπορευόμενα</em></span> <span class='ocrx_word' id='word_1_371' title='bbox 1257 2499 1495 2566; x_wconf 78' lang='grc' dir='ltr'><em>τρίϐους</em></span> <span class='ocrx_word' id='word_1_372' title='bbox 1535 2495 1884 2553; x_wconf 75' lang='grc' dir='ltr'><em>θαλασσῶν.</em></span> <span class='ocrx_word' id='word_1_373' title='bbox 1923 2487 2215 2544; x_wconf 79' lang='grc' dir='ltr'><em>Κάνταῦθα</em></span> <span class='ocrx_word' id='word_1_374' title='bbox 2263 2487 2373 2556; x_wconf 79' lang='grc' dir='ltr'><strong>γάρ</strong></span> <span class='ocrx_word' id='word_1_375' title='bbox 2429 2485 2498 2538; x_wconf 81' lang='grc' dir='ltr'><em>τὰ</em></span> <span class='ocrx_word' id='word_1_376' title='bbox 2541 2487 2680 2557; x_wconf 84' lang='grc' dir='ltr'><strong>κήτη</strong></span> <span class='ocrx_word' id='word_1_377' title='bbox 2735 2485 2830 2538; x_wconf 79' lang='grc' dir='ltr'><strong>καὶ</strong></span> <span class='ocrx_word' id='word_1_378' title='bbox 2881 2486 2950 2538; x_wconf 83' lang='grc' dir='ltr'><em>τὰ</em></span> <span class='ocrx_word' id='word_1_379' title='bbox 2999 2487 3164 2558; x_wconf 82' lang='grc' dir='ltr'><em>θηρία</em></span> <span class='ocrx_word' id='word_1_380' title='bbox 3216 2489 3576 2560; x_wconf 83' lang='grc' dir='ltr'><em>σεσιώπηται.</em></span> 
     </span>
    </p>
   </div>
   <div class='ocr_carea' id='block_1_47' title="bbox 363 2588 1880 2662">
    <p class='ocr_par' dir='ltr' id='par_1_47' title="bbox 363 2588 1880 2662">
     <span class='ocr_line' id='line_1_47' title="bbox 363 2588 1880 2662; baseline 0.003 -22"><span class='ocrx_word' id='word_1_381' title='bbox 363 2588 470 2641; x_wconf 80' lang='lat' dir='ltr'><strong>Kal</strong></span> <span class='ocrx_word' id='word_1_382' title='bbox 502 2591 908 2644; x_wconf 75' lang='grc' dir='ltr'><em>συνετέλεσεν</em></span> <span class='ocrx_word' id='word_1_383' title='bbox 936 2595 969 2646; x_wconf 81' lang='grc' dir='ltr'><em>ὁ</em></span> <span class='ocrx_word' id='word_1_384' title='bbox 1002 2593 1147 2659; x_wconf 82' lang='grc' dir='ltr'><em>Θεὸς</em></span> <span class='ocrx_word' id='word_1_385' title='bbox 1183 2594 1253 2646; x_wconf 84' lang='grc' dir='ltr'><em>ὲν</em></span> <span class='ocrx_word' id='word_1_386' title='bbox 1282 2592 1358 2662; x_wconf 77' lang='grc' dir='ltr'><strong>τῇ</strong></span> <span class='ocrx_word' id='word_1_387' title='bbox 1387 2593 1578 2662; x_wconf 77' lang='grc' dir='ltr'><em>ἡμέρᾳ</em></span> <span class='ocrx_word' id='word_1_388' title='bbox 1622 2591 1699 2660; x_wconf 73' lang='grc' dir='ltr'><em>τῇ</em></span> <span class='ocrx_word' id='word_1_389' title='bbox 1738 2591 1880 2658; x_wconf 79' lang='grc' dir='ltr'><em>ἕκτῃ</em></span> 
     </span>
    </p>
   </div>
   <div class='ocr_carea' id='block_1_48' title="bbox 2063 2578 3578 2655">
    <p class='ocr_par' dir='ltr' id='par_1_48' title="bbox 2063 2578 3578 2655">
     <span class='ocr_line' id='line_1_48' title="bbox 2063 2578 3578 2655; baseline 0.004 -22"><span class='ocrx_word' id='word_1_390' title='bbox 2063 2578 2124 2633; x_wconf 84' lang='lat' dir='ltr'><strong>Et</strong></span> <span class='ocrx_word' id='word_1_391' title='bbox 2155 2583 2535 2635; x_wconf 78' lang='lat' dir='ltr'><strong>consummauit</strong></span> <span class='ocrx_word' id='word_1_392' title='bbox 2563 2581 2702 2633; x_wconf 87' lang='lat' dir='ltr'><strong>Deus</strong></span> <span class='ocrx_word' id='word_1_393' title='bbox 2742 2581 2796 2632; x_wconf 83' lang='lat' dir='ltr'><strong>in</strong></span> <span class='ocrx_word' id='word_1_394' title='bbox 2825 2581 2910 2634; x_wconf 86' lang='lat' dir='ltr'><strong>die</strong></span> <span class='ocrx_word' id='word_1_395' title='bbox 2931 2591 3076 2634; x_wconf 73' lang='lat' dir='ltr'><strong>sexto</strong></span> <span class='ocrx_word' id='word_1_396' title='bbox 3112 2599 3269 2649; x_wconf 85' lang='lat' dir='ltr'><strong>opera</strong></span> <span class='ocrx_word' id='word_1_397' title='bbox 3319 2602 3415 2637; x_wconf 89' lang='lat' dir='ltr'><strong>sua</strong></span> <span class='ocrx_word' id='word_1_398' title='bbox 3458 2603 3578 2655; x_wconf 68' lang='lat' dir='ltr'><strong>qua:</strong></span> 
     </span>
    </p>
   </div>
   <div class='ocr_carea' id='block_1_49' title="bbox 291 2671 1883 2756">
    <p class='ocr_par' dir='ltr' id='par_1_49' title="bbox 291 2680 1883 2756">
     <span class='ocr_line' id='line_1_49' title="bbox 291 2680 1883 2756; baseline 0.003 -24"><span class='ocrx_word' id='word_1_399' title='bbox 291 2680 363 2734; x_wconf 79' lang='grc' dir='ltr'><em>τὰ</em></span> <span class='ocrx_word' id='word_1_400' title='bbox 391 2680 532 2750; x_wconf 72' lang='grc' dir='ltr'><em>ἔργα</em></span> <span class='ocrx_word' id='word_1_401' title='bbox 563 2681 754 2734; x_wconf 83' lang='grc' dir='ltr'><em>αὐτοῦ</em></span> <span class='ocrx_word' id='word_1_402' title='bbox 788 2680 825 2734; x_wconf 82' lang='lat' dir='ltr'><strong>d</strong></span> <span class='ocrx_word' id='word_1_403' title='bbox 855 2683 1316 2756; x_wconf 82' lang='grc' dir='ltr'><em>ἐποίησεν.Ἥδη</em></span> <span class='ocrx_word' id='word_1_404' title='bbox 1361 2685 1506 2747; x_wconf 82' lang='grc' dir='ltr'><em>τινὲς</em></span> <span class='ocrx_word' id='word_1_405' title='bbox 1534 2683 1644 2754; x_wconf 72' lang='grc'><strong>(55)</strong></span> <span class='ocrx_word' id='word_1_406' title='bbox 1681 2682 1883 2736; x_wconf 80' lang='grc' dir='ltr'><em>ἄτοπον</em></span> 
     </span>
    </p>
   </div>
   <div class='ocr_carea' id='block_1_50' title="bbox 1988 2671 3575 2756">
    <p class='ocr_par' dir='ltr' id='par_1_50' title="bbox 1988 2671 3575 2745">
     <span class='ocr_line' id='line_1_50' title="bbox 1988 2671 3575 2745; baseline 0.001 -16"><span class='ocrx_word' id='word_1_407' title='bbox 1988 2677 2110 2745; x_wconf 84' lang='lat' dir='ltr'><strong>fecit</strong></span> <span class='ocrx_word' id='word_1_408' title='bbox 2145 2675 2212 2728; x_wconf 80' lang='grc'><strong>⁷⁸,</strong></span> <span class='ocrx_word' id='word_1_409' title='bbox 2242 2673 2422 2743; x_wconf 82' lang='lat' dir='ltr'><strong>Aliqui</strong></span> <span class='ocrx_word' id='word_1_410' title='bbox 2451 2673 2563 2740; x_wconf 89' lang='lat' dir='ltr'><strong>jam</strong></span> <span class='ocrx_word' id='word_1_411' title='bbox 2617 2671 2914 2726; x_wconf 86' lang='lat' dir='ltr'><strong>absurdum</strong></span> <span class='ocrx_word' id='word_1_412' title='bbox 2968 2674 3349 2730; x_wconf 78' lang='lat' dir='ltr'><strong>existimantes</strong></span> <span class='ocrx_word' id='word_1_413' title='bbox 3405 2677 3575 2730; x_wconf 89' lang='lat' dir='ltr'><strong>Deum</strong></span> 
     </span>
    </p>
   </div>
   <div class='ocr_carea' id='block_1_51' title="bbox 292 2765 1883 2846">
    <p class='ocr_par' dir='ltr' id='par_1_51' title="bbox 292 2772 1883 2846">
     <span class='ocr_line' id='line_1_51' title="bbox 292 2772 1883 2846; baseline -0.001 -19"><span class='ocrx_word' id='word_1_414' title='bbox 292 2772 767 2843; x_wconf 79' lang='grc' dir='ltr'><em>ὑπολαμϐάνοντες</em></span> <span class='ocrx_word' id='word_1_415' title='bbox 793 2773 884 2826; x_wconf 76' lang='grc' dir='ltr'><em>τὸν</em></span> <span class='ocrx_word' id='word_1_416' title='bbox 932 2773 1065 2827; x_wconf 84' lang='grc' dir='ltr'><em>Θεὸν</em></span> <span class='ocrx_word' id='word_1_417' title='bbox 1103 2775 1258 2845; x_wconf 84' lang='grc' dir='ltr'><em>δίκην</em></span> <span class='ocrx_word' id='word_1_418' title='bbox 1298 2776 1580 2846; x_wconf 79' lang='grc' dir='ltr'><em>οἰκοδόμου</em></span> <span class='ocrx_word' id='word_1_419' title='bbox 1619 2773 1695 2845; x_wconf 80' lang='grc' dir='ltr'><em>μὴ</em></span> <span class='ocrx_word' id='word_1_420' title='bbox 1735 2774 1883 2845; x_wconf 88' lang='grc' dir='ltr'><em>διαρ-</em></span> 
     </span>
    </p>
   </div>
   <div class='ocr_carea' id='block_1_52' title="bbox 1988 2765 3572 2846">
    <p class='ocr_par' dir='ltr' id='par_1_52' title="bbox 1988 2765 3572 2835">
     <span class='ocr_line' id='line_1_52' title="bbox 1988 2765 3572 2835; baseline 0.001 -12"><span class='ocrx_word' id='word_1_421' title='bbox 1988 2767 2276 2823; x_wconf 82' lang='lat' dir='ltr'><strong>architecti</strong></span> <span class='ocrx_word' id='word_1_422' title='bbox 2338 2779 2491 2819; x_wconf 89' lang='lat' dir='ltr'><strong>more</strong></span> <span class='ocrx_word' id='word_1_423' title='bbox 2538 2780 2648 2818; x_wconf 93' lang='lat' dir='ltr'><strong>non</strong></span> <span class='ocrx_word' id='word_1_424' title='bbox 2678 2765 2838 2820; x_wconf 85' lang='lat' dir='ltr'><strong>aliter</strong></span> <span class='ocrx_word' id='word_1_425' title='bbox 2894 2781 3056 2835; x_wconf 84' lang='lat' dir='ltr'><strong>quam</strong></span> <span class='ocrx_word' id='word_1_426' title='bbox 3099 2766 3333 2834; x_wconf 89' lang='lat' dir='ltr'><strong>plurium</strong></span> <span class='ocrx_word' id='word_1_427' title='bbox 3365 2771 3572 2824; x_wconf 85' lang='lat' dir='ltr'><strong>dierum</strong></span> 
     </span>
    </p>
   </div>
   <div class='ocr_carea' id='block_1_53' title="bbox 291 2856 1883 2935">
    <p class='ocr_par' dir='ltr' id='par_1_53' title="bbox 291 2861 1883 2935">
     <span class='ocr_line' id='line_1_53' title="bbox 291 2861 1883 2935; baseline 0.001 -20"><span class='ocrx_word' id='word_1_428' title='bbox 291 2861 554 2924; x_wconf 81' lang='grc' dir='ltr'><em>κέσαντος</em></span> <span class='ocrx_word' id='word_1_429' title='bbox 597 2861 765 2933; x_wconf 72' lang='grc' dir='ltr'><em>χωρὶς</em></span> <span class='ocrx_word' id='word_1_430' title='bbox 805 2861 1028 2934; x_wconf 74' lang='grc' dir='ltr'><em>ἡμερῶν</em></span> <span class='ocrx_word' id='word_1_431' title='bbox 1065 2864 1326 2917; x_wconf 87' lang='grc' dir='ltr'><em>πλειόνων</em></span> <span class='ocrx_word' id='word_1_432' title='bbox 1358 2864 1645 2935; x_wconf 86' lang='grc' dir='ltr'><em>πληρῶσαι</em></span> <span class='ocrx_word' id='word_1_433' title='bbox 1675 2864 1776 2935; x_wconf 70' lang='grc' dir='ltr'><em>τὴν</em></span> <span class='ocrx_word' id='word_1_434' title='bbox 1803 2865 1883 2916; x_wconf 81' lang='lat' dir='ltr'><strong>ol-</strong></span> 
     </span>
    </p>
   </div>
   <div class='ocr_carea' id='block_1_54' title="bbox 1988 2856 3578 2935">
    <p class='ocr_par' dir='ltr' id='par_1_54' title="bbox 1990 2856 3578 2922">
     <span class='ocr_line' id='line_1_54' title="bbox 1990 2856 3578 2922; baseline -0.001 -6"><span class='ocrx_word' id='word_1_435' title='bbox 1990 2863 2183 2916; x_wconf 86' lang='lat' dir='ltr'><strong>labore</strong></span> <span class='ocrx_word' id='word_1_436' title='bbox 2231 2858 2499 2912; x_wconf 74' lang='lat' dir='ltr'><strong>fabricam</strong></span> <span class='ocrx_word' id='word_1_437' title='bbox 2546 2856 2781 2912; x_wconf 89' lang='lat' dir='ltr'><strong>valentis</strong></span> <span class='ocrx_word' id='word_1_438' title='bbox 2829 2857 3137 2922; x_wconf 82' lang='lat' dir='ltr'><strong>absolvere,</strong></span> <span class='ocrx_word' id='word_1_439' title='bbox 3195 2859 3336 2912; x_wconf 86' lang='lat' dir='ltr'><strong>intra</strong></span> <span class='ocrx_word' id='word_1_440' title='bbox 3377 2861 3578 2915; x_wconf 82' lang='lat' dir='ltr'><strong>multos</strong></span> 
     </span>
    </p>
   </div>
   <div class='ocr_carea' id='block_1_55' title="bbox 291 2950 1883 3026">
    <p class='ocr_par' dir='ltr' id='par_1_55' title="bbox 291 2953 1881 3026">
     <span class='ocr_line' id='line_1_55' title="bbox 291 2953 1881 3026; baseline 0.002 -20"><span class='ocrx_word' id='word_1_441' title='bbox 291 2953 546 3023; x_wconf 80' lang='grc' dir='ltr'><em>κοδομὴν,</em></span> <span class='ocrx_word' id='word_1_442' title='bbox 564 2953 620 3005; x_wconf 81' lang='grc' dir='ltr'><em>ὲν</em></span> <span class='ocrx_word' id='word_1_443' title='bbox 650 2953 888 3007; x_wconf 80' lang='grc' dir='ltr'><em>πλείοσιν</em></span> <span class='ocrx_word' id='word_1_444' title='bbox 917 2955 1153 3025; x_wconf 75' lang='grc' dir='ltr'><em>ἡμέραις</em></span> <span class='ocrx_word' id='word_1_445' title='bbox 1178 2955 1522 3009; x_wconf 79' lang='grc' dir='ltr'><em>τετελεκέναι</em></span> <span class='ocrx_word' id='word_1_446' title='bbox 1545 2956 1636 3009; x_wconf 81' lang='grc' dir='ltr'><em>τὸν</em></span> <span class='ocrx_word' id='word_1_447' title='bbox 1657 2956 1881 3026; x_wconf 85' lang='grc' dir='ltr'><em>κόσμον,</em></span> 
     </span>
    </p>
   </div>
   <div class='ocr_carea' id='block_1_56' title="bbox 1988 2950 3578 3026">
    <p class='ocr_par' dir='ltr' id='par_1_56' title="bbox 1990 2950 3578 3018">
     <span class='ocr_line' id='line_1_56' title="bbox 1990 2950 3578 3018; baseline -0.001 -11"><span class='ocrx_word' id='word_1_448' title='bbox 1990 2953 2107 3008; x_wconf 87' lang='lat' dir='ltr'><strong>dies</strong></span> <span class='ocrx_word' id='word_1_449' title='bbox 2139 2951 2400 3005; x_wconf 91' lang='lat' dir='ltr'><strong>mundum</strong></span> <span class='ocrx_word' id='word_1_450' title='bbox 2446 2950 2774 3018; x_wconf 80' lang='lat' dir='ltr'><strong>perfecisse,</strong></span> <span class='ocrx_word' id='word_1_451' title='bbox 2813 2964 2921 3002; x_wconf 88' lang='lat' dir='ltr'><strong>uno</strong></span> <span class='ocrx_word' id='word_1_452' title='bbox 2966 2959 3166 3004; x_wconf 87' lang='lat' dir='ltr'><strong>cuncta</strong></span> <span class='ocrx_word' id='word_1_453' title='bbox 3201 2960 3476 3006; x_wconf 90' lang='lat' dir='ltr'><strong>momento</strong></span> <span class='ocrx_word' id='word_1_454' title='bbox 3513 2966 3578 3005; x_wconf 85' lang='lat' dir='ltr'><strong>ac</strong></span> 
     </span>
    </p>
   </div>
   <div class='ocr_carea' id='block_1_57' title="bbox 292 3041 1883 3112">
    <p class='ocr_par' dir='ltr' id='par_1_57' title="bbox 292 3043 1883 3112">
     <span class='ocr_line' id='line_1_57' title="bbox 292 3043 1883 3112; baseline 0.003 -18"><span class='ocrx_word' id='word_1_455' title='bbox 292 3045 454 3112; x_wconf 79' lang='grc' dir='ltr'><em>φασὶν</em></span> <span class='ocrx_word' id='word_1_456' title='bbox 495 3043 586 3110; x_wconf 81' lang='grc' dir='ltr'><strong>ὑφ’</strong></span> <span class='ocrx_word' id='word_1_457' title='bbox 619 3043 677 3094; x_wconf 79' lang='grc' dir='ltr'><em>ἓν</em></span> <span class='ocrx_word' id='word_1_458' title='bbox 717 3045 895 3097; x_wconf 86' lang='grc' dir='ltr'><em>πάντα</em></span> <span class='ocrx_word' id='word_1_459' title='bbox 940 3045 1245 3112; x_wconf 83' lang='grc' dir='ltr'><em>γεγονέναι,</em></span> <span class='ocrx_word' id='word_1_460' title='bbox 1288 3047 1382 3098; x_wconf 80' lang='grc' dir='ltr'><em>καὶ</em></span> <span class='ocrx_word' id='word_1_461' title='bbox 1424 3045 1674 3098; x_wconf 72' lang='grc' dir='ltr'><em>ἐντεῦθεν</em></span> <span class='ocrx_word' id='word_1_462' title='bbox 1725 3045 1883 3100; x_wconf 80' lang='grc' dir='ltr'><em>τοῦτο</em></span> 
     </span>
    </p>
   </div>
   <div class='ocr_carea' id='block_1_58' title="bbox 1988 3041 3576 3112">
    <p class='ocr_par' dir='ltr' id='par_1_58' title="bbox 1989 3041 3576 3108">
     <span class='ocr_line' id='line_1_58' title="bbox 1989 3041 3576 3108; baseline -0.001 -9"><span class='ocrx_word' id='word_1_463' title='bbox 1989 3043 2151 3100; x_wconf 81' lang='lat' dir='ltr'><strong>simul</strong></span> <span class='ocrx_word' id='word_1_464' title='bbox 2184 3043 2464 3098; x_wconf 83' lang='lat' dir='ltr'><strong>exstitisse</strong></span> <span class='ocrx_word' id='word_1_465' title='bbox 2500 3041 2675 3108; x_wconf 86' lang='lat' dir='ltr'><strong>aiunt,</strong></span> <span class='ocrx_word' id='word_1_466' title='bbox 2707 3051 2760 3096; x_wconf 91' lang='lat' dir='ltr'><strong>et</strong></span> <span class='ocrx_word' id='word_1_467' title='bbox 2784 3041 2911 3095; x_wconf 91' lang='lat' dir='ltr'><strong>hinc</strong></span> <span class='ocrx_word' id='word_1_468' title='bbox 2951 3041 3078 3095; x_wconf 92' lang='lat' dir='ltr'><strong>illud</strong></span> <span class='ocrx_word' id='word_1_469' title='bbox 3113 3052 3395 3108; x_wconf 89' lang='lat' dir='ltr'><strong>astrunnt;</strong></span> <span class='ocrx_word' id='word_1_470' title='bbox 3425 3043 3576 3100; x_wconf 88' lang='lat' dir='ltr'><strong>ordi—</strong></span> 
     </span>
    </p>
   </div>
   <div class='ocr_carea' id='block_1_59' title="bbox 290 3133 1883 3210">
    <p class='ocr_par' dir='ltr' id='par_1_59' title="bbox 290 3134 1880 3201">
     <span class='ocr_line' id='line_1_59' title="bbox 290 3134 1880 3201; baseline 0.004 -15"><span class='ocrx_word' id='word_1_471' title='bbox 290 3135 792 3198; x_wconf 68' lang='grc' dir='ltr'><em>κατασκευάζουσιν</em></span> <span class='ocrx_word' id='word_1_472' title='bbox 808 3153 822 3165; x_wconf 88' lang='grc'><strong>·</strong></span> <span class='ocrx_word' id='word_1_473' title='bbox 852 3134 1036 3188; x_wconf 72' lang='grc' dir='ltr'><em>ἕνεκεν</em></span> <span class='ocrx_word' id='word_1_474' title='bbox 1057 3137 1114 3188; x_wconf 84' lang='grc' dir='ltr'><em>δὲ</em></span> <span class='ocrx_word' id='word_1_475' title='bbox 1139 3136 1344 3201; x_wconf 82' lang='grc' dir='ltr'><em>τάξεως</em></span> <span class='ocrx_word' id='word_1_476' title='bbox 1370 3137 1570 3190; x_wconf 76' lang='grc' dir='ltr'><em>οἴονται</em></span> <span class='ocrx_word' id='word_1_477' title='bbox 1596 3137 1686 3190; x_wconf 76' lang='grc' dir='ltr'><em>τὸν</em></span> <span class='ocrx_word' id='word_1_478' title='bbox 1709 3139 1880 3192; x_wconf 86' lang='grc' dir='ltr'><em>κατά-</em></span> 
     </span>
    </p>
   </div>
   <div class='ocr_carea' id='block_1_60' title="bbox 1988 3133 3576 3210">
    <p class='ocr_par' dir='ltr' id='par_1_60' title="bbox 1990 3133 3576 3200">
     <span class='ocr_line' id='line_1_60' title="bbox 1990 3133 3576 3200; baseline -0.001 -9"><span class='ocrx_word' id='word_1_479' title='bbox 1990 3137 2074 3191; x_wconf 87' lang='lat' dir='ltr'><strong>nis</strong></span> <span class='ocrx_word' id='word_1_480' title='bbox 2106 3143 2286 3190; x_wconf 85' lang='lat' dir='ltr'><strong>autem</strong></span> <span class='ocrx_word' id='word_1_481' title='bbox 2347 3146 2532 3200; x_wconf 87' lang='lat' dir='ltr'><strong>causa,</strong></span> <span class='ocrx_word' id='word_1_482' title='bbox 2562 3141 2618 3185; x_wconf 90' lang='lat' dir='ltr'><strong>et</strong></span> <span class='ocrx_word' id='word_1_483' title='bbox 2666 3140 2726 3184; x_wconf 88' lang='lat' dir='ltr'><strong>ut</strong></span> <span class='ocrx_word' id='word_1_484' title='bbox 2770 3133 2946 3186; x_wconf 88' lang='lat' dir='ltr'><strong>series</strong></span> <span class='ocrx_word' id='word_1_485' title='bbox 2977 3143 3212 3197; x_wconf 88' lang='lat' dir='ltr'><strong>constet,</strong></span> <span class='ocrx_word' id='word_1_486' title='bbox 3266 3135 3476 3189; x_wconf 88' lang='lat' dir='ltr'><strong>dierum</strong></span> <span class='ocrx_word' id='word_1_487' title='bbox 3519 3146 3576 3190; x_wconf 86' lang='lat' dir='ltr'><strong>et</strong></span> 
     </span>
    </p>
   </div>
   <div class='ocr_carea' id='block_1_61' title="bbox 289 3226 1874 3299">
    <p class='ocr_par' dir='ltr' id='par_1_61' title="bbox 289 3226 1874 3299">
     <span class='ocr_line' id='line_1_61' title="bbox 289 3226 1874 3299; baseline 0.001 -19"><span class='ocrx_word' id='word_1_488' title='bbox 289 3228 446 3297; x_wconf 88' lang='grc' dir='ltr'><em>λογον</em></span> <span class='ocrx_word' id='word_1_489' title='bbox 472 3228 582 3281; x_wconf 84' lang='grc' dir='ltr'><strong>τῶν</strong></span> <span class='ocrx_word' id='word_1_490' title='bbox 611 3227 835 3298; x_wconf 80' lang='grc' dir='ltr'><em>ἡμερῶν</em></span> <span class='ocrx_word' id='word_1_491' title='bbox 862 3226 1110 3299; x_wconf 84' lang='grc' dir='ltr'><em>εἰρῆσθαι</em></span> <span class='ocrx_word' id='word_1_492' title='bbox 1139 3229 1232 3281; x_wconf 71' lang='grc' dir='ltr'><em>καὶ</em></span> <span class='ocrx_word' id='word_1_493' title='bbox 1271 3228 1378 3280; x_wconf 89' lang='grc' dir='ltr'><strong>τῶν</strong></span> <span class='ocrx_word' id='word_1_494' title='bbox 1410 3230 1469 3281; x_wconf 87' lang='grc' dir='ltr'><em>ὲν</em></span> <span class='ocrx_word' id='word_1_495' title='bbox 1491 3229 1679 3292; x_wconf 85' lang='grc' dir='ltr'><em>αὑταῖς</em></span> <span class='ocrx_word' id='word_1_496' title='bbox 1719 3246 1874 3298; x_wconf 86' lang='grc' dir='ltr'><em>γενο-</em></span> 
     </span>
    </p>
   </div>
   <div class='ocr_carea' id='block_1_62' title="bbox 293 3318 1876 3392">
    <p class='ocr_par' dir='ltr' id='par_1_62' title="bbox 293 3318 1876 3392">
     <span class='ocr_line' id='line_1_62' title="bbox 293 3318 1876 3392; baseline 0.001 -20"><span class='ocrx_word' id='word_1_497' title='bbox 293 3320 490 3390; x_wconf 80' lang='grc' dir='ltr'><em>μένων.</em></span> <span class='ocrx_word' id='word_1_498' title='bbox 522 3319 769 3382; x_wconf 86' lang='grc' dir='ltr'><em>Πιθανῶς</em></span> <span class='ocrx_word' id='word_1_499' title='bbox 801 3319 846 3372; x_wconf 83' lang='grc' dir='ltr'><em>δ’</em></span> <span class='ocrx_word' id='word_1_500' title='bbox 878 3318 945 3372; x_wconf 81' lang='grc' dir='ltr'><em>ἂν</em></span> <span class='ocrx_word' id='word_1_501' title='bbox 977 3319 1112 3390; x_wconf 77' lang='grc' dir='ltr'><em>πρὸς</em></span> <span class='ocrx_word' id='word_1_502' title='bbox 1151 3319 1307 3373; x_wconf 78' lang='grc' dir='ltr'><em>τοῦτο</em></span> <span class='ocrx_word' id='word_1_503' title='bbox 1348 3321 1876 3392; x_wconf 74' lang='grc' dir='ltr'><em>κατασκευαζομένῳ</em></span> 
     </span>
    </p>
   </div>
   <div class='ocr_carea' id='block_1_63' title="bbox 291 3409 1871 3483">
    <p class='ocr_par' dir='ltr' id='par_1_63' title="bbox 291 3409 1871 3483">
     <span class='ocr_line' id='line_1_63' title="bbox 291 3409 1871 3483; baseline 0.003 -20"><span class='ocrx_word' id='word_1_504' title='bbox 291 3412 587 3482; x_wconf 85' lang='grc' dir='ltr'><em>χρήσαιντο</em></span> <span class='ocrx_word' id='word_1_505' title='bbox 619 3412 788 3483; x_wconf 81' lang='grc' dir='ltr'><em>ῥητῷ,</em></span> <span class='ocrx_word' id='word_1_506' title='bbox 810 3411 912 3482; x_wconf 79' lang='grc' dir='ltr'><strong>τῷ·</strong></span> <span class='ocrx_word' id='word_1_507' title='bbox 940 3412 1135 3478; x_wconf 80' lang='grc' dir='ltr'><em>Αὐτὸς</em></span> <span class='ocrx_word' id='word_1_508' title='bbox 1159 3409 1308 3475; x_wconf 79' lang='grc' dir='ltr'><em>εἶπε,</em></span> <span class='ocrx_word' id='word_1_509' title='bbox 1345 3412 1442 3465; x_wconf 73' lang='grc' dir='ltr'><strong>καὶ</strong></span> <span class='ocrx_word' id='word_1_510' title='bbox 1462 3412 1840 3482; x_wconf 75' lang='grc' dir='ltr'><em>ἐγενήθησαν</em></span> <span class='ocrx_word' id='word_1_511' title='bbox 1857 3430 1871 3443; x_wconf 88' lang='grc'><strong>·</strong></span> 
     </span>
    </p>
   </div>
   <div class='ocr_carea' id='block_1_64' title="bbox 287 3502 1412 3571">
    <p class='ocr_par' dir='ltr' id='par_1_64' title="bbox 287 3502 1412 3571">
     <span class='ocr_line' id='line_1_64' title="bbox 287 3502 1412 3571; baseline 0.001 -14"><span class='ocrx_word' id='word_1_512' title='bbox 287 3502 471 3568; x_wconf 85' lang='grc' dir='ltr'><em>αὐτὸς</em></span> <span class='ocrx_word' id='word_1_513' title='bbox 502 3503 862 3570; x_wconf 81' lang='grc' dir='ltr'><em>ἐνετείλατο,</em></span> <span class='ocrx_word' id='word_1_514' title='bbox 895 3505 994 3560; x_wconf 78' lang='grc' dir='ltr'><em>καὶ</em></span> <span class='ocrx_word' id='word_1_515' title='bbox 1019 3504 1412 3571; x_wconf 79' lang='grc' dir='ltr'><em>ἐκτίσθησαν.</em></span> 
     </span>
    </p>
   </div>
   <div class='ocr_carea' id='block_1_65' title="bbox 351 3594 1882 3666">
    <p class='ocr_par' dir='ltr' id='par_1_65' title="bbox 351 3594 1882 3666">
     <span class='ocr_line' id='line_1_65' title="bbox 351 3594 1882 3666; baseline -0.001 -17"><span class='ocrx_word' id='word_1_516' title='bbox 351 3595 513 3662; x_wconf 83' lang='grc' dir='ltr'><em>Αὕτη</em></span> <span class='ocrx_word' id='word_1_517' title='bbox 544 3597 582 3664; x_wconf 79' lang='grc' dir='ltr'>ἡ</span> <span class='ocrx_word' id='word_1_518' title='bbox 606 3597 824 3664; x_wconf 74' lang='grc' dir='ltr'><em>,Βίϐλος</em></span> <span class='ocrx_word' id='word_1_519' title='bbox 870 3597 1159 3666; x_wconf 76' lang='grc' dir='ltr'><em>γενέσεως</em></span> <span class='ocrx_word' id='word_1_520' title='bbox 1192 3595 1454 3665; x_wconf 70' lang='grc' dir='ltr'><em>οὐρανοῦ</em></span> <span class='ocrx_word' id='word_1_521' title='bbox 1487 3594 1586 3650; x_wconf 75' lang='grc' dir='ltr'><em>καὶ</em></span> <span class='ocrx_word' id='word_1_522' title='bbox 1618 3594 1754 3666; x_wconf 76' lang='grc' dir='ltr'><em>τῆς,</em></span> <span class='ocrx_word' id='word_1_523' title='bbox 1783 3595 1882 3648; x_wconf 86' lang='grc' dir='ltr'><em>ὅτε</em></span> 
     </span>
    </p>
   </div>
   <div class='ocr_carea' id='block_1_66' title="bbox 285 3681 1882 3758">
    <p class='ocr_par' dir='ltr' id='par_1_66' title="bbox 285 3681 1882 3758">
     <span class='ocr_line' id='line_1_66' title="bbox 285 3681 1882 3758; baseline 0.001 -20"><span class='ocrx_word' id='word_1_524' title='bbox 285 3685 525 3755; x_wconf 77' lang='grc' dir='ltr'><em>ἐγένετο</em></span> <span class='ocrx_word' id='word_1_525' title='bbox 543 3703 558 3716; x_wconf 92' lang='grc'><strong>·</strong></span> <span class='ocrx_word' id='word_1_526' title='bbox 583 3681 624 3758; x_wconf 79' lang='grc' dir='ltr'><em>ᾗ</em></span> <span class='ocrx_word' id='word_1_527' title='bbox 651 3687 842 3757; x_wconf 78' lang='grc' dir='ltr'><em>ἡμέρᾳ</em></span> <span class='ocrx_word' id='word_1_528' title='bbox 885 3687 982 3741; x_wconf 86' lang='grc' dir='ltr'><em>ὅτε</em></span> <span class='ocrx_word' id='word_1_529' title='bbox 1007 3687 1259 3754; x_wconf 83' lang='grc' dir='ltr'><em>ἐποίησε</em></span> <span class='ocrx_word' id='word_1_530' title='bbox 1292 3689 1506 3755; x_wconf 86' lang='grc' dir='ltr'><em>Κύριος</em></span> <span class='ocrx_word' id='word_1_531' title='bbox 1531 3690 1563 3741; x_wconf 81' lang='grc' dir='ltr'><em>ὁ</em></span> <span class='ocrx_word' id='word_1_532' title='bbox 1598 3687 1742 3753; x_wconf 84' lang='grc' dir='ltr'><em>Θεὸς</em></span> <span class='ocrx_word' id='word_1_533' title='bbox 1773 3687 1882 3740; x_wconf 82' lang='grc' dir='ltr'><em>τὸν</em></span> 
     </span>
    </p>
   </div>
   <div class='ocr_carea' id='block_1_67' title="bbox 285 3777 1880 3850">
    <p class='ocr_par' dir='ltr' id='par_1_67' title="bbox 285 3777 1880 3850">
     <span class='ocr_line' id='line_1_67' title="bbox 285 3777 1880 3850; baseline -0.003 -16"><span class='ocrx_word' id='word_1_534' title='bbox 285 3778 550 3846; x_wconf 80' lang='grc' dir='ltr'><em>οὐρανὸν</em></span> <span class='ocrx_word' id='word_1_535' title='bbox 582 3778 678 3832; x_wconf 79' lang='grc' dir='ltr'><em>καὶ</em></span> <span class='ocrx_word' id='word_1_536' title='bbox 711 3779 827 3847; x_wconf 76' lang='grc' dir='ltr'><em>τὴν</em></span> <span class='ocrx_word' id='word_1_537' title='bbox 848 3778 984 3848; x_wconf 68' lang='grc' dir='ltr'><strong>γῆν.</strong></span> <span class='ocrx_word' id='word_1_538' title='bbox 1016 3779 1110 3845; x_wconf 87' lang='grc' dir='ltr'><strong>Τὸ,</strong></span> <span class='ocrx_word' id='word_1_539' title='bbox 1137 3780 1354 3845; x_wconf 78' lang='grc' dir='ltr'><em>βίϐλος</em></span> <span class='ocrx_word' id='word_1_540' title='bbox 1378 3779 1508 3850; x_wconf 78' lang='grc'><strong>(56),</strong></span> <span class='ocrx_word' id='word_1_541' title='bbox 1527 3781 1584 3832; x_wconf 81' lang='grc' dir='ltr'><em>ἐν</em></span> <span class='ocrx_word' id='word_1_542' title='bbox 1623 3777 1702 3849; x_wconf 83' lang='grc' dir='ltr'><em>τῷ</em></span> <span class='ocrx_word' id='word_1_543' title='bbox 1728 3779 1880 3849; x_wconf 82' lang='grc' dir='ltr'><em>τόπῳ</em></span> 
     </span>
    </p>
   </div>
   <div class='ocr_carea' id='block_1_68' title="bbox 285 3870 1880 3944">
    <p class='ocr_par' dir='ltr' id='par_1_68' title="bbox 285 3870 1880 3944">
     <span class='ocr_line' id='line_1_68' title="bbox 285 3870 1880 3944; baseline 0 -20"><span class='ocrx_word' id='word_1_544' title='bbox 285 3870 460 3941; x_wconf 83' lang='grc' dir='ltr'><em>τούτῳ</em></span> <span class='ocrx_word' id='word_1_545' title='bbox 490 3871 718 3924; x_wconf 79' lang='grc' dir='ltr'><em>καθόλου</em></span> <span class='ocrx_word' id='word_1_546' title='bbox 767 3873 829 3925; x_wconf 86' lang='grc' dir='ltr'><em>οὐ</em></span> <span class='ocrx_word' id='word_1_547' title='bbox 873 3875 1050 3925; x_wconf 83' lang='grc' dir='ltr'><em>κεῖται</em></span> <span class='ocrx_word' id='word_1_548' title='bbox 1091 3875 1220 3943; x_wconf 85' lang='grc' dir='ltr'><em>παρ’</em></span> <span class='ocrx_word' id='word_1_549' title='bbox 1256 3871 1558 3944; x_wconf 78' lang='grc' dir='ltr'><em>Ἐϐραίοιςο</em></span> <span class='ocrx_word' id='word_1_550' title='bbox 1601 3872 1716 3926; x_wconf 83' lang='grc' dir='ltr'><em>ἀλλ’</em></span> <span class='ocrx_word' id='word_1_551' title='bbox 1762 3871 1880 3924; x_wconf 79' lang='grc' dir='ltr'><em>ἐστι</em></span> 
     </span>
    </p>
   </div>
   <div class='ocr_carea' id='block_1_69' title="bbox 290 3961 1877 4035">
    <p class='ocr_par' dir='ltr' id='par_1_69' title="bbox 290 3961 1877 4035">
     <span class='ocr_line' id='line_1_69' title="bbox 290 3961 1877 4035; baseline 0 -21"><span class='ocrx_word' id='word_1_552' title='bbox 290 3962 467 4032; x_wconf 88' lang='grc' dir='ltr'><em>πλάνη</em></span> <span class='ocrx_word' id='word_1_553' title='bbox 507 3961 760 4031; x_wconf 72' lang='grc' dir='ltr'><em>Ἐϐραίου</em></span> <span class='ocrx_word' id='word_1_554' title='bbox 793 3961 1071 4032; x_wconf 82' lang='grc' dir='ltr'><strong>γραφέως,</strong></span> <span class='ocrx_word' id='word_1_555' title='bbox 1099 3961 1462 4032; x_wconf 82' lang='grc' dir='ltr'><em>πλανηθέντος</em></span> <span class='ocrx_word' id='word_1_556' title='bbox 1504 3965 1562 4016; x_wconf 84' lang='grc' dir='ltr'><em>ὲν</em></span> <span class='ocrx_word' id='word_1_557' title='bbox 1605 3965 1671 4033; x_wconf 85' lang='grc' dir='ltr'><em>τῇ</em></span> <span class='ocrx_word' id='word_1_558' title='bbox 1699 3961 1877 4035; x_wconf 83' lang='grc' dir='ltr'><em>πλάνῃ</em></span> 
     </span>
    </p>
   </div>
   <div class='ocr_carea' id='block_1_70' title="bbox 289 4047 1878 4125">
    <p class='ocr_par' dir='ltr' id='par_1_70' title="bbox 289 4047 1878 4125">
     <span class='ocr_line' id='line_1_70' title="bbox 289 4047 1878 4125; baseline -0.002 -19"><span class='ocrx_word' id='word_1_559' title='bbox 289 4053 525 4116; x_wconf 77' lang='grc' dir='ltr'><em>ἐκείνου,</em></span> <span class='ocrx_word' id='word_1_560' title='bbox 578 4055 636 4105; x_wconf 80' lang='grc' dir='ltr'><em>ἐν</em></span> <span class='ocrx_word' id='word_1_561' title='bbox 676 4047 720 4119; x_wconf 83' lang='grc' dir='ltr'>ᾧ</span> <span class='ocrx_word' id='word_1_562' title='bbox 763 4055 939 4105; x_wconf 86' lang='grc' dir='ltr'><em>κεῖται</em></span> <span class='ocrx_word' id='word_1_563' title='bbox 973 4053 1126 4123; x_wconf 80' lang='grc' dir='ltr'><em>παρὰ</em></span> <span class='ocrx_word' id='word_1_564' title='bbox 1171 4053 1268 4123; x_wconf 86' lang='grc' dir='ltr'><em>μὲν</em></span> <span class='ocrx_word' id='word_1_565' title='bbox 1316 4053 1548 4125; x_wconf 82' lang='grc' dir='ltr'><em>Ἀκύλᾳ·</em></span> <span class='ocrx_word' id='word_1_566' title='bbox 1576 4053 1755 4107; x_wconf 86' lang='grc' dir='ltr'><em>Τοῦτο</em></span> <span class='ocrx_word' id='word_1_567' title='bbox 1777 4054 1878 4117; x_wconf 78' lang='grc' dir='ltr'><strong>βι-</strong></span> 
     </span>
    </p>
   </div>
   <div class='ocr_carea' id='block_1_71' title="bbox 288 4139 1878 4210">
    <p class='ocr_par' dir='ltr' id='par_1_71' title="bbox 288 4139 1878 4210">
     <span class='ocr_line' id='line_1_71' title="bbox 288 4139 1878 4210; baseline -0.001 -15"><span class='ocrx_word' id='word_1_568' title='bbox 288 4143 460 4195; x_wconf 76' lang='grc' dir='ltr'><em>ϐλίον</em></span> <span class='ocrx_word' id='word_1_569' title='bbox 486 4140 870 4210; x_wconf 76' lang='grc' dir='ltr'><em>γεννημάτων</em></span> <span class='ocrx_word' id='word_1_570' title='bbox 913 4139 1087 4208; x_wconf 82' lang='grc' dir='ltr'><em>Ἀδάμ</em></span> <span class='ocrx_word' id='word_1_571' title='bbox 1107 4157 1120 4169; x_wconf 91' lang='grc'><strong>·</strong></span> <span class='ocrx_word' id='word_1_572' title='bbox 1160 4141 1311 4210; x_wconf 77' lang='grc' dir='ltr'><em>παρὰ</em></span> <span class='ocrx_word' id='word_1_573' title='bbox 1343 4141 1399 4194; x_wconf 82' lang='grc' dir='ltr'><em>δὲ</em></span> <span class='ocrx_word' id='word_1_574' title='bbox 1452 4144 1564 4204; x_wconf 86' lang='grc' dir='ltr'><em>τοῖς</em></span> <span class='ocrx_word' id='word_1_575' title='bbox 1596 4143 1650 4194; x_wconf 90' lang='grc' dir='ltr'><strong>Ο¹</strong></span> <span class='ocrx_word' id='word_1_576' title='bbox 1669 4159 1683 4171; x_wconf 90' lang='grc'><strong>·</strong></span> <span class='ocrx_word' id='word_1_577' title='bbox 1714 4143 1878 4208; x_wconf 80' lang='grc' dir='ltr'><em>Αὕτη</em></span> 
     </span>
    </p>
   </div>
   <div class='ocr_carea' id='block_1_72' title="bbox 292 4229 1883 4303">
    <p class='ocr_par' dir='ltr' id='par_1_72' title="bbox 292 4229 1883 4303">
     <span class='ocr_line' id='line_1_72' title="bbox 292 4229 1883 4303; baseline 0.003 -21"><span class='ocrx_word' id='word_1_578' title='bbox 292 4234 331 4300; x_wconf 82' lang='grc' dir='ltr'><strong><em>ή</em></strong></span> <span class='ocrx_word' id='word_1_579' title='bbox 357 4233 575 4297; x_wconf 70' lang='grc' dir='ltr'><em>βίϐλος</em></span> <span class='ocrx_word' id='word_1_580' title='bbox 608 4230 902 4301; x_wconf 76' lang='grc' dir='ltr'><em>γενέσεως</em></span> <span class='ocrx_word' id='word_1_581' title='bbox 938 4229 1283 4297; x_wconf 83' lang='grc' dir='ltr'><em>ἀνθρώπων.</em></span> <span class='ocrx_word' id='word_1_582' title='bbox 1332 4231 1496 4302; x_wconf 83' lang='grc' dir='ltr'><em>ᾮήθη</em></span> <span class='ocrx_word' id='word_1_583' title='bbox 1544 4235 1653 4303; x_wconf 85' lang='grc' dir='ltr'><em>γὰρ</em></span> <span class='ocrx_word' id='word_1_584' title='bbox 1694 4233 1791 4285; x_wconf 73' lang='grc' dir='ltr'><em>καὶ</em></span> <span class='ocrx_word' id='word_1_585' title='bbox 1824 4235 1883 4286; x_wconf 87' lang='grc' dir='ltr'><em>ὲν</em></span> 
     </span>
    </p>
   </div>
   <div class='ocr_carea' id='block_1_73' title="bbox 285 4320 1886 4398">
    <p class='ocr_par' dir='ltr' id='par_1_73' title="bbox 285 4320 1886 4398">
     <span class='ocr_line' id='line_1_73' title="bbox 285 4320 1886 4398; baseline -0.004 -21"><span class='ocrx_word' id='word_1_586' title='bbox 285 4324 460 4394; x_wconf 84' lang='grc' dir='ltr'><em>τούτῳ</em></span> <span class='ocrx_word' id='word_1_587' title='bbox 494 4326 575 4398; x_wconf 76' lang='grc' dir='ltr'><em>τῷ</em></span> <span class='ocrx_word' id='word_1_588' title='bbox 624 4323 774 4394; x_wconf 84' lang='grc' dir='ltr'><em>τόπῳ</em></span> <span class='ocrx_word' id='word_1_589' title='bbox 798 4322 1041 4388; x_wconf 75' lang='grc' dir='ltr'><em>βιϐλίον</em></span> <span class='ocrx_word' id='word_1_590' title='bbox 1082 4320 1528 4392; x_wconf 82' lang='grc' dir='ltr'><em>παραλελεῖφθαι,</em></span> <span class='ocrx_word' id='word_1_591' title='bbox 1569 4325 1667 4375; x_wconf 77' lang='grc' dir='ltr'><em>καὶ</em></span> <span class='ocrx_word' id='word_1_592' title='bbox 1713 4321 1886 4386; x_wconf 75' lang='grc' dir='ltr'><em>οὕτως</em></span> 
     </span>
    </p>
   </div>
   <div class='ocr_carea' id='block_1_74' title="bbox 286 4417 772 4488">
    <p class='ocr_par' dir='ltr' id='par_1_74' title="bbox 286 4417 772 4488">
     <span class='ocr_line' id='line_1_74' title="bbox 286 4417 772 4488; baseline -0.002 -17"><span class='ocrx_word' id='word_1_593' title='bbox 286 4418 420 4472; x_wconf 84' lang='grc' dir='ltr'><em>αὐτὸ</em></span> <span class='ocrx_word' id='word_1_594' title='bbox 446 4417 772 4488; x_wconf 80' lang='grc' dir='ltr'><em>προσέθηκε.</em></span> 
     </span>
    </p>
   </div>
   <div class='ocr_carea' id='block_1_75' title="bbox 324 4502 1879 4576">
    <p class='ocr_par' dir='ltr' id='par_1_75' title="bbox 324 4502 1879 4576">
     <span class='ocr_line' id='line_1_75' title="bbox 324 4502 1879 4576; baseline -0.004 -16"><span class='ocrx_word' id='word_1_595' title='bbox 324 4507 467 4561; x_wconf 78' lang='grc' dir='ltr'><strong>’Καὶ</strong></span> <span class='ocrx_word' id='word_1_596' title='bbox 521 4507 858 4576; x_wconf 67' lang='grc' dir='ltr'><em>ἐφύτευσεν</em></span> <span class='ocrx_word' id='word_1_597' title='bbox 897 4506 932 4558; x_wconf 82' lang='grc' dir='ltr'><strong>ό</strong></span> <span class='ocrx_word' id='word_1_598' title='bbox 982 4503 1126 4569; x_wconf 79' lang='grc' dir='ltr'><em>Θεὸς</em></span> <span class='ocrx_word' id='word_1_599' title='bbox 1172 4503 1548 4570; x_wconf 85' lang='grc' dir='ltr'><em>παράδεισον</em></span> <span class='ocrx_word' id='word_1_600' title='bbox 1591 4503 1663 4556; x_wconf 86' lang='grc' dir='ltr'><em>ἐν</em></span> <span class='ocrx_word' id='word_1_601' title='bbox 1711 4502 1879 4570; x_wconf 83' lang='grc' dir='ltr'><em>Ἐδὲμ</em></span> 
     </span>
    </p>
   </div>
   <div class='ocr_carea' id='block_1_76' title="bbox 289 4591 1880 4661">
    <p class='ocr_par' dir='ltr' id='par_1_76' title="bbox 289 4591 1880 4661">
     <span class='ocr_line' id='line_1_76' title="bbox 289 4591 1880 4661; baseline -0.003 -11"><span class='ocrx_word' id='word_1_602' title='bbox 289 4597 438 4650; x_wconf 78' lang='grc' dir='ltr'><em>κατὰ</em></span> <span class='ocrx_word' id='word_1_603' title='bbox 468 4595 788 4661; x_wconf 74' lang='grc' dir='ltr'><em>ἀνατολὰς,</em></span> <span class='ocrx_word' id='word_1_604' title='bbox 820 4594 920 4648; x_wconf 78' lang='grc' dir='ltr'><em>καὶ</em></span> <span class='ocrx_word' id='word_1_605' title='bbox 955 4593 1122 4646; x_wconf 79' lang='grc' dir='ltr'><em>ἔθετο</em></span> <span class='ocrx_word' id='word_1_606' title='bbox 1142 4593 1273 4646; x_wconf 79' lang='grc' dir='ltr'><em>ἐκεῖ</em></span> <span class='ocrx_word' id='word_1_607' title='bbox 1308 4593 1414 4646; x_wconf 81' lang='grc' dir='ltr'><em>τὸν</em></span> <span class='ocrx_word' id='word_1_608' title='bbox 1443 4591 1777 4660; x_wconf 76' lang='grc' dir='ltr'><em>ἄνθρωπον,</em></span> <span class='ocrx_word' id='word_1_609' title='bbox 1807 4592 1880 4646; x_wconf 87' lang='grc' dir='ltr'><em>ὃν</em></span> 
     </span>
    </p>
   </div>
   <div class='ocr_carea' id='block_1_77' title="bbox 287 4682 1880 4756">
    <p class='ocr_par' dir='ltr' id='par_1_77' title="bbox 287 4682 1880 4756">
     <span class='ocr_line' id='line_1_77' title="bbox 287 4682 1880 4756; baseline -0.002 -14"><span class='ocrx_word' id='word_1_610' title='bbox 287 4691 542 4746; x_wconf 72' lang='grc' dir='ltr'><em>ἔπλασε.</em></span> <span class='ocrx_word' id='word_1_611' title='bbox 581 4687 690 4740; x_wconf 73' lang='grc' dir='ltr'><strong>Καὶ</strong></span> <span class='ocrx_word' id='word_1_612' title='bbox 731 4685 1108 4750; x_wconf 76' lang='grc' dir='ltr'><em>ἐξανέτειλεν</em></span> <span class='ocrx_word' id='word_1_613' title='bbox 1143 4688 1175 4738; x_wconf 86' lang='grc' dir='ltr'><strong>ό</strong></span> <span class='ocrx_word' id='word_1_614' title='bbox 1225 4685 1368 4750; x_wconf 76' lang='grc' dir='ltr'><em>Θεὸς</em></span> <span class='ocrx_word' id='word_1_615' title='bbox 1399 4687 1488 4738; x_wconf 89' lang='grc' dir='ltr'><em>ἐτι</em></span> <span class='ocrx_word' id='word_1_616' title='bbox 1519 4683 1590 4738; x_wconf 83' lang='grc' dir='ltr'><em>ἐκ</em></span> <span class='ocrx_word' id='word_1_617' title='bbox 1631 4684 1741 4753; x_wconf 82' lang='grc' dir='ltr'><em>τῆς</em></span> <span class='ocrx_word' id='word_1_618' title='bbox 1770 4682 1880 4756; x_wconf 75' lang='grc' dir='ltr'><em>γῆς</em></span> 
     </span>
    </p>
   </div>
   <div class='ocr_carea' id='block_1_78' title="bbox 291 4779 1882 4849">
    <p class='ocr_par' dir='ltr' id='par_1_78' title="bbox 291 4779 1882 4849">
     <span class='ocr_line' id='line_1_78' title="bbox 291 4779 1882 4849; baseline -0.003 -13"><span class='ocrx_word' id='word_1_619' title='bbox 291 4781 415 4838; x_wconf 81' lang='grc' dir='ltr'><strong>πᾶν</strong></span> <span class='ocrx_word' id='word_1_620' title='bbox 459 4781 652 4846; x_wconf 69' lang='grc' dir='ltr'><em>ξύλον</em></span> <span class='ocrx_word' id='word_1_621' title='bbox 697 4779 912 4849; x_wconf 80' lang='grc' dir='ltr'><em>ὡραῖον</em></span> <span class='ocrx_word' id='word_1_622' title='bbox 965 4781 1051 4844; x_wconf 75' lang='grc' dir='ltr'><strong>εις</strong></span> <span class='ocrx_word' id='word_1_623' title='bbox 1101 4779 1335 4847; x_wconf 84' lang='grc' dir='ltr'><em>ὅρασιν,</em></span> <span class='ocrx_word' id='word_1_624' title='bbox 1385 4779 1483 4832; x_wconf 78' lang='grc' dir='ltr'><em>καὶ</em></span> <span class='ocrx_word' id='word_1_625' title='bbox 1545 4779 1740 4833; x_wconf 75' lang='grc' dir='ltr'><em>καλὸν</em></span> <span class='ocrx_word' id='word_1_626' title='bbox 1793 4781 1882 4845; x_wconf 82' lang='grc' dir='ltr'><strong>είς</strong></span> 
     </span>
    </p>
   </div>
   <div class='ocr_carea' id='block_1_79' title="bbox 359 4918 1587 4992">
    <p class='ocr_par' dir='ltr' id='par_1_79' title="bbox 359 4918 1587 4992">
     <span class='ocr_line' id='line_1_79' title="bbox 359 4918 1587 4992; baseline 0 -16"><span class='ocrx_word' id='word_1_627' title='bbox 359 4925 544 4980; x_wconf 78' lang='lat' dir='ltr'><strong>&quot;Act.</strong></span> <span class='ocrx_word' id='word_1_628' title='bbox 581 4937 775 4982; x_wconf 80' lang='lat' dir='ltr'><strong>xxvm.</strong></span> <span class='ocrx_word' id='word_1_629' title='bbox 811 4921 864 4975; x_wconf 75' lang='grc'><strong>4.</strong></span> <span class='ocrx_word' id='word_1_630' title='bbox 954 4919 1002 4951; x_wconf 63' lang='grc'><strong>⁷⁸</strong></span> <span class='ocrx_word' id='word_1_631' title='bbox 1031 4918 1205 4974; x_wconf 88' lang='lat' dir='ltr'><strong>Levit.</strong></span> <span class='ocrx_word' id='word_1_632' title='bbox 1246 4920 1401 4984; x_wconf 55' lang='lat' dir='ltr'><strong>mill</strong></span> <span class='ocrx_word' id='word_1_633' title='bbox 1431 4937 1587 4992; x_wconf 86' lang='lat' dir='ltr'><strong>seqq.</strong></span> 
     </span>
    </p>
   </div>
   <div class='ocr_carea' id='block_1_80' title="bbox 289 4992 878 5057">
    <p class='ocr_par' dir='ltr' id='par_1_80' title="bbox 289 4992 878 5057">
     <span class='ocr_line' id='line_1_80' title="bbox 289 4992 878 5057; baseline -0.014 -4"><span class='ocrx_word' id='word_1_634' title='bbox 289 4995 346 5052; x_wconf 75' lang='grc'><strong>4.</strong></span> <span class='ocrx_word' id='word_1_635' title='bbox 421 4997 466 5030; x_wconf 80' lang='grc'><strong>⁷⁸</strong></span> <span class='ocrx_word' id='word_1_636' title='bbox 505 4994 662 5057; x_wconf 87' lang='lat' dir='ltr'><strong>ibid.,</strong></span> <span class='ocrx_word' id='word_1_637' title='bbox 689 4994 721 5047; x_wconf 91' lang='lat'><strong>8</strong></span> <span class='ocrx_word' id='word_1_638' title='bbox 743 5006 796 5046; x_wconf 86' lang='lat' dir='ltr'><strong>et</strong></span> <span class='ocrx_word' id='word_1_639' title='bbox 823 4992 878 5047; x_wconf 88' lang='lat'><strong>9.</strong></span> 
     </span>
    </p>
   </div>
   <div class='ocr_carea' id='block_1_81' title="bbox 362 5105 1880 5181">
    <p class='ocr_par' dir='ltr' id='par_1_81' title="bbox 362 5105 1880 5181">
     <span class='ocr_line' id='line_1_81' title="bbox 362 5105 1880 5181; baseline -0.003 -18"><span class='ocrx_word' id='word_1_640' title='bbox 362 5109 474 5181; x_wconf 71' lang='lat'><strong>(~55)</strong></span> <span class='ocrx_word' id='word_1_641' title='bbox 518 5108 670 5181; x_wconf 10' lang='grc' dir='ltr'><em>Ἤδη,</em></span> <span class='ocrx_word' id='word_1_642' title='bbox 695 5110 874 5174; x_wconf 81' lang='grc' dir='ltr'><em>τινές,</em></span> <span class='ocrx_word' id='word_1_643' title='bbox 902 5117 1008 5181; x_wconf 81' lang='lat' dir='ltr'><strong>etc.</strong></span> <span class='ocrx_word' id='word_1_644' title='bbox 1038 5106 1291 5181; x_wconf 80' lang='lat' dir='ltr'><strong>Origenis</strong></span> <span class='ocrx_word' id='word_1_645' title='bbox 1321 5105 1583 5181; x_wconf 79' lang='lat' dir='ltr'><strong>esse_hoe_</strong></span> <span class='ocrx_word' id='word_1_646' title='bbox 1602 5105 1880 5181; x_wconf 70' lang='lat' dir='ltr'><strong>fragmen-</strong></span> 
     </span>
    </p>
   </div>
   <div class='ocr_carea' id='block_1_82' title="bbox 293 5174 1872 5248">
    <p class='ocr_par' dir='ltr' id='par_1_82' title="bbox 293 5174 1872 5248">
     <span class='ocr_line' id='line_1_82' title="bbox 293 5174 1872 5248; baseline -0.006 -13"><span class='ocrx_word' id='word_1_647' title='bbox 293 5174 429 5245; x_wconf 82' lang='lat' dir='ltr'><strong>tum,</strong></span> <span class='ocrx_word' id='word_1_648' title='bbox 454 5174 598 5248; x_wconf 82' lang='lat' dir='ltr'><strong>quod</strong></span> <span class='ocrx_word' id='word_1_649' title='bbox 626 5174 673 5230; x_wconf 81' lang='lat' dir='ltr'><strong>ei</strong></span> <span class='ocrx_word' id='word_1_650' title='bbox 706 5181 871 5232; x_wconf 89' lang='lat' dir='ltr'><strong>etiam</strong></span> <span class='ocrx_word' id='word_1_651' title='bbox 909 5174 1160 5248; x_wconf 73' lang='lat' dir='ltr'><strong>tribuunt</strong></span> <span class='ocrx_word' id='word_1_652' title='bbox 1191 5177 1406 5248; x_wconf 59' lang='lat' dir='ltr'><strong>schedia</strong></span> <span class='ocrx_word' id='word_1_653' title='bbox 1432 5174 1872 5248; x_wconf 56' lang='lat' dir='ltr'><strong>Combelisizuue,</strong></span> 
     </span>
    </p>
   </div>
   <div class='ocr_carea' id='block_1_83' title="bbox 292 5244 1876 5317">
    <p class='ocr_par' dir='ltr' id='par_1_83' title="bbox 292 5244 1876 5317">
     <span class='ocr_line' id='line_1_83' title="bbox 292 5244 1876 5317; baseline -0.006 -10"><span class='ocrx_word' id='word_1_654' title='bbox 292 5244 521 5307; x_wconf 82' lang='lat' dir='ltr'><strong>suadent</strong></span> <span class='ocrx_word' id='word_1_655' title='bbox 549 5264 610 5300; x_wconf 81' lang='lat' dir='ltr'><strong>ea</strong></span> <span class='ocrx_word' id='word_1_656' title='bbox 637 5264 756 5314; x_wconf 67' lang='lat' dir='ltr'><strong>quae</strong></span> <span class='ocrx_word' id='word_1_657' title='bbox 783 5250 896 5317; x_wconf 88' lang='lat' dir='ltr'><strong>ipse</strong></span> <span class='ocrx_word' id='word_1_658' title='bbox 925 5249 1086 5301; x_wconf 86' lang='lat' dir='ltr'><strong>habet</strong></span> <span class='ocrx_word' id='word_1_659' title='bbox 1116 5247 1209 5317; x_wconf 63' lang='lat' dir='ltr'><strong>lib,</strong></span> <span class='ocrx_word' id='word_1_660' title='bbox 1243 5261 1295 5299; x_wconf 87' lang='lat' dir='ltr'><strong>tv</strong></span> <span class='ocrx_word' id='word_1_661' title='bbox 1329 5244 1404 5298; x_wconf 88' lang='lat' dir='ltr'><strong>De</strong></span> <span class='ocrx_word' id='word_1_662' title='bbox 1424 5245 1708 5317; x_wconf 75' lang='lat' dir='ltr'><strong>principiis</strong></span> <span class='ocrx_word' id='word_1_663' title='bbox 1732 5259 1750 5297; x_wconf 91' lang='lat'><em>:</em></span> <span class='ocrx_word' id='word_1_664' title='bbox 1779 5245 1876 5317; x_wconf 87' lang='grc' dir='ltr'><em>Τίς</em></span> 
     </span>
    </p>
   </div>
   <div class='ocr_carea' id='block_1_84' title="bbox 288 5314 1876 5392">
    <p class='ocr_par' dir='ltr' id='par_1_84' title="bbox 288 5314 1876 5392">
     <span class='ocr_line' id='line_1_84' title="bbox 288 5314 1876 5392; baseline -0.004 -18"><span class='ocrx_word' id='word_1_665' title='bbox 288 5320 423 5392; x_wconf 82' lang='grc' dir='ltr'><em>γοῦν</em></span> <span class='ocrx_word' id='word_1_666' title='bbox 465 5317 590 5392; x_wconf 66' lang='grc' dir='ltr'><em>νοῦν</em></span> <span class='ocrx_word' id='word_1_667' title='bbox 610 5314 1057 5392; x_wconf 36' lang='grc' dir='ltr'><strong>⁸ἕχωνξοίήσεται</strong></span> <span class='ocrx_word' id='word_1_668' title='bbox 1095 5315 1317 5392; x_wconf 71' lang='grc' dir='ltr'><em>πρωτην</em></span> <span class='ocrx_word' id='word_1_669' title='bbox 1350 5315 1445 5392; x_wconf 76' lang='grc' dir='ltr'><em>καὶ</em></span> <span class='ocrx_word' id='word_1_670' title='bbox 1478 5314 1876 5392; x_wconf 34' lang='grc' dir='ltr'><em>δευτέραν-,καὶ</em></span> 
     </span>
    </p>
   </div>
   <div class='ocr_carea' id='block_1_85' title="bbox 289 5385 1872 5471">
    <p class='ocr_par' dir='ltr' id='par_1_85' title="bbox 289 5385 1872 5471">
     <span class='ocr_line' id='line_1_85' title="bbox 289 5385 1872 5471; baseline -0.005 -26"><span class='ocrx_word' id='word_1_671' title='bbox 289 5385 480 5471; x_wconf 70' lang='grc' dir='ltr'><em>τρίτην</em></span> <span class='ocrx_word' id='word_1_672' title='bbox 515 5385 746 5471; x_wconf 69' lang='grc' dir='ltr'><em>ἡμέραν,</em></span> <span class='ocrx_word' id='word_1_673' title='bbox 773 5385 1010 5471; x_wconf 36' lang='grc' dir='ltr'><em>ὲσςιτιέραν</em></span> <span class='ocrx_word' id='word_1_674' title='bbox 1037 5405 1095 5441; x_wconf 86' lang='grc' dir='ltr'><strong>τε</strong></span> <span class='ocrx_word' id='word_1_675' title='bbox 1113 5385 1227 5471; x_wconf 32' lang='grc' dir='ltr'><em>,καὶ</em></span> <span class='ocrx_word' id='word_1_676' title='bbox 1260 5385 1471 5458; x_wconf 74' lang='grc' dir='ltr'><em>πρωῒαν</em></span> <span class='ocrx_word' id='word_1_677' title='bbox 1491 5387 1688 5471; x_wconf 42' lang='grc' dir='ltr'><strong>ιχωρίς</strong></span> <span class='ocrx_word' id='word_1_678' title='bbox 1722 5385 1872 5471; x_wconf 75' lang='grc' dir='ltr'><em>ηλίου</em></span> 
     </span>
    </p>
   </div>
   <div class='ocr_carea' id='block_1_86' title="bbox 291 5455 1871 5533">
    <p class='ocr_par' dir='ltr' id='par_1_86' title="bbox 291 5455 1871 5533">
     <span class='ocr_line' id='line_1_86' title="bbox 291 5455 1871 5533; baseline -0.004 -19"><span class='ocrx_word' id='word_1_679' title='bbox 291 5455 736 5533; x_wconf 33' lang='grc' dir='ltr'><em>γὲγώένάὶίκαὶ</em></span> <span class='ocrx_word' id='word_1_680' title='bbox 771 5455 998 5533; x_wconf 75' lang='grc' dir='ltr'><em>σελήνης</em></span> <span class='ocrx_word' id='word_1_681' title='bbox 1043 5460 1136 5533; x_wconf 64' lang='grc' dir='ltr'><em>κερ.</em></span> <span class='ocrx_word' id='word_1_682' title='bbox 1168 5455 1551 5533; x_wconf 37' lang='grc' dir='ltr'><em>ἄστρωνητὴν</em></span> <span class='ocrx_word' id='word_1_683' title='bbox 1601 5455 1658 5509; x_wconf 85' lang='grc' dir='ltr'><em>δὲ</em></span> <span class='ocrx_word' id='word_1_684' title='bbox 1709 5455 1871 5533; x_wconf 72' lang='grc' dir='ltr'><em>οἱονεὶ</em></span> 
     </span>
    </p>
   </div>
   <div class='ocr_carea' id='block_1_87' title="bbox 289 5526 1870 5604">
    <p class='ocr_par' dir='ltr' id='par_1_87' title="bbox 289 5526 1870 5604">
     <span class='ocr_line' id='line_1_87' title="bbox 289 5526 1870 5604; baseline -0.006 -18"><span class='ocrx_word' id='word_1_685' title='bbox 289 5526 515 5604; x_wconf 66' lang='grc' dir='ltr'><em>ἀτρὶξιτην</em></span> <span class='ocrx_word' id='word_1_686' title='bbox 563 5529 658 5604; x_wconf 75' lang='grc' dir='ltr'><em>κα“ι</em></span> <span class='ocrx_word' id='word_1_687' title='bbox 686 5530 853 5600; x_wconf 75' lang='grc' dir='ltr'><em>χωρὶς</em></span> <span class='ocrx_word' id='word_1_688' title='bbox 888 5526 1164 5604; x_wconf 40' lang='grc' dir='ltr'><em>οὐρανοῦ)</em></span> <span class='ocrx_word' id='word_1_689' title='bbox 1203 5526 1333 5592; x_wconf 84' lang='lat' dir='ltr'><strong>Quis</strong></span> <span class='ocrx_word' id='word_1_690' title='bbox 1364 5526 1526 5604; x_wconf 75' lang='lat' dir='ltr'><strong>igitur</strong></span> <span class='ocrx_word' id='word_1_691' title='bbox 1559 5543 1720 5604; x_wconf 60' lang='lat' dir='ltr'><strong>satius</strong></span> <span class='ocrx_word' id='word_1_692' title='bbox 1753 5527 1870 5579; x_wconf 74' lang='lat' dir='ltr'><strong>exi-</strong></span> 
     </span>
    </p>
   </div>
   <div class='ocr_carea' id='block_1_88' title="bbox 290 5595 1869 5668">
    <p class='ocr_par' dir='ltr' id='par_1_88' title="bbox 290 5595 1869 5668">
     <span class='ocr_line' id='line_1_88' title="bbox 290 5595 1869 5668; baseline -0.007 -11"><span class='ocrx_word' id='word_1_693' title='bbox 290 5595 529 5657; x_wconf 74' lang='lat' dir='ltr'><strong>stimabit</strong></span> <span class='ocrx_word' id='word_1_694' title='bbox 577 5595 804 5668; x_wconf 78' lang='lat' dir='ltr'><strong>primam</strong></span> <span class='ocrx_word' id='word_1_695' title='bbox 835 5610 882 5651; x_wconf 90' lang='lat' dir='ltr'><strong>et</strong></span> <span class='ocrx_word' id='word_1_696' title='bbox 939 5595 1221 5668; x_wconf 73' lang='lat' dir='ltr'><strong>secundam</strong></span> <span class='ocrx_word' id='word_1_697' title='bbox 1254 5606 1301 5650; x_wconf 89' lang='lat' dir='ltr'><strong>et</strong></span> <span class='ocrx_word' id='word_1_698' title='bbox 1347 5597 1557 5649; x_wconf 85' lang='lat' dir='ltr'><strong>tertiam</strong></span> <span class='ocrx_word' id='word_1_699' title='bbox 1605 5595 1776 5661; x_wconf 79' lang='lat' dir='ltr'><strong>diem,</strong></span> <span class='ocrx_word' id='word_1_700' title='bbox 1821 5604 1869 5668; x_wconf 80' lang='lat' dir='ltr'><strong>et</strong></span> 
     </span>
    </p>
   </div>
   <div class='ocr_carea' id='block_1_89' title="bbox 293 5667 1870 5740">
    <p class='ocr_par' dir='ltr' id='par_1_89' title="bbox 293 5667 1870 5740">
     <span class='ocr_line' id='line_1_89' title="bbox 293 5667 1870 5740; baseline -0.007 -13"><span class='ocrx_word' id='word_1_701' title='bbox 293 5686 557 5740; x_wconf 82' lang='lat' dir='ltr'><strong>vesperam</strong></span> <span class='ocrx_word' id='word_1_702' title='bbox 579 5667 642 5722; x_wconf 78' lang='lat' dir='ltr'><strong>et</strong></span> <span class='ocrx_word' id='word_1_703' title='bbox 674 5684 828 5722; x_wconf 82' lang='lat' dir='ltr'><strong>mane</strong></span> <span class='ocrx_word' id='word_1_704' title='bbox 855 5671 964 5722; x_wconf 84' lang='lat' dir='ltr'><strong>sine</strong></span> <span class='ocrx_word' id='word_1_705' title='bbox 997 5669 1134 5740; x_wconf 78' lang='lat' dir='ltr'><strong>sole,</strong></span> <span class='ocrx_word' id='word_1_706' title='bbox 1162 5667 1313 5740; x_wconf 69' lang='lat' dir='ltr'><strong>luna,</strong></span> <span class='ocrx_word' id='word_1_707' title='bbox 1357 5676 1404 5720; x_wconf 86' lang='lat' dir='ltr'><strong>et</strong></span> <span class='ocrx_word' id='word_1_708' title='bbox 1441 5668 1624 5740; x_wconf 73' lang='lat' dir='ltr'><strong>astris,</strong></span> <span class='ocrx_word' id='word_1_709' title='bbox 1662 5676 1709 5718; x_wconf 88' lang='lat' dir='ltr'><strong>et</strong></span> <span class='ocrx_word' id='word_1_710' title='bbox 1730 5667 1870 5740; x_wconf 83' lang='lat' dir='ltr'><strong>__pri-</strong></span> 
     </span>
    </p>
   </div>
   <div class='ocr_carea' id='block_1_90' title="bbox 295 5736 1868 5806">
    <p class='ocr_par' dir='ltr' id='par_1_90' title="bbox 295 5736 1868 5806">
     <span class='ocr_line' id='line_1_90' title="bbox 295 5736 1868 5806; baseline -0.004 -10"><span class='ocrx_word' id='word_1_711' title='bbox 295 5736 430 5796; x_wconf 85' lang='lat' dir='ltr'><strong>mam</strong></span> <span class='ocrx_word' id='word_1_712' title='bbox 463 5741 613 5792; x_wconf 78' lang='lat' dir='ltr'><strong>illaut</strong></span> <span class='ocrx_word' id='word_1_713' title='bbox 659 5741 771 5793; x_wconf 82' lang='lat' dir='ltr'><strong>sine</strong></span> <span class='ocrx_word' id='word_1_714' title='bbox 801 5740 927 5792; x_wconf 72' lang='lat' dir='ltr'><strong>caelo</strong></span> <span class='ocrx_word' id='word_1_715' title='bbox 979 5737 1184 5806; x_wconf 75' lang='lat' dir='ltr'><strong>fuisse?</strong></span> <span class='ocrx_word' id='word_1_716' title='bbox 1227 5737 1290 5789; x_wconf 77' lang='grc' dir='ltr'><em>Ει</em></span> <span class='ocrx_word' id='word_1_717' title='bbox 1342 5751 1460 5802; x_wconf 64' lang='lat' dir='ltr'><strong>quae</strong></span> <span class='ocrx_word' id='word_1_718' title='bbox 1512 5737 1674 5790; x_wconf 82' lang='lat' dir='ltr'><strong>habet</strong></span> <span class='ocrx_word' id='word_1_719' title='bbox 1730 5736 1868 5789; x_wconf 82' lang='lat' dir='ltr'><strong>libro</strong></span> 
     </span>
    </p>
   </div>
   <div class='ocr_carea' id='block_1_91' title="bbox 291 5806 1868 5877">
    <p class='ocr_par' dir='ltr' id='par_1_91' title="bbox 291 5806 1868 5877">
     <span class='ocr_line' id='line_1_91' title="bbox 291 5806 1868 5877; baseline -0.004 -9"><span class='ocrx_word' id='word_1_720' title='bbox 291 5823 448 5868; x_wconf 77' lang='lat' dir='ltr'><strong>sexto</strong></span> <span class='ocrx_word' id='word_1_721' title='bbox 489 5819 674 5867; x_wconf 85' lang='lat' dir='ltr'><strong>contra</strong></span> <span class='ocrx_word' id='word_1_722' title='bbox 709 5807 940 5877; x_wconf 85' lang='lat' dir='ltr'><strong>Celsum,</strong></span> <span class='ocrx_word' id='word_1_723' title='bbox 975 5824 1124 5864; x_wconf 91' lang='lat' dir='ltr'><strong>num.</strong></span> <span class='ocrx_word' id='word_1_724' title='bbox 1147 5806 1235 5862; x_wconf 82' lang='lat'><strong>60.</strong></span> <span class='ocrx_word' id='word_1_725' title='bbox 1275 5807 1406 5864; x_wconf 84' lang='lat' dir='ltr'><strong>Vide</strong></span> <span class='ocrx_word' id='word_1_726' title='bbox 1457 5807 1657 5863; x_wconf 88' lang='lat' dir='ltr'><strong>locum.</strong></span> <span class='ocrx_word' id='word_1_727' title='bbox 1693 5806 1868 5862; x_wconf 66' lang='lat' dir='ltr'><strong>Caete-</strong></span> 
     </span>
    </p>
   </div>
   <div class='ocr_carea' id='block_1_92' title="bbox 1900 4411 1947 4465">
    <p class='ocr_par' dir='ltr' id='par_1_92' title="bbox 1900 4411 1947 4465">
     <span class='ocr_line' id='line_1_92' title="bbox 1900 4411 1947 4465; baseline 0 0"><span class='ocrx_word' id='word_1_728' title='bbox 1900 4411 1947 4465; x_wconf 78' lang='grc' dir='ltr'><strong>Β</strong></span> 
     </span>
    </p>
   </div>
   <div class='ocr_carea' id='block_1_93' title="bbox 1987 3223 3573 3295">
    <p class='ocr_par' dir='ltr' id='par_1_93' title="bbox 1987 3223 3573 3295">
     <span class='ocr_line' id='line_1_93' title="bbox 1987 3223 3573 3295; baseline 0 -13"><span class='ocrx_word' id='word_1_729' title='bbox 1987 3243 2164 3282; x_wconf 89' lang='lat' dir='ltr'><strong>rerum</strong></span> <span class='ocrx_word' id='word_1_730' title='bbox 2200 3241 2322 3295; x_wconf 76' lang='lat' dir='ltr'><strong>quze</strong></span> <span class='ocrx_word' id='word_1_731' title='bbox 2356 3227 2408 3279; x_wconf 91' lang='lat' dir='ltr'><strong>in</strong></span> <span class='ocrx_word' id='word_1_732' title='bbox 2455 3225 2561 3279; x_wconf 91' lang='lat' dir='ltr'><strong>illis</strong></span> <span class='ocrx_word' id='word_1_733' title='bbox 2614 3223 2773 3278; x_wconf 66' lang='lat' dir='ltr'><strong>factm</strong></span> <span class='ocrx_word' id='word_1_734' title='bbox 2831 3236 2978 3288; x_wconf 85' lang='lat' dir='ltr'><strong>sunt,</strong></span> <span class='ocrx_word' id='word_1_735' title='bbox 3022 3240 3305 3279; x_wconf 88' lang='lat' dir='ltr'><strong>numerum</strong></span> <span class='ocrx_word' id='word_1_736' title='bbox 3364 3226 3573 3282; x_wconf 82' lang='lat' dir='ltr'><strong>dictum</strong></span> 
     </span>
    </p>
   </div>
   <div class='ocr_carea' id='block_1_94' title="bbox 1983 3315 3573 3388">
    <p class='ocr_par' dir='ltr' id='par_1_94' title="bbox 1983 3315 3573 3388">
     <span class='ocr_line' id='line_1_94' title="bbox 1983 3315 3573 3388; baseline 0.001 -16"><span class='ocrx_word' id='word_1_737' title='bbox 1983 3328 2196 3388; x_wconf 86' lang='lat' dir='ltr'><strong>putant.</strong></span> <span class='ocrx_word' id='word_1_738' title='bbox 2248 3317 2311 3371; x_wconf 86' lang='lat' dir='ltr'><strong>Hi</strong></span> <span class='ocrx_word' id='word_1_739' title='bbox 2371 3315 2729 3387; x_wconf 85' lang='lat' dir='ltr'><strong>probabiliter</strong></span> <span class='ocrx_word' id='word_1_740' title='bbox 2777 3315 3105 3369; x_wconf 85' lang='lat' dir='ltr'><strong>sententiam</strong></span> <span class='ocrx_word' id='word_1_741' title='bbox 3161 3317 3446 3372; x_wconf 88' lang='lat' dir='ltr'><strong>stabiliunt</strong></span> <span class='ocrx_word' id='word_1_742' title='bbox 3509 3335 3573 3374; x_wconf 84' lang='lat' dir='ltr'><strong>ea</strong></span> 
     </span>
    </p>
   </div>
   <div class='ocr_carea' id='block_1_95' title="bbox 1982 3405 3575 3477">
    <p class='ocr_par' dir='ltr' id='par_1_95' title="bbox 1982 3405 3575 3477">
     <span class='ocr_line' id='line_1_95' title="bbox 1982 3405 3575 3477; baseline -0.001 -15"><span class='ocrx_word' id='word_1_743' title='bbox 1982 3409 2304 3463; x_wconf 87' lang='lat' dir='ltr'><strong>auctoritate</strong></span> <span class='ocrx_word' id='word_1_744' title='bbox 2332 3422 2440 3477; x_wconf 87' lang='lat' dir='ltr'><strong>qua</strong></span> <span class='ocrx_word' id='word_1_745' title='bbox 2477 3407 2680 3461; x_wconf 86' lang='lat' dir='ltr'><strong>dictum</strong></span> <span class='ocrx_word' id='word_1_746' title='bbox 2703 3413 2819 3458; x_wconf 88' lang='lat' dir='ltr'><strong>est:</strong></span> <span class='ocrx_word' id='word_1_747' title='bbox 2849 3405 2968 3472; x_wconf 83' lang='lat' dir='ltr'><strong>Ipse</strong></span> <span class='ocrx_word' id='word_1_748' title='bbox 2992 3405 3151 3469; x_wconf 74' lang='lat' dir='ltr'><strong>dixit,</strong></span> <span class='ocrx_word' id='word_1_749' title='bbox 3175 3415 3226 3459; x_wconf 85' lang='lat' dir='ltr'><strong>et</strong></span> <span class='ocrx_word' id='word_1_750' title='bbox 3253 3407 3398 3474; x_wconf 77' lang='lat' dir='ltr'><strong>facta</strong></span> <span class='ocrx_word' id='word_1_751' title='bbox 3427 3418 3575 3474; x_wconf 80' lang='lat' dir='ltr'><strong>sunt;</strong></span> 
     </span>
    </p>
   </div>
   <div class='ocr_carea' id='block_1_96' title="bbox 1982 3499 2969 3570">
    <p class='ocr_par' dir='ltr' id='par_1_96' title="bbox 1982 3499 2969 3570">
     <span class='ocr_line' id='line_1_96' title="bbox 1982 3499 2969 3570; baseline -0.002 -14"><span class='ocrx_word' id='word_1_752' title='bbox 1982 3503 2092 3570; x_wconf 83' lang='lat' dir='ltr'><strong>ipse</strong></span> <span class='ocrx_word' id='word_1_753' title='bbox 2133 3501 2426 3565; x_wconf 80' lang='lat' dir='ltr'><strong>mandavit,</strong></span> <span class='ocrx_word' id='word_1_754' title='bbox 2455 3510 2500 3554; x_wconf 91' lang='lat' dir='ltr'><strong>et</strong></span> <span class='ocrx_word' id='word_1_755' title='bbox 2530 3509 2708 3552; x_wconf 87' lang='lat' dir='ltr'><strong>creata</strong></span> <span class='ocrx_word' id='word_1_756' title='bbox 2744 3508 2862 3552; x_wconf 89' lang='lat' dir='ltr'><strong>sunt</strong></span> <span class='ocrx_word' id='word_1_757' title='bbox 2899 3499 2969 3554; x_wconf 79' lang='grc'><strong>⁷⁷.</strong></span> 
     </span>
    </p>
   </div>
   <div class='ocr_carea' id='block_1_97' title="bbox 2059 3590 3574 3663">
    <p class='ocr_par' dir='ltr' id='par_1_97' title="bbox 2059 3590 3574 3663">
     <span class='ocr_line' id='line_1_97' title="bbox 2059 3590 3574 3663; baseline -0.002 -15"><span class='ocrx_word' id='word_1_758' title='bbox 2059 3595 2164 3649; x_wconf 83' lang='lat' dir='ltr'><strong>llic</strong></span> <span class='ocrx_word' id='word_1_759' title='bbox 2191 3605 2265 3649; x_wconf 88' lang='lat' dir='ltr'><strong>est</strong></span> <span class='ocrx_word' id='word_1_760' title='bbox 2294 3595 2426 3647; x_wconf 88' lang='lat' dir='ltr'><strong>liber</strong></span> <span class='ocrx_word' id='word_1_761' title='bbox 2458 3593 2813 3663; x_wconf 76' lang='lat' dir='ltr'><strong>generationis</strong></span> <span class='ocrx_word' id='word_1_762' title='bbox 2854 3590 2971 3644; x_wconf 68' lang='lat' dir='ltr'><strong>caeli</strong></span> <span class='ocrx_word' id='word_1_763' title='bbox 3000 3600 3048 3644; x_wconf 89' lang='lat' dir='ltr'><strong>et</strong></span> <span class='ocrx_word' id='word_1_764' title='bbox 3084 3601 3261 3656; x_wconf 69' lang='lat' dir='ltr'><strong>terrae,</strong></span> <span class='ocrx_word' id='word_1_765' title='bbox 3284 3608 3403 3645; x_wconf 86' lang='lat' dir='ltr'><strong>cum</strong></span> <span class='ocrx_word' id='word_1_766' title='bbox 3429 3593 3574 3659; x_wconf 81' lang='lat' dir='ltr'><strong>faeta</strong></span> 
     </span>
    </p>
   </div>
   <div class='ocr_carea' id='block_1_98' title="bbox 1983 3682 3571 3755">
    <p class='ocr_par' dir='ltr' id='par_1_98' title="bbox 1983 3682 3571 3755">
     <span class='ocr_line' id='line_1_98' title="bbox 1983 3682 3571 3755; baseline -0.001 -15"><span class='ocrx_word' id='word_1_767' title='bbox 1983 3696 2104 3740; x_wconf 87' lang='lat' dir='ltr'><strong>sunt</strong></span> <span class='ocrx_word' id='word_1_768' title='bbox 2125 3702 2143 3740; x_wconf 91' lang='lat'><strong><em>:</em></strong></span> <span class='ocrx_word' id='word_1_769' title='bbox 2167 3703 2272 3755; x_wconf 89' lang='lat' dir='ltr'><strong>qua</strong></span> <span class='ocrx_word' id='word_1_770' title='bbox 2290 3686 2373 3739; x_wconf 86' lang='lat' dir='ltr'><strong>die</strong></span> <span class='ocrx_word' id='word_1_771' title='bbox 2395 3685 2515 3755; x_wconf 83' lang='lat' dir='ltr'><strong>fecit</strong></span> <span class='ocrx_word' id='word_1_772' title='bbox 2540 3683 2798 3737; x_wconf 87' lang='lat' dir='ltr'><strong>Dominus</strong></span> <span class='ocrx_word' id='word_1_773' title='bbox 2826 3682 2963 3736; x_wconf 85' lang='lat' dir='ltr'><strong>Deus</strong></span> <span class='ocrx_word' id='word_1_774' title='bbox 2990 3682 3174 3735; x_wconf 70' lang='lat' dir='ltr'><strong>calum</strong></span> <span class='ocrx_word' id='word_1_775' title='bbox 3207 3692 3255 3736; x_wconf 92' lang='lat' dir='ltr'><strong>et</strong></span> <span class='ocrx_word' id='word_1_776' title='bbox 3281 3692 3474 3736; x_wconf 88' lang='lat' dir='ltr'><strong>terram</strong></span> <span class='ocrx_word' id='word_1_777' title='bbox 3502 3683 3571 3738; x_wconf 75' lang='grc'><strong>’⁸.</strong></span> 
     </span>
    </p>
   </div>
   <div class='ocr_carea' id='block_1_99' title="bbox 1984 3773 3572 3845">
    <p class='ocr_par' dir='ltr' id='par_1_99' title="bbox 1984 3773 3572 3845">
     <span class='ocr_line' id='line_1_99' title="bbox 1984 3773 3572 3845; baseline -0.005 -12"><span class='ocrx_word' id='word_1_778' title='bbox 1984 3778 2109 3833; x_wconf 68' lang='grc' dir='ltr'><strong>ΙΙωο</strong></span> <span class='ocrx_word' id='word_1_779' title='bbox 2144 3792 2268 3840; x_wconf 88' lang='lat' dir='ltr'><strong>vox,</strong></span> <span class='ocrx_word' id='word_1_780' title='bbox 2297 3776 2451 3840; x_wconf 85' lang='lat' dir='ltr'><strong>liber,</strong></span> <span class='ocrx_word' id='word_1_781' title='bbox 2479 3776 2586 3829; x_wconf 90' lang='lat' dir='ltr'><strong>hoc</strong></span> <span class='ocrx_word' id='word_1_782' title='bbox 2616 3775 2738 3828; x_wconf 88' lang='lat' dir='ltr'><strong>loco</strong></span> <span class='ocrx_word' id='word_1_783' title='bbox 2774 3790 2881 3828; x_wconf 93' lang='lat' dir='ltr'><strong>non</strong></span> <span class='ocrx_word' id='word_1_784' title='bbox 2907 3783 3085 3829; x_wconf 84' lang='lat' dir='ltr'><strong>exstat</strong></span> <span class='ocrx_word' id='word_1_785' title='bbox 3116 3777 3256 3845; x_wconf 87' lang='lat' dir='ltr'><strong>apml</strong></span> <span class='ocrx_word' id='word_1_786' title='bbox 3281 3773 3572 3838; x_wconf 67' lang='lat' dir='ltr'><strong>Hebraros;</strong></span> 
     </span>
    </p>
   </div>
   <div class='ocr_carea' id='block_1_100' title="bbox 1981 3865 3574 3938">
    <p class='ocr_par' dir='ltr' id='par_1_100' title="bbox 1981 3865 3574 3938">
     <span class='ocr_line' id='line_1_100' title="bbox 1981 3865 3574 3938; baseline -0.011 -4"><span class='ocrx_word' id='word_1_787' title='bbox 1981 3881 2076 3934; x_wconf 86' lang='lat' dir='ltr'><strong>sed</strong></span> <span class='ocrx_word' id='word_1_788' title='bbox 2109 3892 2301 3933; x_wconf 87' lang='lat' dir='ltr'><strong>errore</strong></span> <span class='ocrx_word' id='word_1_789' title='bbox 2333 3876 2544 3930; x_wconf 63' lang='lat' dir='ltr'><strong>Hebraei</strong></span> <span class='ocrx_word' id='word_1_790' title='bbox 2602 3875 2810 3929; x_wconf 90' lang='lat' dir='ltr'><strong>librarii</strong></span> <span class='ocrx_word' id='word_1_791' title='bbox 2858 3873 3067 3938; x_wconf 87' lang='lat' dir='ltr'><strong>adjecta</strong></span> <span class='ocrx_word' id='word_1_792' title='bbox 3105 3878 3208 3932; x_wconf 89' lang='lat' dir='ltr'><strong>est,</strong></span> <span class='ocrx_word' id='word_1_793' title='bbox 3251 3865 3463 3933; x_wconf 83' lang='lat' dir='ltr'><strong>decepti</strong></span> <span class='ocrx_word' id='word_1_794' title='bbox 3498 3866 3574 3918; x_wconf 86' lang='lat' dir='ltr'><strong>si-</strong></span> 
     </span>
    </p>
   </div>
   <div class='ocr_carea' id='block_1_101' title="bbox 1982 3957 3575 4036">
    <p class='ocr_par' dir='ltr' id='par_1_101' title="bbox 1982 3957 3575 4036">
     <span class='ocr_line' id='line_1_101' title="bbox 1982 3957 3575 4036; baseline -0.012 -11"><span class='ocrx_word' id='word_1_795' title='bbox 1982 3971 2289 4025; x_wconf 86' lang='lat' dir='ltr'><strong>militudine</strong></span> <span class='ocrx_word' id='word_1_796' title='bbox 2343 3969 2446 4023; x_wconf 90' lang='lat' dir='ltr'><strong>loei</strong></span> <span class='ocrx_word' id='word_1_797' title='bbox 2496 3968 2639 4022; x_wconf 87' lang='lat' dir='ltr'><strong>illius</strong></span> <span class='ocrx_word' id='word_1_798' title='bbox 2687 3965 2860 4036; x_wconf 88' lang='lat' dir='ltr'><strong>(Gen.</strong></span> <span class='ocrx_word' id='word_1_799' title='bbox 2905 3980 2959 4026; x_wconf 88' lang='lat' dir='ltr'><strong>v,</strong></span> <span class='ocrx_word' id='word_1_800' title='bbox 3004 3961 3100 4030; x_wconf 80' lang='lat'><strong>1,)</strong></span> <span class='ocrx_word' id='word_1_801' title='bbox 3133 3961 3186 4014; x_wconf 92' lang='lat' dir='ltr'><strong>in</strong></span> <span class='ocrx_word' id='word_1_802' title='bbox 3233 3973 3340 4027; x_wconf 89' lang='lat' dir='ltr'><strong>quo</strong></span> <span class='ocrx_word' id='word_1_803' title='bbox 3377 3957 3575 4027; x_wconf 71' lang='lat' dir='ltr'><strong>legitur</strong></span> 
     </span>
    </p>
   </div>
   <div class='ocr_carea' id='block_1_102' title="bbox 1983 4051 3569 4132">
    <p class='ocr_par' dir='ltr' id='par_1_102' title="bbox 1983 4051 3569 4132">
     <span class='ocr_line' id='line_1_102' title="bbox 1983 4051 3569 4132; baseline -0.011 -16"><span class='ocrx_word' id='word_1_804' title='bbox 1983 4065 2123 4132; x_wconf 85' lang='lat' dir='ltr'><strong>apud</strong></span> <span class='ocrx_word' id='word_1_805' title='bbox 2166 4063 2412 4130; x_wconf 78' lang='lat' dir='ltr'><strong>Aquilam</strong></span> <span class='ocrx_word' id='word_1_806' title='bbox 2439 4063 2694 4128; x_wconf 85' lang='lat' dir='ltr'><strong>quidem:</strong></span> <span class='ocrx_word' id='word_1_807' title='bbox 2738 4058 2843 4112; x_wconf 81' lang='lat' dir='ltr'><strong>Hic</strong></span> <span class='ocrx_word' id='word_1_808' title='bbox 2877 4067 2954 4111; x_wconf 85' lang='lat' dir='ltr'><strong>est</strong></span> <span class='ocrx_word' id='word_1_809' title='bbox 3004 4055 3136 4108; x_wconf 85' lang='lat' dir='ltr'><strong>liber</strong></span> <span class='ocrx_word' id='word_1_810' title='bbox 3175 4051 3569 4122; x_wconf 85' lang='lat' dir='ltr'><strong>generationum</strong></span> 
     </span>
    </p>
   </div>
   <div class='ocr_carea' id='block_1_103' title="bbox 1984 4141 3572 4222">
    <p class='ocr_par' dir='ltr' id='par_1_103' title="bbox 1984 4141 3572 4222">
     <span class='ocr_line' id='line_1_103' title="bbox 1984 4141 3572 4222; baseline -0.008 -16"><span class='ocrx_word' id='word_1_811' title='bbox 1984 4155 2193 4217; x_wconf 81' lang='lat' dir='ltr'><strong>Adam;</strong></span> <span class='ocrx_word' id='word_1_812' title='bbox 2234 4153 2374 4222; x_wconf 87' lang='lat' dir='ltr'><strong>apud</strong></span> <span class='ocrx_word' id='word_1_813' title='bbox 2415 4149 2580 4215; x_wconf 78' lang='lat' dir='ltr'><strong>LXX,</strong></span> <span class='ocrx_word' id='word_1_814' title='bbox 2610 4164 2772 4204; x_wconf 88' lang='lat' dir='ltr'><strong>vero:</strong></span> <span class='ocrx_word' id='word_1_815' title='bbox 2806 4147 2911 4201; x_wconf 80' lang='lat' dir='ltr'><strong>Hic</strong></span> <span class='ocrx_word' id='word_1_816' title='bbox 2957 4155 3034 4200; x_wconf 85' lang='lat' dir='ltr'><strong>est</strong></span> <span class='ocrx_word' id='word_1_817' title='bbox 3060 4146 3195 4198; x_wconf 84' lang='lat' dir='ltr'><strong>liber</strong></span> <span class='ocrx_word' id='word_1_818' title='bbox 3219 4141 3572 4212; x_wconf 84' lang='lat' dir='ltr'><strong>generationis</strong></span> 
     </span>
    </p>
   </div>
   <div class='ocr_carea' id='block_1_104' title="bbox 1985 4233 3568 4298">
    <p class='ocr_par' dir='ltr' id='par_1_104' title="bbox 1985 4233 3568 4298">
     <span class='ocr_line' id='line_1_104' title="bbox 1985 4233 3568 4298; baseline -0.008 -2"><span class='ocrx_word' id='word_1_819' title='bbox 1985 4246 2278 4298; x_wconf 79' lang='lat' dir='ltr'><strong>hom-&quot;num.</strong></span> <span class='ocrx_word' id='word_1_820' title='bbox 2317 4241 2537 4295; x_wconf 85' lang='lat' dir='ltr'><strong>Putavit</strong></span> <span class='ocrx_word' id='word_1_821' title='bbox 2559 4243 2703 4294; x_wconf 89' lang='lat' dir='ltr'><strong>enim</strong></span> <span class='ocrx_word' id='word_1_822' title='bbox 2728 4241 2892 4294; x_wconf 84' lang='lat' dir='ltr'><strong>etiam</strong></span> <span class='ocrx_word' id='word_1_823' title='bbox 2917 4240 3020 4292; x_wconf 84' lang='lat' dir='ltr'><strong>hoe</strong></span> <span class='ocrx_word' id='word_1_824' title='bbox 3045 4240 3164 4290; x_wconf 86' lang='lat' dir='ltr'><strong>luco</strong></span> <span class='ocrx_word' id='word_1_825' title='bbox 3183 4249 3395 4296; x_wconf 87' lang='lat' dir='ltr'><strong>vocem,</strong></span> <span class='ocrx_word' id='word_1_826' title='bbox 3417 4233 3568 4295; x_wconf 87' lang='lat' dir='ltr'><strong>liber,</strong></span> 
     </span>
    </p>
   </div>
   <div class='ocr_carea' id='block_1_105' title="bbox 1987 4320 3426 4403">
    <p class='ocr_par' dir='ltr' id='par_1_105' title="bbox 1987 4320 3426 4403">
     <span class='ocr_line' id='line_1_105' title="bbox 1987 4320 3426 4403; baseline -0.008 -14"><span class='ocrx_word' id='word_1_827' title='bbox 1987 4334 2419 4403; x_wconf 73' lang='lat' dir='ltr'><strong>prmtermissam</strong></span> <span class='ocrx_word' id='word_1_828' title='bbox 2445 4332 2634 4399; x_wconf 79' lang='lat' dir='ltr'><strong>fuisse,</strong></span> <span class='ocrx_word' id='word_1_829' title='bbox 2662 4343 2827 4400; x_wconf 87' lang='lat' dir='ltr'><strong>atque</strong></span> <span class='ocrx_word' id='word_1_830' title='bbox 2861 4329 2996 4383; x_wconf 88' lang='lat' dir='ltr'><strong>adeo</strong></span> <span class='ocrx_word' id='word_1_831' title='bbox 3030 4320 3174 4381; x_wconf 86' lang='lat' dir='ltr'><strong>illam</strong></span> <span class='ocrx_word' id='word_1_832' title='bbox 3206 4323 3426 4392; x_wconf 77' lang='lat' dir='ltr'><strong>adjecit.</strong></span> 
     </span>
    </p>
   </div>
   <div class='ocr_carea' id='block_1_106' title="bbox 2058 4501 3571 4577">
    <p class='ocr_par' dir='ltr' id='par_1_106' title="bbox 2058 4501 3571 4577">
     <span class='ocr_line' id='line_1_106' title="bbox 2058 4501 3571 4577; baseline -0.006 -18"><span class='ocrx_word' id='word_1_833' title='bbox 2058 4507 2170 4577; x_wconf 75' lang='lat'><strong>28</strong></span> <span class='ocrx_word' id='word_1_834' title='bbox 2218 4506 2283 4559; x_wconf 84' lang='lat' dir='ltr'><strong>Et</strong></span> <span class='ocrx_word' id='word_1_835' title='bbox 2331 4505 2586 4574; x_wconf 73' lang='lat' dir='ltr'><strong>plantavit</strong></span> <span class='ocrx_word' id='word_1_836' title='bbox 2649 4504 2792 4558; x_wconf 87' lang='lat' dir='ltr'><strong>Deus</strong></span> <span class='ocrx_word' id='word_1_837' title='bbox 2839 4505 3144 4572; x_wconf 79' lang='lat' dir='ltr'><strong>paradisum</strong></span> <span class='ocrx_word' id='word_1_838' title='bbox 3193 4503 3248 4556; x_wconf 90' lang='lat' dir='ltr'><strong>in</strong></span> <span class='ocrx_word' id='word_1_839' title='bbox 3287 4501 3454 4555; x_wconf 83' lang='lat' dir='ltr'><strong>Edent</strong></span> <span class='ocrx_word' id='word_1_840' title='bbox 3503 4501 3571 4552; x_wconf 86' lang='lat' dir='ltr'><strong>ml</strong></span> 
     </span>
    </p>
   </div>
   <div class='ocr_carea' id='block_1_107' title="bbox 1987 4593 3568 4665">
    <p class='ocr_par' dir='ltr' id='par_1_107' title="bbox 1987 4593 3568 4665">
     <span class='ocr_line' id='line_1_107' title="bbox 1987 4593 3568 4665; baseline -0.001 -14"><span class='ocrx_word' id='word_1_841' title='bbox 1987 4601 2260 4661; x_wconf 86' lang='lat' dir='ltr'><strong>orientem,</strong></span> <span class='ocrx_word' id='word_1_842' title='bbox 2291 4608 2337 4651; x_wconf 87' lang='lat' dir='ltr'><strong>et</strong></span> <span class='ocrx_word' id='word_1_843' title='bbox 2385 4597 2556 4664; x_wconf 85' lang='lat' dir='ltr'><strong>posuit</strong></span> <span class='ocrx_word' id='word_1_844' title='bbox 2606 4597 2718 4650; x_wconf 89' lang='lat' dir='ltr'><strong>illic</strong></span> <span class='ocrx_word' id='word_1_845' title='bbox 2742 4597 3004 4650; x_wconf 75' lang='lat' dir='ltr'><strong>hominem</strong></span> <span class='ocrx_word' id='word_1_846' title='bbox 3037 4612 3188 4665; x_wconf 87' lang='lat' dir='ltr'><strong>quem</strong></span> <span class='ocrx_word' id='word_1_847' title='bbox 3223 4593 3568 4664; x_wconf 76' lang='lat' dir='ltr'><strong>formaverat.</strong></span> 
     </span>
    </p>
   </div>
   <div class='ocr_carea' id='block_1_108' title="bbox 1989 4686 3567 4756">
    <p class='ocr_par' dir='ltr' id='par_1_108' title="bbox 1989 4686 3567 4756">
     <span class='ocr_line' id='line_1_108' title="bbox 1989 4686 3567 4756; baseline -0.004 -14"><span class='ocrx_word' id='word_1_848' title='bbox 1989 4689 2055 4743; x_wconf 82' lang='lat' dir='ltr'><strong>Et</strong></span> <span class='ocrx_word' id='word_1_849' title='bbox 2089 4690 2342 4756; x_wconf 72' lang='lat' dir='ltr'><strong>produxit</strong></span> <span class='ocrx_word' id='word_1_850' title='bbox 2376 4689 2517 4742; x_wconf 87' lang='lat' dir='ltr'><strong>Deus</strong></span> <span class='ocrx_word' id='word_1_851' title='bbox 2544 4689 2734 4742; x_wconf 78' lang='lat' dir='ltr'><strong>iterum</strong></span> <span class='ocrx_word' id='word_1_852' title='bbox 2766 4705 2831 4743; x_wconf 76' lang='lat' dir='ltr'><strong>ea:</strong></span> <span class='ocrx_word' id='word_1_853' title='bbox 2867 4701 3008 4742; x_wconf 86' lang='lat' dir='ltr'><strong>terra</strong></span> <span class='ocrx_word' id='word_1_854' title='bbox 3037 4703 3186 4740; x_wconf 84' lang='lat' dir='ltr'><strong>omne</strong></span> <span class='ocrx_word' id='word_1_855' title='bbox 3221 4686 3419 4755; x_wconf 84' lang='lat' dir='ltr'><strong>lignum</strong></span> <span class='ocrx_word' id='word_1_856' title='bbox 3446 4686 3567 4751; x_wconf 86' lang='lat' dir='ltr'><strong>pul-</strong></span> 
     </span>
    </p>
   </div>
   <div class='ocr_carea' id='block_1_109' title="bbox 1986 4773 3568 4845">
    <p class='ocr_par' dir='ltr' id='par_1_109' title="bbox 1986 4773 3568 4845">
     <span class='ocr_line' id='line_1_109' title="bbox 1986 4773 3568 4845; baseline -0.005 -12"><span class='ocrx_word' id='word_1_857' title='bbox 1986 4781 2170 4833; x_wconf 83' lang='lat' dir='ltr'><strong>chrum</strong></span> <span class='ocrx_word' id='word_1_858' title='bbox 2200 4781 2269 4833; x_wconf 89' lang='lat' dir='ltr'><strong>ad</strong></span> <span class='ocrx_word' id='word_1_859' title='bbox 2318 4779 2624 4845; x_wconf 73' lang='lat' dir='ltr'><strong>ridendum,</strong></span> <span class='ocrx_word' id='word_1_860' title='bbox 2658 4790 2704 4834; x_wconf 88' lang='lat' dir='ltr'><strong>et</strong></span> <span class='ocrx_word' id='word_1_861' title='bbox 2737 4779 2930 4833; x_wconf 88' lang='lat' dir='ltr'><strong>bonum</strong></span> <span class='ocrx_word' id='word_1_862' title='bbox 2957 4778 3026 4831; x_wconf 87' lang='lat' dir='ltr'><strong>ad</strong></span> <span class='ocrx_word' id='word_1_863' title='bbox 3071 4776 3448 4830; x_wconf 83' lang='lat' dir='ltr'><strong>comedendum</strong></span> <span class='ocrx_word' id='word_1_864' title='bbox 3499 4773 3568 4827; x_wconf 82' lang='lat'><strong>”.</strong></span> 
     </span>
    </p>
   </div>
   <div class='ocr_carea' id='block_1_110' title="bbox 1665 4913 1883 4986">
    <p class='ocr_par' dir='ltr' id='par_1_110' title="bbox 1665 4919 1882 4977">
     <span class='ocr_line' id='line_1_110' title="bbox 1665 4919 1882 4977; baseline 0.023 -5"><span class='ocrx_word' id='word_1_865' title='bbox 1665 4920 1712 4952; x_wconf 74' lang='grc'><strong>⁷⁸</strong></span> <span class='ocrx_word' id='word_1_866' title='bbox 1741 4919 1882 4977; x_wconf 82' lang='lat' dir='ltr'><strong>Psal.</strong></span> 
     </span>
    </p>
   </div>
   <div class='ocr_carea' id='block_1_111' title="bbox 1988 4913 3562 4986">
    <p class='ocr_par' dir='ltr' id='par_1_111' title="bbox 1992 4913 3562 4986">
     <span class='ocr_line' id='line_1_111' title="bbox 1992 4913 3562 4986; baseline -0.006 -12"><span class='ocrx_word' id='word_1_867' title='bbox 1992 4937 2031 4986; x_wconf 89' lang='grc' dir='ltr'><strong>ι,</strong></span> <span class='ocrx_word' id='word_1_868' title='bbox 2061 4922 2114 4974; x_wconf 84' lang='grc'><strong>8.</strong></span> <span class='ocrx_word' id='word_1_869' title='bbox 2192 4920 2239 4950; x_wconf 73' lang='grc'><strong>⁷⁸</strong></span> <span class='ocrx_word' id='word_1_870' title='bbox 2268 4918 2404 4974; x_wconf 89' lang='lat' dir='ltr'><strong>Gen.</strong></span> <span class='ocrx_word' id='word_1_871' title='bbox 2431 4934 2491 4986; x_wconf 88' lang='grc' dir='ltr'><strong>ιι,</strong></span> <span class='ocrx_word' id='word_1_872' title='bbox 2509 4919 2566 4974; x_wconf 71' lang='lat'><strong>2.</strong></span> <span class='ocrx_word' id='word_1_873' title='bbox 2644 4918 2688 4949; x_wconf 84' lang='lat'><strong>&quot;</strong></span> <span class='ocrx_word' id='word_1_874' title='bbox 2708 4915 2852 4972; x_wconf 83' lang='lat' dir='ltr'><strong>Psal.</strong></span> <span class='ocrx_word' id='word_1_875' title='bbox 2876 4931 3101 4981; x_wconf 78' lang='lat' dir='ltr'><strong>chvuI,</strong></span> <span class='ocrx_word' id='word_1_876' title='bbox 3125 4916 3178 4968; x_wconf 80' lang='grc'><strong>5.</strong></span> <span class='ocrx_word' id='word_1_877' title='bbox 3256 4915 3301 4947; x_wconf 83' lang='grc'><strong>⁷⁸</strong></span> <span class='ocrx_word' id='word_1_878' title='bbox 3331 4913 3467 4970; x_wconf 90' lang='lat' dir='ltr'><strong>Gen.</strong></span> <span class='ocrx_word' id='word_1_879' title='bbox 3503 4927 3562 4974; x_wconf 90' lang='lat' dir='ltr'><strong>It,</strong></span> 
     </span>
    </p>
   </div>
   <div class='ocr_carea' id='block_1_112' title="bbox 1977 5098 3567 5173">
    <p class='ocr_par' dir='ltr' id='par_1_112' title="bbox 1977 5098 3567 5173">
     <span class='ocr_line' id='line_1_112' title="bbox 1977 5098 3567 5173; baseline -0.001 -15"><span class='ocrx_word' id='word_1_880' title='bbox 1977 5121 2096 5159; x_wconf 86' lang='lat' dir='ltr'><strong>rum</strong></span> <span class='ocrx_word' id='word_1_881' title='bbox 2127 5106 2194 5160; x_wconf 86' lang='lat' dir='ltr'><strong>de</strong></span> <span class='ocrx_word' id='word_1_882' title='bbox 2222 5105 2324 5159; x_wconf 78' lang='lat' dir='ltr'><strong>liae</strong></span> <span class='ocrx_word' id='word_1_883' title='bbox 2355 5103 2608 5172; x_wconf 81' lang='lat' dir='ltr'><strong>Origenis</strong></span> <span class='ocrx_word' id='word_1_884' title='bbox 2634 5103 2897 5173; x_wconf 90' lang='lat' dir='ltr'><strong>opinione</strong></span> <span class='ocrx_word' id='word_1_885' title='bbox 2929 5101 3150 5173; x_wconf 80' lang='lat' dir='ltr'><strong>disserit</strong></span> <span class='ocrx_word' id='word_1_886' title='bbox 3185 5099 3414 5157; x_wconf 82' lang='lat' dir='ltr'><strong>Huelius</strong></span> <span class='ocrx_word' id='word_1_887' title='bbox 3440 5098 3567 5157; x_wconf 81' lang='lat' dir='ltr'><strong>Ori-</strong></span> 
     </span>
    </p>
   </div>
   <div class='ocr_carea' id='block_1_113' title="bbox 1975 5171 3105 5246">
    <p class='ocr_par' dir='ltr' id='par_1_113' title="bbox 1975 5171 3105 5246">
     <span class='ocr_line' id='line_1_113' title="bbox 1975 5171 3105 5246; baseline -0.001 -19"><span class='ocrx_word' id='word_1_888' title='bbox 1975 5175 2321 5246; x_wconf 85' lang='lat' dir='ltr'><strong>geuianorum</strong></span> <span class='ocrx_word' id='word_1_889' title='bbox 2352 5176 2444 5246; x_wconf 74' lang='lat' dir='ltr'><strong>lib.</strong></span> <span class='ocrx_word' id='word_1_890' title='bbox 2471 5171 2536 5241; x_wconf 86' lang='grc' dir='ltr'><strong>ιι,</strong></span> <span class='ocrx_word' id='word_1_891' title='bbox 2566 5171 2764 5246; x_wconf 48' lang='lat' dir='ltr'><strong>quasi.</strong></span> <span class='ocrx_word' id='word_1_892' title='bbox 2788 5174 2850 5246; x_wconf 17' lang='lat'><strong>8,7</strong></span> <span class='ocrx_word' id='word_1_893' title='bbox 2875 5188 3024 5230; x_wconf 87' lang='lat' dir='ltr'><strong>num.</strong></span> <span class='ocrx_word' id='word_1_894' title='bbox 3051 5171 3105 5246; x_wconf 74' lang='lat'><strong>6.</strong></span> 
     </span>
    </p>
   </div>
   <div class='ocr_carea' id='block_1_114' title="bbox 2047 5241 3556 5314">
    <p class='ocr_par' dir='ltr' id='par_1_114' title="bbox 2047 5241 3556 5314">
     <span class='ocr_line' id='line_1_114' title="bbox 2047 5241 3556 5314; baseline -0.005 -15"><span class='ocrx_word' id='word_1_895' title='bbox 2047 5245 2162 5314; x_wconf 81' lang='grc'><strong>(56)</strong></span> <span class='ocrx_word' id='word_1_896' title='bbox 2208 5245 2296 5308; x_wconf 88' lang='grc' dir='ltr'><em>Τὸ,</em></span> <span class='ocrx_word' id='word_1_897' title='bbox 2328 5241 2706 5310; x_wconf 50' lang='lat' dir='ltr'><strong>ﬁmi/tegete.</strong></span> <span class='ocrx_word' id='word_1_898' title='bbox 2741 5243 2795 5298; x_wconf 93' lang='lat' dir='ltr'><strong>In</strong></span> <span class='ocrx_word' id='word_1_899' title='bbox 2837 5245 3013 5296; x_wconf 90' lang='lat' dir='ltr'><strong>lucem</strong></span> <span class='ocrx_word' id='word_1_900' title='bbox 3047 5243 3215 5314; x_wconf 66' lang='lat' dir='ltr'><strong>edidit</strong></span> <span class='ocrx_word' id='word_1_901' title='bbox 3248 5243 3368 5314; x_wconf 90' lang='lat' dir='ltr'><strong>hoc_</strong></span> <span class='ocrx_word' id='word_1_902' title='bbox 3392 5241 3556 5314; x_wconf 73' lang='lat' dir='ltr'><strong>scho-</strong></span> 
     </span>
    </p>
   </div>
   <div class='ocr_carea' id='block_1_115' title="bbox 1977 5309 3565 5378">
    <p class='ocr_par' dir='ltr' id='par_1_115' title="bbox 1977 5309 3565 5378">
     <span class='ocr_line' id='line_1_115' title="bbox 1977 5309 3565 5378; baseline -0.003 -10"><span class='ocrx_word' id='word_1_903' title='bbox 1977 5316 2085 5370; x_wconf 87' lang='lat' dir='ltr'><strong>linn</strong></span> <span class='ocrx_word' id='word_1_904' title='bbox 2129 5309 2580 5368; x_wconf 73' lang='lat' dir='ltr'><strong>lllontefalcOni-us</strong></span> <span class='ocrx_word' id='word_1_905' title='bbox 2611 5324 2792 5368; x_wconf 86' lang='lat' dir='ltr'><strong>noster</strong></span> <span class='ocrx_word' id='word_1_906' title='bbox 2823 5315 2875 5367; x_wconf 88' lang='lat' dir='ltr'><strong>in</strong></span> <span class='ocrx_word' id='word_1_907' title='bbox 2909 5315 3024 5366; x_wconf 89' lang='lat' dir='ltr'><strong>suis</strong></span> <span class='ocrx_word' id='word_1_908' title='bbox 3051 5314 3117 5367; x_wconf 88' lang='lat' dir='ltr'><strong>ad</strong></span> <span class='ocrx_word' id='word_1_909' title='bbox 3154 5310 3402 5378; x_wconf 76' lang='lat' dir='ltr'><strong>Hexapla</strong></span> <span class='ocrx_word' id='word_1_910' title='bbox 3438 5309 3565 5365; x_wconf 89' lang='lat' dir='ltr'><strong>Ori-</strong></span> 
     </span>
    </p>
   </div>
   <div class='ocr_carea' id='block_1_116' title="bbox 1979 5383 3568 5455">
    <p class='ocr_par' dir='ltr' id='par_1_116' title="bbox 1979 5383 3568 5455">
     <span class='ocr_line' id='line_1_116' title="bbox 1979 5383 3568 5455; baseline -0.003 -17"><span class='ocrx_word' id='word_1_911' title='bbox 1979 5386 2135 5455; x_wconf 80' lang='lat' dir='ltr'><strong>gcnis</strong></span> <span class='ocrx_word' id='word_1_912' title='bbox 2163 5386 2327 5451; x_wconf 83' lang='lat' dir='ltr'><strong>netis,</strong></span> <span class='ocrx_word' id='word_1_913' title='bbox 2364 5393 2490 5438; x_wconf 89' lang='lat' dir='ltr'><strong>tom.</strong></span> <span class='ocrx_word' id='word_1_914' title='bbox 2522 5385 2564 5447; x_wconf 94' lang='grc' dir='ltr'><em>Ι,</em></span> <span class='ocrx_word' id='word_1_915' title='bbox 2601 5400 2724 5452; x_wconf 78' lang='lat' dir='ltr'><strong>pag.</strong></span> <span class='ocrx_word' id='word_1_916' title='bbox 2755 5383 2963 5455; x_wconf 10' lang='lat' dir='ltr'><strong>16,7ubi</strong></span> <span class='ocrx_word' id='word_1_917' title='bbox 3007 5393 3190 5455; x_wconf 86' lang='lat' dir='ltr'><strong>monet</strong></span> <span class='ocrx_word' id='word_1_918' title='bbox 3225 5383 3326 5450; x_wconf 81' lang='lat' dir='ltr'><strong>legi</strong></span> <span class='ocrx_word' id='word_1_919' title='bbox 3365 5383 3414 5455; x_wconf 83' lang='lat' dir='ltr'><strong>in</strong></span> <span class='ocrx_word' id='word_1_920' title='bbox 3445 5397 3568 5434; x_wconf 86' lang='lat' dir='ltr'><strong>om-</strong></span> 
     </span>
    </p>
   </div>
   <div class='ocr_carea' id='block_1_117' title="bbox 1980 5452 3566 5522">
    <p class='ocr_par' dir='ltr' id='par_1_117' title="bbox 1980 5452 3566 5522">
     <span class='ocr_line' id='line_1_117' title="bbox 1980 5452 3566 5522; baseline -0.004 -14"><span class='ocrx_word' id='word_1_921' title='bbox 1980 5452 2143 5509; x_wconf 75' lang='lat' dir='ltr'><strong>nibus</strong></span> <span class='ocrx_word' id='word_1_922' title='bbox 2172 5456 2382 5509; x_wconf 84' lang='lat' dir='ltr'><strong>catenis</strong></span> <span class='ocrx_word' id='word_1_923' title='bbox 2417 5470 2546 5507; x_wconf 87' lang='lat' dir='ltr'><strong>mss.</strong></span> <span class='ocrx_word' id='word_1_924' title='bbox 2581 5469 2719 5522; x_wconf 86' lang='lat' dir='ltr'><strong>quas</strong></span> <span class='ocrx_word' id='word_1_925' title='bbox 2757 5454 2914 5516; x_wconf 86' lang='lat' dir='ltr'><strong>vidit,</strong></span> <span class='ocrx_word' id='word_1_926' title='bbox 2941 5462 2996 5504; x_wconf 87' lang='lat' dir='ltr'><strong>at</strong></span> <span class='ocrx_word' id='word_1_927' title='bbox 3032 5452 3149 5506; x_wconf 89' lang='lat' dir='ltr'><strong>sine</strong></span> <span class='ocrx_word' id='word_1_928' title='bbox 3193 5452 3441 5522; x_wconf 72' lang='lat' dir='ltr'><strong>auctoris</strong></span> <span class='ocrx_word' id='word_1_929' title='bbox 3469 5468 3566 5503; x_wconf 80' lang='lat' dir='ltr'><strong>no-</strong></span> 
     </span>
    </p>
   </div>
   <div class='ocr_carea' id='block_1_118' title="bbox 1980 5519 3566 5594">
    <p class='ocr_par' dir='ltr' id='par_1_118' title="bbox 1980 5519 3566 5594">
     <span class='ocr_line' id='line_1_118' title="bbox 1980 5519 3566 5594; baseline -0.005 -16"><span class='ocrx_word' id='word_1_930' title='bbox 1980 5526 2142 5578; x_wconf 89' lang='lat' dir='ltr'><strong>mine.</strong></span> <span class='ocrx_word' id='word_1_931' title='bbox 2182 5525 2235 5578; x_wconf 95' lang='lat' dir='ltr'><strong>ln</strong></span> <span class='ocrx_word' id='word_1_932' title='bbox 2269 5519 2648 5594; x_wconf 80' lang='lat' dir='ltr'><strong>Monspeliensi</strong></span> <span class='ocrx_word' id='word_1_933' title='bbox 2692 5535 2871 5594; x_wconf 80' lang='lat' dir='ltr'><strong>tamen</strong></span> <span class='ocrx_word' id='word_1_934' title='bbox 2906 5521 3246 5594; x_wconf 76' lang='lat' dir='ltr'><strong>quam_v_idit</strong></span> <span class='ocrx_word' id='word_1_935' title='bbox 3293 5519 3566 5594; x_wconf 60' lang='grc' dir='ltr'><em>(ξοιιιιιειῇ-</em></span> 
     </span>
    </p>
   </div>
   <div class='ocr_carea' id='block_1_119' title="bbox 1979 5590 3567 5664">
    <p class='ocr_par' dir='ltr' id='par_1_119' title="bbox 1979 5590 3567 5664">
     <span class='ocr_line' id='line_1_119' title="bbox 1979 5590 3567 5664; baseline -0.003 -17"><span class='ocrx_word' id='word_1_936' title='bbox 1979 5595 2113 5659; x_wconf 89' lang='lat' dir='ltr'><strong>sius,</strong></span> <span class='ocrx_word' id='word_1_937' title='bbox 2163 5594 2382 5664; x_wconf 78' lang='lat' dir='ltr'><strong>Origeni</strong></span> <span class='ocrx_word' id='word_1_938' title='bbox 2420 5590 2698 5648; x_wconf 70' lang='lat' dir='ltr'><strong>iribuitur.</strong></span> <span class='ocrx_word' id='word_1_939' title='bbox 2731 5593 2797 5649; x_wconf 89' lang='lat' dir='ltr'><strong>Ut</strong></span> <span class='ocrx_word' id='word_1_940' title='bbox 2839 5605 2896 5664; x_wconf 88' lang='lat' dir='ltr'><strong>ut</strong></span> <span class='ocrx_word' id='word_1_941' title='bbox 2931 5601 3051 5664; x_wconf 82' lang='lat' dir='ltr'><strong>est,</strong></span> <span class='ocrx_word' id='word_1_942' title='bbox 3084 5591 3165 5644; x_wconf 89' lang='lat' dir='ltr'><strong>his</strong></span> <span class='ocrx_word' id='word_1_943' title='bbox 3213 5590 3393 5644; x_wconf 82' lang='lat' dir='ltr'><strong>verbis</strong></span> <span class='ocrx_word' id='word_1_944' title='bbox 3438 5591 3567 5664; x_wconf 81' lang='lat' dir='ltr'><strong>Uri-</strong></span> 
     </span>
    </p>
   </div>
   <div class='ocr_carea' id='block_1_120' title="bbox 1979 5662 3563 5744">
    <p class='ocr_par' dir='ltr' id='par_1_120' title="bbox 1979 5662 3563 5744">
     <span class='ocr_line' id='line_1_120' title="bbox 1979 5662 3563 5744; baseline -0.002 -29"><span class='ocrx_word' id='word_1_945' title='bbox 1979 5681 2168 5744; x_wconf 50' lang='lat' dir='ltr'><strong>genus,</strong></span> <span class='ocrx_word' id='word_1_946' title='bbox 2218 5662 2312 5719; x_wconf 74' lang='lat' dir='ltr'><strong>seu</strong></span> <span class='ocrx_word' id='word_1_947' title='bbox 2369 5665 2620 5744; x_wconf 73' lang='lat' dir='ltr'><strong>quisquis</strong></span> <span class='ocrx_word' id='word_1_948' title='bbox 2661 5665 2822 5744; x_wconf 66' lang='lat' dir='ltr'><strong>alius,</strong></span> <span class='ocrx_word' id='word_1_949' title='bbox 2858 5662 3064 5744; x_wconf 71' lang='lat' dir='ltr'><strong>iudicat</strong></span> <span class='ocrx_word' id='word_1_950' title='bbox 3101 5675 3287 5714; x_wconf 82' lang='lat' dir='ltr'><strong>vocent</strong></span> <span class='ocrx_word' id='word_1_951' title='bbox 3323 5669 3454 5744; x_wconf 56' lang='grc' dir='ltr'><em>ςιηῠ</em></span> <span class='ocrx_word' id='word_1_952' title='bbox 3494 5663 3563 5712; x_wconf 86' lang='lat' dir='ltr'><strong>ab</strong></span> 
     </span>
    </p>
   </div>
   <div class='ocr_carea' id='block_1_121' title="bbox 1979 5730 3560 5792">
    <p class='ocr_par' dir='ltr' id='par_1_121' title="bbox 1979 5730 3560 5792">
     <span class='ocr_line' id='line_1_121' title="bbox 1979 5730 3560 5792; baseline -0.005 -3"><span class='ocrx_word' id='word_1_953' title='bbox 1979 5730 2208 5789; x_wconf 76' lang='lat' dir='ltr'><strong>Hebraeo</strong></span> <span class='ocrx_word' id='word_1_954' title='bbox 2235 5730 2417 5789; x_wconf 75' lang='lat' dir='ltr'><strong>scriba</strong></span> <span class='ocrx_word' id='word_1_955' title='bbox 2463 5730 2525 5788; x_wconf 86' lang='lat' dir='ltr'><strong>in</strong></span> <span class='ocrx_word' id='word_1_956' title='bbox 2552 5735 2694 5786; x_wconf 86' lang='lat' dir='ltr'><strong>hunc</strong></span> <span class='ocrx_word' id='word_1_957' title='bbox 2725 5732 3003 5787; x_wconf 86' lang='lat' dir='ltr'><strong>Geneseos</strong></span> <span class='ocrx_word' id='word_1_958' title='bbox 3047 5730 3222 5787; x_wconf 89' lang='lat' dir='ltr'><strong>locum</strong></span> <span class='ocrx_word' id='word_1_959' title='bbox 3269 5730 3560 5792; x_wconf 77' lang='lat' dir='ltr'><strong>adve‘ctaiu</strong></span> 
     </span>
    </p>
   </div>
   <div class='ocr_carea' id='block_1_122' title="bbox 1977 5802 2917 5878">
    <p class='ocr_par' dir='ltr' id='par_1_122' title="bbox 1977 5802 2917 5878">
     <span class='ocr_line' id='line_1_122' title="bbox 1977 5802 2917 5878; baseline -0.006 -18"><span class='ocrx_word' id='word_1_960' title='bbox 1977 5805 2145 5863; x_wconf 80' lang='lat' dir='ltr'><strong>fuisse</strong></span> <span class='ocrx_word' id='word_1_961' title='bbox 2189 5808 2244 5862; x_wconf 88' lang='lat' dir='ltr'><strong>in</strong></span> <span class='ocrx_word' id='word_1_962' title='bbox 2281 5809 2529 5878; x_wconf 60' lang='lat' dir='ltr'><strong>quasdam</strong></span> <span class='ocrx_word' id='word_1_963' title='bbox 2558 5802 2917 5873; x_wconf 73' lang='lat' dir='ltr'><strong>exemplaria.</strong></span> 
     </span>
    </p>
   </div>
  </div>
