4138 6448
532 327 606 382 99
2011 313 2359 371 ORIGENES

3706 317 3801 371 1011

534 450 671 502 Cum
709 446 849 501 inter
902 445 1186 514 legendum
1212 456 1240 495 a
1289 441 1487 496 fabulis
1533 451 1587 495 et
1628 457 1657 495 a
1687 438 1907 494 litterali
1942 440 2111 492 inter-

2212 437 2465 504 βμῦσιν.
2511 437 2678 491 Ὅταν
2735 437 3200 507 ἀναγινώσκοντες
3260 437 3370 507 (37)
3422 436 3801 506 ἀναϐαίνωμεν

537 542 842 610 pretatione
893 538 1237 592 ascendimus
1285 543 1342 587 et
1391 536 1685 603 quaarimus
1720 548 1968 602 quaenam
2022 532 2107 585 illa

540 634 678 703 ligna
731 632 837 685 sint
863 647 981 699 qua:
1029 631 1168 683 Deus
1198 629 1355 693 colit,
1384 628 1616 681 dicimus
1647 627 1698 680 in
1730 641 1796 680 eo
1820 626 1935 681 loco
1965 626 2110 695 ligna

534 742 655 797 quae
685 740 843 779 sensu
872 724 1073 794 percipi
1106 731 1350 791 possunt,
1378 734 1481 773 non
1507 719 1758 787 reperiri.

611 817 860 885 Ejusdem
891 815 961 872 ⁸⁸³,
1019 814 1246 866 Hortum
1292 814 1345 865 in
1389 810 1552 864 Edent
1582 810 1761 878 posuit
1817 810 2108 878 interpres,

536 908 648 977 ipsa
676 924 805 962 usus
835 920 967 959 voce
1013 903 1300 957 Hebraica.
1342 901 1567 969 Proprie
1596 912 1778 955 autem
1829 902 1992 955 Edcm
2025 901 2111 954 in-

538 998 880 1065 terpreteris,
911 993 1085 1047 dulce.
1120 992 1364 1046 Tradunt
1391 1006 1519 1059 ergo
1564 990 1773 1045 Hebraei
1829 991 2024 1053 locum,
2056 992 2109 1046 in

535 1102 644 1153 quo
666 1086 981 1155 paradisum
1016 1084 1095 1139 vel
1122 1084 1341 1136 hortum
1377 1081 1639 1149 plantavit
1665 1080 1922 1135 Dominus
1948 1082 2110 1148 Deus,

538 1177 704 1231 Edem
730 1177 941 1237 vocari.
972 1185 1027 1228 et
1053 1176 1207 1228 aiunt
1239 1176 1411 1242 ipsum
1440 1175 1619 1227 mundi
1651 1174 1883 1227 medium
1912 1182 2117 1245 esse,ut

538 1268 795 1337 pupillam
829 1267 994 1333 oculi,
1023 1282 1252 1334 eamque
1278 1267 1347 1319 ob
1378 1281 1488 1319 rem
1519 1263 1738 1318 ﬂuvium
1780 1264 1981 1319 Phison
2032 1266 2115 1319 in-

538 1361 824 1428 terpretari
859 1378 914 1413 os
959 1360 1193 1428 pupillw,
1221 1358 1388 1426 utqui
1420 1358 1625 1426 primus
1640 1371 1705 1409 ex
1734 1356 1897 1410 Edeiu
1921 1356 2113 1409 ﬂuvius

534 1453 862 1521 egrediatur.
926 1451 1078 1518 Quod
1131 1452 1371 1513 tradunt,
1428 1448 1689 1515 ejusmodi
1746 1459 1860 1502 est:
1923 1448 2112 1512 Edem,

535 1546 677 1612 quod
713 1543 1134 1607 interpretamur
1167 1541 1345 1602 dulce,
1376 1542 1525 1610 prior
1581 1540 1741 1594 horto
1769 1539 2010 1605 exstitit;
2057 1540 2110 1593 iu

535 1649 601 1689 eo
624 1635 766 1689 enim
802 1636 990 1688 hortus
1017 1644 1101 1688 est
1127 1633 1387 1687 consitus.

601 1910 667 1964 Et
695 1927 886 1965 aurum
917 1920 1072 1965 terra:
1100 1910 1243 1963 illius
1276 1911 1468 1963 bonum
1491 1911 1558 1964 ⁸¹.
1582 1910 1719 1966 Cum
1746 1912 1906 1966 nobis
1935 1912 2110 1966 virtus

528 2019 591 2060 os
621 2005 891 2071 immutat,
919 2005 1242 2073 animusque
1264 2005 1531 2058 bonarum
1554 2004 1944 2074 cogitationum
1969 2018 2112 2059 com-

527 2111 625 2162 pos
654 2106 759 2160 est,
796 2107 924 2151 tunc
953 2096 1149 2148 bonam
1186 2095 1284 2148 alit
1309 2095 1639 2153 doctrinam.
1680 2111 1867 2164 quam,
1896 2106 1955 2149 ut
1987 2096 2114 2149 sub-

524 2191 762 2242 obscure
789 2186 1129 2258 signilicaret
1151 2188 1463 2254 Scriptura,
1490 2187 1656 2240 dixit:
1684 2203 1873 2241 aurum
1894 2189 2110 2241 bonum.

602 2278 669 2331 Et
712 2293 900 2330 nomen
955 2278 1183 2330 secundo
1224 2276 1429 2344 ﬂumini
1480 2274 1657 2339 Geon;
1699 2278 1797 2329 hoc
1849 2287 1924 2331 est
1971 2282 2111 2346 quod

527 2372 714 2423 circuit
746 2379 909 2422 totam
960 2377 1155 2421 terram
1208 2367 1503 2433 zEthiopiw
1532 2368 1599 2421 ⁸³.
1630 2368 1941 2437 ΑΞιιιίορίω,
1992 2386 2112 2439 qua:

532 2460 797 2516 Ilcbraice
850 2460 1053 2512 dicitur
1093 2458 1257 2523 (Ilius,
1308 2458 1585 2528 signiﬁcat
1627 2472 1806 2514 autem
1846 2463 2106 2516 tenebras.

529 2552 670 2621 Ergo
700 2554 768 2605 ab
803 2549 1107 2619 Ethiopia,
1161 2551 1267 2604 hoc
1295 2560 1401 2618 est,
1447 2566 1477 2603 a
1525 2551 1699 2615 Chns,
1743 2557 1813 2607 ob
1872 2552 2109 2608 colorem

528 2651 707 2696 atrum
742 2656 907 2710 quem
943 2655 1058 2711 pra:
1084 2643 1300 2699 ceteris
1326 2642 1515 2696 imbuit
1544 2643 1823 2701 fratribus.

607 2820 671 2876 Et
716 2825 890 2892 posuit
925 2824 1078 2877 illum
1125 2825 1179 2878 in
1208 2825 1458 2893 paradiso
1488 2825 1556 2878 ⁸³.
1580 2824 1681 2891 Qui
1731 2840 1827 2895 per
1867 2826 2109 2881 divinum

532 2913 804 2981 baptisma
851 2924 1235 2981 renascuntur,
1268 2916 1320 2969 in
1359 2915 1611 2985 paradiso
1652 2927 1951 2987 ponuntur,
2009 2918 2111 2972 hoc

528 3011 616 3057 est
681 3004 734 3056 in
810 3003 1076 3070 Ecclesia,
1131 3015 1187 3057 ut
1249 3014 1543 3074 operentur
1598 3020 1719 3073 quae
1773 3006 1918 3061 intus
1961 3017 2109 3073 sunt,

530 3094 797 3164 spiritalia
824 3111 1027 3163 opera;
1058 3106 1114 3149 et
1143 3095 1414 3163 accipiunt
1449 3097 1785 3161 mandatum,
1824 3110 1883 3151 ut
1919 3114 2111 3154 omnes

531 3188 727 3240 fratres
757 3186 1005 3255 diligant,
1046 3202 1111 3241 ac
1142 3188 1377 3241 fructum
1406 3189 1500 3256 qui
1526 3203 1593 3243 ex
1628 3190 1889 3258 patientia
1918 3208 2112 3261 prove-

531 3278 629 3339 uit,
662 3280 845 3342 edant,
879 3278 1019 3332 sicut
1048 3278 1254 3332 dictum
1306 3288 1423 3333 est:
1472 3281 1556 3333 Ex
1598 3284 1738 3335 aumi
1770 3283 1932 3353 ligno,
1970 3288 2110 3355 quod

528 3377 602 3421 est
632 3369 687 3420 in
722 3369 997 3437 paradiso,
1029 3386 1147 3422 esca
1180 3369 1299 3422 edes
1336 3368 1403 3422 ".
1438 3371 1566 3438 Ejus
1610 3383 1788 3427 autem
1826 3376 1917 3443 qui
1954 3391 2109 3446 rege-

533 3462 767 3524 neravit,
809 3472 1135 3530 praeceptum
1167 3462 1570 3529 transgreditur
1617 3466 1662 3519 is
1709 3467 1801 3534 qui
1845 3470 2112 3538 serpentis

531 3553 953 3623 cogitationibus
986 3568 1138 3617 usus,
1176 3553 1315 3606 alios
1344 3554 1567 3621 quidem
1594 3566 1654 3607 ut
1681 3558 1880 3626 probos
1913 3559 2107 3629 diligit,

530 3644 664 3700 alios
698 3656 877 3699 autem
907 3646 1021 3699 odit
1051 3656 1108 3699 ut
1134 3646 1346 3709 malos;
1387 3645 1534 3713 quod
1559 3655 1644 3699 est
1672 3647 1877 3715 lignum
1905 3650 2112 3705 sciendi

531 3738 737 3792 bonum
762 3752 775 3790 :
802 3738 945 3806 quod
983 3739 1077 3809 qui
1107 3738 1361 3793 licentius
1383 3739 1705 3805 gustaverit,
1727 3741 1976 3805 moritur,
2007 3757 2111 3796 non

532 3830 687 3898 quasi
717 3828 858 3884 Deus
882 3840 1110 3884 mortem
1139 3829 1357 3898 fecerit,
1384 3831 1476 3885 sed
1502 3832 1663 3884 homo
1687 3832 1779 3901 qui
1806 3834 2111 3902 proximum

530 3921 667 3974 odit.
695 3920 833 3974 Deus
861 3922 1000 3975 enim
1032 3933 1248 3975 mortem
1281 3939 1384 3975 non
1418 3923 1563 3991 fecit,
1595 3941 1685 3978 nec
1720 3926 2018 3981 delectatur
2060 3929 2114 3982 iu

533 4015 830 4081 perditione
865 4015 1097 4067 vivorum
1129 4015 1196 4077 3';
1226 4030 1402 4085 neque
1450 4026 1701 4071 movetur
1749 4019 1844 4073 ira:
1894 4020 2113 4084 allecto,

535 4121 635 4161 nec
667 4109 870 4176 cogitat
905 4107 1226 4173 vindictam,
1274 4122 1369 4166 aut
1402 4123 1646 4167 mutatur
1682 4120 1841 4181 prout
1880 4113 2115 4183 quisque

535 4197 760 4259 allectus
772 4200 945 4270 29et
963 4200 1246 4269 dignusest
1265 4220 1280 4271 ;
1296 4207 1388 4260 sed
1403 4208 1582 4261 omnia
1605 4207 1730 4262 fecit
1754 4207 1804 4260 in
1823 4206 2111 4276 sapientia,

532 4306 657 4343 cum
690 4292 840 4360 prius
862 4295 1161 4361 statuisset,
1186 4304 1243 4349 ut
1271 4297 1372 4352 sub
1390 4298 1618 4367 spiritali
1645 4299 2109 4368 legejudicentur.

536 4382 741 4438 Idcirco
762 4387 835 4440 ait
860 4388 1020 4442 Adae:
1047 4389 1164 4456 Qua
1187 4393 1270 4446 die
1289 4395 1526 4457 oderitis,
1546 4402 1711 4447 morte
1729 4393 2024 4445 moriemini
2042 4391 2109 4439 ⁸⁸.

2184 530 2322 583 ’ἀπὸ
2362 529 2471 583 τῶν
2512 531 2697 600 μύθων
2738 532 2831 584 καὶ
2864 533 2963 602 τῆς
3002 532 3141 583 κατὰ
3183 531 3243 583 τὸ
3275 531 3506 600 γράμμα
3549 530 3799 599 ἑκὼχῆς,

2214 622 2467 693 ζητῶμεν
2498 622 2620 675 τίνα
2660 623 2727 676 τὰ
2758 624 2890 689 ξύλα
2924 624 3070 675 ἑστὶν
3103 624 3303 683 ἑκεῖνα,
3339 622 3374 675 ὃ.
3404 623 3433 673 ὁ
3465 621 3595 684 Θεὸς
3623 638 3799 692 γεωρ-

2213 716 2326 781 γεῖο
2364 714 2614 783 λέγομεν,
2648 716 2730 768 ὅτι
2758 716 2859 769 οὐκ
2886 716 2966 769 ἑνι
2998 714 3229 783 αἰσθητά
3265 713 3394 777 ξύλα
3428 715 3486 766 ἑν
3515 714 3594 784 τῷ
3627 713 3799 783 τόπῳ.

2288 807 2399 860 Τοῦ
2434 808 2640 862 αὑτοῦ.
2671 808 2918 861 Τὲθειται
2956 809 3013 860 ἑν
3037 810 3103 876 τῇ
3137 808 3401 877 ἑρμηνείᾳ
3433 808 3565 877 ('58),
3600 806 3804 871 κῆπον

2212 898 2281 950 ἐν
2328 899 2513 967 Ἐδὲμ,
2541 901 2679 970 αὐτῇ
2713 900 3043 971 χρησαμένῳ
3064 902 3129 969 τῇ
3172 900 3429 971 Ἐϐραῖκῇ
3455 900 3618 962 λέξει.
3645 901 3803 954 Ἐστι

2217 989 2315 1060 μὲν
2361 987 2454 1044 οὖν
2504 993 2767 1062 ἑρμηνεία
2816 991 2909 1044 τοῦ
2952 992 3113 1063 Ἐδὲμ
3165 993 3369 1063 κυρίως
3414 991 3549 1058 ἡδύ.
3593 991 3803 1045 Οὐκοῦν

2214 1083 2660 1153 παραδεδώκασιν
2696 1084 2958 1155 Ἑϐραῖοι.
2986 1087 3065 1139 ὅτι
3098 1088 3126 1139 ὁ
3157 1086 3318 1147 τόπος
3352 1084 3409 1135 ἑν
3437 1078 3480 1150 ᾧ
3510 1083 3803 1151 ἐφύτευσεν

2214 1177 2302 1230 τὸν
2347 1176 2674 1247 παράδεισον
2711 1175 2743 1245 ἢ
2777 1176 2867 1229 τὸν
2901 1178 3075 1246 κῆπον
3125 1176 3320 1246 Κύριος
3375 1178 3403 1228 ὁ
3442 1175 3593 1237 Θεὸς,
3642 1175 3804 1245 Ἐδεμ

2214 1268 2486 1320 καλεῖται·
2521 1268 2618 1321 καὶ
2665 1268 2827 1336 φασὶν
2872 1268 3035 1320 αὑτὸν
3072 1268 3233 1336 μέσον
3274 1262 3410 1318 εἶναι
3448 1266 3541 1318 τοῦ
3573 1267 3799 1335 κόσμου,

2212 1359 2287 1422 ὡς
2314 1360 2482 1429 κόρην
2507 1359 2785 1429 ὀφθαλμοῦ
2807 1377 2820 1389 ’
2854 1358 2934 1411 διὸ
2963 1360 3057 1412 καὶ
3078 1359 3167 1410 τὸν
3194 1358 3435 1426 ποταμὸν
3460 1358 3549 1409 τὸν
3571 1357 3799 1422 Φείσων,

2215 1451 2612 1522 ἑρμηνεύεσθαι
2644 1452 2839 1518 στόμα
2856 1452 3059 1517 κόρης,
3105 1450 3179 1513 ὡς
3224 1451 3287 1501 ἑκ
3310 1450 3400 1501 τοῦ
3448 1450 3605 1519 Ἐδὲμ
3634 1453 3798 1502 ἐκπον-

2216 1546 2507 1617 ρευομένου
2538 1545 2629 1599 τοῦ
2653 1545 2898 1615 ποταμοῦ
2927 1545 3017 1597 τοῦ
3044 1544 3281 1615 πρώτου.
3313 1546 3376 1596 '0
3400 1544 3456 1596 δὲ
3478 1544 3801 1615 παραδιδόα-

2216 1654 2318 1701 σιν,
2341 1636 2578 1689 τοιοῦτόν
2611 1637 2777 1689 ἑστιν·
2829 1637 3008 1705 Ἐδὲμ,
3045 1637 3102 1699 ὃς
3150 1636 3510 1706 ἑρμηνεύεται
3561 1636 3696 1700 ἡδὺ,
3732 1632 3801 1705 ἦν

2216 1730 2344 1799 πρὶν
2377 1728 2466 1781 τὸν
2499 1728 2673 1798 κῆπον
2696 1728 2978 1797 γενέσθαι⁸
3011 1731 3067 1781 ἑν
3102 1727 3253 1797 αύτῷ
3282 1728 3390 1797 γὰρ
3422 1727 3518 1781 καὶ
3559 1730 3587 1780 ὁ
3627 1728 3800 1797 κῆπος

2215 1819 2507 1890 ἐφυτεύθη.

2293 1910 2362 1965 Τὸ
2383 1912 2451 1963 δὲ
2477 1913 2735 1980 χρυσίον·
2762 1911 2872 1978 τῆς
2904 1910 3016 1979 γῆς
3049 1910 3284 1975 ἐκείνης
3310 1911 3521 1963 καλόν.
3544 1911 3669 1963 Ὀτε
3704 1909 3802 1965 ἀλ-

2216 2002 2451 2056 λοιοῦται
2481 2003 2591 2071 (39)
2620 2003 2724 2056 ὑπὸ
2751 2003 2846 2072 τῆς
2872 2003 3070 2073 ἀρετῆς
3092 2001 3247 2071 ἡμῶν
3275 2001 3334 2053 τὸ
3360 2002 3554 2071 στόμα,
3579 2002 3668 2054 καὶ
3701 2020 3801 2056 κυ-

2220 2094 2386 2165 ριεύει
2410 2096 2441 2163 ή
2630 2094 2769 2147 καλά
2789 2096 3053 2164 νοήματα,
3073 2094 3191 2147 τότε
3216 2092 3403 2164 τρέφει
3432 2092 3573 2146 καλὰ
3598 2094 3802 2164 δόγμα.-

2216 2203 2312 2239 τα’
2332 2185 2474 2257 άπερ
2501 2186 2868 2255 αἰνιττόμενος
2892 2186 2920 2237 δ
2947 2186 3100 2252 λόγος
3116 2183 3288 2246 εἶπεν,
3305 2186 3564 2253 χρυσίον
3585 2187 3797 2239 καλόν.

2287 2278 2393 2331 Καὶ
2421 2278 2605 2347 ὄνομα
2625 2276 2704 2341 τῷ
2720 2278 2961 2347 ποταμῷ
2994 2278 3073 2342 τῷ
3098 2277 3373 2345 δευτέρῳ,
3400 2278 3564 2330 Γεών
3582 2295 3595 2308 ’
3623 2274 3800 2343 οὗτος

2217 2374 2250 2424 ό
2275 2370 2517 2426 κυκλῶν
2538 2370 2745 2425 πᾶσαν
2759 2371 2873 2438 τὴν
2895 2369 3344 2439 γῆνΑιθιοπΙας.
3367 2369 3649 2431 Αἰθιοπίας
3664 2370 3797 2439 (Ml),

2215 2464 2337 2532 ἥτις
2380 2464 2496 2515 ἐστὶ
2540 2463 2815 2534 Ἐὖραῖστὶ
2842 2462 3027 2528 Χοῦςο
3071 2461 3323 2531 σημαίνει
3369 2456 3803 2514 καὶσκότωσιν.

2230 2556 2360 2608 Ἀπὸ
2395 2551 2488 2609 οὖν
2538 2558 2635 2626 τῆς
2684 2557 2988 2617 Αἰθιοπίας,
3038 2554 3313 2606 τουτέστιν
3359 2552 3466 2607 ἀπὸ
3498 2552 3590 2604 τοῦ
3635 2548 3798 2614 Χοῦς,

2216 2647 2305 2699 διὰ
2336 2647 2394 2701 τὸ
2422 2648 2686 2711 σκοτῶδες
2712 2648 2811 2718 τῆς
2848 2640 3153 2718 χροίας,’ἦς
3194 2645 3319 2714 ἔσχε
3349 2644 3498 2716 παρά
3542 2644 3664 2705 τοὺς
3692 2640 3801 2695 λοι-

2218 2742 2353 2804 ποὺς
2396 2740 2679 2809 ἀδελφούς.

2287 2832 2395 2885 Καὶ
2424 2832 2590 2885 ἔθετο
2616 2831 2803 2884 αὑτὸν
2834 2831 2903 2883 ἐν
2933 2828 3013 2894 τῷ
3059 2828 3418 2896 παραδείσῳ.
3465 2827 3526 2879 υἱ
3570 2826 3800 2891 ἀναγενο

2216 2921 2447 2993 νώμενοι
2480 2922 2589 2993 (41)
2620 2921 2706 2974 διὰ
2740 2920 2831 2973 τοῦ
2861 2919 3005 2972 θείου
3033 2920 3405 2989 βαπτίσματος
3435 2919 3490 2969 ἑν
3514 2916 3591 2987 τῷ
3626 2932 3801 2985 παρα-
3840 2946 3851 2954 -

2216 3014 2376 3083 δείσῳ
2416 3014 2672 3075 τίθενται,
2719 3012 2995 3065 τουτέστιν
3019 3013 3076 3063 ἑν
3114 3013 3181 3080 τῇ
3218 3010 3529 3080 Ἐκκλησία,
3572 3006 3802 3079 ἑργάζι-

2139 3135 2181 3193 c
2220 3110 2344 3162 σθαι
2385 3109 2454 3162 τὰ
2486 3108 2633 3161 ἔνδον
2675 3107 2803 3161 ὄντα
2854 3106 2990 3176 ἑργα
3034 3102 3401 3173 πνευματικά·
3442 3102 3537 3155 καὶ
3581 3102 3801 3193 ἑντολὴν

2214 3199 2547 3270 λαμϐάνουσι
2581 3198 2789 3261 πάντας
2839 3197 3058 3266 ἀγαπᾷν
3101 3197 3228 3257 τοὺς
3265 3193 3547 3261 ἀδελφοὺς,
3579 3192 3803 3262 καιτὸν

2213 3292 2504 3363 ἐρχόμενον
2534 3290 2746 3363 καρπὸν
2778 3289 2843 3341 δι’
2872 3286 3157 3358 ὑπομονῆς
3201 3286 3418 3348 ἐσθίειν,
3450 3286 3591 3339 κατὰ
3637 3283 3698 3337 τὸ
3726 3283 3800 3337 ei.

2215 3384 2471 3455 ρημένονο
2518 3381 2649 3435 Ἀπὸ
2676 3380 2900 3445 παντὸς
2927 3379 3116 3443 ξύλου
3140 3378 3244 3432 τοῦ
3265 3378 3427 3442 ἐντῷ
3460 3376 3803 3443 παραδείσῳ

2208 3476 2439 3543 βρώσει
2467 3472 2649 3543 φαγῆ.
2694 3471 3029 3544 Παραῦαίνει
3082 3471 3139 3524 δέ
3189 3489 3270 3535 τις
3314 3469 3411 3540 τὴν
3453 3468 3673 3537 ἑντολὴν
3704 3466 3800 3520 τοῦ

2216 3566 2687 3635 ἀναγεννήσαντος
2712 3564 2741 3615 ὁ
2780 3566 2891 3626 τοῖς
2924 3563 3095 3630 ὄφεως
3132 3562 3408 3632 λογισμοῖς
3435 3559 3799 3631 χρησάμενος,

2215 3660 2309 3713 καὶ
2343 3658 2573 3729 ἀγαπῶν
2600 3659 2724 3721 τοὺς
2758 3658 2853 3722 μὲν
2880 3657 2955 3721 ὼς
2988 3657 3277 3726 χρηστοὺς,
3300 3657 3426 3718 τοὺς
3456 3655 3511 3707 δὲ
3543 3654 3618 3717 ὼς
3640 3669 3804 3723 πονη-

2218 3752 2345 3823 ροὺς
2374 3751 2544 3821 μισῶν
2563 3767 2577 3780 ·
2603 3751 2739 3821 ὅπερ
2765 3750 2880 3803 ἐστὶ
2904 3749 2964 3802 τὸ
2996 3748 3149 3813 ξύλον
3174 3747 3267 3801 τοῦ
3294 3748 3580 3816 γινώσκειν
3615 3746 3798 3800 καλὸν*

2214 3838 2274 3896 οὗ
2306 3846 2334 3896 ὁ
2381 3845 2825 3913 ἀπογευσάμενος
2868 3843 2987 3895 κατ’
3040 3841 3224 3896 ἄδειαν
3270 3840 3632 3910 ἀποθνήσκει·
3680 3838 3802 3908 οὐχὶ

2212 3938 2306 3991 τοῦ
2332 3936 2466 3990 Θεοῦ
2487 3936 2576 3989 τὸν
2603 3934 2831 3988 θάνατον
2861 3934 3209 4004 ποιήσαντος,
3230 3930 3363 3985 ἀλλὰ
3390 3930 3481 3983 τοῦ
3512 3928 3800 4001 ἀνθρώπου

2214 4032 2305 4084 τὸν
2347 4028 2574 4099 πλησίον
2624 4029 2974 4097 μισήσαντος.
3034 4024 3179 4089 Θετίς
3232 4024 3343 4092 γὰρ
3382 4022 3643 4077 θάνατον
3689 4023 3799 4074 οὐκ

2214 4124 2522 4189 ἐποίησεν,
2546 4118 2687 4173 οὐδὲ
2716 4118 2986 4187 τέρπεται
3016 4118 3108 4170 ἐπ’
3125 4114 3386 4180 ἀπωλείᾳ
3406 4113 3631 4173 ἄλη-των
3646 4131 3657 4142 ·
3679 4113 3801 4165 οὔτε

2216 4190 2442 4269 κινεῖται
2468 4210 2627 4264 πάθει
2653 4211 2844 4280 ὀργῆς,
2878 4209 2997 4262 οὐδὲ
3041 4210 3245 4261 ἐπινοεῖ
3278 4208 3509 4276 πρᾶγμα
3555 4207 3633 4267 είς
3664 4204 3804 4273 ἄμυ-

2216 4325 2331 4370 ναν,
2360 4306 2480 4359 ούδὲ
2534 4304 2835 4357 ἀλλοιοῦται
2873 4301 3009 4373 πρὸς
3071 4301 3169 4369 τὴν
3213 4298 3445 4351 ἑκάστου
3479 4296 3634 4361 ἀξίαν
3667 4295 3800 4360 ἕξιν,

2215 4398 2349 4452 ἀλλά
2385 4396 2560 4449 πάντα
2610 4396 2667 4446 ἐν
2709 4392 2871 4463 σοφία
2914 4392 3189 4460 εποίησεν,
3232 4389 3335 4442 ὑπὸ
3369 4390 3517 4459 νόμῳ
3562 4404 3803 4456 πνευμα-

534 4474 602 4529 Ει
631 4477 710 4530 sic
736 4480 927 4531 statuit
955 4491 1012 4533 ut
1037 4496 1150 4534 rem
1182 4484 1487 4550 quamlibet
1503 4499 1608 4553 qua
1630 4483 1713 4537 vel
1734 4486 1932 4538 bonum
1958 4482 2110 4535 litvel

2215 4486 2351 4557 τικῷ
2402 4486 2679 4558 κρίνεσθαι
2727 4482 3042 4554 προορίσας.
3084 4482 3181 4535 Διὰ
3217 4482 3373 4535 τοῦτο
3413 4478 3505 4533 οὖν
3549 4481 3693 4545 λέγει
3725 4478 3804 4551 τῷ

537 4566 760 4631 malum,
789 4570 1112 4624 naturaliter
1150 4572 1205 4626 id
1243 4573 1386 4641 quod
1424 4574 1563 4628 ratio
1615 4573 1812 4642 jusque
1858 4578 2115 4644 postulat,

532 4669 927 4729 consequatur,
963 4677 1026 4716 ac
1052 4678 1155 4717 non
1193 4666 1347 4719 nudo,
1370 4666 1635 4735 cogitatu,
1668 4676 1727 4720 ut
1758 4666 1977 4735 quidam
2006 4668 2117 4721 exi-

535 4753 763 4807 stimant
795 4755 885 4823 qui
912 4756 1214 4824 spiritalem
1241 4756 1416 4827 legem
1448 4758 1724 4813 nesciunt.

607 5050 653 5083 "
687 5049 825 5105 Gen.
860 5066 923 5115 11,
951 5050 1078 5113 8,9.
1177 5051 1222 5082 ⁸¹
1256 5051 1385 5105 ibid.
1412 5053 1497 5106 12.

605 5167 719 5237 (3'7)
763 5167 939 5220 Ὅταν
998 5170 1545 5238 ἀναγινώσκοντες,
1594 5182 1701 5225 etc.
1770 5174 1953 5229 Exstat
2019 5178 2107 5234 hic

538 5238 771 5314 locusiu
808 5240 1056 5291 oratione
1094 5242 1359 5314 Eustathii
1390 5241 1464 5294 De
1502 5243 1931 5314 Engaslrimylho
1976 5264 2108 5301 cou-

538 5319 618 5361 tra
668 5307 993 5377 Origenem,
1046 5311 1199 5381 cujus
1252 5311 1411 5364 verba
1470 5307 1756 5381 postquam
1808 5307 1936 5369 ’11011
1984 5318 2110 5373 sine

537 5380 909 5457 iluliguatioue
950 5380 1149 5457 retulit2
1186 5381 1333 5457 addit
1363 5401 1376 5434 ε
1412 5382 1597 5457 Ταῦτα
1626 5383 1682 5457 δὲ
1734 5384 1805 5457 δὴ
1847 5388 2111 5457 τροπολο-

537 5402 909 5447 ιιιιιιειιξιιιυιιυ
950 5402 1149 5441 Γιτιιιιιι,
1186 5402 1376 5434 ἱΙίΙυΙιῖ
1422 5402 1597 5435 lauta.
1626 5402 1682 5435 ΟΞ
1734 5402 1762 5436 Ο
1847 5402 2110 5457 τροποΛο-

532 5449 744 5527 γῶν-ού
781 5449 994 5527 φρίττει
1052 5450 1252 5527 μύθους
1301 5453 1590 5527 ῥνομάςειν
1637 5454 1737 5505 ὃσα
1766 5402 2110 5527 Ἔεδημιονδρς

533 5520 759 5591 γηκεναι
804 5520 902 5591 μὲν
957 5521 1245 5591 ἱστορεῖται
1292 5520 1443 5586 Θεὸς,
1476 5526 1505 5575 ὁ
1543 5525 1597 5577 δὲ
1631 5520 1970 5587 πιστώτατος
2017 5520 2112 5578 τοῦ

534 5589 973 5664 Θεοῦ-θεράπων
1026 5589 1250 5664 ἔγραψε.
1304 5592 1432 5647 "(re
1493 5596 1777 5663 allegorice
1826 5611 2111 5659 exponens,

537 5676 640 5713 non
680 5661 855 5733 horret
888 5661 1103 5733 fabulas
1134 5661 1399 5731 appellare
1446 5681 1565 5733 qua:
1602 5661 1769 5715 Deum
1817 5668 2116 5720 condidisse

536 5739 724 5804 narrat
766 5732 1019 5804 historia,
1074 5732 1469 5800 ﬁdissimusqne
1520 5734 1635 5799 ejus
1682 5750 1859 5786 servus
1908 5738 2116 5804 scriptis

535 5802 878 5870 consignavil.
917 5804 1173 5874 Origcuis
1223 5805 1552 5859 sententiam
1584 5804 1651 5858 de
1699 5805 1959 5873 paradiso
2001 5802 2118 5861 fuse

1594 5052 1944 5117 "ibid.,l3.
2020 5060 2504 5133 ³³111111.,16,17.
2578 5063 2625 5094 ει
2660 5062 2793 5117 ibid.

2225 4581 2424 4650 Ἀδάμο
2459 4573 2540 4650 ’ῌ
2566 4578 2616 4630 δ’
2658 4577 2734 4630 ἂν
2775 4575 2961 4645 ἡμέρᾳ
2996 4576 3259 4645 φάγητε,
3303 4573 3537 4639 θανάτῳ
3578 4574 3805 4626 ἀποθα-

2210 4673 2431 4727 νεῖσθε.
2460 4673 2571 4725 Καὶ
2601 4670 2746 4723 οὕτω
2773 4669 2830 4722 δὲ
2864 4669 3079 4739 ἑκάστῳ
3116 4667 3195 4739 τῷ
3222 4667 3508 4738 πράγματι
3546 4664 3710 4718 καλοῦ
3743 4680 3804 4716 τε

2209 4767 2305 4820 καὶ
2334 4764 2505 4818 κακοῦ
2539 4762 2781 4833 φυσικῶς
2812 4760 3197 4815 ἐπακολουθεῖν
3225 4759 3285 4812 τὸ
3321 4759 3437 4811 δέον
3474 4757 3796 4826 ἀπένειμεν·

2208 4860 2304 4913 καὶ
2352 4858 2453 4911 οὐκ
2491 4853 2869 4926 ἑπινοητικῶς,
2924 4853 2999 4916 ὥς
3046 4870 3191 4916 τινες
3244 4851 3575 4923 νομίζουσιν,
3618 4851 3665 4901 oi
3712 4848 3803 4899 τὸν

2210 4948 2581 5021 πνευματικὸν
2620 4946 2939 5017 ἀγνοοῦντες
2966 4945 3149 5014 νόμον.

2886 5061 2933 5094 ⁸⁸
2960 5062 3086 5130 Sap.
3131 5077 3170 5123 1,
3206 5063 3291 5116 13.
3374 5061 3418 5093 ⁸⁸
3442 5060 3578 5119 Gen.
3608 5078 3672 5128 tt,
3714 5062 3803 5116 17.

2216 5182 2662 5304 aperit7ﬂuctius
2711 5180 3156 5251 Origeuianorum
3214 5182 3307 5234 lib.
3354 5198 3422 5249 11,
3460 5189 3652 5251 (ιιιιιξδι.
3699 5180 3785 5246 12,

2216 5271 2368 5304 num.
2440 5295 2455 5304 .

2216 5271 2368 5308 num.
2406 5271 2455 5309 Ι.

2295 5324 2407 5393 ('58)
2442 5321 2692 5375 Τέθειται
2716 5320 2786 5374 ὲν
2812 5321 2886 5389 τῇ
2906 5322 3207 5390 ἑρμηνείᾳ,
3226 5330 3331 5376 etc.
3359 5320 3627 5375 Exhibeut
3656 5320 3804 5393 hunc

2218 5393 2395 5447 locum
2448 5395 2660 5447 schedze
2708 5393 3126 5446 (loinbelisiante
3161 5396 3212 5445 in
3248 5395 3445 5461 quibus
3492 5392 3804 5460 descriptus

2218 5464 2420 5518 dicitur
2450 5478 2479 5514 ο
2510 5472 2705 5517 catena
2744 5462 3002 5530 Monspel.

2292 5534 2407 5603 (39)
2448 5533 2578 5585 Ὅτε
2614 5532 2985 5593 ἀλλοιοῦται,
3011 5542 3119 5587 etc.
3157 5532 3230 5586 Ex
3260 5532 3449 5587 eadem
3478 5541 3696 5588 catena.

2319 5605 2408 5668 40)
2451 5604 2783 5668 Αἰθιοπίας,
2811 5617 2917 5656 etc.
2952 5604 3029 5656 Ex
3057 5605 3268 5656 eadem.

2319 5608 2386 5658 40
2451 5608 2783 5668 Αἰθιοπίας,
2811 5617 2917 5656 etc.
2952 5608 3029 5656 Ex
3057 5608 3268 5656 eadem.

2294 5608 2408 5745 (41;
2452 5676 2513 5725 Οἱ
2548 5671 3049 5745 ἀναγεννώμενοι,
3092 5685 3200 5728 etc.
3248 5674 3437 5728 Exstat
3490 5674 3543 5727 in
3590 5668 3808 5728 schedia

2223 5742 2660 5801 Conibclisiauis.
