4138 6466
358 333 449 389 101

1762 334 1829 388 ΙΝ
1860 334 2182 391 GENESIM.

3510 350 3616 403 in!

426 449 532 505 Kal
569 449 819 519 ἐποίησε
850 450 1066 518 Κύριος
1111 451 1143 505 ό
1200 450 1346 517 Θεὸς
1385 452 1465 518 τῷ
1508 452 1680 522 Ἀδὰμ
1719 453 1818 507 καὶ
1864 453 1922 521 τῇ

2109 454 2174 508 Et
2207 454 2330 523 fecit
2365 455 2625 511 Dominus
2660 457 2800 511 Deus
2831 459 2958 513 Atla:
3006 470 3056 515 et
3079 464 3232 516 uxori
3263 466 3377 533 ejus
3406 468 3616 523 tunicas

354 542 591 612 ruratxl
624 542 812 595 αὑτοῦ
847 543 1101 611 χιτῶνας
1132 542 1544 611 δερματίνους,
1585 546 1684 598 καὶ
1728 544 1932 598 ἐνέδυ-

352 650 464 689 σεν
500 636 739 699 αὐτούς.
778 634 841 686 Τί
874 635 953 686 δεῖ
982 638 1122 689 νοεῖν
1169 636 1278 706 (42)
1316 638 1441 700 τοὺς
1470 638 1823 707 δερματίνους
1852 655 1933 707 χι-

351 728 557 791 τῶνας;
584 727 797 797 Σφόδρα
823 727 919 797 μὲν
940 724 1032 780 οὖν
1057 727 1260 795 ἠλίθιον
1280 729 1373 781 καὶ
1398 730 1661 799 γραῶδες,
1688 731 1781 783 καὶ
1809 729 1933 783 ἀνά-

354 816 461 882 ξιον
506 819 597 871 τοῦ
652 819 809 882 Θεοῦ,
866 819 927 871 τὸ
967 820 1175 874 οἴεσθαι
1211 820 1365 884 ζώων
1410 821 1570 874 τινῶν
1618 822 1932 894 περιελόντα

350 910 591 982 δέρματα
616 910 707 964 τὸν
739 911 892 975 Θεὸν,
928 912 1340 983 ἀναιρεθέντων,
1373 913 1406 983 ἢ
1439 914 1613 977 άλλως
1646 933 1762 979 πως
1793 917 1930 972 ἀπο-

352 999 639 1065 θανόντων,
682 1003 1039 1073 πεποιηκέναι
1085 1005 1338 1075 σχήματα
1372 1005 1630 1074 χιτώνων,
1650 1010 1928 1080 καταρρά-

350 1091 529 1162 ψαντα
553 1094 798 1165 δέρματα
823 1095 978 1167 δίκην
1002 1098 1353 1168 σκυτοτόμου.
1386 1100 1553 1152 Πάλιν
1576 1118 1656 1165 τε,
1692 1104 1929 1171 φυγόντα

348 1186 411 1241 τὸ
453 1188 626 1251 οὕτως
664 1190 882 1254 ἄτοπον,
923 1189 1101 1257 λέγειν
1144 1191 1270 1254 τοὺς
1304 1190 1658 1261 δερματίνους
1699 1194 1931 1263 χιτῶνας

348 1280 448 1332 οὐκ
474 1279 663 1342 ἄλλους
700 1275 837 1334 εἶναι.
870 1281 902 1352 ἢ
951 1281 1018 1335 τά
1052 1281 1277 1352 σώματα
1310 1281 1532 1337 πιθανὸν
1564 1285 1681 1354 μὲν,
1715 1286 1808 1338 καὶ
1851 1288 1931 1349 είς

351 1370 746 1437 συγκατάθεσιν
769 1371 1174 1427 ἐπισπάσασθαι
1194 1372 1511 1445 δυνάμενον,
1535 1374 1595 1427 ού
1630 1376 1735 1446 μὴν
1763 1376 1931 1445 σαφές

349 1460 424 1523 ὡς
452 1459 665 1531 ἀληθές.
696 1462 756 1514 El
787 1462 897 1533 γάρ
928 1464 976 1515 οί
1003 1464 1313 1534 δερμάτινοι
1341 1465 1563 1534 χιτῶνες
1599 1466 1801 1536 σάρκες
1838 1466 1929 1518 καὶ

350 1552 510 1605 ὀστέα
552 1555 675 1615 εἰσὶ,
714 1553 831 1617 πῶς
860 1554 967 1625 πρὸ
1003 1555 1207 1607 τούτων
1242 1555 1407 1625 φησιν
1445 1556 1473 1605 ὁ
1516 1556 1713 1626 Ἀδάμ·
1749 1556 1929 1610 Τοῦτο

346 1645 464 1698 νῦν
495 1647 720 1700 ὀστοῦν
743 1646 811 1699 ἐκ
848 1646 969 1699 τῶν
998 1645 1196 1699 ὀστῶν
1220 1663 1361 1715 μου,
1397 1650 1495 1702 καὶ
1531 1647 1686 1716 σὰρξ
1729 1648 1796 1701 ἐκ
1821 1646 1932 1715 τῆς

348 1739 574 1805 σαρκός
595 1754 750 1806 μου;
779 1736 989 1799 Ταύτας
1021 1732 1114 1791 οὖν
1140 1738 1240 1801 τὰς
1260 1739 1492 1811 ἀπορίας
1519 1740 1929 1811 περιιστάμενοί

2032 547 2298 615 pelliceas,
2329 554 2378 599 et
2420 548 2587 601 induit
2623 564 2712 602 eos
2743 549 2807 604 ⁸⁷.
2840 549 2977 615 Quid
3008 554 3323 607 existimare
3354 554 3616 610 debemus

2031 656 2151 694 esse
2178 652 2358 695 vestes
2407 642 2528 695 illas
2562 643 2849 710 pelliceas?
2888 644 3049 699 Valde
3086 646 3301 714 quidem
3351 650 3613 704 stolidmn

2031 740 2114 785 est
2139 732 2369 795 etanilc,
2399 733 2613 800 Deoque
2644 733 2866 786 minime
2885 735 3128 802 dignum,
3151 735 3405 792 arbitrari
3439 740 3612 794 Deum

2032 823 2198 894 pelles
2228 824 2952 892 animaliumiugulatorum,
2972 834 3062 879 ant
3085 828 3241 881 aliter
3266 838 3609 881 mortuormn

2030 918 2331 985 accepisse,
2381 926 2436 971 et
2486 916 2609 971 inde
2662 916 2828 984 pelles
2861 917 2976 971 illas
3010 920 3342 981 consuemlo,
3387 920 3609 974 coriarii

2031 1022 2205 1070 more,
2236 1008 2289 1061 in
2340 1007 2648 1061 vestimenti
2684 1004 2912 1061 formam
2943 1009 3236 1079 redegisse.
3272 1009 3503 1062 Rursum
3554 1020 3611 1062 nt

2032 1099 2233 1150 vitetur
2281 1099 2392 1151 haec
2432 1098 2759 1164 absurditas,
2796 1100 2976 1153 dicere
2999 1109 3175 1154 vestes
3209 1099 3329 1152 illas
3352 1101 3608 1169 pelliceas

2032 1188 2163 1240 nihil
2204 1187 2349 1240 aliud
2400 1201 2521 1241 esse
2553 1204 2713 1255 quam
2772 1204 3023 1258 corpora,
3075 1191 3352 1258 probabile
3386 1194 3604 1261 quidem

2030 1289 2136 1342 est,
2173 1289 2225 1333 et
2274 1281 2341 1334 ad
2364 1280 2734 1334 assensionem
2781 1281 3102 1336 eliciendam
3152 1281 3371 1337 eﬂicax:
3406 1293 3460 1336 at
3498 1300 3603 1337 non

2029 1372 2250 1424 evidens
2281 1372 2441 1438 quale
2472 1387 2593 1427 esse
2644 1374 2804 1427 debet
2830 1376 2974 1442 quod
3010 1391 3198 1430 verum
3226 1387 3329 1430 est.
3363 1375 3418 1430 Si
3453 1379 3601 1431 enim

2029 1460 2270 1530 pelliceze
2295 1473 2471 1515 vestes
2505 1473 2633 1517 sunt
2659 1480 2852 1518 carnes
2886 1475 2939 1519 et
2970 1482 3119 1528 ossa,
3152 1468 3420 1535 quomodo
3446 1479 3602 1521 antea

2030 1549 2167 1603 dixit
2187 1552 2387 1605 Adam:
2427 1551 2540 1605 Hoc
2564 1569 2702 1606 nunc
2738 1570 2795 1607 os
2823 1570 2887 1606 ea:
2918 1555 3121 1609 ossibus
3148 1556 3296 1619 meis,
3324 1566 3374 1609 et
3394 1573 3516 1610 caro
3539 1558 3604 1610 de

2029 1657 2188 1694 carne
2215 1657 2331 1693 mea
2359 1642 2439 1694 '8?
2467 1641 2561 1695 His
2593 1644 2757 1710 igitur
2780 1646 3228 1712 ambiguitatibus
3258 1648 3440 1699 obruti
3464 1664 3604 1700 non-

2030 1730 2166 1783 nulli
2189 1743 2542 1785 asseruerunt
2578 1742 2752 1787 vestes
2782 1733 3036 1801 pelliceas
3071 1751 3192 1790 esse
3208 1738 3602 1790 mortalitatem

348 1846 511 1891 τινες,
532 1830 883 1900 δερματίνους
913 1829 1145 1899 χιτῶνας
1172 1830 1270 1901 τήν
1295 1807 1673 1902 νέκρωσινίὴν
1700 1807 1922 1902 ἀμιριέν-

2033 1820 2199 1885 illam,
2239 1837 2343 1890 qua
2380 1822 2702 1875 circumdati
2756 1832 2881 1875 sunt
2929 1823 3098 1876 Adam
3142 1838 3197 1879 et
3251 1826 3379 1889 Eva,
3446 1826 3603 1880 morti

349 1936 533 1973 νυνται
551 1921 579 1971 ό
616 1918 786 1988 ’Λδάμ
815 1919 907 1971 καὶ
929 1921 961 1988 ἡ
988 1917 1122 1981 Εὔα,
1151 1918 1236 1971 διά
1257 1919 1355 1989 τὴν
1382 1919 1655 1990 ἁμαρτίαν
1683 1920 1926 1972 θανατω-

349 2008 551 2071 θέντες,
586 2010 931 2078 ἀπεφήναντο
963 2009 1264 2076 τυγχάνειν.
1320 2008 1394 2061 Οὐ
1430 2009 1571 2062 πάνυ
1593 2026 1645 2060 τι
1678 2009 1799 2061 οὐδὲ
1829 2011 1929 2061 αύ-

344 2099 428 2153 τοὶ
457 2100 697 2171 εὐχερῶς
727 2099 1011 2169 δυνάμενοι
1046 2098 1419 2169 παραστῆσαι,
1452 2098 1567 2160 πῶς
1593 2100 1621 2151 ό
1649 2098 1800 2165 Θεὸς,
1832 2100 1927 2153 καὶ

343 2192 464 2263 οὐχὶ
492 2191 768 2263 ἁμαρτία,
802 2192 1067 2263 νέκρωσιν
1108 2193 1326 2260 ἐμποιεῖ
1367 2189 1446 2261 τῷ
1496 2190 1923 2261 παραϐεϐηκότι.

345 2283 488 2345 Πρὸς
519 2282 726 2345 τούτοις
750 2283 993 2351 ἀνάγκην
1016 2280 1197 2352 ἔχουσι
1227 2280 1406 2350 λέγειν
1432 2282 1610 2353 σάρκα
1647 2281 1739 2334 καὶ
1766 2281 1955 2359 όστέα,

338 2373 418 2443 τῷ
455 2372 569 2442 ἰδίῳ
597 2372 738 2441 λόγῳ
769 2371 843 2442 μὴ
866 2367 1004 2425 εἶναι
1039 2370 1273 2440 φθαρτά,
1311 2371 1425 2440 εἴγε
1459 2371 1683 2442 ὕστερον
1710 2372 1808 2443 τὴν
1837 2373 1925 2426 νέ-

346 2479 548 2533 κρωσιν
572 2464 621 2515 οἱ
648 2461 884 2533 πατέρες
905 2462 937 2531 ἡ
947 2460 1058 2531 μῶν
1082 2461 1170 2515 διά
1190 2462 1289 2533 τὴν
1322 2462 1595 2533 ἁμαρτίαν
1618 2462 1922 2533 είλήφασιν.

357 2548 495 2600 Ἀλλ’
521 2550 569 2601 εί
602 2549 696 2601 καὶ
719 2550 747 2601 ὁ
769 2548 1092 2619 παράδεισος
1126 2549 1264 2601 θεῖόν
1291 2566 1343 2602 τι
1374 2551 1570 2622 χωρίον
1603 2552 1741 2618 ἐστὶ,
1775 2552 1927 2621 λεγέ-

340 2655 522 2691 τωσαν
548 2638 666 2701 πῶς
690 2638 918 2692 ἕκαστον
947 2640 1063 2691 ἐκεῖ
1086 2638 1194 2692 τῶν
1227 2640 1403 2709 μελῶν
1471 2641 1544 2712 μὴ
1574 2642 1749 2712 μάτην
1774 2643 1927 2713 δεδη-

345 2729 745 2801 μιουργημένον
794 2730 890 2800 τὴν
937 2730 1143 2783 οίκείαν
1186 2730 1464 2802 ἐνέργειαν
1509 2734 1747 2803 ἐνήργει.
1789 2735 1926 2806 Περὶ

345 2821 443 2889 μὲν
471 2816 563 2873 οὖν
590 2820 684 2873 τοῦ
724 2821 975 2892 μυκτῆρα
1000 2820 1253 2888 λέγεσθαι
1287 2822 1436 2894 παρὰ
1478 2822 1557 2893 τῷ
1601 2824 1799 2896 Ἀκύλᾳ
1834 2826 1926 2879 καὶ

338 2912 637 2983 Συμμάχῳ,
673 2912 707 2983 ἢ
736 2912 1025 2982 πρόσωπον
1052 2911 1202 2983 παρὰ
1236 2916 1348 2976 τοῖς
1392 2914 1792 2986 Ἐὅδομήκοντα
1828 2916 1921 2969 τοῦ

339 3002 748 3071 πεπλασμένου,
783 3003 862 3064 είς
885 3001 913 3053 ὃ
948 3001 1277 3071 ἐνεφύσησεν
1316 3004 1344 3054 ὁ
1391 3002 1521 3067 Θεὸς
1559 3003 1726 3075 πνοὴν
1755 3003 1923 3075 ζωῆς,

339 3094 579 3159 λεκτέον,
620 3094 700 3147 ὃτι
750 3094 811 3147 οὐ
845 3094 924 3146 δεῖ
955 3093 1300 3164 περιέχεσθαι
1334 3093 1428 3146 τοῦ
1465 3094 1789 3166 γράμματος
1822 3097 1921 3167 τῆς
1946 3135 1992 3195 C

340 3185 561 3257 Γραφῆς
582 3185 658 3249 ὡς
682 3185 934 3255 ἀληθοῦς,
965 3185 1055 3237 τὸν
1080 3184 1135 3238 δὲ
1161 3184 1541 3256 κεκρυμμένον
1566 3185 1836 3258 θησαυρὸν
1860 3189 1921 3240 ἐν

338 3278 417 3349 τῷ
446 3278 731 3349 γράμματι
764 3276 965 3348 ζητεῖν.

408 3368 521 3423 Καὶ
562 3369 738 3433 ἔταξε
776 3366 847 3421 τὰ
894 3367 1194 3438 χερουϐίμ.
1232 3368 1307 3421 Ού
1359 3369 1517 3439 μόνον
1549 3367 1660 3441 (43)
1689 3367 1762 3422 τὰ
1805 3371 1925 3422 λει-

336 3458 617 3530 τουργικὰ
656 3461 964 3530 πνεύματα
992 3459 1321 3529 φυλάσσουσι
1355 3460 1452 3531 τὴν
1483 3461 1598 3514 ὁδὸν
1636 3460 1729 3513 τοῦ
1767 3459 1922 3525 ξύλου

337 3552 434 3621 τῆς
483 3550 650 3620 ζωῆς,
706 3551 1204 3620 ἀποστελλόμενα
1244 3551 1342 3605 διὰ
1396 3551 1538 3618 τοὺς
1582 3550 1923 3620 μέλλοντας

336 3642 732 3712 κληρονομεῖν
756 3643 1080 3711 σωτηρίαν,
1110 3644 1245 3697 ἀλλὰ
1273 3644 1363 3697 καὶ
1394 3645 1635 3696 ἐναντίαι
1665 3642 1919 3713 δυνάμεις

337 3734 684 3804 φυλάττουσι,
737 3735 1039 3788 κωλύουσαι
1096 3737 1223 3799 τοὺς
1274 3735 1629 3807 βουλομένους
1680 3751 1920 3806 προσπο-

338 3825 587 3896 ριυθῆναι
617 3823 694 3894 τῷ
720 3822 857 3894 ξύλῳ
882 3824 983 3894 τῆς
1012 3824 1174 3895 ζωῆς.

405 3918 515 3972 Kal
549 3913 679 3970 εἷπε
710 3916 862 3969 Κάῖν
889 3915 1039 3983 πρὸς
1069 3917 1248 3969 ’Ἅϐελ
1282 3914 1388 3967 τὸν
1417 3912 1685 3982 ἀδελφὸν
1709 3912 1913 3966 αὐτοῦ·

331 4009 665 4077 Διέλθωμεν
711 4010 798 4072 εὶς
836 4006 903 4059 τὸ
948 4006 1177 4060 πεδίον.
1222 4008 1311 4059 Ἐν
1351 4005 1427 4075 τῷ
1490 4004 1761 4075 Ἐὅραῖκῷ
1806 4004 1915 4076 (44)

331 4097 395 4149 τὸ
422 4097 607 4164 λεχθὲν
633 4096 738 4147 ὑπὸ
759 4094 854 4147 τοῦ
878 4096 1017 4147 Κάῖν
1039 4095 1175 4166 πρὸς
1200 4095 1289 4148 τὸν
1319 4095 1478 4147 Ἅϐελ
1502 4096 1562 4147 ού
1586 4095 1913 4165 γέγραπται·

335 4188 427 4240 καὶ
453 4189 505 4239 οἱ
552 4185 682 4255 περί
730 4183 958 4236 Ἀκύλαν
1004 4183 1230 4248 ἔδειξαν,
1276 4186 1357 4237 ὅτι
1398 4188 1454 4239 ἐν
1496 4185 1573 4256 τῷ
1616 4186 1915 4256 ἀποκρύφῳ

336 4280 499 4348 φασιν
536 4280 585 4331 οι
639 4278 879 4350 Ἑϐραῖοι
925 4276 1138 4330 κεῖσθαι
1171 4276 1331 4330 τοῦτο
1370 4277 1602 4332 ἐνταῦθα
1632 4277 1771 4332 κατὰ
1817 4278 1916 4348 τὴν

334 4366 440 4418 τῶν
472 4365 873 4437 Ἐὃδομήκοντα
902 4365 1151 4436 ἐκδοχὴν.

2030 1922 2251 1981 propter
2276 1925 2553 1981 peccatum
2588 1915 2826 1980 addicti;
2880 1915 2975 1969 sed
3021 1917 3109 1970 isti
3141 1932 3243 1970 non
3275 1916 3430 1971 facile
3480 1934 3607 1986 pro-

2029 2005 2160 2058 bare
2204 2014 2448 2072 possunt,
2476 2007 2752 2073 quomodo
2798 2006 2960 2065 Deus,
2988 2019 3043 2061 et
3088 2024 3194 2061 non
3235 2008 3402 2063 multo
3436 2011 3625 2077 magis

2026 2106 2330 2166 peccatum,
2355 2098 2741 2150 mortalitatem
2785 2100 2965 2166 pariat
2999 2102 3421 2178 transgressoria
3458 2102 3604 2155 Prte-

2030 2201 2174 2244 terea
2201 2201 2425 2242 necesse
2447 2196 2531 2242 est
2544 2202 2638 2242 eos
2662 2189 2865 2252 dicere,
2896 2204 3119 2244 carnem
3151 2200 3205 2245 et
3231 2204 3355 2243 055a
3384 2191 3603 2259 propria

2027 2281 2238 2335 ratione
2275 2295 2380 2333 non
2435 2293 2555 2333 esse
2592 2280 2994 2349 corruptibilia,
3034 2296 3155 2335 cum
3206 2290 3388 2349 postea
3425 2293 3625 2348 patres-

2028 2372 2197 2428 nosu'i
2230 2382 2456 2441 propter
2503 2383 2781 2443 peceatum
2833 2375 3189 2427 mortalitatis
3234 2369 3618 2428 conditionem

2025 2466 2359 2533 acceperint.
2390 2465 2659 2519 Cartertnn
2692 2465 2737 2518 si
2777 2466 3067 2534 paradisus
3093 2477 3176 2520 est
3208 2465 3362 2519 locus
3382 2466 3604 2533 quidam

2026 2554 2276 2619 divinus,
2323 2554 2632 2623 exprimant
2692 2555 2966 2623 quomodo
3016 2555 3126 2610 illic
3185 2557 3607 2622 unumquodque

2028 2644 2366 2707 membrum,
2414 2660 2519 2698 non
2583 2644 2784 2698 frustra
2838 2656 3107 2706 creatum,
3160 2647 3434 2713 propriam
3496 2646 3605 2698 vim

2027 2736 2337 2789 exercebat.
2374 2736 2455 2789 Ac
2484 2736 2550 2789 de
2595 2749 2661 2789 eo
2721 2735 2941 2803 quidem
2994 2736 3142 2803 quod
3201 2749 3367 2787 nasus
3403 2734 3610 2788 dicitur

2026 2827 2165 2893 apud
2196 2826 2448 2895 Aquilam
2494 2836 2547 2880 et
2582 2824 3010 2896 Symmachum,
3067 2825 3209 2893 apud
3247 2824 3604 2893 Septuaginta

2026 2931 2157 2970 vero
2192 2915 2383 2982 facies,
2411 2932 2473 2971 ea
2509 2933 2637 2986 pars
2659 2916 2879 2971 formati
2918 2914 3177 2979 hominis,
3202 2914 3438 2982 inquam
3467 2914 3609 2967 Dens

2026 3006 2324 3061 insufflavit
2347 3008 2594 3077 spiritum
2624 3008 2774 3073 vitae,
2799 3006 3085 3060 dicendum
3116 3015 3199 3059 est
3229 3021 3335 3058 non
3357 3014 3611 3075 oportere

2025 3096 2306 3152 adhaerere
2350 3096 2506 3152 nudae
2536 3097 2729 3151 litterae
2775 3096 3091 3164 Scriptum,
3132 3104 3387 3163 tanquam
3427 3109 3611 3159 verae,

2024 3189 2121 3245 sed
2150 3189 2466 3243 thesaurum
2503 3187 2559 3242 in
2578 3188 2754 3242 littera
2792 3186 3046 3243 latentem
3085 3197 3350 3254 quaerere.

2097 3372 2163 3426 Et
2186 3372 2361 3441 posuit
2395 3370 2657 3425 cherubim
2676 3370 2742 3426 ⁸⁸.
2783 3369 2935 3423 Viam
2966 3368 3094 3438 ligni
3130 3368 3251 3421 vitae
3291 3366 3607 3422 custodiunt

2025 3478 2131 3517 non
2157 3462 2332 3516 solum
2370 3462 2814 3515 administratorii
2840 3461 3079 3529 spiritus,
3109 3460 3256 3513 missi
3287 3469 3497 3527 propter
3517 3475 3605 3511 eos

2021 3555 2111 3625 qui
2136 3554 2498 3607 hwreditatem
2522 3552 2726 3622 capient
2753 3551 2944 3606 salutis
2966 3550 3035 3616 ”,
3064 3550 3157 3604 sed
3188 3560 3241 3602 et
3273 3549 3607 3602 adversaria:

2021 3653 2322 3716 potestates
2342 3659 2465 3712 quae
2493 3651 2679 3697 arcent
2714 3657 2808 3698 eos
2838 3642 2930 3712 qui
2962 3641 3028 3695 ad
3064 3641 3264 3710 lignum
3296 3641 3417 3693 vitae
3442 3654 3606 3694 acce-

2020 3737 2151 3791 dere
2180 3736 2475 3790 voluerint.

2090 3916 2156 3971 Et
2187 3918 2319 3971 dixit
2351 3916 2490 3971 Cain
2521 3915 2588 3969 ad
2623 3912 2749 3968 Abel
2768 3913 2992 3981 fratrem
3014 3927 3207 3967 suum:
3252 3909 3603 3964 Transeamus

2017 4013 2072 4064 in
2115 4023 2358 4077 campum
2389 4006 2458 4059 ⁹¹.
2488 4003 2543 4057 In
2575 4004 2844 4057 Hebraico
2868 4001 2977 4071 30
2998 4000 3203 4054 dictum
3227 3998 3359 4053 illud
3382 3998 3512 4051 Cain
3542 3999 3607 4049 ad

2016 4098 2174 4163 Abel,
2199 4096 2462 4165 scriptum
2492 4109 2598 4148 non
2624 4093 2896 4162 reperitur
2914 4106 2930 4145 :
2948 4091 3141 4160 Aquila
3163 4100 3343 4145 tamen
3363 4089 3603 4150 exhibet;

2018 4190 2274 4258 quoniam
2320 4188 2528 4243 Hebrzei
2573 4186 2759 4240 dicunt
2798 4186 2899 4237 hoc
2940 4183 2993 4235 in
3041 4183 3354 4253 apocrypho
3394 4178 3603 4249 jacere,

2018 4279 2473 4348 quemadmodum
2507 4277 2736 4329 habetur
2765 4274 2907 4343 apud
2943 4273 3327 4342 Septuaginta.

401 4458 512 4510 Kal
540 4453 670 4510 εἷπε
704 4455 853 4511 Κάϊν
892 4458 1042 4525 πρὸς
1074 4458 1293 4524 Κύριον
1334 4454 1442 4509 τὸν
1476 4456 1657 4509 Θεόνο
1692 4455 1917 4516 Μείζων

2094 4456 2162 4510 Et
2194 4456 2328 4509 dixit
2354 4455 2483 4509 Cain
2503 4455 2571 4508 ad
2605 4454 2882 4507 Dominum
2903 4453 3098 4507 Deum:
3126 4450 3303 4519 Majas
3325 4458 3400 4503 est
3419 4465 3607 4517 pecca-

332 4551 371 4617 ἠ
411 4551 667 4619 ἁμαρτία
708 4567 828 4618 μου
859 4549 965 4601 τοῦ
1003 4547 1301 4617 ἀφεθῆναί
1334 4565 1430 4616 με.
1478 4548 1552 4600 Οὐ
1592 4547 1782 4600 διεῖλεν
1815 4548 1910 4619 όρ-

332 4640 440 4705 θῶς
500 4641 641 4713 (45)·
705 4642 805 4712 τῆς
888 4640 1037 4703 θείας
1095 4638 1411 4710 νομοθεσίας
1474 4638 1909 4709 κατεφρόνησεν·

331 4733 650 4787 ἀπέκτεινεν
682 4731 937 4800 ἀδελφόνο
975 4730 1259 4785 ἀπέκτεινε
1309 4730 1445 4801 πρὸς
1489 4727 1664 4800 τούτῳ
1707 4730 1800 4782 καὶ
1833 4728 1913 4781 δί-

332 4838 483 4875 καιον
502 4840 519 4851 ·
552 4822 814 4891 ἐψεύσατο
832 4839 845 4851 ·
880 4821 1106 4874 θάνατον
1134 4822 1373 4893 ᾐτήσατο
1398 4822 1455 4873 ἐν
1487 4820 1913 4890 άπευδοκιμήσει

332 4912 478 4984 ζωῆς
510 4914 601 4966 κα).
631 4912 937 4984 μετανοίας.

2020 4559 2128 4602 tum
2161 4565 2332 4602 meum
2370 4565 2529 4617 quam
2575 4557 2629 4599 ut
2666 4544 2869 4598 veniam
2913 4559 3119 4597 merear
3153 4543 3219 4595 θ’.
3252 4541 3367 4595 Non
3419 4540 3605 4594 divisit

2021 4648 2210 4704 recte;
2265 4638 2506 4691 divinum
2575 4646 2910 4705 praeceptum
2969 4633 3344 4702 contempsit;
3404 4630 3603 4685 occidit

2021 4727 2278 4796 fratrem;
2304 4728 2510 4783 occidit
2544 4737 2806 4798 praeterea
2824 4724 3153 4793 etiamtum;
3190 4725 3449 4777 mentitus
3474 4732 3603 4791 est;

2024 4832 2254 4876 mortem
2278 4822 2435 4891 petiit
2469 4836 2580 4891 prae
2607 4826 2916 4887 contemptu
2949 4818 3073 4871 vita:
3098 4825 3152 4871 et
3175 4814 3526 4885 poenitentia.

401 5035 447 5068 ⁸⁷
473 5037 611 5093 Gen.
644 5051 728 5102 ιιι,
753 5035 846 5089 ει.
924 5034 970 5067 ⁸⁸
1003 5035 1141 5091 Gen.
1176 5052 1236 5100 ιι,
1279 5035 1374 5089 23.
1450 5034 1495 5065 ⁸⁸
1522 5033 1660 5089 Gen.
1689 5051 1773 5099 ιιι,
1797 5034 1889 5088 24.

2042 5034 2202 5089 llebr.
2230 5050 2268 5097 ι,
2302 5034 2391 5089 Μ.
2466 5033 2508 5065 ⁹²
2540 5029 2676 5086 Cen.
2720 5045 2791 5093 Iv,
2822 5029 2874 5083 8.
2947 5028 2995 5060 "
3022 5026 3152 5081 ibid.
3195 5026 3282 5082 l3.

403 5219 515 5291 (42)
559 5219 621 5272 Τί
650 5218 745 5272 δεῖ
765 5217 948 5291 νοεῖν,
978 5225 1084 5271 etc.
1115 5214 1489 5270 Thcodoretus
1523 5214 1816 5291 qumstL39
1850 5215 1903 5268 in

330 5284 530 5349 Cenes.
571 5299 619 5340 et
677 5304 864 5343 omnes
907 5289 1122 5341 (latente
1169 5299 1277 5339 uno
1333 5299 1604 5338 consensu
1657 5284 1906 5338 tribuunt

329 5360 551 5429 Origeni
583 5360 683 5413 hoc
735 5358 1118 5427 fragmentum,
1168 5355 1218 5407 in
1252 5369 1360 5429 quo
1397 5370 1503 5429 nou
1537 5354 1773 5429 obscure
1812 5353 1907 5429 de:

330 5424 575 5485 claratnr
627 5429 713 5481 illa
772 5424 842 5482 de
886 5428 1113 5480 scorteis
1154 5425 1351 5479 tunicis
1404 5425 1588 5489 opinio
1642 5439 1805 5491 quam
1851 5424 1905 5477 ei

332 5503 523 5555 tribuit
564 5509 617 5551 et
669 5498 884 5552 crimini
919 5497 1081 5549 vertit
1134 5494 1495 5563 Hieronymus
1537 5496 1697 5560 epist.
1725 5496 1784 5546 6|
1834 5493 1900 5544 ad

329 5569 764 5631 l‘ammachinm,
801 5568 885 5620 his
929 5564 1108 5618 verbis
1139 5582 1152 5617 :
1190 5564 1472 5628 Quartum,
1511 5565 1653 5632 quod
1688 5564 1897 5615 tunicas

327 5640 575 5708 pelliceas
603 5640 835 5708 humana
896 5651 1118 5699 corpora
1150 5634 1755 5708 interpretetur,_quibus
1783 5642 1896 5708 post

329 5701 586 5778 offensam
631 5707 1032 5778 dejectionem
1076 5708 1140 5756 de
1177 5705 1441 5778 paradiso
1478 5702 1742 5778 Aduatuci
1789 5701 1895 5778 Ιεξυα

2014 5230 2197 5274 carne,
2233 5210 2403 5264 neruis
2432 5219 2478 5262 et
2513 5208 2717 5261 ossibus
2759 5205 2980 5274 fuerint.
3015 5205 3149 5259 Vide
3192 5202 3444 5258 Il-uetium
3476 5204 3599 5261 Ori-

2010 5286 2359 5352 geniunorttm
2392 5281 2487 5352 lib.
2510 5294 2567 5339 ιι,
2593 5274 2903 5352 quaestLlQ,
2940 5276 3170 5352 num._8.

2083 5352 2201 5423 (45).
2241 5351 2325 5423 qi;
2368 5344 2707 5423 admonete.
2750 5344 2851 5400 Hic
2883 5345 3037 5400 locus
3075 5345 3392 5413 desumptus
3432 5352 3515 5402 est
3551 5363 3589 5403 θ

2009 5417 2228 5476 scite-dis
2258 5417 2702 5472 Combeftsiauis.

2082 5491 2196 5561 ιιι)
2248 5490 2350 5561 ἐν
2372 5487 2455 5553 τῷ
2482 5483 2791 5561 saeuus.
2829 5492 2935 5537 εις.
2974 5487 3030 5561 ιρι
3071 5481 3244 5561 eam
3276 5481 3457 5561 ,ιδεμ
3489 5484 3593 5539 hoc

2008 5550 2252 5614 Scholion
2291 5550 2753 5611 Moniefalcouius
2782 5564 2967 5609 noster
2994 5553 3049 5605 iu
3081 5550 3365 5617 Hexaplis,
3389 5553 3589 5610 Cenes.

2008 5646 2081 5696 tv,
2113 5630 2165 5684 8.
2202 5628 2334 5682 Vide
2361 5629 2480 5696 eius
2521 5636 2706 5696 notam
2739 5628 2807 5696 ad
2838 5625 2981 5678 hunc
3009 5637 3251 5696 versum.

2082 5700 2193 5767 (45)
2240 5700 2321 5752 Οὐ
2360 5690 2585 5751 διεῖλεν
2628 5694 2835 5764 ὀρθῶς,
2887 5701 2998 5747 etc.
3038 5690 3080 5746 Ε.
3111 5690 3331 5747 schedia
3364 5690 3593 5749 Combe-

328 5770 500 5833 induti
526 5779 656 5843 sint,
680 5770 821 5831 haud
858 5776 1071 5830 dubium
1099 5774 1226 5843 quin
1255 5783 1376 5826 ante
1414 5773 1469 5826 in
1495 5772 1748 5840 paradiso
1777 5770 1898 5825 sine
2003 5770 2239 5827 ﬁsiauis.
