4138 6424
495 287 603 345 105

1935 282 2097 340 ORIG
2105 283 2280 340 ΕΝΕὸ

3671 291 3776 346 iiii

572 405 641 458 Et
666 403 847 474 genuit
876 401 1161 457 secundum
1187 401 1361 455 ideam
1396 417 1545 455 suam
1566 410 1614 455 et
1645 400 1930 455 secundum
1957 402 2079 455 ima-

2260 400 2370 454 Καὶ
2385 400 2678 471 ἐγέννησε
2703 418 2804 456 κατ
2816 402 2854 454 ι)
2871 402 2980 470 τὴν
2999 401 3164 455 ἰδέαν
3181 399 3368 454 αὐτοῦ
3383 401 3480 453 καὶ
3498 400 3646 454 κατὰ
3662 400 3775 467 τὴν

495 498 670 567 ginem
698 512 850 549 suam
882 496 949 548 ’³.
974 497 1054 547 Ah
1077 496 1158 548 eis
1192 495 1285 562 qui
1313 503 1504 564 putant
1533 495 1677 548 aliu‘d
1710 494 1931 564 quidem
1960 509 2083 548 esse

499 589 792 658 imaginem
836 586 953 651 Dei,
991 585 1136 638 aliud
1175 601 1307 638 vero
1337 600 1461 638 eum
1487 586 1577 653 qui
1607 587 1905 639 secundum
1943 586 2082 638 ima-

499 681 678 751 ginem
717 679 891 733 iactus
921 688 1030 742 est,
1083 677 1440 746 quaerendum
1492 686 1577 732 est
1630 693 1761 732 num
1821 678 1964 732 aliud
2015 677 2086 732 sit

499 773 670 828 Adam
703 781 760 825 et
790 769 938 824 aliud
979 769 1156 840 imago
1192 770 1329 837 ejus,
1369 778 1425 824 et
1450 784 1519 822 an
1553 769 1744 824 tertius
1763 770 1982 838 quidam
2017 771 2087 826 sit

498 866 566 920 ab
596 865 687 918 illo
712 863 872 932 cujus
896 861 964 914 ad
997 860 1288 929 imaginem
1318 861 1493 914 lactus
1521 869 1606 914 est
1629 859 1820 914 Adam.
1856 861 2086 916 Utentur

497 966 678 1009 autem
708 957 794 1009 liis
821 955 1034 1009 verbis:
1067 954 1309 1014 Domine.
1340 953 1393 1005 in
1423 953 1628 1005 ciuitate
1669 962 1760 1006 tua
1800 954 2083 1022 imaginem

495 1051 733 1116 ipsorum
762 1048 829 1099 ad
852 1047 1074 1100 nihilum
1103 1047 1306 1114 rediges
1325 1045 1410 1108 9‘;
1443 1054 1498 1098 et
1531 1044 1671 1099 illis:
1719 1041 2087 1097 Verumtamen

497 1141 559 1193 iii
599 1142 826 1209 imagine
868 1139 1150 1208 pertransit
1194 1139 1350 1192 homo
1373 1139 1442 1188 ⁸⁸.
1495 1137 1854 1204 Quaerendum
1904 1148 2085 1191 autem

497 1239 582 1285 est
615 1231 668 1283 in
696 1245 804 1298 quo
837 1227 1050 1282 dili'erat
1077 1229 1197 1281 idea
1226 1227 1397 1280 Adam
1427 1228 1494 1281 ab
1525 1228 1643 1296 ejus
1678 1227 1935 1295 imagine.

575 1321 641 1374 Et
674 1321 868 1390 placuit
918 1318 1101 1372 Enoch
1153 1317 1280 1382 Deo,
1327 1328 1604 1387 postquam
1641 1319 1816 1387 genuit
1867 1315 2088 1369 Mathu-

499 1413 672 1466 salam
698 1411 765 1465 ".
800 1411 856 1464 Si
896 1419 1185 1480 postquam
1222 1411 1410 1478 genuit
1436 1408 1817 1473 Mathusalam,
1857 1407 2083 1478 placuit,

499 1513 658 1556 antea
691 1503 987 1557 secundum
1021 1500 1357 1571 Scripturam
1385 1516 1490 1555 non
1523 1508 1642 1554 erat
1666 1510 1923 1569 acceptus
1951 1499 2081 1553 Deo.

503 1595 850 1649 Manifestum
911 1604 996 1648 est
1047 1609 1170 1648 eum
1228 1594 1299 1649 ob
1354 1594 1730 1663 ptenitentiam
1795 1594 2083 1662 placuisse,

501 1685 717 1756 quando
769 1685 954 1754 genuit
994 1685 1344 1739 emissionem
1393 1687 1607 1753 mortis,
1659 1700 1828 1756 quam
1897 1685 2086 1741 habuit

501 1780 817 1849 priusquam
846 1784 1159 1844 generaret.

572 1871 636 1924 Et
665 1872 802 1924 dixit
819 1869 995 1922 Deus:
1021 1868 1212 1922 Delebo
1253 1867 1519 1921 hominem
1548 1883 1700 1936 quem
1734 1867 1838 1936 feci
1880 1883 1914 1922 α
1946 1866 2082 1936 {acie

497 1972 649 2014 teme
681 1959 746 2012 ³⁷.
798 1957 915 2012 Non
979 1958 1232 2012 absolute
1283 1957 1495 2021 delebo,
1520 1957 1614 2012 sed
1651 1972 1682 2010 a
1738 1966 1907 2012 terra.
1964 1957 2080 2011 Non

495 2054 640 2106 enim
674 2053 812 2130 solet
853 2052 1074 2106 omnino
1105 2050 1274 2106 deleri
1310 2049 1402 2122 qui
1457 2049 1634 2104 iactus
1661 2058 1769 2115 est,
1823 2049 2080 2120 quoniam

494 2143 589 2212 qui
625 2141 798 2197 lactus
823 2152 936 2207 est,
967 2143 1032 2196 ad
1062 2140 1353 2211 imaginem
1386 2139 1480 2194 Dei
1505 2137 1684 2196 lactus
1728 2148 1834 2195 est.

570 2322 672 2378 Ha:
699 2333 816 2378 sunt
849 2323 1208 2394 generationes
1257 2323 1372 2379 Noe
1400 2324 1469 2388 ’⁸,
1496 2334 1605 2382 etc.
1637 2324 1695 2378 Si
1718 2325 2082 2381 cemmuniori

499 2430 660 2470 sensu
694 2417 809 2471 hazc
829 2417 1028 2482 scripta
1060 2427 1264 2480 essent,
1300 2418 1386 2471 his
1418 2418 1629 2471 verbis:
1653 2415 1752 2473 Ha:
1779 2428 1899 2472 sunt
1918 2434 2082 2486 gene-

499 2510 728 2562 rationes
772 2506 919 2572 Noe;
965 2507 1364 2576 adiungendum
1409 2521 1564 2564 erat:
1597 2509 1716 2563 Noe
1761 2511 1941 2580 genuit
1972 2520 2080 2565 tres

495 2600 656 2667 ﬁlios.
694 2598 850 2654 Nunc
899 2615 1027 2654 vero
1061 2602 1319 2668 quoniam
1355 2600 1582 2668 jnstitiaa
1631 2611 1749 2654 erat
1797 2605 2081 2672 generatio

493 2691 633 2763 eius,
656 2693 809 2761 prius
841 2693 1046 2748 dictum
1079 2702 1182 2754 est.
1209 2695 1292 2747 lue
1324 2702 1447 2747 sunt
1480 2695 1862 2763 generationes,
1898 2705 1953 2750 et
1985 2696 2080 2750 ad-

495 2788 666 2842 ditum
690 2804 702 2839 :
733 2787 810 2839 vir
833 2795 946 2839 erat
961 2785 1166 2849 justus.

567 2897 678 2952 Deo
707 2898 905 2966 placuit
951 2895 1089 2952 Noe.
1139 2897 1332 2952 Genuit
1378 2909 1554 2953 autem
1607 2897 1724 2953 Noe
1769 2909 1875 2954 tres
1913 2900 2078 2969 ﬁlios,

494 2987 636 3053 Sem,
658 2988 823 3041 Cltam
845 2996 893 3041 et
913 2985 1104 3054 Japhet
1123 2988 1190 3046 ”.
1218 2987 1388 3058 Supra
1421 2990 1619 3058 legitur
1643 3007 1656 3043 :
1685 2987 1830 3043 Vixit
1854 2989 2077 3044 Lameclt

493 3105 661 3141 annos
691 3100 896 3141 centum
928 3099 975 3142 et
1001 3087 1266 3157 octoginta
1293 3096 1341 3139 et
1377 3097 1511 3148 octo,
1545 3094 1595 3140 et
1627 3087 1808 3156 genuit
1844 3084 1979 3142 Noe.
2009 3085 2076 3140 Et

494 3182 618 3233 vixit
660 3178 882 3233 Lamech
933 3192 1209 3248 postquam
1252 3177 1428 3246 genuit
1465 3174 1581 3230 Noe
1625 3193 1793 3230 annos
1830 3191 1994 3242 anv,
2031 3187 2078 3230 et

493 3270 621 3337 facti
650 3279 770 3323 sunt
795 3286 969 3322 omnes
1010 3270 1121 3321 dies
1169 3265 1398 3320 Lamech
1430 3267 1555 3319 anni
1584 3267 1896 3336 septingenti
1928 3267 2081 3336 quin-

491 3362 745 3431 quaginta
769 3372 892 3425 tres,
908 3371 953 3411 et
970 3369 1207 3411 mortuus
1227 3367 1320 3410 est.
1339 3357 1443 3427 31
1468 3357 1532 3410 Et
1550 3368 1660 3410 erat
1683 3357 1800 3411 Noe
1819 3374 2079 3410 annorum

493 3466 552 3516 ι),
597 3465 645 3504 et
686 3450 862 3521 genuit
914 3459 1017 3503 tres
1059 3447 1265 3516 filios‘.
1303 3447 1480 3502 Etiam
1523 3449 1612 3503 hic
1645 3463 1916 3502 annorum
1968 3447 2080 3502 Noe

493 3544 778 3613 sexaginta
833 3543 1074 3611 quinque
1118 3539 1545 3611 discrepantiam
1599 3539 2077 3610 deprehendimus.

494 3633 699 3690 Verum
744 3635 845 3688 hoc
877 3633 996 3687 loco
1024 3633 1310 3700 Scriptura
1343 3631 1480 3686 dicit
1508 3630 1620 3686 Noe
1647 3630 1756 3687 Deo
1784 3631 2079 3700 placuisse,

493 3729 642 3781 sicut
668 3726 832 3780 etiam
863 3725 933 3779 de
953 3724 1138 3779 Enoch
1167 3725 1434 3794 scriptum
1457 3733 1563 3778 est.
1587 3723 1722 3779 Nam
1749 3724 1837 3779 ille
1861 3739 2080 3794 quoque

491 3836 615 3872 rum
654 3817 858 3888 placuit
911 3815 1042 3880 Deo,
1075 3825 1204 3871 tunc
1236 3815 1532 3872 translatus
1563 3825 1649 3872 est
1687 3819 1754 3873 ab
1783 3831 1868 3872 eo.
1911 3815 2079 3872 Simi-

494 3910 620 3965 liter
652 3921 832 3963 antem
868 3918 924 3963 et
952 3909 1051 3978 ipsi
1086 3907 1201 3962 Noe
1254 3908 1536 3978 sexaginta
1586 3909 1829 3979 quinque
1882 3923 2077 3975 annos,

494 4012 792 4070 antequam
824 4001 1063 4070 placeret
1088 4000 1198 4055 Deo
1249 3999 1480 4068 elapsos,
1495 4016 1601 4054 non
1633 4001 1968 4071 computavit
1998 4000 2080 4054 di-

494 4094 620 4148 vina
651 4094 954 4162 Scriptura.
983 4093 1155 4148 Sicuti
1186 4108 1288 4148 nec
1314 4093 1626 4147 Abrahamo
1641 4093 1922 4160 sexaginta
1945 4093 2074 4148 anni

494 4187 619 4240 vita:
655 4197 949 4256 antequam
983 4185 1151 4240 Deum
1184 4195 1560 4255 cognosceret,
1593 4187 1890 4256 computati
1922 4194 2074 4251 sunt,

492 4297 590 4336 nec
614 4280 832 4335 Enocho
866 4280 1112 4350 triginta,
1141 4293 1241 4334 nec
1259 4278 1409 4334 Sauli
1438 4279 1651 4350 viginti,
1677 4295 1774 4336 nec
1797 4279 2074 4336 Salomoni

490 4374 875 4443 quadraginta,
910 4387 1009 4427 nec
1051 4372 1299 4426 Ezechiae
1330 4372 1754 4440 septemdecim:
1786 4374 1878 4428 sed
1908 4374 2073 4428 etiam

2184 493 2390 545 εἰκόνα
2425 493 2633 545 αὑτοῦ.
2683 494 2826 564 Πρὸς
2859 496 2986 556 τοὺς
3021 493 3302 562 οἰομένους
3332 491 3440 560 (46)
3465 491 3631 561 ἄλλην
3674 491 3773 560 μὲν

2185 582 2324 637 εἶναι
2353 585 2452 654 τὴν
2484 585 2671 637 εἰκόνα
2703 585 2794 636 τοῦ
2829 584 2984 648 Θεοῦ,
3018 584 3173 638 ἄλλον
3205 584 3260 636 δέ
3298 583 3387 634 τὸν
3423 582 3540 635 κατ’
3566 582 3774 644 εἰκόνα,

2185 677 2424 740 λεκτέον,
2453 679 2503 729 εἰ
2533 679 2687 740 ἄλλος
2725 678 2823 747 μὲν
2851 679 2880 730 ὁ
2922 677 3114 747 Ἀδὰμ,
3149 675 3305 738 ἄλλος
3332 675 3389 727 δέ
3421 677 3454 744 ὴ
3480 673 3644 727 εἰκὼν
3674 673 3774 726 αὐ-

2186 768 2279 821 τοῦ
2301 786 2313 797 ·
2347 769 2441 822 καὶ
2476 770 2523 820 εἰ
2549 769 2733 837 τρίτος
2763 767 2905 820 κατὰ
2929 767 3022 820 τὸν
3057 762 3116 820 οὗ
3149 766 3270 818 κατ’
3300 764 3481 818 εἰκόνα
3513 765 3542 816 ὁ
3580 763 3772 833 Ἄδαρ..

2186 860 2492 931 Χρήσονται
2521 859 2578 912 δέ
2609 857 2715 929 τῷ·
2754 859 2949 926 Κύριε,
2981 858 3048 910 έν
3087 857 3159 925 τῇ
3203 859 3377 911 πόλει
3411 869 3528 910 σου
3559 853 3673 922 τὴν
3697 856 3777 907 ει-

2186 953 2338 1004 κόνα
2367 948 2566 1003 αὐτῶν
2603 948 3033 1014 ἐξουδενὼσεις
3053 965 3065 977 ·
3112 949 3206 1002 καὶ
3238 947 3316 1017 τῷ
3336 964 3348 976 ·
3382 946 3670 1015 Μέντοιγε
3705 946 3778 999 ἐν

2185 1047 2371 1098 εἰκόνι
2411 1043 2824 1112 διαπορεύεται
2872 1041 3200 1109 ἅνθρωπος.
3251 1039 3520 1110 Ζητητέον
3564 1038 3623 1090 δέ
3670 1037 3776 1090 τίνι

2186 1137 2430 1208 διαφέρει
2473 1138 2507 1207 ἡ
2543 1136 2658 1189 ἰδέα
2701 1133 2873 1205 ’Δδὰμ
2921 1134 3018 1204 τῆς
3063 1133 3268 1197 εἰκόνος
3308 1131 3476 1185 αὑτοῦ
3513 1131 3646 1202 (47).

2262 1317 2660 1384 Εὑηρέστησε
2674 1315 2742 1370 δὲ
2757 1315 2946 1386 Ἑνὼχ
2975 1315 3054 1382 τῷ
3077 1315 3198 1382 Θεῷ
3211 1316 3359 1386 μετὰ
3382 1315 3449 1368 τὸ
3477 1316 3769 1384 γεννῆσαι

2188 1408 2377 1463 αὑτὸν
2400 1409 2508 1461 τὸν
2524 1409 2916 1463 Μαθουσάλα.
2933 1410 2994 1462 Εἰ
3015 1408 3151 1478 μετὰ
3177 1409 3237 1460 τὸ
3265 1408 3522 1479 γεννῆσαι
3550 1408 3658 1478 (48)
3682 1406 3775 1460 τὸν

2188 1501 2517 1555 Μαθουσάλα
2544 1501 2900 1571 εὐηρέστησε,
2938 1501 3044 1571 πρὸ
3068 1499 3259 1552 τούτου
3301 1499 3442 1553 κατὰ
3479 1500 3582 1570 τὴν
3632 1500 3773 1570 Γρα-

2189 1593 2293 1663 φὴν
2317 1593 2416 1646 οὐκ
2441 1589 2508 1664 ἦν
2542 1594 2852 1665 εὐάρεστος.
2885 1592 3073 1662 Δῆλον,
3094 1593 3178 1644 ὃτι
3231 1592 3295 1643 ἐκ
3324 1591 3610 1662 μετανοίας
3643 1591 3772 1659 εὑη-

2194 1685 2473 1756 ρέστησεν,
2508 1686 2596 1738 ὅτε
2630 1686 2919 1756 ἐγέννησεν
2953 1685 3049 1756 τὴν
3094 1684 3188 1738 τοῦ
3222 1684 3454 1738 Θανάτου
3485 1683 3777 1748 ἐξαποστο-

2114 1773 2157 1829 Β
2183 1775 2302 1846 λὴν,
2345 1775 2403 1827 ὃν
2431 1771 2574 1846 εἰχον
2604 1777 2731 1847 πρὶν
2763 1776 3023 1846 γεννῆσαι
3057 1775 3240 1828 αὐτόν.

2258 1867 2371 1920 Καὶ
2405 1863 2578 1920 εἶπεν
2613 1870 2645 1920 ὀ
2697 1867 2840 1933 Θεός
2861 1884 2875 1897 ο
2934 1868 3275 1934 Ἀπαλείψω
3302 1864 3409 1918 τὸν
3439 1865 3775 1932 ἄνθρωπον,

2189 1958 2263 2012 δν
2298 1959 2576 2027 ἐποίησα,
2616 1960 2733 2014 ἀπὸ
2786 1959 3110 2029 προσώπου
3143 1959 3253 2028 τῆς
3289 1958 3415 2030 γῆς.
3461 1961 3570 2029 Οὐχ
3604 1961 3778 2025 ἁπαξ-

2189 2050 2376 2114 απλῶς
2403 2051 2512 2123 (49)
2537 2051 2842 2120 ἀπαλείψω,
2877 2052 2992 2106 ἀλλ’
3027 2051 3134 2105 ἀπὸ
3158 2052 3256 2121 τῆς
3283 2053 3403 2122 γῆς.
3433 2053 3507 2105 Οὐ
3544 2052 3651 2122 γὰρ
3682 2053 3777 2105 πέ-

2191 2161 2328 2213 φυκε
2390 2143 2671 2208 παντελῶς
2729 2143 3122 2212 ἁπαλείφεσθαι
3167 2145 3195 2197 ὁ
3252 2143 3527 2215 ποιηθεὶς,
3571 2145 3692 2196 ἐπεὶ
3747 2145 3777 2199 ὁ

2191 2237 2436 2309 ποιηθεὶς
2466 2239 2584 2292 κατ’
2617 2239 2802 2290 εἰκόνα
2835 2237 2970 2291 Θεοῦ
3000 2238 3313 2309 πεποίηται.

2175 2303 2198 2324 ⁸
2259 2303 2446 2384 Λῧται
2471 2329 2539 2382 δὲ
2573 2333 2633 2383 αἰ
2666 2330 2936 2398 γενέσεις
2967 2330 3114 2394 Νῶε,
3148 2303 3241 2384 καὶ
3268 2330 3336 2384 τὰ
3374 2330 3521 2400 ἑξῆς.
3561 2331 3622 2383 Εἰ
3655 2347 3774 2385 κοι-

2189 2422 2406 2494 νότερον
2430 2423 2543 2493 (50)
2578 2426 2849 2496 ἐγράφετο
2880 2425 3076 2488 ταῦτα,
3104 2426 3268 2496 ἐχρῆν
3292 2425 3650 2497 ἐπιφέρεσθαι
3674 2421 3775 2494 τῷ,

2188 2511 2372 2574 Αὗται
2407 2518 2464 2569 αἱ
2492 2515 2689 2584 γενεοί
2729 2514 2874 2580 Νῶε,
2911 2517 3039 2570 Νῶε
3073 2517 3365 2586 ἐγέννησε
3398 2515 3551 2584 τρεῖς
3585 2516 3774 2581 υἱούς.

2188 2603 2303 2656 Νῦν
2351 2604 2407 2657 δέ
2447 2605 2570 2658 ἐπεὶ
2621 2604 2966 2674 δικαιοσύνης
3007 2608 3040 2676 ἡ
3076 2606 3290 2674 γένεσις
3339 2605 3524 2668 αὑτοῦ,
3581 2603 3776 2674 προτέ-

2186 2712 2383 2748 τακται
2418 2696 2516 2768 μὲν
2536 2699 2616 2761 τὸ,
2648 2692 2822 2753 αὗται
2853 2701 2912 2751 αἰ
2945 2697 3234 2767 γενέσεις,
3261 2698 3580 2768 ἐπιφέρεται
3602 2697 3659 2750 δὲ
3687 2698 3772 2764 τὸ,

2187 2787 2497 2856 ἄνθρωπος
2522 2787 2757 2855 δίκαιος
2782 2788 2887 2844 ὧν.

2264 2901 2348 2967 Τῷ
2395 2902 2516 2969 Θεῷ
2546 2904 2922 2973 εὑηρέστησε
2965 2903 3113 2959 Νῶε.
3171 2905 3490 2974 Ἐγέννησε
3531 2903 3599 2956 δὲ
3646 2901 3774 2956 Νῶε

2187 2994 2341 3063 τρεῖς
2374 2997 2566 3063 υἱοὺς,
2602 2997 2710 3050 τὸν
2741 2997 2890 3066 Σὴμ,
2935 2997 3044 3051 τὸν
3085 2997 3232 3067 Χὰμ,
3266 2997 3370 3050 τὸν
3417 2996 3628 3064 Ἰἀεοειλ
3672 2995 3774 3046 Πε-

2190 3086 2358 3158 ριέχει
2385 3089 2442 3139 ἐν
2481 3089 2592 3150 τοῖς
2627 3087 2937 3158 ἔμπροσθεν
2984 3088 3116 3158 (Si),
3160 3089 3244 3140 ὅτι
3303 3086 3518 3153 Ἕζησε
3572 3086 3772 3153 Λάμεχ

2181 3179 2285 3246 ἐτη
2305 3177 2523 3232 ἑκατὸν
2544 3179 2640 3232 καί
2665 3180 3035 3250 ὀγδοήκοντα
3057 3180 3156 3234 καὶ
3169 3179 3344 3246 ὀκτὼ,
3363 3180 3458 3233 καί
3481 3178 3775 3246 ἐγέννησε

2180 3272 2328 3325 Νῶε.
2356 3271 2656 3339 Καίέζησε
2671 3272 2895 3343 Λάμεχ,
2905 3275 3055 3343 μετὰ
3071 3273 3135 3326 τὸ
3154 3272 3444 3342 γεννῆσαι
3463 3269 3652 3324 αὑτὸν
3667 3269 3776 3322 τὸν

2181 3363 2450 3431 Νῶε,ἐτη
2475 3367 2842 3418 πεντακόσια
2862 3366 2958 3418 καί
2987 3365 3284 3430 ἐξήκοντα
3307 3365 3405 3419 καὶ
3430 3366 3637 3419 πέντε·
3669 3363 3770 3418 καὶ

2180 3453 2462 3525 ἐγένοντο
2498 3453 2688 3509 πᾶσαι
2717 3459 2776 3509 αἰ
2821 3459 3032 3526 ἡμέραι
3067 3457 3270 3527 Λάμεχ
3305 3458 3408 3525 ἐτη
3438 3458 3772 3510 ἑπτακόσια

2181 3546 2279 3600 καὶ
2319 3547 2697 3613 πεντήκοντα
2729 3549 2878 3616 τρια,
2917 3549 3013 3602 καὶ
3058 3549 3344 3604 ἀπέθανε.
3387 3549 3495 3604 Καὶ
3533 3546 3612 3620 ἦν
3643 3548 3772 3603 Νῶε

2180 3639 2332 3693 ἐτῶν
2363 3641 2802 3704 πεντακοσίων,
2835 3642 2933 3694 καί
2963 3641 3259 3710 ἐγέννησε
3279 3641 3433 3709 τρεῖς
3453 3644 3636 3708 υἱούς.
3660 3643 3772 3695 Καὶ

2180 3733 2508 3805 εὑρίσκομεν
2530 3737 2587 3787 ἐν
2617 3734 2790 3805 τούτῳ
2819 3735 3118 3804 διαφωνίαν
3147 3735 3408 3805 ἐξήκοντα
3435 3736 3594 3788 πέντε
3627 3734 3769 3788 ἐτῶν

2179 3825 2272 3880 τοῦ
2291 3826 2432 3880 Νῶε.
2485 3827 2622 3880 Ἀλλ’
2657 3827 2892 3882 ἐνταῦθα
2922 3829 2954 3899 ὴ
2993 3829 3184 3901 Γραφὴ
3214 3828 3382 3896 λέγει,
3417 3829 3499 3881 ὅτι
3532 3828 3608 3898 τῷ
3649 3826 3770 3898 Θεῷ

2179 3917 2513 3988 εὐηρέστησε
2564 3919 2724 3984 Νῶε,
2767 3921 2952 3985 καθὼς
2998 3921 3309 3990 γέγραπται
3359 3922 3453 3972 καὶ
3492 3919 3621 3990 περὶ
3672 3917 3767 3971 τοῦ

2191 4007 2379 4078 Ἑνώχ.
2420 4011 2684 4074 Κάκεῖνος
2723 4011 2832 4083 γὰρ
2861 4013 2949 4065 ὅτε
2987 4013 3321 4082 εὺηρέστησε
3359 4008 3438 4079 τῷ
3471 4010 3610 4080 Θεῷ,
3647 4011 3766 4063 τότε

2178 4101 2272 4154 καὶ⁹
2302 4100 2603 4172 μετέθηκεν
2639 4104 2822 4158 αὐτόν.
2878 4105 3109 4175 Ὀμοίως
3143 4100 3234 4157 οὖν
3273 4104 3368 4156 καὶ
3399 4102 3494 4156 τοῦ
3539 4102 3661 4156 Νῶε
3699 4102 3768 4155 τὰ

2180 4192 2286 4264 πρὸ
2329 4193 2432 4264 τῆς
2466 4194 2875 4266 εὐαρεστήσεως
2909 4195 3175 4266 ἐξήκοντα
3204 4197 3297 4248 κα)⁸
3328 4196 3491 4248 πέντε
3539 4195 3635 4264 ἐτη
3666 4195 3766 4248 οὐκ

2178 4285 2462 4354 ἐλογίσατο
2496 4286 2646 4358 αὑτῷ
2764 4289 2885 4342 θεία
2918 4289 3129 4361 Γραφή.
3162 4289 3372 4358 Ὥσπερ
3415 4289 3509 4340 καὶ
3538 4287 3629 4338 ἐπὶ
3669 4285 3764 4338 τοῦ

2189 4377 2441 4449 ’Δδραέιμ
2465 4379 2566 4432 οὐκ
2599 4380 2852 4450 ἐλογίσθη
2885 4383 2962 4443 εἰς
2995 4381 3137 4451 ζωὴν
3162 4380 3232 4433 τὰ
3263 4379 3527 4450 ἐξήκοντα
3563 4379 3660 4448 ἐτη
3697 4379 3766 4432 τὰ

492 4465 638 4518 circa
673 4463 970 4517 Mathusala
1001 4465 1270 4530 reperitur
1291 4462 1589 4518 discrimen
1620 4478 1885 4518 annorum
1909 4465 2071 4534 quiu-

2184 4471 2283 4542 πρὸ
2311 4471 2408 4541 τῆς
2430 4471 2758 4539 θεογνωσίας
2793 4471 2979 4535 αὐτοῦ,
3023 4473 3114 4524 καὶ
3145 4471 3239 4524 τοῦ
3289 4471 3455 4541 Ἑνὼχ
3483 4471 3576 4540 ἔτη
3610 4470 3766 4541 τριά-

492 4557 697 4610 dechn.

2183 4577 2376 4614 κοντα·
2407 4563 2500 4616 καὶ
2540 4562 2636 4614 τοῦ
2679 4563 2850 4615 Σαοὺλ
2894 4562 2988 4632 ἔτη
3015 4563 3210 4625 εἴκοσι,
3243 4563 3336 4614 καὶ
3367 4560 3462 4614 τοῦ
3495 4560 3764 4630 Σολομῶν-

492 4667 583 4713 τος
605 4650 701 4722 έτη
723 4650 1147 4722 τεσσαράκοντα,
1168 4649 1262 4704 καὶ
1289 4649 1380 4703 τοῦ
1418 4649 1664 4714 Ἐζεκίου
1695 4649 1790 4722 ἐτη
1815 4650 1948 4706 δέκα
1975 4655 2070 4708 καὶ
2099 4655 2239 4710 ἐπτά
2257 4675 2270 4688 ·
2307 4657 2442 4712 ἀλλὰ
2472 4659 2566 4714 καὶ
2600 4659 2728 4731 περὶ
2753 4659 2846 4713 τοῦ
2904 4658 3238 4715 Μαθουσάλα
3292 4657 3606 4729 εὑρίσκεται
3653 4655 3767 4708 δια-

493 4745 668 4814 φωνία
696 4743 832 4798 ἐτῶν
851 4743 1165 4799 δεκαπέντε.

636 4921 684 5002 ’,³
712 4921 932 5002 ϐςηεγ,
958 4924 1016 5002 1,.
1036 4925 1096 5002 5ἐ
1167 4925 1216 4957 ⁸⁵
1242 4924 1384 5002 Psai.
1413 4943 1588 4994 Lxxn,
1615 4927 1706 4984 20.
1784 4933 1829 4964 "
1869 4933 2008 4987 Psal,
2041 4950 2070 4988 χ

2190 4952 2272 5002 ιιι,
2305 4937 2356 4990 7.
2435 4937 2482 4968 "
2513 4936 2653 4992 Gen.
2681 4951 2730 5002 ν,
2752 4936 2846 4990 22.
2936 4937 2980 4968 ’⁷
3009 4934 3148 4990 Gen.
3189 4948 3266 4996 ri,
3297 4933 3352 4988 7.

487 4993 535 5028 θ’
563 4993 720 5057 ibid.,
748 4993 804 5059 9,
837 4995 922 5048 10.
1003 4994 1020 5025 ⁸
1057 4994 1192 5050 Gen.
1227 5011 1280 5062 ν,
1302 4995 1373 5050 28
1402 5013 1552 5067 seqq.

3446 4931 3493 4965 ”
3519 4930 3671 4994 ibid.,
3711 4927 3765 4985 9.

559 5172 692 5246 (
731 5173 889 5242 Πρὸς
943 5173 1088 5240 τοὺς
1148 5173 1497 5244 οἰομένους,
1556 5184 1664 5231 etc.
1729 5176 1810 5231 Ex
1873 5177 2064 5234 iisdem

2184 5179 2468 5234 Domhelis.

490 5239 729 5303 scl‘iédis.

562 5316 676 5389 (47)
722 5317 855 5389 Post
876 5313 1041 5389 αὑτοῦ
1070 5315 1230 5389 codd.
1259 5315 1409 5384 Regii
1441 5317 1646 5371 addunt
1677 5318 1796 5389 sine
1824 5317 2069 5389 auctoris

489 5385 753 5458 nomine:
795 5385 930 5458 Ἰδέα
984 5387 1132 5458 ἐστὶν
1178 5388 1211 5457 ἡ
1247 5389 1532 5458 σωματικὴ
1576 5388 1864 5458 ὁμοίωσις·
1906 5387 2070 5440 εἰκὼν

488 5457 545 5510 δέ
581 5458 613 5527 ή
658 5455 865 5526 ψυχικὴ
910 5455 1260 5520 κατάστασις.
1310 5455 1439 5528 Ιίιεα
1468 5455 1542 5511 est
1591 5455 1842 5528 corporea
1873 5460 2069 5512 simili-

492 5530 659 5588 tudo;
693 5528 870 5594 imago
901 5542 1020 5578 vero
1048 5528 1240 5579 anima:
1271 5527 1504 5581 habitus.

564 5595 675 5665 (48)
718 5598 786 5648 Εἰ
832 5595 982 5664 μετὰ
1025 5594 1092 5648 τὸ
1153 5595 1485 5665 γεννῆσαι,
1526 5609 1635 5653 etc.
1688 5596 1930 5652 Habetur
1984 5597 2070 5651 hic

495 5665 648 5719 locus
681 5667 734 5718 in
767 5668 954 5719 iisdem
987 5668 1204 5719 schedis
1237 5667 1534 5722 COIIliit’iiS.

569 5736 682 5805 (49)
725 5737 846 5806 Οὐχ
886 5735 1280 5804 ἁπαξαπλῶς,
1327 5749 1434 5793 etr.
1484 5737 1539 5792 ln
1603 5737 1793 5794 iislem
1854 5735 2070 5793 schedis

2248 5250 2362 5318 (50)
2402 5251 2472 5302 Et
2505 5250 2866 5318 κοινότερον,
2910 5256 3017 5302 etc.
3055 5250 3316 5316 Quaedam
3356 5259 3564 5305 catena:
3612 5248 3761 5304 hunc

2176 5319 2354 5442 lbocum
2391 5319 2689 5373 ἀδέσποτον
2721 5322 2941 5383 habent,
2975 5321 3070 5373 sed
3113 5319 3361 5374 Romana
3396 5320 3616 5391 Origcui
3661 5323 3759 5373 tri-

2217 5402 2317 5442 ιιιι.

2217 5402 2317 5442 ιιιι.

2249 5460 2364 5529 (51)
2406 5458 2667 5528 Περιέχει
2692 5459 2762 5512 ὲν
2785 5459 2909 5525 τοῖς
2930 5460 3292 5529 ἔμπροσθεν,
3319 5469 3425 5515 etc.
3454 5460 3507 5513 In
3543 5459 3760 5514 seltetlis

2177 5526 2487 5582 Coinllclisii
2542 5526 2884 5596 dcsumptum
2945 5526 3147 5584 dicitur
3195 5549 3225 5586 e
3273 5541 3462 5584 catena
3510 5531 3752 5584 Ronuaua

2180 5599 2280 5652 hoc
2316 5601 2677 5667 fragmentum
2710 5602 2855 5669 quod
2888 5599 3340 5655 Moulelalconins
3371 5612 3555 5656 noster
3583 5601 3755 5654 edidit

2179 5669 2231 5722 in
2264 5671 2735 5742 ubsemiationilius
2775 5671 2890 5727 suis
2935 5673 3001 5728 ad
3054 5669 3292 5741 "exapla
3337 5671 3608 5742 Ot'igcnis,
3645 5671 3749 5727 Ge-

2179 5754 2292 5796 ncs.
2323 5755 2376 5804 ν,
2402 5738 2475 5794 25
2497 5751 2551 5797 ct
2586 5739 2677 5796 26.
