4138 6434
399 369 502 434 105

1807 372 1872 430 ΙΝ
1912 374 2230 432 GENESIM.

3551 381 3574 432 ι
3588 379 3653 432 .lli

479 484 732 558 Έρθὰρη
783 488 844 542 δὲ
899 492 936 560 ἡ
993 490 1066 562 γῆ
1138 493 1416 545 ἐναντίον
1468 491 1574 546 τοῦ
1639 492 1807 545 Θεοῦ’
1869 492 1967 544 καὶ

2147 495 2407 562 Corrupto
2451 502 2527 548 est
2567 503 2739 547 autem
2774 502 2916 548 terra
2952 503 3076 549 ante
3110 495 3300 559 Deum,
3341 506 3387 552 et
3439 496 3651 565 impleto

393 582 674 651 ἐπλήσθη
710 584 747 651 τ’]
789 581 863 652 γῆ
899 584 1160 651 ἀδικίας’
1199 586 1300 638 καὶ
1346 581 1467 638 εἶδε
1507 586 1720 653 Κύριος
1760 588 1793 638 ὁ
1833 585 1976 651 Θεὸς

395 673 512 742 τὴν
561 671 692 744 γῆν,
730 677 828 728 καὶ
872 672 950 746 ἦν
989 677 1468 746 κατεφθαρμένη-
1503 674 1591 727 ὅτι
1633 675 1976 743 κατέφθειρε

396 763 565 818 πᾶσα
601 764 756 832 σὰρξ
785 764 899 833 τὴν
923 767 1066 821 ὁδὸν
1103 766 1289 821 αὐτοῦ
1321 767 1418 820 ἐπὶ
1445 764 1553 833 τῆς
1592 765 1722 835 τῆς.
1771 766 1976 819 Ἀδικία

399 855 496 924 μὲν
533 855 642 926 (52)
678 855 888 927 φθείρει
921 858 1018 928 τὴν
1051 857 1178 928 γῆν,
1211 856 1524 928 δικαιοσύνη
1558 858 1614 910 δὲ
1649 857 1850 920 σώζει·
1883 859 1977 910 καὶ

392 948 424 998 ὁ
463 947 810 1017 ἁμαρτάνων,
845 948 905 1001 τὺ
939 950 1060 1003 ὅσον
1096 953 1179 1019 ἐφ’
1226 949 1424 1020 ἑαυτῷ,
1456 949 1666 1020 φθείρει
1714 947 1808 1019 τὴν
1844 948 1970 1018 γῆν.

393 1041 508 1092 Οὐκ
541 1043 599 1092 ὲν
627 1040 704 1112 τῷ
739 1042 1104 1113 κατακλυσμῷ
1134 1043 1321 1111 γέγονε
1361 1040 1788 1112 κατεφθαρμένη
1817 1042 1850 1109 ἡ
1903 1040 1974 1110 γῆ

394 1132 550 1199 (τότε
588 1135 696 1206 γὰρ
723 1135 1058 1190 ἀπελούσατο
1085 1136 1184 1208 τὴν
1227 1134 1478 1205 φθοράν),
1511 1133 1626 1186 ἀλλ’
1657 1135 1714 1186 ἐν
1751 1135 1816 1203 τῇ
1860 1133 1974 1185 ἀδι-

393 1224 511 1294 κία.
557 1226 621 1278 Ὃ
644 1225 699 1278 δὲ
727 1227 1049 1298 κατέφθειρε
1086 1229 1184 1298 τὴν
1223 1227 1338 1280 ὁδὸν
1382 1226 1475 1279 τοῦ
1523 1225 1680 1288 Θεοῦ,
1720 1225 1820 1277 οὐκ
1861 1224 1976 1277 ἔστι

394 1315 634 1386 πνεῦμα.
678 1317 812 1371 ἀλλά
848 1319 1014 1391 σάρξ·
1054 1321 1123 1373 Τὸ
1163 1321 1271 1391 γὰρ
1307 1321 1585 1387 φρόνημα
1607 1315 1718 1384 τῆς
1751 1314 1977 1382 σαρκός

392 1408 577 1476 ἔχθρα
603 1411 689 1475 είς
717 1411 882 1464 Θεόιν·
914 1413 1026 1478 καὶ,
1043 1411 1110 1462 Oi
1142 1412 1212 1464 ἐν
1237 1409 1419 1478 σαρκί
1452 1407 1660 1473 ζῶντες
1690 1405 1811 1471 Θεῷ
1838 1406 1973 1474 ἀρέ-

393 1516 496 1552 σαι
526 1503 595 1554 οὐ
621 1503 926 1555 δύνανται.

462 1592 596 1656 Δύο,
625 1591 735 1646 δύο
762 1593 880 1646 ἀπὸ
907 1591 1148 1644 πάντων
1180 1591 1440 1655 εἰσάξεις
1467 1592 1555 1655 εὶς
1575 1587 1691 1656 τὴν
1727 1585 1978 1641 κιϐωτὸν

391 1685 494 1737 ἵνα
516 1683 734 1752 τρέφῃς
756 1683 906 1753 μετὰ
926 1682 1206 1736 σεαυτοῦ.
1241 1685 1464 1750 Ἀρσεν
1490 1683 1586 1736 καί
1614 1679 1768 1749 θῆλυ
1796 1680 1974 1734 ἔσον-

392 1789 506 1826 ται.
551 1773 703 1824 Ἐπεὶ
729 1772 998 1842 καθαροὺς
1022 1772 1133 1842 (55)
1160 1772 1318 1844 ἦθελε
1343 1773 1619 1843 διαμένειν
1638 1772 1765 1835 τοὺς
1798 1771 1973 1824 εἰσελ-

2076 592 2150 636 est
2185 593 2324 636 terra
2353 583 2653 654 iniquitate,
2696 595 2742 637 et
2773 585 2899 638 uidit
2953 584 3210 640 Dominus
3251 587 3391 640 Deus
3433 597 3653 651 terram,

2075 686 2124 727 et
2161 685 2270 729 erat
2303 687 2572 744 corrupta,
2623 677 2747 745 quia
2788 689 3096 744 corruperat
3143 681 3310 733 omnis
3353 696 3476 734 caro
3515 681 3655 734 uiam

2076 767 2189 834 ejus
2246 783 2405 836 super
2452 769 2709 822 terram’.
2763 768 3026 839 luiquitas
3074 773 3374 842 corrumpit
3417 784 3650 837 terram,

2070 857 2281 925 justitia
2316 869 2532 924 servat;
2571 867 2625 914 et
2677 858 2768 929 qui
2805 871 3020 929 peccat,
3056 873 3322 933 quantum
3371 866 3423 920 in
3457 881 3516 920 se
3544 875 3648 928 est,

2077 951 2373 1019 corrumpit
2407 960 2632 1006 terram.
2657 952 2774 1006 Non
2802 953 2855 1007 in
2887 954 3093 1009 diluvio
3119 967 3374 1026 corrupta
3399 967 3483 1013 est
3505 970 3652 1013 terra

2077 1042 2232 1112 (tunc
2264 1043 2408 1096 enim
2449 1042 2620 1098 abluit
2655 1045 3109 1117 corruptionem),
3132 1049 3227 1102 sed
3257 1049 3310 1104 in
3343 1051 3650 1121 iniquitate.

2077 1134 2229 1201 Quod
2270 1145 2450 1190 autem
2494 1136 2741 1205 corrupit
2779 1138 2922 1190 viam
2967 1138 3088 1201 Dei,
3127 1157 3231 1194 nou
3283 1150 3368 1195 est
3397 1144 3653 1211 spiritus,

2079 1228 2173 1280 sed
2206 1241 2361 1291 caro;
2398 1242 2519 1280 nam
2551 1228 2808 1294 sapientia
2864 1230 3064 1294 carnis,
3102 1233 3315 1286 inimica
3349 1244 3424 1287 est
3475 1233 3653 1301 Deo';

2076 1323 2150 1379 et,
2171 1311 2340 1378 Quiin
2368 1329 2528 1369 carne
2563 1316 2761 1382 vivunt,
2798 1317 2904 1370 Deo
2937 1319 3146 1387 placere
3172 1337 3275 1374 non
3299 1333 3512 1390 possunt
3535 1322 3578 1378 ⁸.

2147 1585 2288 1651 Duo,
2325 1587 2430 1640 duo
2461 1599 2526 1640 ea:
2555 1588 2798 1642 omnibus
2825 1591 3129 1644 introduces
3166 1592 3218 1644 in
3240 1608 3442 1656 arcam,
3471 1603 3526 1646 ut
3553 1607 3656 1648 nu-

2077 1672 2210 1725 trias
2245 1681 2435 1725 tecum.
2483 1672 2758 1728 Masculus
2793 1686 2841 1728 et
2892 1678 3089 1744 femina
3130 1681 3342 1734 erunt".
3380 1682 3653 1748 Quoniam

2078 1763 2324 1818 homines
2353 1764 2629 1830 ingressos
2669 1767 2720 1819 in
2756 1782 2964 1832 arcam,
3000 1771 3229 1824 mundos
3262 1787 3291 1825 a
3327 1775 3520 1842 copula
3551 1789 3650 1828 vo-

392 1863 586 1928 θόντας
618 1863 938 1934 ἀνθρώπους
980 1867 1060 1928 εἰς
1093 1861 1192 1935 τὴν
1226 1863 1454 1916 κιϐωτὸν
1489 1863 1597 1916 ἀπὸ
1632 1863 1852 1934 μίξεως,
1886 1861 1968 1915 ού-

2080 1855 2224 1909 lebat
2258 1871 2603 1924 permanere,
2661 1858 2742 1912 sic
2791 1873 2888 1914 eos
2934 1860 3252 1926 introducit,
3299 1863 3352 1916 in
3406 1863 3653 1934 ingressu

391 1972 500 2018 τως
543 1956 737 2019 αὐτοὺς
775 1956 1011 2024 είσάγει,
1066 1955 1206 2008 κατά
1243 1955 1341 2024 τὴν
1383 1953 1691 2024 εἰσαγωγὴν
1737 1952 1974 2007 κελεύων

391 2045 576 2108 αὐτοῖς
616 2045 714 2116 τὴν
746 2045 1027 2116 διατριϐὴν
1073 2045 1344 2100 ποιεῖσθαι
1383 2046 1482 2116 τὴν
1528 2047 1587 2098 ὲν
1627 2048 1693 2115 τῇ
1735 2044 1969 2115 κιϐωτῷ.

390 2135 466 2190 Οὐ
501 2135 610 2205 γὰρ
653 2136 891 2208 ἔπρεπε,
920 2139 1027 2190 τῶν
1071 2137 1270 2209 ὁμοίων
1317 2138 1722 2208 ἀπολλυμένων,
1752 2139 1973 2203 τούτους

389 2231 598 2294 κοίταις
631 2232 726 2284 καὶ
759 2231 1120 2295 παιδοποιίαις
1164 2232 1464 2302 σχολάζειν.
1509 2234 1635 2285 Ὅτε
1689 2232 1870 2303 μέντοι
1903 2234 1973 2288 τὰ

387 2318 534 2373 δεινά
571 2319 837 2392 παρῆλθε,
871 2321 961 2373 καὶ
991 2321 1150 2392 χρεία
1181 2323 1362 2375 ἐκάλει
1396 2322 1493 2394 τὴν
1531 2322 1634 2392 γῆν
1668 2322 1968 2393 ἀνθρώπων

389 2411 763 2483 πληρωθῆναι,
795 2413 936 2465 κατὰ
975 2414 1217 2485 γαμικὴν
1250 2414 1445 2478 αὐτοὺς
1473 2413 1735 2482 συζυγίαν
1777 2414 1972 2469 ἐκϐάλ-

388 2502 502 2568 λει,
552 2504 750 2573 λέγων’
791 2504 1040 2579 Ἔξελθε
1071 2506 1174 2568 σὺ,
1205 2507 1300 2559 καὶ
1337 2509 1376 2574 ἡ
1429 2505 1581 2576 γυνή
1616 2523 1753 2571 σου,
1788 2507 1886 2560 καὶ
1917 2511 1971 2562 οἱ

388 2596 509 2649 υἱοὶ
534 2598 672 2660 σού,
705 2597 800 2649 καὶ
835 2599 894 2649 αἱ
924 2597 1203 2666 γυναῖκες
1227 2597 1346 2650 τῶν
1371 2597 1517 2652 υίῶν
1548 2614 1684 2652 σου.

471 2686 613 2742 Ἀπὸ
637 2688 705 2741 δὲ
735 2688 977 2742 πάντων
1002 2688 1121 2744 τῶν
1145 2690 1378 2758 κτηνῶν
1399 2688 1517 2743 τῶν
1553 2691 1824 2760 καθαρῶν
1847 2691 1970 2746 εισ-

389 2778 572 2848 ἁγαγε
612 2781 763 2846 πρὸς
807 2780 882 2834 σὲ
911 2781 1060 2835 ἑπτὰ
1084 2781 1252 2844 ἑπτὰ,
1283 2780 1473 2849 ἄρσεν
1507 2787 1601 2834 καὶ
1628 2781 1813 2850 θῆι-ιιν
1849 2783 1970 2837 ἀπὸ

387 2866 457 2920 δὲ
482 2866 601 2920 τῶν
628 2868 860 2937 κτηνῶν
887 2869 1004 2922 τῶν
1028 2869 1113 2939 μὴ
1147 2870 1420 2938 καθαρῶν
1461 2869 1570 2924 δύο
1611 2871 1740 2934 δύο,
1775 2873 1868 2926 καὶ
1900 2873 1970 2927 τὰ

388 2958 537 3028 ἑξῆς.
581 2959 842 3031 Ζητήσειέ
869 2978 951 3024 τις
986 2960 1050 3014 ἂν
1079 2961 1190 3031 (54)
1228 2961 1364 3025 πῶς,
1409 2962 1636 3031 μηδέπω
1672 2963 1765 3016 τοῦ
1801 2965 1966 3036 νόμου

384 3051 828 3122 διαστειλαμένου
855 3052 1068 3123 καθαρά
1102 3054 1195 3106 καὶ
1225 3053 1530 3123 ἀκάθαρτα,
1572 3053 1647 3117 ὡς
1687 3055 1848 3108 εἰδότι
1890 3055 1968 3128 τῷ

389 3142 512 3196 Νῶε
544 3142 805 3214 διαφορὰν
830 3144 1153 3216 ἀκαθάρτων
1177 3144 1350 3198 ταῦτα
1373 3144 1609 3213 λέγεται.
1637 3146 1797 3200 Ὅθεν
1819 3149 1966 3215 ἄξιον
1995 3187 2036 3241 C

387 3235 677 3305 ἐπιστῆσαι
723 3233 796 3306 μὴ
841 3235 982 3290 κατὰ
1014 3237 1096 3303 τὸ,
1116 3238 1300 3292 Ὅταν
1335 3238 1478 3305 ἔθνη
1527 3236 1601 3290 τὰ
1642 3237 1729 3306 μὴ
1779 3241 1968 3309 νόμον

384 3328 605 3398 ἔχοντα
632 3329 811 3398 φύσει
856 3329 928 3382 τὰ
975 3328 1082 3383 τοῦ
1113 3331 1298 3398 νόμου
1331 3330 1605 3397 ποιῶσιν,
1648 3331 1680 3402 ἢ
1725 3331 1833 3386 ἀπὸ
1873 3333 1964 3387 τοῦ

385 3419 544 3489 φύσει
575 3421 738 3492 νόμου
769 3418 941 3474 ταῦτα
966 3421 1233 3490 ἠπίστατο
1261 3422 1289 3472 ὁ
1322 3421 1465 3475 Νῶε.

454 3510 582 3565 Νῶε
608 3511 676 3564 δὲ
704 3510 782 3580 ἦν
803 3510 953 3564 ἐτῶν
973 3510 1327 3576 ἑξακοσίων,
1353 3512 1451 3566 καὶ
1482 3515 1515 3567 ὁ
1541 3514 1966 3584 κατακλυσμὸς

383 3601 492 3656 τοῦ
521 3602 731 3668 ὕδατος
762 3601 1000 3671 ἐγένετο
1032 3603 1130 3656 ἐπὶ
1152 3601 1261 3670 τῆς
1284 3602 1412 3674 γῆς.
1440 3605 1662 3675 Μήποτε
1691 3605 1802 3676 (55)
1830 3605 1964 3677 πρὸς

383 3695 786 3768 ἀντιδιαστολὴν
822 3697 1102 3768 μέλλοντος
1129 3697 1514 3769 κατακλυσμοῦ
1550 3698 1800 3768 γενέσθαι
1833 3699 1964 3771 πυρὶ

384 3788 702 3859 πρόσκειται
730 3789 980 3855 ἐνταῦθα,
1015 3790 1122 3844 τοῦ
1149 3790 1385 3857 ὕδατος.

453 3879 562 3930 Καὶ
586 3877 876 3946 εἰσῆλθον
895 3878 1042 3946 πρὸς
1057 3877 1183 3933 Νῶε
1207 3883 1294 3945 εις
1317 3879 1430 3948 τὴν
1451 3880 1696 3934 κιϐωτὸν
1719 3879 1827 3934 δύο
1851 3879 1962 3933 δύο

382 3969 499 4023 ἀπὸ
522 3969 722 4037 πάσης
746 3971 989 4036 σαρκός.
1034 3971 1120 4034 Ὡς
1146 3972 1279 4043 πρὸς
1303 3971 1363 4022 τὸ
1386 3971 1546 4042 ῥητὸν
1573 3972 1682 4041 (56)
1709 3971 1962 4042 ζητήσειε

383 4078 466 4123 τις
492 4059 555 4112 ἂν
586 4059 673 4111 διὰ
705 4060 757 4110 τί
790 4059 888 4110 οὐκ
919 4060 1151 4130 εἴρηται,
1183 4061 1250 4113 τὰ
1282 4061 1378 4129 μὲν
1407 4061 1691 4130 ἀκάθαρτα
1717 4061 1808 4113 δύο
1845 4061 1957 4124 δύο,

383 4151 453 4203 τὰ
473 4149 529 4202 δὲ
557 4149 772 4220 καθαρά
793 4150 930 4204 ἐπτά
953 4152 1116 4203 ἑπτά·
1145 4149 1280 4202 ἀλλά
1307 4150 1614 4220 σεσιώπηκε
1637 4152 1703 4204 τὰ
1725 4151 1955 4223 καθαρά.

387 4242 528 4312 Ὅρα
556 4240 612 4293 δὲ
649 4240 722 4311 μὴ
752 4239 1016 4309 ἀπολογία
1048 4241 1194 4293 ἐστὶν
1227 4242 1284 4293 ὲν
1311 4239 1406 4310 τῷ,
1434 4242 1552 4295 ἀπὸ
1585 4241 1788 4308 πάσης
1815 4257 1961 4310 σαρ-

382 4336 517 4402 κὸς,
541 4333 868 4406 ἀκαθάρτων
901 4332 1062 4403 μόνον
1092 4331 1433 4404 δηλουμένων
1462 4333 1520 4385 ὲν
1561 4331 1668 4402 τῷ,
1698 4333 1813 4385 ἀπὸ
1843 4331 1959 4386 πά-

381 4441 502 4492 σης
529 4425 776 4492 σαρκός.

2078 1947 2400 2016 ρτιεοὶνίειιε
2431 1963 2594 2017 quam
2629 1964 2853 2005 servare
2886 1953 3118 2008 debeant
3156 1955 3209 2008 in
3253 1970 3378 2009 arca
3434 1957 3650 2012 vivendi

2075 2038 2366 2092 rationem.
2410 2039 2595 2109 Neque
2634 2043 2780 2095 enim
2830 2045 3168 2100 conveniens
3217 2055 3358 2111 erat,
3405 2057 3483 2110 ut,
3525 2065 3651 2104 cum

2077 2129 2268 2199 reliqui
2319 2131 2525 2185 similes
2573 2133 2889 2201 periisseut,
2933 2135 2986 2189 hi
3037 2136 3315 2192 cubilibus
3359 2149 3415 2194 et
3462 2140 3654 2198 liberis

2075 2222 2424 2289 procreandis
2441 2238 2661 2291 operam
2689 2225 2899 2279 darent.
2921 2226 2990 2280 At
3010 2243 3131 2281 cum
3160 2228 3446 2284 calamitas
3477 2240 3654 2288 trans-

2075 2311 2160 2378 iit,
2207 2323 2261 2366 et
2307 2329 2441 2382 opus
2501 2315 2602 2368 fuit
2648 2329 2846 2369 terram
2898 2317 3207 2374 hominibus
3257 2323 3475 2392 repleri,
3532 2340 3650 2390 eos,

2074 2415 2235 2475 prout
2265 2409 2536 2462 connubio
2565 2408 2738 2478 juncti
2780 2419 2958 2473 erant,
2994 2413 3197 2478 educit,
3227 2415 3418 2470 dicens
3444 2435 3460 2470 :
3494 2416 3656 2485 Egrb

2073 2500 2194 2551 dere
2221 2511 2276 2552 tu
2305 2511 2352 2552 et
2384 2516 2520 2554 uxor
2555 2511 2668 2564 tua,
2712 2511 2760 2555 et
2790 2502 2892 2569 [ilii
2938 2505 3040 2571 tui,
3090 2516 3136 2558 et
3186 2523 3374 2562 uxores
3414 2510 3654 2577 ﬁliorum

2071 2600 2281 2644 tuorum
2294 2592 2334 2645 ⁸.

2144 2682 2222 2736 Ab
2263 2685 2504 2739 omnibus
2545 2695 2718 2740 autem
2758 2688 3084 2743 animalibus
3115 2693 3327 2746 mundis
3375 2693 3539 2747 induc
3579 2697 3649 2748 ad

2072 2785 2120 2826 te
2146 2785 2358 2842 septena
2385 2787 2616 2845 septena,
2637 2779 2929 2833 masculum
2955 2791 3003 2834 et
3033 2781 3321 2850 feminam;
3349 2784 3415 2838 ab
3441 2789 3648 2840 anima-

2069 2863 2208 2918 libus
2249 2881 2364 2919 vero
2402 2866 2690 2922 immundis
2723 2870 2867 2932 bina,
2898 2871 3018 2924 bina
3039 2872 3082 2938 ⁷,
3124 2883 3232 2928 etc.
3261 2873 3440 2942 Qumri
3473 2888 3651 2944 potest

2070 2967 2191 3017 cur,
2221 2969 2343 3008 cum
2383 2954 2468 3008 lex
2514 2957 2752 3010 nondum
2789 2959 3133 3016 distinxisset
3181 2963 3380 3018 Inuuda
3426 2966 3495 3019 ab
3545 2967 3649 3021 ici-

2071 3048 2306 3111 mundis,
2335 3046 2448 3102 Noe
2475 3059 2734 3116 tanquam
2767 3051 3060 3107 discrimen
3095 3055 3502 3112 iuunundorum
3532 3061 3648 3114 cala

2073 3137 2202 3192 lenti
2236 3139 2349 3193 lucc
2380 3139 2652 3193 dicantur.
2691 3141 2829 3196 Hinc
2862 3158 3043 3211 operae
3076 3147 3310 3214 pretium
3347 3159 3433 3204 est
3467 3159 3648 3204 attena

2072 3231 2202 3284 dere
2243 3245 2306 3284 ne
2334 3231 2488 3300 juxta
2526 3231 2820 3294 illud,Cum
2852 3243 3028 3302 gentes
3057 3252 3176 3306 qua:
3210 3236 3373 3306 legem
3418 3257 3522 3293 non
3552 3241 3651 3296 lia-

2070 3321 2209 3384 bent,
2237 3321 2552 3376 naturaliter
2573 3338 2693 3393 qua:
2724 3323 2851 3392 legis
2883 3334 3027 3388 sunt,
3057 3327 3261 3396 [ariunt
3281 3329 3328 3394 ⁸,
3365 3342 3459 3385 aut
3485 3347 3515 3385 a
3546 3348 3642 3389 nar

2069 3411 2226 3466 turali
2262 3414 2377 3481 lege
2409 3414 2523 3467 haec
2555 3413 2812 3469 didicerit
2843 3414 2973 3470 Noe.

2141 3502 2258 3557 Noe
2283 3513 2457 3558 autem
2485 3515 2854 3558 sescentorum
2904 3516 3016 3559 erat
3070 3524 3360 3574 annorum,
3403 3521 3453 3564 et
3501 3515 3648 3568 dilu-

2066 3600 2206 3650 vium
2235 3611 2386 3666 aqua!
2406 3597 2604 3666 factum
2627 3608 2703 3651 est
2727 3615 2884 3666 super
2911 3601 3151 3655 terram’.
3175 3601 3338 3658 Forte
3354 3606 3424 3659 ad
3452 3607 3648 3661 discri-

2067 3704 2189 3743 men
2221 3689 2406 3743 diluvii
2436 3691 2578 3760 quod
2608 3691 2850 3744 futurum
2880 3701 2964 3746 est
2992 3692 3140 3762 igne,
3183 3696 3286 3750 hoc
3331 3697 3448 3751 loco
3479 3697 3608 3752 addi
3637 3729 3643 3735 -

2068 3790 2179 3845 lur,
2209 3799 2381 3853 aqum.

2133 3874 2240 3944 32
2275 3873 2340 3928 Et
2381 3876 2710 3930 intraverunt
2737 3875 2807 3928 ad
2844 3875 2962 3929 Noe
3003 3877 3056 3929 in
3087 3893 3269 3932 arcam
3296 3878 3406 3932 duo
3443 3877 3549 3934 duo
3576 3883 3644 3934 ab

2064 3964 2210 4016 omni
2242 3964 2480 4019 carne".
2511 3964 2803 4030 Quaesierit
2844 3966 3118 4034 quispiam
3169 3984 3267 4022 cur
3319 3970 3497 4025 littera
3534 3988 3641 4026 non

2064 4054 2210 4107 dicat
2239 4070 2303 4107 ex
2338 4055 2632 4110 immundis
2661 4055 2786 4108 bina
2822 4056 3042 4119 bina,et
3063 4074 3129 4113 ex
3170 4061 3386 4116 mundis
3419 4073 3640 4131 septena

2063 4153 2318 4210 septena;
2371 4146 2465 4198 sed
2513 4148 2582 4201 de
2617 4147 2837 4199 mundis
2884 4147 3117 4206 siluerit.
3159 4151 3291 4206 Vide
3345 4165 3528 4210 autem
3575 4171 3643 4209 ne

2063 4235 2389 4289 solutionem
2422 4237 2661 4304 praebeat
2697 4239 2825 4292 illud
2853 4258 2866 4293 :
2894 4242 2958 4293 ab
2986 4243 3132 4294 omni
3170 4259 3350 4306 carne,
3380 4259 3505 4297 cum
3540 4245 3645 4298 im-

2062 4327 2261 4380 munda
2287 4327 2460 4381 solum
2485 4329 2839 4398 designentur
2863 4331 2950 4387 liis
2971 4332 3180 4399 verbis,
3199 4335 3264 4388 ab
3288 4337 3432 4389 omni
3457 4352 3639 4390 carne.

449 4517 555 4571 Καὶ
582 4517 922 4586 εὐλόγησεν
945 4517 978 4568 ὀ
1013 4512 1155 4580 Θεὸς
1185 4514 1293 4566 τὸν
1325 4513 1470 4577 Νῶε,
1506 4513 1770 4580 καὶτοὺς
1793 4513 1962 4581 υἱοὺς

2138 4509 2518 4582 Benedixitque
2561 4511 2702 4566 Deus
2734 4513 2851 4567 Noe
2875 4523 2921 4568 et
2950 4513 3080 4582 ﬁliis
3115 4514 3252 4584 ejus,
3286 4525 3336 4570 et
3361 4518 3494 4572 dixit
3521 4521 3596 4573 eis
3619 4534 3639 4572 :

379 4607 586 4670 αὐτοῦ,
617 4607 713 4659 καὶ
746 4602 916 4659 εἶπεν
952 4604 1156 4670 αὐτοῖς
1175 4620 1188 4635 ο
1222 4603 1567 4668 Αὐξάνεσθε
1600 4603 1698 4657 καὶ
1730 4605 1959 4671 πληθύ-

377 4704 577 4764 νεσθε,
617 4699 714 4752 καί
755 4695 1107 4765 πληρώσατε
1140 4696 1252 4764 τὴν
1282 4694 1415 4765 τῆν.
1470 4695 1528 4748 '0
1558 4694 1682 4748 Νῶε
1715 4695 1832 4758 πῶς
1856 4693 1956 4765 ηὕ-

379 4795 510 4864 ξησε
529 4793 664 4864 (57),
691 4793 785 4844 καὶ
809 4790 1095 4861 ἐπλήθυνε,
1131 4790 1294 4860 μήπω
1321 4787 1587 4857 γεννήσας
1616 4787 1752 4858 μετὰ
1780 4803 1952 4840 κατα-

378 4886 650 4956 κλυσμὸν;
701 4886 908 4956 μήποτε
936 4878 1028 4935 οὖν
1065 4881 1126 4934 οὐ
1155 4880 1234 4932 δεῖ
1267 4879 1593 4950 σωματικῶς
1625 4879 1841 4932 ἀκούειν
1872 4882 1955 4945 τὸ,

377 4979 723 5044 Αῠξάνεσθε
769 4977 867 5031 καὶ
898 4973 1408 5054 πληθύνεσθεκΕί
1439 4972 1496 5026 δὲ
1529 4971 1715 5026 ἐνθάδε
1749 4972 1810 5025 οὐ
1846 4989 1953 5024 σω-

379 5072 624 5145 ματικῶς
650 5072 738 5125 διά
775 5071 864 5125 τὸν
907 5068 1050 5134 Νῶε,
1077 5070 1256 5141 δῆλον,
1287 5068 1369 5120 ὅτι
1414 5065 1554 5120 κατά
1587 5065 1832 5137 βούλημα
1858 5064 1952 5120 τοῦ

377 5165 744 5237 πνευματικοῦ
771 5165 934 5235 νόμου
961 5165 1056 5218 καὶ
1093 5164 1150 5216 ὲν
1179 5166 1244 5235 τῇ
1269 5163 1409 5233 ἀρχῇ
1437 5159 1630 5224 οὕτως.

2067 4599 2290 4655 Crescite
2331 4603 2869 4673 elmultiplicamini,
2907 4612 2955 4656 et
2989 4604 3180 4671 replete
3219 4606 3500 4658 terram“.
3529 4606 3642 4662 Noe

2063 4695 2338 4764 quomodo
2373 4697 2570 4758 crevit,
2606 4706 2661 4750 et
2691 4696 3218 4766 multiplicavit,cum
3254 4715 3360 4752 non
3392 4702 3644 4768 genuerit

2061 4795 2185 4856 post
2214 4787 2512 4841 diluvium?
2541 4787 2656 4841 Non
2705 4804 2838 4857 ergo
2867 4790 3228 4858 corporaliter
3259 4791 3638 4859 accipiendum

2057 4889 2141 4933 est
2174 4879 2303 4932 illud
2337 4894 2351 4931 :
2388 4877 2620 4933 Crescite
2648 4888 2697 4932 et
2725 4882 3183 4950 multiplicamini.
3215 4881 3272 4938 Si
3303 4885 3390 4938 hic
3416 4897 3641 4953 propter

2058 4972 2172 5026 Noe
2219 4986 2324 5026 non
2377 4971 2757 5040 corporaliter,
2816 4971 3165 5026 manifestum
3208 4983 3293 5028 est
3338 4977 3638 5030 secundum

2058 5076 2280 5117 sensum
2318 5060 2584 5130 spiritalis
2615 5059 2752 5130 legis
2775 5060 3152 5128 accipiendum
3183 5075 3326 5128 esse,
3357 5061 3550 5130 sicque
3586 5063 3637 5114 in

2057 5155 2352 5226 principio.

445 5282 466 5312 ³
498 5281 632 5338 Gen.
675 5297 746 5345 ιιι.
779 5281 866 5345 Η,
896 5280 978 5334 12.
1056 5281 1078 5313 ³
1111 5278 1266 5333 Rom.
1299 5293 1410 5336 vul.
1439 5277 1492 5331 7.
1568 5276 1590 5307 ⁸
1631 5275 1787 5339 ibid.,
1823 5273 1877 5328 8.
1954 5279 1968 5311 '

2070 5289 2129 5327 ιιι.
2155 5288 2229 5336 v1,
2261 5273 2347 5328 l9.
2424 5273 2446 5304 ⁶
2476 5271 2614 5326 Gen.
2650 5287 2768 5335 vui,
2793 5272 2880 5328 16.
2958 5273 2978 5305 ⁷
3009 5272 3144 5328 Gen.
3169 5287 3267 5338 vu,
3296 5271 3354 5326 2.
3429 5272 3454 5304 ⁸
3485 5277 3642 5331 ltum.

376 5370 438 5424 ιι,
466 5355 554 5410 14.
626 5353 649 5384 ⁹
685 5353 822 5408 Gen.
847 5368 945 5419 vu,
976 5351 1032 5408 6.
1111 5351 1154 5382 '°
1195 5349 1355 5416 ibid.,
1382 5347 1470 5403 15.
1551 5347 1592 5378 ¹¹
1623 5345 1871 5407 Gen.'lx,
1915 5345 1965 5399 l.

443 5471 556 5546 (ΒΞ)
594 5471 810 5526 Ἀδικία
829 5469 960 5541 μέν,
993 5481 1102 5526 etc.
1153 5470 1499 5538 Desumptum
1534 5478 1614 5524 est
1670 5481 1701 5523 e
1752 5476 1943 5546 catena

373 5543 1100 5683 1ῐί(ἳὲἕίκδὲπεικαθαρούς.
1135 5619 1245 5665 etc.
1285 5607 1436 5679 Orig.
1488 5607 1680 5662 tribuit
1745 5617 1941 5663 catena

373 5679 606 5738 Rolnfiu
632 5682 747 5736 sch.
782 5679 1025 5736 Combef.

445 5753 556 5822 (54)
588 5749 878 5820 Ζητήσειέ
909 5767 996 5816 τις
1018 5749 1114 5816 ἂν,
1149 5758 1259 5806 etc.
1315 5749 1500 5805 Eidem
1533 5748 1722 5804 tribuit
1752 5755 1942 5804 catena

375 5824 636 5880 lloinana.

689 5917 961 5980 Ρλτιιοι..
1005 5916 1121 5978 Gn.
1151 5915 1296 5977 XII.

2130 5465 2244 5538 (55)
2273 5465 2538 5534 Μήποτε,
2577 5475 2682 5520 etc.
2709 5430 2964 5534 "Origeui
3010 5464 3266 5519 tribuitur
3314 5461 3365 5516 in
3423 5464 3640 5524 scbvdis

2053 5537 2381 5593 Cotubelisii.

2121 5607 2235 5679 (56)
2272 5605 2366 5673 Ὠς
2398 5605 2641 5679 apage
2658 5605 2870 5679 ῥητρν,
2902 5615 3007 5659 etc.
3056 5601 3378 5671 Exscriptus
3406 5614 3489 5658 est
3545 5603 3635 5657 llic

2056 5675 2205 5734 locus
2233 5693 2262 5732 c
2286 5677 2503 5731 schedls
2526 5675 2859 5730 Combetisii.

2283 5747 2336 5799 '0
2366 5744 2492 5827 Νῶε
2519 5744 2645 5827 πῶς
2673 5743 3068 5827 ηὕξησεηριε.
3096 5743 3339 5798 llabctur
3371 5746 3455 5799 ilic
3477 5742 3633 5798 locus

2058 5813 2335 5874 iniisdem
2369 5817 2584 5871 schedis
2616 5831 2682 5872 ex
2712 5824 2906 5870 catena
2933 5813 3200 5870 Romana.

3307 5913 3346 5974 δ
3644 5953 3677 5992 ρ
