4138 6440
452 365 543 418 ι-ιι

1933 363 2278 423 ORIGENES

3605 379 3705 433 ΗΞ

445 487 763 546 ρηςετεηιεε
795 490 974 535 autem
1008 481 1298 534 discrimen
1338 481 1461 535 Iabii
1494 489 1548 535 et
1572 481 1742 547 vocis,
1777 481 2005 536 dicemus

2125 484 2219 538 καὶ
2248 484 2452 554 φωνῆς,
2481 486 2726 556 φήσομεν
2747 487 2845 556 τὴν
2872 486 2969 557 μὲν
2994 488 3173 559 φωνὴν
3198 489 3288 543 ἐπὶ¹
3311 491 3406 562 τῆς
3425 489 3702 546 διαλέκτου

444 588 634 627 vocem
667 573 734 626 ad
767 587 1074 627 sermonem
1109 575 1402 643 pertinere,
1436 573 1579 630 forte
1610 582 1790 629 autem
1821 573 2020 629 labium

445 663 513 714 ad
545 662 947 732 cogitationem,
975 669 1066 714 aut
1097 662 1214 715 vice
1243 676 1419 713 versa.

523 751 724 816 Venite,
753 763 803 806 et
847 752 1218 806 descendentes
1261 751 1652 820 confundamus
1683 751 1753 803 ibi
1783 750 2019 820 linguam

373 869 376 873 ι
443 862 645 909 eorum,
691 855 744 898 ut
793 860 896 897 non
939 843 1125 897 audiat
1168 844 1526 913 unusquisque
1567 842 1804 911 linguam
1838 843 2020 910 proxi-

443 937 590 992 mi".
627 935 840 992 Malitia:
875 936 1134 990 indicium
1163 935 1410 990 confusio
1439 935 1769 1005 linguarum,
1802 934 2019 988 virtutis

440 1046 570 1085 vero
597 1030 885 1090 indicium,
916 1029 1138 1098 quando
1161 1037 1274 1082 erat
1305 1029 1538 1082 omnium
1571 1028 1894 1082 credentium
1928 1041 2018 1080 cor

438 1134 484 1175 et
516 1122 696 1176 anima
723 1138 826 1174 una
839 1122 906 1174 ’⁸.
949 1120 1150 1188 Sicque
1176 1120 1515 1189 Scripturam
1539 1120 1837 1174 observans
1867 1119 2018 1172 inve-

442 1217 580 1279 nies,
618 1215 928 1283 ubicunque
977 1221 1060 1268 est
1105 1213 1396 1267 multitudo
1442 1212 1676 1276 numeri,
1708 1212 2016 1280 ubicunque

423 1318 519 1362 -est
551 1307 812 1371 schisma,
861 1306 1172 1374 ubicunque
1207 1313 1290 1360 est
1346 1303 1542 1358 divisio
1577 1313 1630 1357 et
1661 1303 1928 1356 discordia
1959 1312 2016 1357 et

425 1399 541 1452 alia
581 1396 909 1465 hujnsmodi,
936 1395 1156 1449 malitiae
1179 1409 1298 1449 esse
1329 1394 1567 1458 indicia;
1609 1393 1697 1445 ubi
1733 1406 1865 1444 vero
1893 1395 2016 1443 unl-

425 1501 521 1544 itas
553 1499 606 1542 et
640 1487 956 1552 concordia,
980 1497 1034 1542 et
1068 1486 1230 1540 multa
1261 1486 1341 1540 vis
1373 1485 1425 1539 in
1463 1484 1664 1546 verbis,
1691 1483 1764 1538 ibi
1802 1483 2013 1536 virtutis

434 1595 558 1636 esse
593 1580 815 1634 indicia.

517 1671 762 1742 Vixilque
816 1671 1022 1724 Tharra
1072 1670 1406 1738 septuaginta
1464 1665 1662 1730 annis,
1729 1676 1776 1720 et
1833 1666 2009 1735 genuit

438 1767 652 1830 Abram,
679 1773 727 1818 et
758 1761 998 1826 Nae/lor,
1033 1770 1083 1816 et
1106 1762 1298 1814 Arram
1316 1760 1384 1813 ’⁷.
1419 1758 1633 1812 Patrem
1663 1757 1838 1828 gentis
1867 1758 2012 1813 cele-

2123 575 2449 641 τάσσεσθαι,
2481 576 2620 646 τάχα
2648 577 2705 630 δὲ
2743 577 2804 630 τὸ
2836 577 3010 647 χεῖλος
3038 579 3129 631 ἐπὶ
3154 581 3251 650 τῆς
3279 580 3516 645 διανοίας
3536 601 3549 613 ·
3581 581 3616 654 ἢ
3643 582 3706 636 τὸ

2123 663 2381 734 ἔμπαλιν.

2193 758 2368 811 Δεῦτε
2391 798 2406 821 ,
2439 757 2539 813 καὶ
2582 758 2946 826 καταϐάντες
2978 759 3331 829 συγχέωμεν
3355 759 3553 814 αὐτῶν
3579 761 3710 816 ἐκεῖ

2123 847 2236 915 τὴν
2277 847 2599 916 γλῶσσαν,
2640 850 2740 903 ἵνα
2789 850 2874 919 μὴ
2925 851 3272 904 ἀκούσωσιν
3302 851 3558 917 ἕκαστος
3592 851 3703 921 τῆς

2120 931 2323 1001 φωνῆς
2372 934 2480 990 τοῦ
2535 938 2820 1003 πλησίον.
2874 939 2913 991 Γ
2915 937 3164 1010 νώρισμα
3214 940 3410 1004 κακίας
3458 941 3593 1011 (66)
3639 943 3702 994 τὸ

2122 1025 2450 1096 συγχυθῆναι
2483 1026 2582 1091 τὰς
2615 1027 2864 1096 γλώσσας
2885 1047 2898 1058 ·
2928 1030 3215 1100 γνώρισμα
3242 1032 3444 1102 ἀρετῆς
3465 1072 3478 1095 ,
3505 1033 3594 1086 ὅτι
3619 1027 3700 1103 ἧν

2117 1117 2356 1172 πάντων
2377 1119 2496 1172 τῶν
2528 1122 2936 1174 πιστευόντων
2963 1121 3197 1189 καρδία,
3233 1124 3330 1176 καὶ
3364 1123 3536 1193 ψυχὴ
3566 1125 3698 1193 μία.

2116 1209 2225 1263 Καὶ
2272 1209 2414 1264 οὕτω
2464 1211 2647 1282 τηρῶν
2695 1213 2793 1284 τὴν
2838 1214 3059 1284 Γραφὴν
3111 1215 3384 1286 εὑρήσεις,
3433 1217 3518 1269 ὅτι
3562 1219 3701 1272 ὅπου

2115 1303 2317 1375 πλῆθος
2349 1304 2606 1376 ἀριθμοῦ,
2638 1306 2770 1358 ὅπου
2823 1305 3050 1376 σχίσμα,
3080 1306 3213 1360 ὅπου
3256 1306 3515 1379 διαίρεσις
3538 1348 3553 1372 ,
3605 1307 3703 1363 καὶ

2112 1397 2416 1466 διαφωνία,
2472 1399 2566 1451 καὶ
2632 1399 2732 1451 ὅσα
2807 1399 3070 1462 τοιαῦτα,
3125 1399 3321 1463 κακίας
3387 1402 3502 1454 ἐστὶ
3559 1419 3701 1470 γνω-

2114 1485 2388 1556 ρίσματα·
2434 1486 2569 1538 ὅπου
2617 1485 2674 1538 δέ
2721 1487 2938 1557 ἑνότης,
2984 1489 3078 1541 καὶ
3127 1489 3368 1558 ὁμόνοια,
3403 1491 3498 1546 καὶ
3531 1491 3700 1563 πολλὴ

2109 1577 2338 1647 δύναμις
2383 1579 2442 1630 ἐν
2475 1578 2650 1647 λόγοις
2675 1618 2688 1639 ,
2718 1581 2921 1649 ἀρετῆς
2952 1580 3329 1651 γνωρίσματα.

2179 1671 2289 1724 Καὶ
2338 1671 2512 1737 ἔζησε
2553 1670 2749 1739 Θάρῤα
2795 1672 3201 1741 ἐϐδομήκοντα
3227 1673 3366 1741 ἐτη,
3395 1674 3490 1728 και
3533 1672 3701 1744 ἐγέν-

2111 1777 2263 1830 νησε
2289 1761 2396 1817 τὸν
2430 1761 2656 1830 Ἁϐρὰμ,
2676 1762 2772 1814 καὶ
2796 1762 2901 1814 τὸν
2928 1761 3159 1831 Ναχώρ,
3186 1764 3282 1816 καί
3316 1765 3423 1817 τὸν
3451 1763 3693 1834 Ἀρῤἁμ.

416 1857 641 1911 ἰη-ιιιιιίε
675 1855 1022 1910 festivitatem
1055 1852 1412 1907 hebdomadas
1439 1851 1631 1921 genuit
1677 1848 1889 1903 Tharra
1924 1864 2005 1904 se-

2112 1855 2216 1907 Τὸν
2249 1853 2457 1924 πατέρα
2489 1853 2598 1923 (67)
2627 1853 2720 1906 τοῦ
2747 1853 3095 1924 ἑορτάζοντας
3126 1855 3312 1918 ἐθνους
3339 1856 3438 1927 τὴν
3465 1856 3699 1928 ἑϐδομά-

413 1950 837 2022 .ptuageuarius.
873 1948 1026 2002 Haud
1060 1946 1176 2001 scio
1213 1954 1396 2000 autem
1427 1961 1494 1998 an
1533 1952 1645 1998 tres
1677 1942 2009 2013 tergeminos

429 2043 693 2114 genuerit.
730 2042 903 2095 Aliter
954 2039 1102 2094 enim
1155 2036 1608 2107 sepluagenarius
1655 2051 1778 2089 cum
1837 2044 2005 2101 esset,

423 2152 534 2191 non
565 2135 830 2206 potuisset
860 2149 927 2188 ex
955 2147 1059 2186 una
1084 2130 1248 2186 trium
1271 2140 1430 2200 pater
1454 2128 1718 2184 lieri.Sed
1743 2139 1800 2184 et
1823 2129 2008 2199 plures

426 2240 534 2280 non
577 2223 893 2278 referuntur
921 2221 1040 2290 ejus
1075 2235 1293 2276 uxores.

485 2402 568 2456 Et
591 2400 856 2455 descendit
883 2399 1080 2462 Abram
1121 2398 1174 2449 in
1201 2394 1492 2466 ngyptum
1537 2405 1592 2448 ut
1636 2395 2002 2464 peregrinare-

425 2505 514 2548 tttr
545 2492 637 2558 ibi,
685 2491 933 2561 quoniam
972 2487 1270 2542 inualuerat
1313 2487 1476 2555 fartres
1518 2501 1676 2554 super
1728 2484 2001 2539 terram".

426 2585 699 2640 Abraham
728 2599 832 2637 non
873 2584 922 2636 in
954 2581 1190 2652 Egypto
1232 2580 1534 2642 habitabat,
1569 2579 1664 2633 sed
1694 2578 2003 2648 peregrina-

421 2679 608 2740 batur,
640 2676 898 2745 qnoniarn
931 2674 1234 2727 invaluerat
1261 2673 1431 2724 fames
1456 2686 1619 2740 super
1649 2679 1871 2725 terram.

498 2766 788 2821 Chananrei
830 2775 1005 2816 autem
1045 2772 1093 2816 et
1139 2759 1412 2816 Phereza'i
1453 2771 1577 2812 tunc
1606 2759 1913 2813 habitabant
1949 2760 2002 2812 in

426 2859 648 2914 terra".
682 2857 972 2910 Chananaﬁ
1001 2863 1188 2924 utpote
1219 2853 1344 2906 ntali
1378 2853 1714 2913 habitabant.
1755 2867 1862 2905 non
1899 2867 1998 2921 pe-

428 2952 867 3023 regrinubantur,
907 2950 958 3002 in
1005 2958 1175 3005 terra.
1207 2946 1328 3000 Mali
1382 2947 1564 3015 itaque
1596 2944 1862 3010 habitant,
1899 2960 2002 2998 non

419 3043 859 3113 peregrinantur,
897 3040 948 3094 in
983 3049 1151 3093 terra.

479 3135 601 3207 .35
632 3134 692 3190 Si
725 3145 782 3188 tu
807 3133 876 3187 ad
905 3132 1207 3193 sinistram,
1240 3147 1334 3202 ego
1372 3133 1440 3184 ad
1489 3132 1759 3184 dexteram
1797 3147 1814 3194 ;
1843 3131 1890 3183 si
1933 3139 1996 3182 tu

423 3231 492 3282 ad
531 3231 834 3293 dexteram,
875 3241 966 3295 ego
1008 3225 1080 3279 ad
1107 3225 1378 3278 sinistram
1411 3223 1490 3286 ³ο,
1528 3231 1637 3276 etc.
1675 3220 1787 3276 Etsi
1827 3222 2002 3275 Abra-

426 3322 548 3373 ham
617 3332 727 3386 prre
771 3314 1186 3370 mansuetudine
1238 3311 1476 3383 eligendi
1528 3320 1854 3380 potestatem
1909 3310 1999 3364 fe-

417 3411 498 3466 cit
553 3409 776 3474 Letho;
841 3407 1238 3463 observandum
1309 3412 1395 3458 est
1466 3419 1590 3456 eum
1647 3403 1738 3472 qui
1801 3402 2001 3474 elegit,

422 3521 523 3560 suo
581 3503 790 3558 delectu
847 3518 953 3556 non
1013 3499 1161 3564 frui,
1223 3499 1376 3553 illum
1432 3507 1614 3552 autem
1662 3497 1758 3566 'qui
1825 3498 2005 3567 optio-

418 3614 549 3655 nem
600 3597 789 3660 dedit,
844 3592 1188 3650 benedictum
1248 3593 1449 3648 habere
1507 3591 1651 3660 quod
1707 3590 1811 3645 sibi
1868 3590 2002 3644 reli-

417 3702 569 3746 ctum
596 3702 698 3747 est.
1678 3693 1682 3697 ’

497 3785 747 3854 Dixitque
782 3783 921 3838 Deus
951 3783 1019 3836 ad
1050 3781 1246 3834 Abram
1283 3789 1554 3849 postquam
1609 3785 1886 3845 separatus
1929 3783 2005 3828 est

421 3879 486 3932 ab
510 3880 621 3946 ipso
650 3877 775 3933 Lot:
803 3876 1016 3946 Respice
1039 3874 1206 3928 oculis
1237 3874 1367 3937 tuis,
1390 3882 1436 3925 et
1462 3871 1576 3924 vide
1600 3887 1631 3922 a
1663 3869 1774 3921 loco
1810 3869 1866 3921 in
1902 3883 2005 3934 quo

423 3987 648 4034 nunces,
669 3969 737 4023 ad
751 3969 1047 4038 aquilonem
1064 3978 1110 4020 et
1125 3966 1414 4030 meridiem,
1428 3975 1475 4017 et
1493 3965 1561 4016 ad
1576 3962 1848 4027 orientem,
1869 3971 1916 4015 et
1933 3960 2004 4013 ad

425 4064 764 4124 occidentem,
781 4063 1031 4132 quoniam
1050 4076 1253 4113 omnem
1266 4068 1458 4112 terram
1476 4073 1636 4126 quam
1655 4065 1710 4108 tu
1725 4054 1887 4118 vides,
1911 4053 2004 4106 tibi

423 4156 563 4209 dabo
588 4155 652 4206 “.
699 4153 799 4222 Qui
835 4152 1020 4208 virtuti
1049 4153 1178 4207 dant
1223 4157 1447 4221 operam
1477 4190 1492 4215 ,
1535 4163 1630 4204 eos
1675 4147 1922 4217 sequitur
1972 4161 2001 4198 a

422 4247 534 4301 Deo
559 4247 880 4301 consolatio.
909 4244 1202 4315 Postquam
1238 4245 1516 4313 optionem
1547 4241 1699 4297 dedit
1736 4239 1916 4303 fratri,
1949 4247 2005 4294 et

423 4340 511 4394 ille
540 4338 971 4394 amoenissimam
1018 4348 1074 4392 et
1119 4337 1447 4392 uberrimam
1482 4334 1648 4406 elegit
1701 4336 1999 4407 regionem,

422 4429 674 4499 apparuit
727 4429 869 4482 Delia
912 4426 1260 4491 Ahrahamo,
1312 4427 1469 4494 cujus
1525 4425 1766 4478 animam
1816 4423 1999 4476 verbis

2108 1947 2174 1999 δα
2215 1946 2504 2018 ἐγέννησεν
2549 1948 2578 1999 ό
2617 1945 3123 2016 Θὰῤῥαεγενόμενος
3172 1948 3693 2018 ἑϐδομηκονταέτης.

2123 2039 2411 2109 Ἐφίστημι
2433 2039 2488 2091 δέ
2517 2040 2712 2109 μήπως
2740 2039 2864 2101 τοὺς
2890 2042 3036 2109 τρεῖς
3063 2038 3356 2110 τριδύμους
3380 2039 3693 2110 ἐγέννησεν.

2114 2132 2320 2195 Ἀλλως
2348 2133 2474 2202 γὰρ,
2507 2131 3005 2201 ἐϐδομηκονταέτης
3051 2131 3148 2196 ὢν,
3178 2135 3239 2186 οὐ
3270 2133 3469 2186 δύναιτ’
3495 2132 3560 2187 ἂν
3587 2134 3700 2190 τῶν

2109 2221 2274 2292 τριῶν
2303 2223 2368 2275 ἐκ
2400 2223 2528 2292 μιᾶς
2559 2221 2811 2289 γενέσθαι
2837 2226 3040 2294 πατήρ.
3079 2225 3237 2278 Ἀλλὰ
3267 2226 3361 2279 καὶ
3385 2227 3446 2279 οὐ
3475 2226 3698 2297 δηλοῦν-

2107 2330 2196 2365 ται
2223 2313 2441 2376 πλείους
2470 2313 2635 2366 αὑτοῦ
2670 2316 2947 2381 γυναῖκες.

2176 2407 2284 2461 Καὶ
2339 2407 2556 2474 κατέϐη
2598 2407 2815 2477 Ἀόζρὰμ
2865 2411 2952 2474 είς
2991 2410 3297 2478 Αἴγυπτον
3332 2408 3694 2480 παροικῆσαι

2106 2497 2260 2561 ἐκεῖ,
2325 2497 2413 2550 ὅτι
2479 2499 2814 2568 ἐνίσχυσεν
2872 2503 2905 2554 ό
2991 2503 3169 2570 λιμὸς
3228 2501 3326 2554 ἐπι
3388 2501 3498 2570 τῆς
3559 2502 3689 2572 τῆς.

2119 2589 2369 2660 Ἀϐραὰμ
2422 2589 2532 2659 (68)
2566 2591 2626 2643 οὐ
2660 2590 2896 2661 κατῴκει
2931 2593 3200 2660 Αἴγυπτον
3220 2633 3234 2658 ,
3266 2593 3400 2646 ἀλλὰ
3427 2593 3695 2667 παρῲκει,

2104 2681 2188 2735 ὅτι
2217 2681 2492 2752 ἐνίσχυσεν
2513 2685 2540 2735 ό
2561 2678 2721 2752 λιμὸς
2749 2684 2842 2736 ἐπ’(⁵
2875 2683 2976 2752 τῆς
3008 2684 3132 2753 γῆς.

2170 2775 2234 2826 Oi
2265 2772 2334 2826 δὲ
2353 2773 2670 2827 Χαναναῖοι
2698 2774 2794 2827 καὶ
2823 2778 2877 2828 οἱ
2903 2775 3193 2842 Φερεζαῖοι
3223 2778 3354 2832 τότε
3384 2775 3695 2841 κατῴκουν

2106 2866 2220 2933 τὴν
2247 2865 2382 2935 γῆν.
2404 2868 2489 2930 Ὡς
2520 2866 2712 2936 φαῦλοι
2736 2867 2843 2939 (69)
2870 2869 2918 2920 oi
2948 2870 3241 2922 Χαναναῖοι
3274 2871 3572 2942 κατῴκουν,
3600 2870 3696 2924 καὶ

2104 2957 2165 3009 οὐ
2197 2957 2488 3030 παρῴκουν
2516 2959 2613 3028 τὴν
2646 2958 2779 3029 γῆν.
2825 2958 2984 3013 Ὥστε
3015 2958 3206 3028 φαῦλοι
3235 2961 3595 3025 κατοικοῦσιν,
3630 2961 3694 3015 οὗ

2108 3048 2432 3120 παροικοῦσι
2455 3049 2549 3120 τὴν
2579 3049 2705 3119 γῆν.

2181 3143 2246 3195 El
2276 3142 2357 3195 σὺ
2380 3144 2467 3207 είς
2487 3141 2790 3209 ἀριστερὰ,
2816 3139 2930 3210 ἐγὼ
2964 3144 3050 3207 εἰς
3080 3142 3248 3208 δεξιά
3267 3162 3279 3174 ο
3313 3146 3363 3198 ει
3391 3143 3458 3196 δὲ
3486 3143 3566 3197 σὺ
3604 3147 3693 3211 εις

2108 3232 2305 3297 δεξιὰ,
2331 3233 2446 3302 ἐγὼ
2495 3236 2581 3299 είς
2619 3232 2903 3300 ἀριστερά
2927 3251 2940 3263 ·
2993 3234 3087 3286 καὶ
3133 3236 3200 3288 τὰ
3242 3235 3389 3304 ἑξῆς.
3424 3236 3487 3288 Εἰ
3520 3237 3612 3289 κα)¹
3654 3239 3689 3308 ἡ

2105 3326 2303 3396 ἐκλογὴ
2327 3325 2438 3396 (70)
2464 3326 2654 3394 γέγονε
2684 3324 3099 3396 συγχωρηθεῖσα
3130 3326 3236 3378 ἀπὸ
3265 3328 3362 3398 τῆς
3395 3327 3692 3392 ἐπιεικείας

2104 3419 2199 3472 τοῦ
2259 3418 2511 3490 Ἀδραὰμ
2550 3416 2629 3488 τῷ
2665 3416 2818 3470 Λώτ⁹
2876 3419 3326 3489 παρατηρητέον,
3370 3420 3451 3473 ὃτι
3503 3422 3532 3474 ό
3591 3420 3692 3491 μὲν

2107 3508 2466 3580 ἐκλεξάμενος
2533 3509 2633 3562 οὐκ
2691 3508 2952 3562 ἀπολαύει
3022 3509 3120 3578 τῆς
3189 3508 3354 3562 αὐτοῦ
3427 3509 3690 3581 ἐκλογῆς,

2107 3603 2134 3653 ό
2166 3603 2223 3656 δὲ
2254 3603 2663 3674 παραχωρήσας
2694 3601 3054 3673 εὐλογημένον
3091 3601 3203 3672 ἔχει
3232 3602 3294 3656 τὸ
3332 3603 3690 3675 καταλελειμ-

2113 3695 2292 3766 μένον.

2190 3791 2253 3841 '0
2283 3789 2350 3843 δὲ
2391 3790 2536 3856 Θεὸς
2558 3788 2687 3846 εἶπε
2717 3791 2867 3858 πρὸς
2896 3789 3124 3859 Ἀϐρὰμ,
3151 3789 3302 3858 μετὰ
3326 3788 3391 3843 τὸ
3419 3788 3690 3860 διαχωρι-

2108 3881 2326 3950 σθῆναι
2375 3883 2484 3937 τὸν
2532 3884 2662 3938 Λὼτ
2716 3884 2816 3938 ἀπ’
2862 3881 3075 3936 αὐτοῦ’
3131 3881 3505 3951 Ἀνάϐλεψον
3567 3882 3690 3948 τοῖς

2108 3973 2436 4043 ὀφθαῖμοῖς
2456 3988 2592 4040 σου,
2625 3976 2719 4028 καὶ
2749 3974 2838 4027 ἴδε
2863 3974 2982 4028 ἀπὸ
3015 3973 3120 4027 τοῦ
3154 3973 3340 4027 τόπου
3367 3969 3438 4028 οὗ
3464 3970 3580 4026 νῦν
3607 3974 3690 4026 σὺ

2106 4061 2178 4129 εἴ,
2217 4065 2366 4134 πρὸς
2400 4064 2634 4134 ,ϐοῤῥᾶν
2662 4067 2758 4119 καὶ
2802 4067 2941 4119 λίϐα
2963 4104 2980 4129 ,
3009 4064 3102 4117 καί
3133 4065 3434 4130 ἀνατολὰς
3461 4065 3557 4118 καί
3591 4064 3692 4118 θά-

2104 4161 2384 4220 λασσαν,
2414 4157 2503 4209 ὅτι
2545 4155 2750 4210 πᾶσαν
2795 4156 2910 4223 τὴν
2946 4156 3063 4225 γῆν
3089 4196 3103 4219 ,
3149 4139 3227 4220 ἢν
3259 4155 3340 4208 σὺ
3387 4155 3559 4223 ὁρᾷς,
3589 4155 3688 4208 σοι

2105 4248 2278 4302 δώσω
2296 4248 2506 4314 αὐτὴν.
2544 4249 2772 4300 ’Έπεται
2802 4249 2917 4315 (71)
2946 4250 3058 4310 τοῖς
3092 4246 3416 4315 κατορθοῦσι
3443 4247 3539 4316 τὴν
3569 4247 3692 4318 ἁρε-

2105 4342 2203 4411 τὴν
2233 4343 2265 4412 ἡ
2302 4340 2453 4412 παρὰ
2485 4340 2579 4393 τοῦ
2610 4340 2746 4393 Θεοῦ
2778 4340 3139 4411 παράκλησις.
3174 4340 3326 4394 Μετὰ
3355 4341 3411 4392 δέ
3435 4356 3690 4412 παραχω-

2111 4432 2273 4503 ρῆσαι
2302 4432 2378 4501 τῷ
2409 4432 2622 4502 ἁδελφῷ
2647 4433 2744 4502 τὴν
2774 4432 3004 4502 αἵρεσιν,
3039 4434 3288 4484 κάκεῖνον
3318 4432 3379 4485 τὺ
3405 4432 3690 4485 κάλλιστον

420 4523 848 4586 consolatoriis,
893 4530 948 4575 et
992 4521 1150 4575 bonis
1191 4517 1648 4590 promissionibus
1690 4516 2001 4578 recreavit,

2110 4525 2203 4576 καὶ
2228 4521 2602 4593 εὐφορώτατον
2633 4522 2954 4586 ἐκλέξασθαι
2983 4523 3200 4593 χωρίον,
3227 4523 3471 4592 ἐπεφάνη
3501 4523 3530 4574 ὁ
3556 4522 3691 4584 Θεὸς

426 4617 818 4687 propemodum
864 4615 1053 4670 dicens
1092 4629 1106 4666 :
1150 4612 1377 4667 Terram
1430 4613 1571 4666 hanc
1622 4609 1902 4664 minimam
1947 4616 2002 4661 et

422 4711 741 4766 sensibilem
768 4707 1148 4777 contempsisti
1196 4722 1208 4770 ;
1247 4719 1345 4775 ego
1376 4705 1471 4758 tibi
1501 4704 1639 4757 dabo
1681 4709 2000 4755 mansueto-

433 4820 554 4856 rum
583 4812 784 4856 terram
817 4814 936 4870 qua:
966 4809 1048 4854 est
1076 4799 1130 4853 in
1159 4798 1380 4867 regione
1413 4795 1727 4850 viventium.
1767 4793 2002 4862 Respice

421 4897 568 4951 eriim
613 4894 809 4949 mentis
839 4893 1015 4947 oculis
1041 4931 1056 4956 ,
1093 4900 1149 4945 et
1175 4891 1296 4944 vide
1325 4905 1354 4943 a
1383 4889 1504 4943 loco
1553 4889 1606 4940 in
1634 4902 1742 4956 quo
1771 4895 1824 4939 tu
1858 4901 2001 4940 nunc

422 5000 501 5039 es.
534 4983 713 5038 Locus
737 4992 921 5036 autem
963 4979 1095 5050 justi
1130 4978 1302 5032 virtus
1347 4987 1466 5042 est,
1498 4992 1528 5031 a
1561 4991 1664 5046 qua
1706 4991 1828 5045 quae
1870 4989 1997 5044 Spe-

425 5078 594 5132 randa
637 5083 802 5139 sunt,
858 5073 1053 5141 cupide
1097 5079 1419 5140 exspectat,
1465 5078 1522 5124 et
1567 5083 1687 5138 qua:
1733 5069 1786 5122 in
1845 5067 1999 5122 oculis

425 5169 659 5240 reposita
707 5174 876 5227 sunt,
909 5164 1273 5234 praestolatur.
1330 5159 1442 5216 Nisi
1492 5159 1636 5215 enim
1687 5159 1761 5214 ita
1806 5173 1865 5214 se
1909 5173 1997 5212 res

426 5263 684 5327 haberet,
737 5270 994 5328 quantam
1056 5255 1353 5310 verisimile
1419 5261 1502 5308 est
1568 5253 1744 5321 ipsum
1824 5252 1996 5306 oculis

489 5353 534 5383 “
559 5351 694 5407 Gen.
735 5365 811 5417 ιι,
843 5351 898 5404 7.
972 5348 1019 5381 ⁸⁸
1059 5349 1178 5403 Act.
1239 5363 1311 5414 tv,
1363 5350 1451 5404 32.

425 5423 466 5454 ⁸⁸
505 5423 657 5486 ibid.,
693 5421 778 5485 14,
812 5424 897 5475 15.

426 5586 460 5640 ﬁ
498 5515 609 5597 (66)
637 5507 956 5585 Γνώρισμα
981 5516 1187 5581 κακίας
1213 5558 1227 5583 ,
1257 5526 1362 5571 etc.
1422 5514 1463 5569 E
1510 5508 1724 5570 schedis
1772 5513 2002 5570 Combe-

467 5603 550 5639 su.

467 5603 550 5639 Sll.

497 5687 608 5758 (67)
645 5687 754 5740 Τὸν
790 5686 1034 5755 πατέρα,
1067 5696 1174 5741 etc.
1216 5687 1292 5741 Ex
1327 5686 1510 5743 iisdem
1537 5686 1771 5742 schedia.

423 5788 611 5912 lTt‘GSl
660 5787 927 5858 Ἀϐραάμ,
963 5798 1070 5845 etc.
1101 5788 1320 5860 Origeni
1369 5789 1610 5844 tribuunt
1654 5797 1765 5843 tres
1793 5797 2000 5843 catenae

487 5875 517 5912 ιι
540 5874 605 5912 κ.

485 5874 605 5930 δικ.

2099 4612 2177 4681 τῷ
2230 4612 2520 4684 Ἀϐραὰμ,
2569 4611 2747 4680 λόγοις
2807 4613 3235 4684 παρακλητικοῖς
3284 4613 3380 4666 καὶ
3424 4614 3689 4683 χρησταῖς

2101 4705 2460 4774 ὑποσχέσεσιν
2481 4705 2643 4758 αὐτὸν
2665 4703 3031 4777 ψυχαγωγῶν,
3051 4705 3332 4775 μονονουχὶ
3362 4703 3555 4772 λέγων·
3580 4703 3687 4774 Γῆς

2098 4797 2299 4868 ταύτης
2343 4799 2752 4870 κατεφρόνησας
2799 4799 2896 4869 τῆς
2927 4797 3216 4868 ἐλαχίστης
3251 4796 3344 4849 καὶ
3381 4795 3645 4866 αἰσθητῆς
3669 4812 3684 4825 ο

2100 4890 2211 4957 ἐγώ
2239 4907 2320 4943 σοι
2344 4888 2500 4943 δώσω
2526 4890 2632 4942 τῶν
2659 4890 2879 4962 πραέων
2911 4889 3008 4960 τὴν
3052 4890 3158 4959 γῆν
3188 4888 3285 4958 τὴν
3318 4890 3376 4940 ἐν
3399 4886 3551 4958 χώρᾳ
3575 4886 3687 4939 τῶν

2106 4977 2340 5041 ζώντων.
2382 4978 2704 5048 Ἀνάϐλεψον
2739 4978 2847 5050 γὰρ
2871 4981 2982 5040 τοῖς
3027 4977 3129 5046 τῆς
3169 4976 3407 5040 διανοίας
3451 4976 3687 5046 δμμασι,

2106 5069 2200 5123 καὶ
2227 5069 2302 5123 ῖδε
2340 5070 2447 5125 ἀπὸ
2494 5070 2586 5124 τοῦ
2619 5071 2786 5124 τόπου
2813 5110 2828 5134 ,
2869 5063 2931 5122 οὗ
2960 5070 3024 5122 σὺ
3059 5064 3108 5121 εἷ
3135 5067 3230 5121 νῦν
3254 5085 3266 5098 ·
3297 5070 3462 5130 τόπος
3502 5068 3561 5121 δὲ
3590 5067 3686 5120 τοῦ

2103 5161 2311 5216 δικαίου
2353 5165 2388 5234 ἠ
2427 5163 2631 5235 ἀρετὴ,
2675 5164 2767 5232 ἀφ’
2816 5159 2884 5236 ἧς
2931 5161 3001 5216 τὰ
3047 5163 3106 5214 ἐν
3146 5159 3328 5213 ἐλπίσι
3367 5159 3684 5232 καραδοκεῖ,

2103 5254 2196 5305 καὶ
2280 5253 2350 5306 τὰ
2427 5253 2766 5324 ἀποκείμενα
2834 5255 2893 5305 ἐν
2961 5254 3075 5314 τοῖς
3133 5252 3383 5322 οὐρανοῖς
3452 5249 3688 5304 ἀπεκδέ-

1559 5350 1601 5382 ²⁷
1635 5347 1768 5404 Gen.
1819 5363 1891 5412 χι,
1913 5347 2003 5400 26.

2109 5346 2126 5376 ³
2159 5346 2295 5402 Gen.
2338 5365 2438 5410 xu.
2482 5348 2567 5402 10.
2646 5346 2850 5403 “Gen.
2896 5361 3018 5412 xm,
3059 5346 3113 5400 7.
3189 5345 3237 5377 ³⁸
3263 5344 3400 5400 Gen.
3455 5360 3580 5409 xm,
3626 5344 3682 5398 9.

2182 5505 2297 5588 (69)
2341 5506 2436 5571 Ὠς
2465 5505 2707 5575 φαῦλοι,
2735 5512 2842 5561 etc.
2890 5503 3077 5560 Eidem
3115 5499 3375 5556 tribuitur
3409 5501 3460 5554 in
3490 5501 3684 5557 iisdem

2111 5587 2399 5717 falggls'ﬁ'i
2431 5644 2530 5698 καὶ
2562 5647 2598 5717 ἡ
2632 5643 2872 5715 curn-ri,
2893 5655 2995 5700 rte.
3030 5643 3342 5717 Exscriptus
3369 5641 3570 5717 dicitur
3597 5642 3687 5694 hic

2110 5712 2325 5770 locus’e
2355 5725 2549 5768 catena
2579 5712 2818 5782 ﬂuuiana
2851 5717 2902 5769 in
2935 5717 3150 5770 schedis
3185 5712 3519 5770 Coliibelisii.

2179 5787 2293 5853 (Ἠ)
2328 5786 2586 5849 “Enecat,
2642 5796 2746 5842 etc.
2788 5781 2862 5840 Ex
2908 5787 3095 5842 eadem
3149 5797 3346 5842 catena
3389 5793 3443 5838 et
3493 5781 3682 5837 iisdem

2108 5857 2324 5913 schedia
2351 5855 2682 5912 Combeltsii.
