4138 6418
392 418 494 472 113
1801 421 1866 476 l.\"
1908 424 1947 478 ϐ

2052 420 2226 477 ΕΒΙΜ.
3545 421 3641 478 ιιι

388 550 560 603 χεται.
596 535 658 588 Ei
720 535 825 607 γὰρ
881 536 955 606 μὴ
1019 535 1177 589 τοῦτο
1229 531 1316 608 ἦν,
1364 537 1537 608 πόσην
1575 537 1720 600 είκὸς
1759 533 1826 608 ἦν
1875 539 1947 591 αύ·

2074 535 2291 592 carneis
2326 531 2677 601 conspexisse
2709 529 2960 585 terram?
2997 542 3090 585 aut
3123 547 3404 601 usquequo
3435 547 3645 603 poterat

387 625 478 678 τὸν
510 626 612 696 γῆν
646 625 867 699 θεωρεῖν
903 627 1180 700 αἰσθητοῖς
1227 627 1525 700 ὀφθαλμοῖς
1559 647 1574 695 ;
1617 629 1650 698 ἢ
1689 629 1794 693 ἕως
1823 629 1947 691 τίνος

2071 640 2274 686 attente
2335 629 2580 694 intueri,
2640 628 3023 699 circumagens
3086 639 3142 683 et
3209 629 3643 684 cireutmolrcns

385 718 630 773 ἀτενίσαι
657 719 884 789 ἠδύνατο
911 719 1094 792 κύκλῳ
1133 720 1396 792 περιθέων
1426 722 1520 775 καὶ
1550 721 1828 792 περιάγων
1869 723 1967 795 τὴν
2065 723 2294 778 oculos?

386 807 416 859 ὅ
429 809 509 878 ριν
531 826 546 874 ;

463 901 716 956 Ἕλαόον
751 902 819 956 δὲ
865 903 980 972 τὴν
1029 905 1216 958 ἵππον
1255 905 1364 978 (72)
1410 908 1616 964 πᾶσαν
1644 909 1758 978 τὴν
1784 909 1963 963 Σοδό-

383 1010 529 1060 μων.
564 993 768 1066 Ἵππον
812 996 1092 1067 Σοδομῖται
1137 996 1230 1050 νῦν
1291 999 1508 1069 πρῶτον
1570 1001 1964 1071 ὠνομασμένην

384 1083 459 1148 ὡς
485 1085 677 1154 φαῦλοι
702 1085 848 1156 ἔχειν
877 1087 1149 1157 λέγονται.

2135 901 2396 972 Ceperunt
2427 913 2599 958 autem
2629 919 2829 956 onmem
2862 901 3154 972 equitatuut
3184 901 3538 958 Sodomorum
3572 906 3641 956 ".

2069 996 2382 1066 Equitatum
2415 995 2516 1050 hoc
2542 995 2662 1050 loco
2704 997 2939 1066 primqu
2969 995 3312 1050 nominatum
3347 995 3644 1052 Sodomita:

2068 1098 2125 1140 ut
2152 1087 2274 1140 mali
2306 1087 2506 1141 habere
2537 1088 2818 1142 dicuntur.

452 1179 938 1248 Παραγενόμενος
965 1181 1032 1234 δὲ
1062 1183 1182 1236 τῶν
1199 1183 1634 1238 ἀνασωθέντων
1654 1203 1763 1251 τις,
1782 1185 1947 1256 ἀπῆν

2135 1180 2422 1233 Adveniens
2451 1193 2624 1234 autem
2659 1181 2775 1249 quis
2826 1195 3007 1234 eorum
3045 1182 3136 1250 qui
3171 1191 3465 1247 evaserant,
3499 1199 3640 1236 nun-

382 1267 580 1333 τειλεν
642 1265 854 1336 Ἀϐρὰμ
905 1269 986 1335 τῷ
1034 1271 1277 1340 περάτῃ.
1322 1273 1572 1344 Περὰτης
1629 1275 1874 1329 καλεῖται
1936 1282 1947 1328 ι

2065 1271 2212 1324 tiavit
2248 1272 2445 1324 Abram
2482 1276 2756 1328 transitori
2795 1275 2861 1328 ³³.
2904 1273 3192 1328 Transitor
3216 1285 3441 1327 vocatur
3468 1276 3641 1328 Abra-

394 1353 672 1425 Ἀϐραὰμ,
730 1358 916 1431 ἐπειδὴ
979 1361 1089 1415 ἀπὸ
1129 1362 1228 1432 τῆς
1274 1363 1558 1418 Χαλδαίων
1616 1365 1799 1437 χώρας
1850 1367 1947 1420 δια-

2065 1363 2209 1427 bam,
2230 1365 2352 1432 quia
2381 1381 2448 1418 ex
2472 1364 2848 1420 Chaldzeorum
2881 1367 3106 1436 regione
3137 1365 3364 1434 trajecta
3392 1363 3642 1434 Mesene-

385 1447 630 1517 περάσας
680 1448 777 1521 τὴν
825 1453 1246 1526 Μεσοποταμίαν
1311 1453 1474 1528 ἦλθεν
1547 1459 1628 1522 είς
1694 1459 1765 1512 τὰ
1819 1461 1947 1530 μέρτ

2066 1455 2228 1508 tamia
2259 1455 2404 1510 venit
2434 1457 2486 1510 in
2533 1467 2713 1524 partes
2741 1459 3206 1514 Cbananmorum.
3243 1457 3642 1526 Interpretatur

377 1539 486 1593 τῶν
509 1541 846 1599 Χαναναίων.
881 1547 1271 1620 Ἐρμηνεύεται
1300 1551 1356 1604 δὲ
1386 1552 1614 1616 καὶτοῖς
1646 1556 1774 1625 περὶ
1807 1555 1966 1608 Ἀκύ-
2063 1557 2242 1600 amem
2273 1547 2487 1617 Αίιυῑιθ,
2517 1548 2791 1605 Hebre?“-

376 1628 476 1685 λαν
509 1629 790 1702 Ἐϐραῖος.

445 1722 557 1776 Καὶ
585 1718 755 1776 εἶπεν
783 1723 942 1794 αὐτῷ
961 1742 974 1754 ·
1020 1725 1386 1798 Ἀνάϐλεψον
1424 1733 1512 1798 είς
1557 1732 1666 1786 τὸν
1697 1735 1947 1802 οὐρανὸν

2132 1720 2199 1774 Et
2231 1722 2364 1775 dixit
2395 1725 2485 1776 ei:
2518 1721 2734 1790 Respice
2761 1722 2815 1774 in
2849 1721 3068 1784 civium,
3103 1733 3148 1775 et
3182 1737 3399 1776 numera
3435 1719 3638 1783 stellas,

375 1813 473 1865 καὶ
508 1813 848 1883 ἀρίθμησον
895 1817 1040 1884 τοὺς
1105 1819 1402 1889 ἀστέρας,
1431 1826 1484 1877 εὶ
1534 1824 1774 1894 δυνήσῃ
1824 1827 1947 1892 ἐξα-

2062 1814 2107 1865 si
2135 1814 2327 1881 poteris
2355 1828 2632 1866 numerare
2659 1828 2746 1865 eas
2770 1828 2787 1865 :
2812 1813 2888 1865 sic
2917 1813 3012 1864 erit
3043 1826 3216 1864 semen
3249 1820 3400 1864 tuum
3420 1809 3486 1864 “.
3511 1810 3642 1864 Pro-

369 1905 656 1974 Γιθμῆσαι
700 1911 951 1976 αὐτούς·
988 1911 1178 1980 οὕτως
1224 1914 1398 1970 ἔσται
1436 1916 1503 1970 τὸ
1543 1917 1781 1988 σπέρμα
1817 1935 1947 1974 σου.

2063 1907 2272 1975 geniem
2300 1904 2445 1960 enim
2477 1904 2864 1972 animaajusti,
2902 1912 2956 1958 et
2989 1902 3333 1958 multitudine
3382 1912 3435 1957 et
3471 1904 3639 1957 clari-

373 1997 454 2052 Τὰ
482 2000 588 2071 γὰρ
613 2003 928 2073 γεννήματα
959 2005 1073 2075 (75)
1111 2023 1243 2076 φησι
1274 2006 1377 2077 τῆς
1421 2007 1600 2079 ψυχῆς
1645 2009 1739 2062 τοῦ
1775 2011 1954 2079 ἁγίου,

371 2090 465 2141 καὶ
491 2090 684 2162 πλήθει
715 2094 808 2146 καὶ
837 2091 1202 2165 λαμπρότητι,
1221 2096 1317 2150 ἇτε
1339 2097 1475 2151 Θεοῦ
1503 2102 1954 2173 συνεργήσαντος,

370 2179 605 2266 τοσαῦτα
642 2183 735 2236 καὶ
778 2184 1002 2240 τοιαῦτα
1034 2188 1308 2256 γενέσθαι.
1353 2189 1502 2243 Αύτὰ
1531 2193 1829 2265 παρίστησι
1858 2194 1956 2266 τὴν

369 2265 518 2319 θείαν
544 2269 814 2338 εὐλογίαν.

434 2354 581 2412 Ehe
619 2359 686 2414 δέ
708 2379 722 2392 ι
758 2363 1030 2418 Δέσποτα
1066 2369 1244 2437 Κύριε
1266 2410 1281 2434 ,
1323 2371 1476 2426 κατὰ
1526 2374 1585 2426 τι
1632 2373 1953 2445 γνώσομαι,

367 2447 458 2538 ἔτι
513 2453 950 2522 κληρονομήσω
1010 2459 1265 2528 auctir;
1330 2465 1423 2517 καὶ
1492 2465 1562 2518 τὰ
1623 2467 1768 2538 ἑξῆς.
1841 2470 1955 2521 Ούκ

369 2533 438 2609 ἦν
465 2539 577 2612 (74)
628 2543 768 2597 κατὰ
811 2546 902 2599 τὸν
934 2550 1301 2606 πιστεύσαντα
1341 2555 1524 2610 πίστιν
1570 2533 1954 2629 λελογισμένην

368 2633 522 2704 αὐτῷ
555 2637 634 2700 εἰς
669 2637 1014 2712 δικαιοσύνην
1039 2644 1324 2713 ἀπιστεῖν,
1365 2648 1440 2713 ὡς
1483 2651 1547 2704 ἄν
1589 2668 1676 2716 τις
1720 2652 1954 2724 οἰηθείη.

379 2724 540 2780 Ἀλλὰ
632 2730 842 2800 μήποτε
924 2737 1220 2802 πιστεύσας
1306 2741 1608 2813 πρότερον,
1681 2743 1776 2796 νῦν
1859 2745 1952 2798 καὶ

367 2816 569 2886 γνῶσιν
631 2824 774 2876 αίτεί
833 2825 934 2897 τὴν
990 2832 1117 2901 περὶ
1180 2831 1289 2885 τῶν
1346 2836 1816 2905 πεπιστευμένων.
1877 2838 1951 2891 Ού

367 2909 646 2981 νομοθετεῖ
710 2915 767 2970 δὲ
828 2918 907 2989 τῷ
973 2921 1224 2994 Ἀϐραὰμ
1288 2923 1434 2980 θύειν
1506 2928 1534 2979 ὁ
1608 2927 1782 2991 Θεὸς,
1837 2929 1951 2981 ἀλλ’

365 2998 555 3072 ἐπειδὴ
577 3005 624 3056 οἱ
645 3005 992 3062 παλαιότατοι
1017 3012 1114 3076 τὰς
1133 3014 1480 3084 ὁρκωμοσίας
1495 3017 1583 3071 διὰ
1604 3017 1808 3072 τούτων
1833 3020 1954 3073 ἐϐε-

370 3091 584 3146 ϐαίουν.

442 3181 696 3254 Τετάρτῃ
720 3185 788 3240 δὲ
815 3189 990 3259 γενεᾷ
1015 3191 1589 3263 ἀποστραφήσονται
1613 3192 1728 3252 ὧδε
1749 3218 1762 3230 ο
1786 3201 1950 3257 οὔπω

2063 2007 2206 2062 tate,
2257 1996 2367 2050 Deo
2429 1995 2680 2052 videlicet
2736 2005 3099 2065 cooperante,
3155 1999 3362 2048 tantam
3430 2003 3484 2048 et
3550 2003 3635 2047 ta-

2059 2091 2163 2144 lem
2215 2103 2338 2144 esse
2387 2089 2484 2143 ait.
2528 2088 2644 2159 Ipsa
2703 2089 3042 2142 demonstrat
3098 2086 3340 2140 divinam
3400 2085 3636 2139 benedi-

2058 2181 2315 2235 ctioncm.

2131 2364 2274 2418 Dixit
2303 2374 2476 2418 autem
2501 2381 2520 2420 .°
2546 2364 2863 2418 Dominator
2879 2361 3128 2429 Domine,
3154 2362 3293 2416 unde
3313 2362 3635 2430 sciamquod

2055 2459 2360 2512 lum-editam
2391 2457 2596 2525 capiam
2632 2455 2780 2510 illam
2806 2455 2898 2508 ”?
2929 2464 2984 2510 et
3015 2465 3235 2510 caetera.
3266 2454 3367 2520 Qui
3401 2455 3636 2508 credidit

2055 2567 2118 2605 ea
2147 2551 2249 2606 fide
2278 2565 2399 2620 qua:
2436 2559 2680 2618 reputata
2707 2557 2792 2603 est
2817 2547 2866 2602 ei
2905 2548 2973 2601 ad
3020 2546 3287 2616 iustitiam
3307 2587 3321 2610 ,
3352 2548 3495 2600 hunc
3526 2561 3633 2599 non

2056 2641 2351 2695 verisimile
2375 2647 2459 2694 est
2500 2639 2732 2694 dilllsum
2765 2653 2911 2701 esse,
2955 2647 3013 2690 ut
3046 2635 3317 2706 quispiam
3355 2635 3636 2690 existima-

2054 2735 2211 2789 verit.
2263 2732 2371 2788 Sed
2411 2731 2554 2787 forte
2606 2731 2698 2800 qui
2744 2734 2895 2800 prius
2937 2729 3209 2796 credidit,
3269 2743 3418 2783 nunc
3467 2727 3633 2782 etiam

2017 2816 2248 2896 "’qiimrit
2288 2825 2429 2879 unde
2455 2834 2746 2895 cognoscat
2783 2840 2901 2892 qum
2930 2838 2990 2878 se
3031 2822 3340 2876 habiturum
3371 2820 3628 2876 credidit.

2051 2915 2170 2972 Non
2227 2916 2476 2987 praecipit
2521 2926 2704 2970 autem
2756 2916 3072 2969 Ahrahamo
3137 2916 3277 2967 Deus
3332 2921 3390 2965 ut
3447 2913 3631 2966 sacri-

2054 3011 2218 3078 ficet,
2275 3009 2370 3064 sed
2420 3007 2547 3078 quia
2586 3017 2799 3063 veteres
2853 3022 2948 3061 sua
3015 3005 3219 3062 foedera
3285 3004 3370 3059 his
3429 3004 3632 3057 tlrma-

2051 3100 2208 3155 bant.

2123 3191 2233 3262 36
2273 3191 2476 3256 Quarta
2519 3200 2692 3243 autem
2743 3189 3078 3259 generatione
3133 3195 3454 3240 revertentur
3505 3185 3628 3244 (me.

365 3271 477 3340 γεἰρ
497 3273 1036 3346 ἀναπεπνίήρωνται
1065 3284 1125 3334 αἱ
1150 3282 1427 3350 ἁμαρτίαι
1447 3284 1565 3339 τῶν
1597 3288 1947 3356 Ἀμορραίων

2056 3283 2310 3338 Nondum
2351 3283 2488 3337 enim
2535 3281 2746 3350 impleta
2790 3289 2909 3334 sunt
2952 3290 3166 3350 peccata
3194 3281 3626 3332 Amorrhwomm

364 3363 476 3430 ἕως
505 3366 612 3420 τοῦ
639 3367 776 3424 νῦν.
825 3370 992 3425 Ἐτῶν
1023 3372 1067 3426 u'
1100 3374 1212 3446 (75)
1240 3375 1403 3441 δόσις,
1437 3379 1517 3442 εἰς
1555 3379 1615 3432 τὸ
1651 3380 1952 3454 πληθυνθῆ-

363 3471 453 3508 ναι
480 3457 580 3527 μὲν
605 3459 698 3512 τοῦ
741 3454 990 3535 Ἀϐραὰμ
1013 3465 1073 3518 τὸ
1098 3467 1326 3540 σπέρμα
1350 3509 1364 3533 ,
1398 3469 1648 3539 γενέσθαι
1678 3473 1734 3525 δὲ
1765 3473 1834 3528 τὰ
1858 3491 1950 3544 γε-

363 3546 565 3617 νόμενα
595 3553 816 3622 σημεῖα.
842 3554 967 3619 Πῶς
1001 3551 1095 3609 οὗν
1124 3558 1205 3624 τὸ,
1229 3560 1405 3614 Οὔπω
1428 3561 1952 3633 ἀνεπληρώθησαν

362 3641 423 3692 at
447 3639 721 3709 ἁμαρτίαι
750 3643 871 3699 τῶν
911 3647 1317 3720 Ἀμορραίων;
1347 3651 1436 3705 ἵνα
1471 3652 1620 3726 δείξῃ
1640 3695 1653 3718 ,
1685 3655 1766 3708 ὅτι
1800 3655 1950 3710 εύλὸ-

362 3747 476 3800 γως
508 3733 856 3792 ἐκϐάλλονται
888 3738 955 3790 δι’
987 3740 1278 3812 ἁμαρτίας.
1316 3745 1424 3796 Καὶ
1473 3745 1580 3815 γὰρ
1619 3745 1749 3799 ὃταν
1777 3745 1945 3815 λέγει,

361 3823 806 3893 Μετεμελήθην,
831 3828 891 3880 ού
922 3828 1078 3882 τοῦτο
1118 3830 1262 3899 λέγει
1295 3831 1323 3884 ὃ
1363 3835 1593 3906 πάσχει,
1629 3835 1752 3889 οὔτε
1792 3839 1948 3892 τοῦτο

363 3914 562 3985 πάσχει
587 3915 615 3969 ὃ
642 3916 808 3986 λέγει,
840 3917 975 3973 ἀλλὰ
993 3919 1091 3992 τὴν
1115 3921 1210 3975 τοῦ
1227 3924 1522 3994 γενομένου
1558 3927 1788 3982 ἀτοπίαν
1813 3947 1947 4002 παρ-

365 4006 596 4077 ίστησιν.
643 4011 750 4063 Καὶ
787 4011 915 4080 μετ’
965 4013 1178 4082 ὀλίγαο
1209 4015 1440 4068 Ἔπειτα
1490 4013 1631 4088 ἦσαν
1675 4019 1843 4072 παλαι
1888 4024 1946 4075 ὲν

368 4098 467 4167 μὲν
523 4099 852 4173 Παλαιστίνῃ
897 4102 1118 4171 δίκαιοι,
1173 4107 1202 4158 ὁ
1261 4107 1594 4179 Μελχισεδὲκ
1648 4112 1741 4164 καὶ
1795 4112 1945 4166 ἄλλοι

365 4189 568 4244 πολλοί.
601 4193 674 4246 Οὐ
703 4194 811 4267 γὰρ
837 4191 906 4268 ἦν
936 4197 1125 4261 ἁπλῶς
1173 4199 1349 4270 ἱερεὺς
1380 4203 1455 4273 μὴ
1481 4202 1652 4256 ὄντων
1685 4204 1793 4257 τῶν
1825 4222 1944 4258 πει-

363 4276 626 4351 θομένων.
675 4283 849 4337 Οὔπω
894 4282 986 4340 οὖν
1044 4287 1588 4360 ἀναπεπλήρωνται
1637 4295 1757 4347 ἀντὶ
1813 4296 1906 4349 τοῦ
1927 4335 1943 4360 ,

359 4373 526 4428 Οὔπω
567 4372 878 4429 ἐκλέλοιπεν
937 4378 1086 4442 ὅσιος
1137 4379 1196 4447 ἐξ
1258 4381 1474 4435 αὐτῶν·
1526 4383 1678 4438 οὔπω
1726 4385 1946 4459 πεπλή-

362 4479 600 4534 ρωνται,
634 4468 729 4522 καὶ
774 4470 1177 4543 τετελειωμένοι
1232 4475 1370 4528 είσὶν
1428 4477 1739 4550 ἁμαρτίαις.
1797 4481 1944 4535 Δέκα

2053 3393 2214 3446 usque
2257 3392 2395 3431 nunc
2415 3375 2482 3430 ³⁸.
2511 3375 3049 3444 Quadringentorum
3079 3390 3347 3429 annorum
3383 3376 3626 3445 spatium

2051 3471 2240 3524 datum
2287 3480 2372 3525 est
2396 3509 2412 3533 ,
2447 3479 2503 3522 ut
2541 3467 2996 3536 multiplicaretur
3029 3467 3261 3522 Abrahae
3300 3483 3484 3522 semen
3509 3507 3527 3531 ,
3576 3476 3632 3521 et

2051 3562 2246 3614 tierent
2274 3560 2426 3630 signa
2457 3573 2579 3628 qua:
2608 3557 2976 3626 contigerunt.
3010 3557 3148 3623 Quid
3183 3573 3314 3628 ergo
3345 3557 3470 3622 hoc,
3490 3558 3630 3612 Non-

2051 3655 2175 3706 dum
2207 3652 2418 3723 impleta
2455 3662 2575 3705 sunt
2603 3660 2816 3719 peccata
2847 3649 3278 3704 Amorrhteorum
3305 3651 3330 3704 Σ)
3357 3661 3414 3704 ιιι
3443 3660 3630 3706 osten-

2051 3748 2202 3802 deret
2227 3760 2322 3800 eos
2356 3744 2478 3813 jure
2502 3743 2697 3813 expelli
2732 3753 2954 3812 propter
2983 3753 3227 3812 peccata.
3260 3741 3473 3796 Etenim
3503 3757 3628 3796 eum

2049 3837 2164 3890 ait:
2193 3836 2418 3890 Paenitet
2449 3852 2548 3900 me,
2584 3851 2690 3888 non
2723 3835 2825 3889 hoc
2853 3833 2982 3888 dicit
3009 3835 3152 3905 quod
3187 3836 3413 3904 patitur,
3449 3849 3630 3904 neque

2051 3929 2153 3983 hoc.
2183 3929 2387 3996 patitur
2411 3929 2554 3997 quod
2581 3927 2737 3992 dicit,
2763 3929 2856 3981 sed
2885 3925 3017 3981 facti
3040 3927 3414 3997 indignitatem
3443 3937 3630 3981 osten-

2047 4023 2146 4076 dit.
2183 4020 2246 4075 Et
2275 4024 2458 4093 paucis
2484 4021 2814 4090 inter-jectis:
2853 4021 3058 4075 Deinde
3085 4031 3243 4074 erant
3267 4023 3398 4075 olim
3431 4022 3483 4074 in
3518 4019 3627 4073 Pa-

2049 4117 2254 4170 laestina
2302 4116 2426 4182 iusti
2451 4155 2467 4179 ,
2505 4113 2905 4170 Melchisedech
2949 4122 3003 4168 et
3045 4113 3133 4167 alii
3165 4113 3405 4183 plurimi.
3440 4111 3630 4183 Neque

2047 4210 2190 4263 enim
2223 4206 2370 4261 solus
2400 4215 2519 4260 erat
2555 4207 2817 4260 sacerdos
2849 4206 3056 4273 absque
3085 4205 3238 4273 plebe
3271 4205 3437 4258 ﬁdeli.
3469 4202 3626 4257 Non-

2047 4298 2172 4350 dum
2204 4312 2332 4366 ergo
2365 4297 2579 4366 impleta
2623 4305 2748 4349 sunt
2774 4337 2789 4361 ,
2837 4297 3037 4350 dictum
3082 4305 3165 4349 cst
3214 4309 3314 4362 pro
3349 4311 3452 4349 eo:
3487 4295 3629 4351 Non-

2047 4389 2175 4444 dum
2225 4403 2291 4442 ex
2350 4387 2484 4458 ipsis
2539 4385 2742 4442 defecit
2794 4398 3056 4452 sanctus,
3109 4387 3346 4440 nondum
3402 4387 3625 4456 perfecti

2045 4494 2102 4540 et
2157 4484 2517 4540 consummati
2575 4492 2703 4538 sunt
2761 4482 2817 4537 in
2883 4484 3146 4552 peccatis.
3215 4483 3413 4538 Decem
3478 4482 3624 4539 enim

359 4557 468 4648 γὰρ
512 4557 709 4613 δίκαιοι
762 4560 983 4634 ῥύονται
1028 4564 1128 4635 τὴν
1170 4566 1354 4621 πόλιν·
1390 4568 1508 4622 τότε
1547 4571 1602 4624 δὲ
1637 4573 1737 4626 οὐκ
1774 4573 1943 4644 ὀλίγοι

2049 4578 2176 4647 iusti
2251 4577 2486 4633 liberant
2563 4575 2794 4641 urbem,
2857 4586 2986 4632 tunc
3057 4586 3239 4630 autem
3299 4592 3405 4631 non
3466 4577 3624 4648 pauci

357 4642 518 4720 ἦσαν.

437 4740 923 4798 Ταπεινώσουσιν
964 4748 1188 4815 αὐτοὺς
1231 4753 1584 4818 τετρακόσια
1611 4754 1734 4823 ἐτη.
1764 4755 1862 4810 Διὰ
1889 4757 1943 4810 τί

355 4827 417 4882 δὲ
459 4831 570 4900 (76)
609 4835 845 4904 περισσὰ
890 4835 982 4908 ἔτη
1030 4838 1174 4906 λέγει
1223 4841 1250 4892 ὁ
1291 4841 1610 4908 Ἀπόστολος
1645 4845 1687 4897 λ’
1715 4883 1731 4909 ,
1771 4847 1842 4899 τά
1881 4865 1942 4900 τε

355 4919 458 4989 τῆς
503 4921 812 4994 Διαθήκης,
861 4928 928 4997 ἢν
980 4929 1275 5002 ἐποιήσατο
1322 4932 1460 5003 μετὰ
1508 4934 1601 4987 τοῦ
1658 4935 1937 5008 Ἀϐραὰμ,

357 5009 456 5063 καὶ
500 5011 600 5082 τῆς
645 5011 704 5078 ἐξ
747 5015 1026 5084 Αἰγύπτου
1068 5021 1288 5092 πορείας
1343 5023 1399 5075 έν
1440 5026 1504 5098 τῇ
1558 5025 1749 5096 ἐρήμῳ
1775 5065 1789 5089 ,
1845 5027 1938 5080 καὶ

354 5099 460 5171 τῆς
485 5101 578 5154 τοῦ
608 5104 771 5174 νόμου
800 5107 1039 5175 δόσεως;
1076 5112 1150 5165 Ού
1181 5113 1411 5184 μάχεται
1452 5115 1520 5168 τὰ
1558 5117 1792 5171 ἐνταῦθα
1827 5121 1938 5182 τοῖς

355 5195 420 5248 ιν
465 5197 532 5266 τῇ
593 5196 807 5262 Ἐξόδῳ
843 5204 1270 5275 γεγραμμένοις.
1333 5205 1476 5259 Ἐκεῖ
1521 5207 1631 5281 γὰρ
1685 5209 1937 5281 εἴρηται,

353 5285 514 5342 Μετὰ
561 5286 638 5339 υλ’
696 5289 789 5362 ἐτη
833 5291 1054 5365 ἐξῆλθεν
1119 5297 1150 5366 ή
1205 5296 1432 5368 δύναμις
1475 5301 1678 5372 Κυρίου
1730 5303 1795 5354 ἐκ
1842 5301 1942 5372 τῆς

351 5376 666 5444 Αίγύπτου·
711 5381 947 5436 ἐνταῦθα
1007 5385 1063 5439 δὲ
1115 5389 1250 5457 μετὰ
1304 5389 1351 5442 υ¹
1415 5391 1596 5463 φησίν.
1623 5387 1766 5446 Ἀλλ’
1815 5395 1937 5446 ὲπι-

354 5467 557 5540 στῆσαι
604 5471 721 5538 δεῖ,
754 5474 835 5527 ὅτι
878 5475 978 5554 οὐκ
1008 5478 1206 5552 ἐρρέθη
1235 5521 1248 5546 ,
1285 5481 1361 5546 ὡς
1405 5483 1798 5554 πληρωθέντων
1832 5484 1938 5538 τῶν

2049 4676 2224 4725 erant.

2121 4757 2494 4812 Humiliabunt
2524 4773 2610 4812 eos
2640 4758 3042 4828 quadringentis
3068 4759 3223 4812 annis
3255 4759 3321 4816 ³⁷.
3353 4759 3466 4814 Cur
3493 4776 3626 4830 pra:-

2049 4860 2192 4906 terea
2223 4851 2374 4905 addit
2405 4848 2697 4918 Apostolus
2727 4849 2950 4918 triginta
2983 4865 3180 4916 annos,
3210 4861 3266 4904 et
3309 4865 3434 4920 qua?
3461 4855 3626 4922 perti-

2049 4953 2177 4996 nent
2219 4956 2340 4995 cum
2379 4941 2446 4994 ad
2489 4938 2665 4994 fmdus
2718 4941 2860 5006 quod
2909 4939 3112 5009 pepigit
3156 4956 3280 4994 cmn
3325 4944 3622 5011 Abraham,

2047 5040 2158 5086 tum
2193 5033 2258 5086 ad
2289 5031 2681 5100 profectionem
2717 5046 2780 5084 ex
2814 5028 3052 5098 [Egyplo
3099 5031 3151 5084 in
3197 5047 3421 5098 eremo,
3457 5047 3512 5087 et
3554 5035 3622 5088 ad

2045 5124 2216 5191 legem
2249 5118 2478 5174 datam?
2505 5117 2619 5174 Non
2653 5129 3032 5188 pugnantquze
3059 5121 3163 5175 hoc
3191 5121 3310 5175 loco
3346 5123 3621 5192 leguntur,

2047 5226 2168 5265 eum
2201 5211 2266 5263 iis
2290 5225 2411 5280 qua:
2435 5210 2490 5263 in
2520 5209 2706 5266 Exodo
2727 5211 2930 5278 scripta
2955 5221 3105 5267 sunt.
3132 5211 3207 5266 lhi
3241 5214 3385 5267 enim
3419 5215 3621 5267 dictum

2046 5312 2128 5358 est
2171 5310 2295 5372 post
2343 5301 2764 5371 quadringentos
2802 5312 2856 5356 et
2911 5302 3132 5370 triginta
3197 5319 3370 5358 annos
3419 5305 3624 5360 exiisse

2048 5395 2348 5449 exercitum
2379 5393 2590 5447 Domini
2618 5393 2683 5446 de
2714 5393 2969 5465 Aigypto,
3000 5399 3088 5452 bic
3113 5407 3296 5451 autem
3328 5405 3452 5466 post
3487 5411 3625 5465 qua-

2048 5486 2404 5554 dringcntos:
2437 5483 2531 5537 scd
2567 5484 3106 5542 animadvertemlum
3154 5498 3237 5542 est
3271 5502 3376 5541 non
3411 5487 3620 5542 dictum

319 5635 326 5683 ξ
433 5606 480 5636 δ’
512 5606 648 5662 Gen.
676 5625 786 5676 xiv,
815 5613 900 5666 ll.
975 5613 1021 5646 ³³
1048 5614 1203 5682 ibid.,
1243 5617 1331 5674 15.
1407 5619 1454 5652 ³⁸
1485 5621 1624 5677 Gen.
1659 5637 1747 5688 xv,
1781 5622 1834 5678 5.
1911 5624 1947 5656 "

2049 5625 2138 5693 ἰὼ,
2171 5627 2224 5682 8.
2302 5627 2349 5657 “
2371 5627 2525 5691 ihid.,
2555 5628 2640 5682 16.
2719 5627 2761 5660 ⁸⁷
2787 5629 3058 5694 ίὺίιιηίὸ.

571 5727 804 5810 Ἱππον,
837 5739 941 5784 etc.
973 5731 1059 5810 Ἐκ
1094 5732 1268 5789 tribus
1303 5739 1513 5810 catenis
1547 5739 1750 5810 Regiis.

450 5795 540 5870 15)
573 5799 653 5870 re
681 5801 784 5870 γὰρ
809 5800 1166 5870 γεννήματα,
1193 5813 1300 5862 etc.
1336 5807 1409 5861 Ex
1432 5795 1928 5868 ratetiaullomana.

430 5865 547 5937 (Π)
586 5869 706 5925 Οὐκ
752 5865 828 5945 ἦν
877 5865 1052 5944 κατὰ,
1091 5865 1196 5930 etc.
1241 5875 1316 5932 Ex
1352 5879 1538 5935 eadem
1581 5890 1780 5937 catena.
1834 5865 1939 5940 ιιοῖ

2041 5759 2227 5885 ωἲςὲὶδ
2280 5814 2456 5868 Ἐτῶν
2485 5821 2536 5885 vf
2560 5815 2760 5885 δόσις,
2792 5826 2898 5869 etc.
2935 5815 3011 5870 Ex
3047 5819 3260 5874 schedis
3284 5821 3593 5879 Combefisii

2121 5884 2233 5959 ('10)
2268 5887 2370 5940 Διὰ
2415 5886 2469 5940 τί
2508 5884 2605 5953 δὲ,
2630 5893 2739 5942 etc.
2777 5886 2852 5940 Ex
2884 5888 3072 5942 iisdem
3109 5891 3344 5946 schedis.
