4138 6480
356 347 454 402 125

1805 348 1873 404 ΙΝ
1913 347 2233 404 GENESIM.

3518 351 3625 401 Η»ξῖ

423 469 634 522 Ἐλασε
676 469 745 523 δὲ
798 469 988 536 ἐαυτῷ
1043 470 1245 526 Ἰακὼϐ
1287 472 1515 541 ῥάϐδοι·
1558 473 1932 541 στυρακίνην

2108 470 2342 538 Sumpsi!
2373 481 2545 524 autent
2571 471 2669 523 sibi
2696 469 2865 524 Iacob
2890 472 3090 542 virgam
3127 473 3447 544 s'yrarinam
3485 475 3615 523 virt-

351 559 613 626 χλωρὰν.
643 559 742 613 καὶ
796 560 1107 627 καρυΐιηιν,
1161 560 1259 615 καὶ
1292 559 1621 614 πλατάνου.
1672 561 1738 612 Αἱ
1785 562 1931 631 τρεῖς

351 649 536 721 ῥάϐδοι
586 648 661 720 (9)
717 650 1055 721 συμϐολικῶς
1098 653 1215 723 ἦτοι
1251 653 1307 705 αἱ
1352 655 1501 723 τρεῖς
1541 651 1801 721 δυνάμεις
1835 651 1932 721 τῆς

349 741 528 812 ψυχῆς
576 743 702 809 εἰσι,
753 743 812 796 τὸ
855 743 1090 813 λογικὸν,
1126 744 1188 797 τὸ
1227 743 1477 815 θυμικὸν,
1514 744 1576 796 ἰδ
1607 743 1934 813 ἐπιθυμητι-

350 831 463 885 κόν·
494 833 610 902 ἦτοι
631 835 684 886 αί
713 838 859 905 τρεῖς
877 835 1098 907 θεωρίαι
1129 836 1236 888 τῶν
1269 836 1555 906 σωμάτων,
1579 835 1686 887 τῶν
1717 833 1937 902 ἀσωμά-

349 939 478 986 των⁹
523 923 624 992 τῆς
674 925 837 992 ἁγίας
883 926 1127 998 Τριὰδος·
1162 929 1280 998 ἦτοι
1323 926 1557 996 γενικῶς
1589 929 1622 997 ἡ
1656 924 1932 998 πρακτικὴ

349 1012 436 1066 διὰ
467 1014 566 1086 τῆς
613 1018 894 1090 καρυῖνης,
925 1021 957 1090 ὴ
992 1018 1299 1092 θεωρητικὴ
1327 1020 1415 1074 διὰ
1451 1020 1549 1091 τῆς
1575 1018 1930 1089 στυρακίνης,

350 1105 437 1160 διὰ
458 1107 515 1160 δὲ
533 1113 632 1180 τῆς
666 1110 934 1164 πλατάνου
974 1111 1065 1165 τὸν
1098 1114 1300 1183 κόσμον
1332 1113 1518 1165 τοῦτον
1546 1111 1639 1165 καὶ
1669 1111 1767 1183 τὴν
1801 1110 1936 1164 θεω-

353 1197 473 1270 ρίαν
499 1201 666 1254 αὑτοῦ
691 1201 928 1273 ⁴ᾐνίξατο.
953 1203 1025 1258 T6
1060 1204 1374 1277 περισὺρειν
1394 1205 1455 1260 τὸ
1483 1203 1690 1277 χλωρὸν
1721 1203 1932 1266 τούτου,

349 1286 444 1357 τὴν
476 1289 771 1356 ἁποταξίαν
817 1292 981 1346 αὐτοῦ
1020 1294 1294 1364 σημαίνει·
1330 1295 1424 1347 καὶ
1451 1297 1549 1363 τῆς
1574 1292 1672 1363 μὲν
1699 1308 1934 1362 πρακτι-

348 1382 451 1448 κῆς
488 1381 549 1432 τὸ
591 1375 797 1453 χλωρόν
836 1385 949 1436 ἐστι
969 1386 1029 1438 τὸ
1057 1386 1349 1457 ήδυπαθές·
1373 1385 1470 1456 τῆς
1502 1385 1558 1437 δὲ
1590 1384 1844 1456 θεωρίας,
1877 1383 1937 1435 τὸ

348 1471 476 1540 περὶ
517 1470 586 1523 τά
618 1471 844 1543 σώματα
874 1476 1240 1546 ἀσχολεῖσθαι·
1284 1477 1345 1530 τὸ
1371 1477 1427 1530 δὲ
1470 1475 1678 1548 χλωρὸν
1698 1474 1806 1528 τῶν
1845 1475 1938 1527 δύο

347 1560 521 1615 ἄλλων
552 1564 787 1636 ἐκδοχῶν
825 1567 1103 1636 βασάνιζε.

421 1649 565 1706 Eine
583 1653 651 1706 δὲ
694 1656 910 1724 Κύριος
939 1657 1088 1726 πρὸς
1148 1656 1363 1711 Ἰακώϐ·
1408 1657 1806 1726 Ἀποστρέφου
1851 1658 1939 1722 εις

345 1741 594 1812 τῖινγῆν
623 1745 728 1798 τοῦ
761 1749 987 1814 πατρός
1015 1762 1154 1809 σου,
1185 1749 1283 1801 καὶ
1319 1751 1407 1814 εἰς
1431 1748 1548 1816 τὴν
1565 1746 1776 1819 γενεάν
1795 1763 1931 1802 σου·

2033 564 2172 629 dem,
2205 574 2252 617 ct
2284 565 2551 626 "urinam,
2579 572 2628 615 et
2649 564 2852 628 platani
2868 565 2934 617 ⁷⁵.
2960 564 3092 618 Tres
3126 567 3290 630 virgae
3317 563 3614 634 symbolice

2036 653 2116 708 vel
2152 665 2259 707 tres
2286 655 2514 707 virtutes
2539 653 2734 706 anima!
2758 663 2906 718 sunt,
2936 655 3074 708 ratio
3098 669 3311 722 nempe,
3345 655 3449 718 ira,
3481 669 3607 706 con-

2035 746 2406 814 cupiscentia;
2468 745 2547 798 vel
2611 745 2805 814 triplex
2850 746 3242 814 contemplatio
3297 761 3610 813 corporum,

2037 839 2500 909 iucorporcorum,
2551 849 2753 891 sancta:
2805 836 3128 902 Trinitatis;
3173 837 3255 890 vel
3305 839 3609 906 generatim

2035 931 2180 984 actio
2221 946 2316 1000 per
2363 930 2641 994 nucinam,
2690 930 3078 998 contemplatio
3110 945 3207 997 per
3251 929 3610 999 styracinam,

2037 1022 2272 1075 tnundus
2319 1030 2500 1074 autem
2538 1021 2638 1074 iste
2676 1029 2730 1075 et
2757 1020 3138 1090 contemplatio
3170 1019 3286 1088 ejus
3318 1035 3415 1088 per
3441 1020 3612 1088 plata-

2037 1129 2163 1167 num
2225 1113 2564 1168 subobscure
2625 1111 3000 1180 designantur.
3063 1111 3215 1176 Quod
3270 1109 3445 1163 viride
3497 1109 3632 1177 ejus

2036 1205 2382 1265 distrahitur,
2411 1204 2464 1257 id
2499 1203 3033 1257 abrenuntialionem
3086 1203 3267 1254 mundi
3313 1201 3610 1269 signiﬁcat,

2035 1294 2346 1348 etactionis
2375 1295 2594 1362 quidem
2644 1291 2842 1359 viride,
2891 1301 2976 1346 est
3019 1292 3310 1353 mollities;
3363 1303 3612 1346 coutcm‘

2037 1385 2290 1453 platiouis
2339 1395 2519 1438 autem
2560 1385 2732 1439 viride
2767 1395 2870 1449 est,
2919 1385 3062 1438 circa
3114 1398 3340 1452 corpora
3381 1385 3611 1445 versari.

2043 1475 2225 1532 Viride
2254 1492 2383 1532 vero
2420 1479 2646 1532 duarum
2673 1479 2902 1532 aliarum
2937 1477 3339 1547 eXpositiouum
3375 1478 3609 1547 inquire.

2109 1660 2255 1714 Dixit
2281 1668 2459 1714 autem
2484 1660 2739 1713 Dominus
2781 1661 2849 1713 ad
2871 1659 3036 1714 Jacob
3061 1677 3080 1715 :
3120 1659 3390 1714 Revertere
3424 1661 3477 1712 in
3510 1671 3618 1713 ter-

2041 1771 2151 1806 rum
2198 1756 2367 1820 putris
2407 1753 2510 1814 tui,
2559 1761 2610 1806 et
2661 1753 2718 1805 in
2769 1755 3155 1821 generationem
3209 1763 3380 1816 tuum,
3434 1764 3481 1805 et
3524 1770 3613 1808 ero

346 1834 446 1887 καὶ
475 1835 689 1906 ἔσομαι
707 1841 858 1908 μετὰ
884 1839 1020 1894 σοῦ.
1051 1841 1178 1894 Ὅτε
1212 1841 1666 1914 ἐκαρποφόρησεν
1694 1840 1802 1914 (10)
1839 1842 1932 1894 Ἰα-

2039 1854 2204 1896 tecum
2224 1843 2292 1897 ⁷⁷.
2326 1843 2557 1910 Quando
2585 1842 2792 1896 fructus
2833 1843 2952 1895 tulit
2982 1843 3152 1897 Jacob
3184 1852 3238 1897 et
3264 1845 3414 1895 dives
3441 1855 3620 1898 evasd

347 1924 483 1989 κὼδ,
529 1929 624 1982 καὶ
668 1928 999 2001 ἐπλούτησεν
1030 1929 1134 1996 ἔξω
1165 1934 1265 2001 τῆς
1293 1932 1486 1998 γενεᾶς
1516 1931 1682 1985 αὐτοῦ
1727 1932 1934 2001 τυγχά-

345 2031 472 2080 νων,
499 2018 620 2071 τότε
643 2014 795 2072 εἶπεν
823 2019 970 2091 αὐτῷ
999 2021 1220 2091 Κύριος·
1268 2021 1672 2091 Ἁποστρέςοου
1701 2023 1788 2088 εἰς
1821 2020 1936 2088 τὴν

344 2105 463 2174 τῆν
493 2108 600 2162 τοῦ
628 2110 853 2182 πατρός
898 2125 1034 2166 σου.
1087 2113 1341 2165 Τοιοῦτον
1368 2113 1425 2165 δέ
1479 2131 1534 2166 τι
1584 2115 1803 2183 νοητέον
1832 2115 1936 2167 ὑπὸ

345 2198 550 2269 Κυρίου
594 2201 867 2270 λέγεσθαι,
905 2205 992 2258 ὅτε
1023 2205 1156 2276 πρὸς
1192 2208 1257 2276 τῇ
1287 2204 1449 2276 ἐξόδῳ
1478 2203 1766 2276 γενώμεθα
1795 2207 1934 2258 άπε-

343 2284 657 2362 λευσόμενοι
703 2295 840 2365 πρδς
880 2297 1004 2360 τοὺς
1040 2297 1282 2367 πατέρας
1317 2296 1497 2368 ἡμῶν,
1529 2297 1638 2350 Καὶ
1663 2294 1824 2350 ἆθλον
1877 2297 1935 2350 δὲ

342 2382 523 2439 δίδωσι
549 2385 626 2460 τῷ
658 2389 1054 2460 ἁποστρέφοντι
1093 2393 1174 2454 είς
1205 2391 1302 2462 τὴν
1331 2391 1436 2461 γῆν
1474 2390 1570 2444 τοῦ
1604 2390 1808 2463 πατρὸς
1839 2392 1937 2444 αὺ-

344 2477 459 2542 τοῦ,
486 2482 672 2544 καὶείς
695 2483 794 2554 τὴν
820 2483 1012 2551 γενεὰν
1041 2482 1227 2537 αὑτοῦ.
1250 2481 1417 2554 Οἶμαι
1446 2483 1524 2547 δὲ,
1554 2483 1636 2536 ὅτι
1663 2484 1721 2536 ὲν
1745 2481 1937 2546 ὕπνοις

345 2571 527 2642 παρῆν
553 2573 703 2645 αὐτῷ
729 2576 756 2627 6
776 2575 1001 2647 Κύριος.

428 2663 479 2714 Ὁ
526 2663 594 2716 δὲ
643 2666 839 2739 πατὴρ
869 2669 1037 2739 ὑμῶν
1066 2668 1522 2738 παρεκρούσατό
1548 2683 1645 2736 με,
1690 2665 1789 2719 καὶ
1824 2665 1935 2734 ἥλ-

341 2750 494 2816 λαξε
527 2753 631 2806 τὸν
672 2759 894 2824 μισθόν
920 2775 1038 2827 μου
1071 2757 1190 2811 τῶν
1235 2757 1381 2810 δέκα
1422 2754 1647 2825 ἁμνῶν.
1705 2754 1936 2817 Ἀκύλας

344 2843 480 2897 δέκα
523 2846 788 2918 ἀριθμοὺς
821 2851 932 2920 (ll)
981 2849 1192 2922 εἴρηκε·
1231 2849 1527 2921 Σύμμαχος
1557 2847 1779 2907 δεκάκις
1814 2848 1936 2919 ἀρι-

345 2934 487 3006 θμῷ.
528 2938 750 3009 Ἔλεγεν
779 2937 895 3004 οὖν,
943 2943 1019 3006 ὣς
1075 2960 1241 3014 φησιν
1293 2945 1323 2996 6
1385 2941 1655 3012 Ἐϐραῖος,
1701 2941 1936 3004 Δεκάκις

345 3027 609 3098 ἠθέτησεν
655 3029 753 3094 τὰς
787 3031 1061 3103 συνθήκας
1096 3033 1232 3103 πρὸς
1279 3032 1370 3085 τὸν
1417 3021 1610 3084 Ἰακὼϐ
1653 3031 1682 3083 6
1724 3029 1931 3094 Λάὸαν,

345 3117 432 3172 διὰ
464 3120 524 3172 τὺ
552 3119 618 3173 τὰ
644 3121 956 3196 γεννώμενα
988 3124 1072 3176 ἐπ’
1107 3123 1334 3192 ὀνόματι
1355 3121 1446 3175 τοῦ
1482 3119 1675 3175 Ἰακὼὸ
1710 3121 1935 3174 πλεῖστα

343 3210 445 3264 ὅσα
489 3211 773 3285 ὑπάρχειν,
826 3215 1077 3267 κάκεῖνον
1128 3214 1504 3284 ἐποφθαλμιᾷν
1555 3212 1738 3266 αὐτόν·
1795 3212 1931 3283 ὅπερ

343 3301 616 3373 ἐδήλωσαν
655 3306 713 3359 αἱ
765 3305 858 3358 δύο
905 3305 1162 3370 ἐκδόσεις·
1224 3305 1336 3358 Καὶ
1383 3304 1774 3374 παρηλογίσω
1825 3303 1932 3356 τὸν

337 3395 562 3464 μισθόν
590 3413 710 3465 μου
732 3395 877 3450 δέκα
900 3395 1189 3466 ἀμνάδας·
1222 3396 1409 3468 άμνῶν
1432 3397 1488 3450 δὲ
1521 3396 1657 3460 ὅλως
1687 3398 1787 3450 οὐκ
1819 3397 1932 3468 ἔχει

345 3487 587 3559 μνήμην,
615 3486 706 3551 οὓς
741 3488 992 3542 συνέθετό
1029 3506 1120 3559 μοι
1151 3489 1353 3543 δοῦναι·
1388 3487 1625 3559 οὐδαμοῦ
1659 3489 1930 3558 φαίνεται,

341 3577 424 3630 ὅτι
473 3577 744 3631 συνέθετο·
798 3579 914 3633 ἀλλ’
973 3579 1067 3650 ἀφ’
1125 3573 1199 3633 ὧν
1263 3580 1422 3644 αὐτὸς
1477 3580 1646 3648 λέγει,
1697 3580 1932 3652 φανερόν

341 3669 509 3722 ἐστιν.
569 3671 776 3743 Ὥσπερ
831 3671 940 3743 γὰρ
1001 3671 1390 3727 ἀποκτείνοντα
1447 3671 1545 3725 τὸν
1595 3671 1786 3743 Λάμεχ
1833 3672 1933 3726 οὐκ

342 3761 596 3830 εἰσάγει,
657 3761 1056 3834 ὲκζητούμενον
1114 3762 1191 3828 δὲ,
1254 3763 1330 3826 ὡς
1394 3764 1502 3817 ἀπὸ
1568 3763 1668 3834 τῆς
1733 3762 1934 3836 ἐξηγή-

345 3871 482 3919 σεως
529 3852 665 3909 εἶναι
725 3856 956 3928 φανερὸν
1011 3857 1103 3910 καὶ
1159 3855 1221 3908 τὸ
1266 3857 1574 3926 γενόμενον·
1641 3854 1783 3908 οὕτω
1838 3857 1933 3910 καὶ

342 3945 596 4000 ἐνταῦθα.
639 3946 908 4010 Πολλάκις
940 3943 1034 4004 οὖν
1091 3949 1124 4018 ἡ
1166 3948 1380 4019 Γραφὴ,
1438 3946 1474 4000 ἃ
1528 3948 1586 3999 ὲν
1642 3946 1722 4018 τῷ
1766 3949 1934 4020 πράτ-

342 4038 530 4092 τεσθαι
576 4039 676 4092 οὐκ
711 4038 1036 4111 ἐξηγήσατο,
1084 4038 1176 4092 διά
1228 4055 1374 4101 τινος
1419 4037 1783 4109 ἐξηγουμένου
1809 4037 1933 4110 ἐδή-

343 4127 536 4181 λωσεν.

421 4223 500 4274 Τὰ
529 4221 792 4289 πρόϐατά
819 4235 936 4276 σου
971 4221 1067 4274 καὶ
1102 4223 1160 4273 αἱ
1190 4216 1353 4290 αἷγές
1381 4236 1498 4274 σου
1528 4223 1641 4275 οὐκ
1678 4219 1934 4287 ὴτεκνὼ-

345 4317 556 4383 θησαν·
593 4314 799 4383 κριοὺς
823 4313 942 4368 τῶν
970 4311 1278 4381 προϐάτων
1318 4327 1435 4366 σου
1465 4314 1536 4365 οὐ
1565 4313 1928 4382 κατέφαγον.

343 4403 522 4459 Καλοῦ
552 4404 807 4475 ποιμένος
846 4403 956 4475 (12)
984 4403 1265 4475 παρρησία
1294 4401 1619 4473 ἐμφαίνεται
1661 4405 1782 4467 ταῖς
1817 4421 1931 4472 φω-

343 4493 460 4555 ναῖς
500 4493 743 4555 ταύταις,
792 4491 860 4556 ἃς
912 4491 1200 4562 ζηλωτέον.
1253 4492 1292 4543 Γ
1295 4491 1604 4547 εννάτωσαν
1644 4489 1737 4547 οὖν
1797 4512 1932 4567 καρ-

2039 1945 2194 1987 cxtra
2229 1934 2636 2004 generationem
2669 1949 2848 2000 suam,
2881 1944 3007 1988 tunc
3057 1935 3191 1988 dixit
3224 1935 3274 1988 ci
3308 1935 3600 1990 Dominus:

2041 2025 2304 2078 Revertere
2333 2024 2388 2076 in
2435 2034 2631 2078 terram
2684 2026 2849 2092 patris
2889 2027 2986 2080 tui.
3037 2027 3230 2081 Simile
3275 2027 3550 2094 quidpiam
3573 2048 3604 2084 ιι

2039 2115 2267 2168 Domino
2299 2114 2406 2168 dici
2441 2116 2740 2183 putandttm
2769 2125 2874 2180 est,
2909 2133 3030 2170 cum
3067 2118 3120 2174 in
3147 2117 3295 2172 exitu
3329 2112 3614 2183 fuerimus,

2038 2205 2306 2260 reversuri
2351 2204 2416 2256 ad
2453 2213 2635 2272 patres
2670 2213 2906 2260 nostros.
2942 2205 3235 2261 I’rtctniutn
3290 2219 3471 2260 autem
3523 2212 3616 2262 dat

2039 2294 2334 2350 revertenti
2373 2294 2424 2347 in
2450 2301 2658 2350 terram
2695 2297 2869 2366 patris
2897 2298 3002 2360 sui.
3031 2307 3085 2353 et
3117 2299 3169 2351 iu
3201 2300 3611 2368 generationem

2036 2404 2214 2442 suam.
2247 2388 2500 2444 Arbitror
2533 2399 2714 2443 autem
2748 2390 2801 2443 in
2833 2391 3042 2446 somnis
3071 2394 3392 2460 apparuisse
3426 2393 3472 2446 ei
3511 2395 3615 2446 ϋη-

2040 2495 2266 2534 lllllllllll.

2116 2658 2225 2732 42
2254 2658 2416 2714 Pater
2452 2670 2628 2714 autent
2676 2673 2841 2718 vester
2887 2664 3223 2717 circumvenit
3275 2681 3375 2726 me,
3415 2676 3462 2718 ct
3503 2683 3616 2720 mn-

2037 2755 2165 2804 tnrit
2199 2754 2486 2806 mercedem
2517 2769 2685 2806 meum
2727 2757 2899 2808 decem
2941 2754 3169 2823 agnis".
3199 2757 3390 2824 Aquila
3424 2757 3613 2810 dect-tn

2039 2858 2294 2896 numeros
2335 2845 2509 2909 dixit;
2541 2843 2926 2914 Symmachus,
2958 2844 3144 2900 Decies
3179 2863 3425 2900 numero.
3459 2848 3618 2902 Dirc-

2038 2933 2131 2988 hat
2162 2937 2343 3005 igitur,
2378 2945 2435 2988 ut
2463 2937 2540 2989 ait
2574 2935 2850 3002 l-lehrzeus,
2883 2938 3066 2992 decies
3095 2947 3247 3008 pacta
3293 2955 3412 2992 cum
3445 2941 3615 2994 Jaruh

2039 3027 2171 3080 inita
2212 3028 2436 3080 violavit
2467 3027 2686 3093 Lahan;
2721 3029 2848 3097 quia
2901 3044 3021 3098 qute
3062 3031 3280 3083 nomine
3309 3031 3498 3085 Jacobi
3532 3034 3614 3100 gi-

2038 3121 2340 3191 gnebantur
2385 3122 2780 3191 quamplurima
2833 3135 3010 3184 erant,
3066 3124 3138 3177 ita
3176 3133 3233 3175 ut
3283 3125 3370 3178 ille
3407 3127 3607 3178 invidia

1985 3217 2003 3238 ⁴
2041 3223 2384 3278 moveretur;
2418 3214 2558 3281 quod
2590 3213 2708 3266 dure
2756 3215 3028 3268 editiones
3065 3215 3343 3269 declarant
3375 3236 3388 3271 :
3421 3217 3484 3268 Et
3527 3219 3619 3270 de-

2037 3304 2216 3370 cepisti
2245 3303 2528 3355 mercedem
2559 3319 2728 3356 meum
2760 3309 2935 3356 decem
2959 3321 3144 3372 agnas.
3174 3305 3449 3374 Agnorunt
3488 3321 3621 3358 vero

2036 3411 2173 3463 quos
2201 3397 2329 3449 dare
2365 3397 2493 3450 mihi
2529 3397 2852 3466 promiserat
2883 3396 3026 3450 nulla
3063 3400 3263 3450 mentio
3300 3408 3405 3458 est.
3441 3412 3619 3467 neque

2037 3497 2262 3556 apparet
2307 3503 2426 3542 eum
2482 3488 2598 3541 btec
2643 3489 3216 3556 unquam'pollicitum
3262 3488 3460 3551 fuisse;
3521 3491 3616 3543 sed

2039 3579 2089 3632 id
2133 3595 2199 3633 ex
2237 3582 2421 3644 verbis
2452 3580 2570 3649 ejus
2601 3581 2949 3635 manifestum
2995 3590 3096 3635 est.
3149 3581 3617 3647 Quemadmodum

2036 3671 2180 3725 enim
2202 3671 2533 3727 Lanteehum
2556 3672 2867 3742 quempiam
2893 3673 3163 3728 occidisse
3188 3689 3460 3743 nunquam
3497 3689 3620 3725 nar-

2037 3779 2270 3830 raverat,
2309 3765 2401 3819 sed
2441 3766 2486 3819 is
2524 3776 2721 3840 postea
2752 3766 3066 3834 requisitus,
3102 3767 3150 3819 id
3182 3767 3328 3820 clare
3361 3768 3617 3820 enuntia-

2035 3862 2134 3926 vit,
2160 3861 2230 3914 ita
2261 3859 2440 3914 ethoc
2470 3859 2610 3914 loco.
2643 3860 2968 3930 Plerumque
3002 3862 3169 3928 igitur
3194 3859 3472 3929 Scriptura
3498 3875 3620 3929 quae

2038 3955 2090 4006 in
2135 3967 2316 4006 rerum
2353 3961 2626 4022 gestarum
2660 3953 2978 4006 recensione
3010 3967 3114 4006 non
3149 3961 3390 4016 enarrat,
3421 3961 3616 4025 postea

2036 4045 2144 4099 alio
2177 4044 2462 4110 referente,
2489 4044 2770 4100 declarare
2801 4046 2959 4100 solet.

2114 4204 2245 4259 Ores
2275 4215 2379 4258 tute
2425 4216 2471 4258 et
2519 4221 2693 4272 capra!
2723 4216 2829 4259 tua:
2854 4204 3058 4259 steriles
3080 4222 3182 4257 non
3212 4205 3448 4269 fuertmt.
3467 4205 3620 4258 Arie-

2038 4306 2113 4351 tes
2145 4299 2314 4366 gregis
2350 4297 2428 4349 tui
2472 4314 2575 4349 non
2621 4299 2901 4351 comedi".
2942 4295 3076 4348 Boni
3133 4297 3372 4364 pastoris
3421 4298 3616 4350 Iiducia

2036 4390 2345 4444 ostenditur
2373 4387 2459 4442 his
2492 4389 2713 4442 vocibus
2737 4403 2872 4454 quas
2901 4386 3223 4440 imitandum
3254 4397 3356 4440 est.
3389 4386 3616 4440 Pariunt

2038 4497 2168 4549 ergo
2205 4481 2414 4537 fructus
2453 4479 2726 4549 Spiritales
2754 4495 2948 4550 greges
2988 4479 3171 4533 ovium
3210 4491 3264 4534 et
3302 4495 3616 4547 caprarum.

439 4547 457 4555 '
703 4547 743 4555 "
842 4547 856 4556 '
921 4547 938 4556 '
966 4547 976 4562 ⁸
1875 4547 1886 4567 I

340 4589 475 4651 ποὺς
541 4590 944 4659 πνευματικοὺς
991 4588 1058 4642 τά
1117 4590 1174 4642 ὲν
1220 4590 1332 4653 τοῖς
1384 4592 1656 4661 ποιμνίοις
1699 4591 1794 4646 καὶ¹
1849 4592 1932 4644 αἱ-

2041 4571 2144 4627 Sed
2171 4583 2225 4627 et
2251 4572 2449 4627 divites
2490 4573 2672 4641 gregis
2703 4589 2770 4626 ne
2813 4572 3185 4626 comedamus.
3221 4571 3486 4638 Quoniam
3520 4587 3622 4626 an-

339 4678 566 4742 πολίοις,
585 4679 721 4733 ἀλλὰ
751 4680 845 4734 καὶ
867 4681 992 4744 τοὺς
1015 4679 1297 4744 πλουσίους
1321 4679 1418 4752 τῆς
1437 4682 1672 4754 ποίμνης
1700 4682 1774 4755 μὴ
1800 4701 1930 4737 κατ-

339 4773 627 4844 εσθίωμεν.
670 4775 823 4828 Ἐπεὶ
846 4775 902 4828 δὲ
931 4775 1028 4844 οὐχ
1067 4774 1327 4848 εὕρηνται
1354 4779 1402 4829 οἱ
1439 4777 1604 4830 αὐτοῦ
1640 4776 1772 4843 θεοῖ,
1799 4795 1932 4849 συμ-

339 4865 526 4929 ϐάσεις
560 4869 794 4928 ποιεῖται
849 4867 986 4941 μετὰ
1031 4868 1124 4921 τοῦ
1160 4868 1449 4922 θεσπεσίου
1511 4867 1724 4924 Ἰακώϐ·
1763 4871 1856 4924 καὶ
1901 4871 1930 4922 6

340 4958 563 5028 κόσμος,
619 4959 782 5030 ἡνίκα
828 4962 950 5023 τοὺς
994 4960 1376 5033 ψευδωνύμους
1407 4961 1709 5018 ἀπεϐάλετε)
1749 4961 1924 5028 θεοὺς,

341 5049 493 5116 φίλος
522 5049 712 5118 γέγονε
744 5050 836 5105 τοῦ
870 5051 1124 5122 Χριστοῦ.

410 5135 558 5194 Eine
573 5140 640 5194 δὲ
679 5141 878 5196 Ἰακὼό
899 5141 1021 5209 τοῖς
1052 5140 1338 5211 ἀδελφοῖς
1362 5141 1567 5195 αὐτοῦ·
1594 5142 1927 5212 Συλλέγετε

337 5226 578 5293 ⁸ςῑίθους·
623 5228 719 5281 καὶ
773 5229 1117 5293 συνέλεξαν
1156 5231 1386 5296 λίθους.
1435 5230 1546 5282 Καὶ
1593 5233 1652 5284 ἐν
1691 5230 1770 5302 τῷ
1815 5233 1924 5306 (15)

411 5387 460 5421 ⁷⁸
482 5389 620 5444 Gen.
661 5405 794 5457 xxx,
826 5390 916 5444 57.
990 5391 1038 5421 ’⁷
1066 5390 1202 5445 Gen.
1238 5407 1392 5457 χιιι,
1421 5391 1476 5444 3.
1551 5391 1597 5422 ⁷⁸
1628 5391 1784 5458 ibid.,
1815 5393 1864 5446 7.

411 5527 487 5599 (9)
517 5531 586 5584 Αἱ
619 5527 775 5598 τρεῖς
793 5528 1024 5597 ῥάϐδοι.
1057 5539 1165 5584 etc.
1195 5527 1238 5588 Ε
1267 5529 1487 5589 schedis
1516 5530 1847 5588 Combelisii.

381 5599 523 5681 .(10)
554 5601 686 5653 Ὅτε
721 5599 1238 5669 ἐκαρποφόρησεν,
1269 5611 1378 5658 etc.
1429 5601 1503 5655 Ex
1539 5603 1730 5656 iisdem
1762 5605 1919 5658 sche-

337 5670 524 5806 duiil)
576 5740 830 5804 Ἀκύλας
893 5737 1036 5793 δέκα
1091 5739 1394 5808 ἀριθμούς.
1429 5750 1536 5798 etc.
1596 5742 1674 5799 Ex
1729 5743 1916 5797 iisdem

339 5812 554 5865 sis-hcdis
583 5813 813 5866 tinnulas
839 5809 1151 5864 Bernartius
1184 5809 1631 5867 Moutt-falcouius
1655 5814 1707 5866 in
1743 5814 1918 5869 lucem

1942 5395 1988 5428 ⁷³
2021 5393 2177 5455 ibid.,
2206 5387 2297 5442 58.

2041 4674 2145 4719 tem
2173 4681 2280 4718 non
2316 4663 2671 4718 inveniuntur
2699 4665 2816 4731 ejus
2847 4665 2944 4729 dii,
2966 4672 3123 4734 pacta
3153 4664 3256 4718 init
3279 4681 3404 4719 cum
3429 4665 3622 4720 (livino

2035 4754 2205 4810 Jacob
2225 4773 2238 4808 :
2261 4763 2314 4810 ct
2342 4757 2597 4818 mundus,
2624 4755 2844 4824 quando
2874 4753 3039 4809 falsos
3070 4753 3271 4825 abjecit
3299 4757 3451 4822 deos,
3477 4756 3620 4810 ami-

2039 4865 2135 4904 cus
2171 4849 2376 4905 Christi
2408 4851 2585 4904 l'actus
2614 4863 2720 4904 est.

2109 5128 2255 5182 Dixit
2285 5135 2458 5180 autent
2505 5124 2670 5179 λιιι-οὺ
2707 5124 2966 5194 fratribus
3006 5124 3119 5177 suis
3143 5137 3162 5174 :
3195 5121 3440 5190 Colligite
3474 5120 3616 5185 lupi,-

2035 5224 2149 5289 ἀει,
2175 5232 2224 5276 et
2253 5220 2573 5289 collegerunt
2604 5221 2807 5289 lapide:
2827 5219 2895 5270 “.
2926 5217 2984 5274 lu
3027 5217 3358 5274 Ecclesiaste
3397 5229 3614 5282 «ιιιυτιιιο

2370 5384 2417 5416 ⁸ο
2448 5381 2603 5446 ibid.,
2637 5383 2726 5437 46.

2030 5529 2207 5605 edidit
2227 5528 2330 5605 hoc
2352 5523 2714 5605 fragmentum
2730 5535 2866 5575 tom.
2888 5521 2920 5605 1_
2943 5519 3332 5605 Herennio-runt,
3367 5536 3484 5605 pag.
3516 5520 3612 5605 Ilii.

2037 5614 2062 5681 ξ,
2269 5591 2474 5651 Καλοῦ
2523 5591 2826 5664 ποιμένος,
2875 5603 2982 5645 etc.
3030 5592 3074 5648 Ε
3117 5594 3334 5646 sebedis
3375 5593 3612 5646 (lumbo-

2031 5671 2212 5812 list(t_l.5)
2244 5738 2352 5792 Καὶ
2392 5736 2463 5792 ἐν
2505 5735 2584 5804 τῷ
2633 5727 3108 5802 Ἐκκλησιαστῇ,
3142 5740 3249 5787 etc.
3303 5730 3379 5785 Ex
3417 5731 3609 5786 iisdem

2028 5810 2262 5868 Schedis.
2714 5827 2722 5835 '
