4138 6432
507 373 603 428 12⁷1

1989 351 2334 425 eumenes

3663 349 3764 405 128

500 498 765 563 scriptum
795 498 877 545 est
905 509 920 545 :
952 487 1173 555 Tempus
1223 486 1462 556 jaciendi
1501 487 1731 556 lapides,
1777 498 1826 542 et
1873 499 2075 557 tempus

2194 480 2642 552 Ἐκκλησιαστῇ
2682 480 3012 550 γέγραπται·
3047 474 3258 542 Καιρὸς
3299 470 3404 524 τοῦ
3430 468 3650 534 ,ϐαλεῖν
3671 471 3761 522 ..τί-

497 583 781 654 colligendi
811 579 1093 651 lapides”.
1125 579 1467 648 Colliguntur
1505 587 1684 632 autem
1727 578 1885 646 jussu
1911 579 2078 634 Iacob

499 675 590 742 qui
641 686 798 745 typus
851 680 968 724 erat
1010 669 1250 735 Christi,
1297 679 1357 723 ut
1399 670 1690 724 aidilicatio
1737 670 2078 740 compleatur

498 781 661 835 Super
691 764 1103 819 fundamentum
1149 763 1517 830 apostolorum
1567 770 1621 816 et
1660 762 2076 832 prophetarum,

497 857 614 924 ipso
643 869 855 909 sununo
883 853 1134 924 angulari
1167 853 1348 924 lapide
1365 853 1584 907 Christo
1611 853 1836 908 Domino
1866 864 2074 917 nostro,

495 965 559 1002 ex
597 947 871 1016 lapidibus
904 945 1062 1009 vivis,
1107 961 1234 1014 qua:
1257 946 1326 999 do
1355 945 1413 999 fit
1442 946 1636 1000 donius
1664 945 1949 1015 spiritalis,
1990 962 2079 1000 sa-

494 1040 801 1095 cerdotium
830 1050 1103 1094 sanctum.

568 1131 636 1184 Et
667 1149 945 1185 conuersus
983 1129 1168 1184 Laban
1212 1129 1340 1181 abiit
1368 1130 1421 1181 in
1466 1129 1637 1183 locum
1678 1146 1832 1183 suum
1849 1130 1915 1184 ⁸⁸.
1952 1129 2076 1184 Mali

495 1224 648 1279 locus
675 1239 842 1292 prope
877 1235 961 1279 est
1007 1225 1077 1277 ob
1128 1223 1557 1292 improbitatem.
1597 1223 1726 1292 Ejus
1769 1235 1950 1279 autem
1983 1226 2076 1294 qui

498 1317 828 1384 proliciendo
863 1318 964 1370 iter
995 1316 1124 1385 agit,
1150 1314 1407 1385 quoniam
1441 1315 1629 1384 procul
1660 1327 1746 1370 est
1770 1315 1943 1378 locus.
1971 1333 2076 1370 non

497 1420 726 1472 exiguus
757 1414 840 1458 est
877 1404 1052 1458 labor.

573 1495 643 1548 Et
668 1496 880 1565 fuerunt
917 1496 965 1548 ei
993 1496 1195 1549 obviam
1238 1495 1412 1566 angeli
1441 1493 1536 1548 Dei
1558 1495 1624 1549 ⁸³.
1665 1494 1927 1549 Dominus
1952 1495 2027 1548 ait
2058 1511 2074 1548 :

500 1585 614 1653 Ego
642 1603 758 1638 sum
805 1585 973 1639 ria“.
1001 1585 1103 1652 Qui
1154 1600 1284 1655 ergo
1332 1586 1473 1640 lianc
1522 1587 1669 1640 viam
1723 1586 1995 1655 sequitur,
2027 1587 2074 1641 ei

498 1677 712 1731 obviam
745 1691 877 1733 eunt
908 1679 1080 1750 angeli
1123 1678 1236 1733 Dei.

2179 582 2343 644 θους,
2379 577 2480 630 καὶ
2529 573 2734 641 καιρός
2788 571 2894 624 τοῦ
2925 565 3291 636 συναγαγεῖν
3322 564 3551 627 λίθους.
3599 561 3770 614 Συνά-

2178 686 2365 738 γονται
2398 668 2454 720 δὲ
2487 665 2628 720 κατά
2657 661 2953 734 πρόσταξιν
2995 656 3300 719 ’1ακὼ6,·ὃς
3325 654 3492 716 τύπος
3534 648 3604 723 ἦν
3629 653 3768 722 Χριο

2181 760 2331 823 στοῦ,
2369 760 2454 812 ἶνα
2482 760 2516 829 ἡ
2561 754 2819 824 οἰκοδομὴ
2863 750 3124 821 πληρωθῇ
3152 748 3245 801 ἐπὶ
3266 746 3344 817 τῷ
3369 743 3604 815 θεμελίῳ
3656 742 3770 797 τῶν

2178 853 2490 906 ἀποστόλων
2527 849 2622 903 καὶ
2657 845 2975 918 προφητῶν,
3023 843 3174 904 ὄντος
3226 837 3618 910 ἀκρογωνιαίου
3678 834 3770 888 αὐ-

2177 944 2270 997 τοῦ
2313 941 2548 1014 Χριστοῦ
2594 939 2691 992 τοῦ
2741 938 2947 1006 Κυρίου
2984 934 3160 1006 ἡμῶν,
3202 934 3266 984 ὲκ
3308 929 3470 982 λίθων
3525 927 3765 993 ζώντων,

2178 1038 2266 1089 ὅτε
2289 1036 2493 1105 γίνεται
2525 1028 2672 1095 οἶκος
2705 1028 3092 1100 πνευματικὸς,
3125 1025 3424 1095 ἱεράτευμα
3451 1021 3624 1090 ἓίγιον.

2250 1128 2360 1182 Καὶ
2387 1124 2797 1193 ἀποστραφεὶς
2828 1121 3032 1176 Λάϐαν
3045 1116 3321 1185 ἀπῆλθεν
3335 1118 3422 1180 είς
3452 1115 3560 1166 τὸν
3582 1113 3773 1166 τόκον

2178 1218 2386 1273 αὐτοῦ.
2417 1217 2523 1270 Τοῦ
2557 1215 2655 1287 μὲν
2683 1213 2889 1283 φαύλου
2920 1211 3029 1279 (11)
3063 1209 3150 1262 διὰ
3194 1208 3294 1277 τὴν
3323 1204 3522 1258 κακίαν
3550 1205 3716 1272 ἐγγὺς
3740 1203 3772 1255 ὁ

2178 1312 2362 1374 τόπος·
2398 1308 2490 1362 τοῦ
2534 1308 2589 1362 δὲ
2636 1306 2724 1359 διὰ
2757 1302 3041 1376 προκοπῆς
3059 1299 3356 1361 ὁδεύοντος,
3391 1295 3512 1349 ἐπεὶ
3553 1295 3771 1365 μακράν

2180 1406 2326 1457 ἐστιν
2357 1404 2384 1455 ὁ
2419 1400 2604 1462 τόπος,
2635 1399 2697 1450 οὐ
2728 1393 3167 1468 μικρὸςὸκόπος.

2248 1493 2361 1547 Καὶ
2413 1490 2817 1556 συνήντησαν
2861 1484 3022 1550 αὐτῷ
3057 1487 3111 1537 ol
3151 1482 3397 1552 ἄγγελοι
3446 1478 3552 1532 τοῦ
3598 1477 3768 1532 Θεοῦ.

2191 1589 2248 1642 '0
2296 1585 2500 1658 Κύριός
2537 1600 2702 1654 φησιν
2749 1581 2880 1651 (15)·
2931 1576 3072 1646 Ἐγώ
3105 1579 3222 1644 εἰμι
3257 1576 3296 1642 ἠ
3339 1572 3499 1637 ὁδός.
3533 1569 3624 1640 Τῷ
3677 1565 3772 1622 οῦν

2177 1681 2275 1752 τὴν
2307 1679 2423 1732 ὁδὸν
2451 1676 2655 1748 ταύτην
2690 1671 3041 1744 πορευομένῳ
3067 1665 3401 1720 συναντῶσιν
3434 1662 3654 1732 ἄγγελοι
3675 1661 3772 1715 τοῦ

2179 1771 2336 1826 Θεοῦ.

571 1854 634 1907 ΙιἹ
662 1855 905 1922 ρητεερίι
955 1856 1029 1909 eis
1071 1857 1249 1910 dicens
1275 1872 1294 1909 .'
1326 1854 1418 1912 Sic
1467 1857 1650 1912 dicetis
1699 1859 1915 1912 domino
1963 1875 2075 1912 meo

2254 1863 2364 1918 Kal
2397 1861 2739 1916 ἐνετείλατο
2774 1855 2977 1920 αὐτοῖς
3006 1853 3220 1922 λέγων’
3259 1850 3457 1915 Οὕτως
3485 1845 3672 1915 ἐρεῖτε
3693 1843 3775 1910 τῷ

495 1943 674 2000 Esau:
693 1943 814 2000 11αέ
837 1946 964 1998 dicit
993 1963 1174 2002 seruus
1202 1958 1324 2002 tuus
1356 1948 1520 2002 Iacob
1552 1965 1570 2003 :
1597 1949 1748 2019 Apud
1776 1948 1958 2003 Laban
1985 1968 2077 2019 pe-

495 2041 793 2106 rrgrfuatus
819 2055 932 2092 sum
948 2039 1016 2096 ⁸⁵.
1045 2039 1276 2096 Honoris
1301 2056 1466 2095 causa
1495 2041 1720 2096 fratrem
1755 2050 1881 2095 natu
1912 2040 2079 2108 majo-

496 2143 610 2184 rem
642 2133 848 2199 absque
883 2131 1234 2186 simulatione
1269 2133 1546 2186 dominum
1571 2149 1727 2187 suum
1762 2143 1940 2187 vocat.
1976 2133 2078 2187 Sed

494 2227 551 2274 et
571 2223 834 2290 responsio
856 2223 1071 2276 humilis
1095 2225 1277 2275 avertit
1303 2224 1440 2275 iram
1455 2223 1518 2275 ⁸⁸.
1543 2223 1605 2276 Et
1635 2233 1886 2292 tanquam
1920 2225 2080 2278 homo

496 2311 715 2379 quidem
751 2313 954 2380 timuit,
989 2313 1098 2370 Deo
1149 2329 1277 2368 vero
1326 2315 1587 2381 confisus,
1622 2329 1728 2368 non
1778 2313 1939 2386 fugit,
1985 2319 2078 2371 sed

495 2403 751 2459 accessit.

565 2586 673 2660 43
702 2585 769 2640 Et
799 2588 1010 2641 transiit
1035 2589 1222 2642 cadum
1252 2589 1418 2644 Iaboc
1448 2589 1514 2644 ⁸⁷.
1549 2589 1720 2647 Inhoc
1753 2589 1945 2647 fluvius
1997 2602 2079 2648 est

495 2679 733 2745 Arabiae,
768 2680 868 2750 qui
899 2695 1044 2735 nunc
1091 2692 1312 2735 vocatur
1340 2681 1630 2741 Iambices.

569 2862 802 2917 Relictus
841 2872 918 2918 est
949 2873 1124 2918 autem
1169 2863 1335 2919 Iacob
1379 2867 1546 2930 solus,
1583 2877 1632 2921 et
1670 2867 1973 2923 luctabatur
1999 2871 2079 2925 vir

498 2971 614 3010 cum
641 2971 700 3009 eo
735 2955 815 3022 ⁸⁸,
839 2966 948 3012 etc.
992 2957 1124 3024 Quis
1163 2958 1324 3012 fuerit
1357 2959 1444 3013 hic
1482 2960 1784 3028 appellatus
1807 2963 1968 3016 homo
2000 2964 2078 3017 si-

500 3048 608 3101 mul
646 3057 700 3102 et
744 3048 909 3115 Deus,
939 3051 1030 3119 qui
1076 3049 1386 3104 luctabatur
1411 3060 1463 3104 et
1485 3052 1798 3108 deccrtabat
1828 3070 1950 3108 cum
1979 3053 2075 3110 Ia-

494 3141 618 3205 cob,
652 3141 753 3195 nisi
791 3141 842 3194 id
880 3143 1024 3211 quod
1059 3142 1410 3198 multifariam
1444 3145 1738 3216 multisque
1773 3146 1950 3202 modis
1992 3147 2074 3202 lo-

492 3243 674 3287 cntum
701 3234 944 3304 patribus
1005 3249 1220 3289 sacrum
1281 3235 1371 3289 Dei
1427 3237 1664 3291 Verbum
1687 3280 1702 3304 ,
1736 3238 1996 3294 Dominus
2021 3249 2077 3295 et

499 3329 635 3380 iteus
664 3337 915 3389 voratur,
968 3327 1222 3396 quodque
1275 3328 1436 3382 etiam
1497 3328 1826 3385 benedicens
1869 3330 2071 3396 Iacob,

495 3414 658 3469 Israel
688 3417 864 3485 ipsum
913 3418 1223 3486 appellavit,
1260 3419 1446 3475 dicens
1477 3421 1605 3488 quia
1647 3422 1919 3477 invaluisti
1955 3441 2075 3477 cum

498 3503 605 3559 Deo
625 3504 852 3560 "‘iEum
878 3518 1059 3560 autem
1092 3507 1142 3560 in
1177 3506 1393 3561 modum
1423 3509 1586 3579 hujus
1627 3511 1802 3566 artatis
1830 3513 2078 3567 homines

495 3596 750 3651 videbant
801 3596 892 3652 Dei
940 3597 1217 3657 Verbum.
1255 3601 1712 3668 quemadmodum
1761 3611 1815 3655 et
1863 3602 2075 3656 Domini

497 3689 666 3744 nostri
705 3689 937 3758 apostoli
972 3690 1066 3759 qui
1120 3690 1381 3744 dixerunt
1418 3707 1432 3743 :
1474 3691 1629 3757 Quod
1652 3705 1765 3746 erat
1795 3694 1857 3748 ab
1901 3695 2076 3760 initio,

493 3781 631 3846 quod
651 3782 879 3836 vidimus
907 3782 1076 3835 oculis
1127 3783 1342 3846 nostris,
1376 3796 1421 3837 et
1454 3789 1838 3854 perspeximus,
1882 3798 1929 3841 et
1964 3805 2078 3841 ma-

497 3888 592 3925 nus
645 3880 840 3925 nostra:
891 3881 1350 3925 contrectacerunt
1380 3874 1443 3928 de
1487 3874 1654 3929 Verbo
1700 3878 1815 3930 vita:
1831 3878 1897 3931 ".
1923 3878 2075 3944 Quod

497 3961 731 4016 Verbum
761 3973 815 4018 et
841 3979 1006 4033 quam
1040 3964 1207 4016 vitam
1251 3966 1650 4036 contemplatus
1672 3969 1837 4022 etiam
1886 3968 2071 4036 Iacob,

495 4051 659 4109 infert
688 4054 873 4110 dicens
903 4071 917 4107 :
962 4052 1083 4108 Vidi
1113 4055 1250 4109 enim
1289 4058 1453 4112 Deum
1478 4059 1619 4128 [acie
1649 4063 1716 4113 ad
1754 4060 1942 4130 [aciem
1969 4064 2033 4116 ³⁸.

562 4234 734 4290 Iacob
783 4246 961 4290 autem
1009 4237 1258 4307 diligebat
1287 4238 1485 4311 Ioseph
1532 4258 1689 4310 super
1715 4259 1889 4297 omnes
1932 4243 2073 4312 ﬁlios

491 4344 634 4391 suos,
665 4331 788 4399 quia
813 4328 960 4398 ﬁlius
1013 4336 1292 4386 senectutis
1321 4345 1435 4387 erat
1473 4336 1541 4388 ei.
1581 4332 1732 4389 Fecit
1767 4353 1885 4391 vero
1909 4339 1956 4390 ei
1984 4347 2074 4390 tu-

493 4421 666 4472 nicam
717 4422 917 4474 variam
946 4424 1016 4476 θ’.
1049 4421 1254 4479 Tunica
1294 4426 1444 4480 varia
1493 4436 1580 4480 est
1637 4427 1856 4483 habitus
1897 4431 2074 4484 bonus

494 4511 785 4566 virtutibus
813 4523 1060 4568 ornatus.

572 4602 820 4659 Videntes
851 4614 1024 4658 autent
1063 4605 1259 4674 fratres
1286 4608 1401 4674 ejus
1432 4609 1561 4678 quia
1601 4625 1721 4662 eum
1767 4620 1919 4678 pater
1950 4611 2073 4664 dili.

491 4695 640 4765 gebat
669 4711 781 4766 pra'
827 4695 1068 4749 omnibus
1093 4695 1220 4764 ﬁliis
1248 4699 1382 4762 suis,
1408 4701 1631 4752 oderunt
1665 4716 1803 4764 eum,
1846 4718 1938 4755 nec
1977 4720 2073 4772 po-

492 4795 662 4842 terant
682 4787 730 4841 ei
765 4786 909 4857 loqui
934 4787 1222 4857 quidquam
1249 4789 1532 4856 paciﬁcum
1561 4789 1628 4844 ”.
1660 4789 1761 4856 Qui
1795 4792 1930 4858 odit,
1967 4811 2072 4848 non

494 4882 672 4942 potest
709 4874 1004 4944 quidquam
1057 4876 1288 4946 pacifica
1318 4878 1465 4948 loqui
1511 4880 1562 4933 ei
1600 4894 1762 4949 quem
1798 4884 1924 4938 odio
1973 4885 2071 4939 ha-

493 4966 602 5021 bet.
632 4966 979 5037 Depouamus
1005 4981 1136 5039 ergo
1164 4968 1374 5036 odium,
1408 4983 1467 5027 ut
1503 4974 1729 5042 paciﬁce
1773 4973 1916 5045 loqui
1941 4991 2070 5047 pos-

491 5072 678 5116 Βιιιιυε,

2181 1954 2364 2022 κιερίῳ
2379 1970 2499 2021 μου
2548 1949 2752 2004 Ἠσαῖν
2771 1948 2965 2012 Οὕτως
2994 1944 3156 2014 ,λέγει
3194 1946 3226 1997 ό
3252 1941 3393 2006 παῖς
3412 1955 3528 1993 σου
3555 1936 3770 1992 Ἰακώόο

2179 2048 2341 2102 Μετὰ
2373 2043 2576 2100 Λάϐαν
2605 2039 2954 2108 παρῴκησα.
2997 2036 3156 2092 Κατά
3188 2034 3352 2106 τιμὴν
3383 2033 3493 2104 (16)
3522 2033 3612 2086 τὸν
3639 2047 3776 2102 πρε-

2183 2139 2442 2209 σϐύτερον
2503 2135 2730 2204 ἀδελφὸν
2774 2133 3154 2204 ἀνυποκρίτως
3205 2130 3395 2201 κύριον
3458 2126 3624 2182 αὑτοῦ
3677 2143 3769 2178 κα-

2179 2230 2280 2283 λεῖ.
2354 2227 2499 2297 Πλὴν
2567 2227 2662 2278 καὶ
2725 2225 3042 2290 ἀπόκρισις
3131 2220 3561 2275 ὑποπίπτουσα
3627 2216 3775 2269 ἀπο.-

2179 2317 2423 2388 στρέφει
2475 2319 2685 2386 θυμόν.
2757 2317 2870 2369 Καὶ
2936 2314 3012 2377 ὼς
3075 2312 3363 2383 ἄνθρωπος
3420 2311 3517 2380 μὲν
3568 2307 3772 2379 εφοϐή-

2179 2411 2270 2484 θη,
2320 2409 2398 2482 τῷ
2443 2409 2562 2480 Θεῷ
2605 2409 2662 2462 δὲ
2718 2406 3053 2469 πιστεύσας,
3118 2405 3219 2457 οῦκ
3267 2402 3485 2472 ἔφυγεν,
3531 2401 3647 2454 ἀλλ’
3674 2402 3778 2473 ἧρ-

2213 2521 2320 2559 ετο.

2177 2523 2357 2646 χεὲἒέιι
2384 2591 2548 2659 διέϐη
2577 2589 2692 2658 τὴν
2712 2588 2995 2643 διάϐασιν
3022 2586 3129 2640 τοῦ
3165 2584 3380 2639 Ἰαεώκ.
3430 2581 3626 2636 Ἰαὸὼκ
3661 2581 3773 2651 (17)

2176 2682 2421 2753 πόταμός
2459 2684 2575 2735 ἐστι
2626 2680 2727 2751 τῆς
2789 2678 3072 2750 Ἀραϐίας,
3096 2675 3241 2730 ὀνῦν
3267 2674 3598 2744 καλούμενος
3636 2674 3776 2743 Ἰαμ-

2175 2775 2356 2847 δίκης.

2254 2865 2608 2934 Ὑπελείρθη
2652 2861 2721 2916 δὲ
2763 2861 2966 2917 Ἰακὼό
2989 2862 3201 2930 μόνος,
3233 2858 3328 2911 καὶ
3370 2855 3620 2910 excitare
3642 2854 3773 2924 μετ’

2174 2960 2360 3015 αὑτοῦ
2391 2959 2723 3028 ἅνθρωπος,
2753 2958 2849 3010 καὶ
2886 2957 2957 3009 τὰ
3007 2955 3152 3025 ἑξῆς.
3188 2955 3284 3016 Τίς
3302 2953 3345 3006 δ’
3376 2953 3441 3006 ἂν
3475 2951 3631 3013 ἀλλος
3662 2950 3774 3022 (18)

2175 3054 2259 3124 εἴη
2283 3053 2310 3105 ὁ
2329 3051 2621 3121 λεγόμενος
2649 3049 2744 3102 ἀνθ
2753 3065 2936 3119 ρωπος
2963 3045 3100 3117 ὁμοῦ
3119 3045 3212 3098 καὶ
3228 3045 3380 3106 Θεὸς,
3412 3042 3776 3113 συμπαλαίων

2177 3145 2269 3198 καὶ
2301 3140 2807 3211 συναγωνιζόμενος
2831 3139 2911 3210 τῷ
2959 3136 3178 3200 Ἰακὼϐ,
3217 3136 3250 3207 ἢ
3278 3138 3306 3188 ό
3336 3133 3659 3207 πολυμερῶς
3678 3134 3778 3186 καὶ

2177 3236 2534 3308 πολυτρόπως
2585 3234 2826 3306 λαλήσας
2872 3237 2985 3296 τοῖς
3032 3231 3305 3301 πατράσιν
3340 3229 3484 3301 ἱερὸς
3520 3228 3614 3281 τοῦ
3635 3227 3774 3280 Θεοῦ

2178 3328 2372 3396 Λόγος,
2423 3325 2628 3399 Κύριος
2669 3326 2766 3378 καὶ
2801 3325 2934 3387 Θεὸς
2978 3322 3356 3395 χρηματίζων,
3406 3321 3466 3383 ὃς
3502 3319 3597 3372 καὶ
3626 3319 3777 3371 εὐλο-

2176 3421 2352 3492 γήσας
2379 3419 2470 3473 τὸν
2509 3419 2726 3483 Ἰακὼϐ,
2767 3417 2982 3489 Ἰσραὴλ
3000 3417 3162 3469 αὐτὸν
3192 3411 3774 3484 ὡνόμασεν,ὲπειπὼν,

2177 3515 2261 3567 ὃτι
2290 3514 2629 3582 ἑνίσχυσας
2666 3512 2818 3582 μετὰ
2849 3510 3040 3573 Θεοῦ;
3069 3507 3212 3561 οὕτω
3261 3506 3317 3559 δὲ
3353 3504 3539 3574 ἑώρων
3571 3504 3620 3556 οἱ
3651 3504 3775 3556 τότε

2178 3604 2370 3675 ἄνδρες
2405 3604 2497 3657 τὸν
2530 3603 2624 3656 τοῦ
2647 3603 2782 3656 Θεοῦ
2815 3601 3009 3670 Λόγον,
3043 3601 3118 3664 ὼς
3148 3598 3239 3651 καὶ
3279 3598 3328 3650 οἱ
3356 3597 3631 3667 φήσαντες
3679 3593 3775 3646 τοῦ

2179 3694 2384 3764 Κυρίου
2403 3693 2559 3765 ἡμῶν
2592 3693 2901 3747 ἀπόστολοι·
2935 3694 2998 3743 Ὅ
3033 3687 3113 3760 ἦν
3139 3689 3239 3742 ἀπ’
3272 3686 3488 3756 ἀρχῆς,
3511 3683 3775 3752 ἑωράκα-

2170 3802 2288 3855 μεν
2320 3785 2441 3852 τοῖς
2467 3785 2802 3854 ὀφθαλμοῖς
2823 3782 3016 3852 ἡμῶν,
3041 3781 3142 3836 καὶ
3169 3778 3560 3848 ἐθεασάμεθα,
3581 3777 3680 3830 καί
3715 3779 3777 3831 al

2175 3877 2370 3948 χεῖρες
2384 3878 2554 3946 ἡμῶν
2570 3875 2984 3947 ἐψηλάφησαν
3000 3872 3255 3941 περὶτοῦ
3271 3871 3465 3940 Λόγου
3482 3867 3588 3936 τῆς
3602 3867 3774 3948 ζωῇςο

2174 3971 2233 4023 ὃν
2258 3971 2451 4038 Λόγον,
2489 3969 2586 4023 καὶ
2623 3969 2768 4038 ζωὴν
2801 3967 3141 4037 Θεασάμενος
3184 3965 3278 4018 καὶ
3317 3966 3346 4017 ὁ
3404 3961 3618 4026 Ἰακὼϐ,
3657 3964 3780 4014 ὲπι-

2177 4061 2336 4131 φέρει
2395 4061 2595 4129 λέγων·
2669 4055 2853 4113 Εἶδον
2903 4058 3014 4126 γὰρ
3068 4056 3217 4111 Θεὸν
3254 4055 3579 4124 πρόσωπον
3624 4052 3777 4120 πρὸς

2175 4155 2528 4222 πρόσωπον.

2260 4246 2462 4300 Ἰακὼό
2492 4245 2560 4298 δὲ
2575 4244 2780 4313 ἠγάπα
2809 4244 2916 4296 τὸν
2947 4240 3160 4310 Ἰωσὴφ
3176 4239 3336 4308 παρὰ
3366 4237 3597 4302 πάντας
3632 4236 3780 4303 τοὺς

2176 4338 2347 4404 υἱοὺς
2378 4336 2587 4399 αὑτοῦ,
2634 4336 2724 4388 ὅτι
2760 4335 2890 4400 υίὸς
2923 4333 3119 4404 γήρως
3152 4329 3232 4402 ἦν
3263 4330 3441 4395 αὐτῷ.
3497 4329 3776 4394 Ἐποίησε

2178 4429 2245 4482 δὲ
2259 4429 2420 4494 αὐτῷ
2446 4429 2667 4498 χιτῶνα
2695 4427 3000 4480 ποικίλον.
3021 4423 3201 4477 Χιτὼν
3232 4423 3340 4492 (19)
3364 4421 3604 4486 ποικίλος
3627 4421 3778 4474 ἐστὶν

2109 4545 2154 4601 ι)
2178 4521 2291 4588 ἕξις
2316 4521 2512 4592 ἀρίστη
2540 4523 2658 4583 ταῖς
2685 4520 2903 4590 ἀρεταῖς
2935 4515 3346 4586 κεκοσμημένη.

2265 4613 2512 4678 Ἰδόντες
2545 4611 2614 4665 δὲ
2646 4614 2699 4666 οί
2735 4611 2985 4681 ἀδελφοὶ
3020 4608 3230 4670 αὐτοῦ,
3267 4609 3354 4660 ὅτι
3385 4606 3574 4660 αὑτὸν
3603 4609 3637 4660 ό
3671 4619 3776 4658 παρ

2182 4705 2291 4774 τὴρ
2327 4705 2496 4776 φιλεῖ
2521 4705 2590 4759 ἐκ
2621 4704 2864 4759 πάντων
2890 4703 3009 4756 τῶν
3050 4701 3198 4754 υίῶν
3223 4700 3432 4765 αὑτοῦ,
3464 4700 3774 4769 ἐμίσησαν

2181 4798 2401 4860 αὑτὸν,
2451 4797 2548 4851 καὶ
2604 4800 2715 4852 οὐκ
2769 4797 3074 4864 ἠδύναντο
3119 4792 3332 4846 λαλεῖν
3378 4790 3540 4856 αὐτῷ
3591 4791 3777 4846 οὐδὲν

2177 4889 2498 4956 εἰρηνικόν.
2545 4889 2602 4942 Ὀ
2663 4889 2837 4959 μισῶν
2883 4886 2994 4956 (‘20)
3051 4885 3327 4947 ἀδυνάτως
3378 4885 3490 4956 ἔχει
3532 4884 3666 4954 πρὸς
3713 4884 3776 4938 τὺ

2182 4981 2454 5053 είρηνικόν
2487 4999 2538 5034 τι
2567 4981 2749 5034 λαλεῖν
2788 4979 2868 5049 τῷ
2910 4978 3244 5048 μισουμὲνῳ.
3292 4974 3648 5046 Ἀποθὼμεθα
3678 4973 3776 5033 οὖν

2180 5073 2242 5127 τὸ
2285 5077 2460 5144 μῖσος,
2502 5074 2589 5126 ἵνα
2626 5073 2810 5126 λαλεῖν
2849 5070 3104 5140 εἰρηνικὰ
3137 5069 3471 5141 δυνηθῶμεν.

562 5195 605 5272 ξ¹
627 5195 807 5250 Eccle.
829 5212 908 5260 Ill,
937 5197 1015 5272 5.
1067 5199 1276 5272 “Gen.
1305 5217 1456 5264 xxxi,
1483 5201 1574 5258 55.
1652 5202 1699 5235 ⁸⁸
1728 5201 1867 5260 Gen.
1895 5222 2075 5268 xxxii.

2245 5211 2291 5242 ⁸⁸
2317 5209 2477 5264 Ioan.
2508 5225 2619 5270 xw,
2643 5208 2698 5263 6.
2759 5208 2807 5240 ⁸⁸
2834 5206 2972 5260 Gen.
3003 5222 3175 5272 χχχιι,
3196 5206 3251 5260 Δ.
3326 5206 3373 5238 ⁸⁸
3402 5205 3561 5259 Prov.
3598 5220 3688 5270 xv,
3716 5207 3767 5260 l.

488 5263 692 5341 299.1.
738 5283 914 5341 x_un,
953 5269 1045 5324 εξ.
1121 5271 1352 5341 “ibid.,
1399 5263 1490 5328 at.

491 5332 536 5362 °'
563 5332 720 5401 ibitL,
751 5338 807 5391 «1.

561 5469 676 5543 (ιέί)
711 5472 823 5526 Τοῦ
841 5473 957 5541 μὲν
976 5477 1232 5543 φαύλου,
1262 5487 1368 5534 etc.
1402 5479 1443 5533 Ε
1472 5491 1662 5533 catena
1694 5478 1966 5533 Romana.

563 5540 676 5616 (ᾖ)
713 5543 765 5616 ’ρ
794 5540 1007 5616 Κύριός
1031 5540 1240 5616 φησιν,
1266 5561 1369 5604 etc.
1401 5551 1442 5604 E
1481 5551 1699 5605 schedis
1733 5547 2072 5604 Combetisii.

564 5608 677 5685 (ίέ)
711 5608 1332 5685 Κατὲίτιιὶήνξειρίίῑχ
1372 5621 1561 5675 iisdem
1592 5621 1837 5673 schedis.

563 5679 675 5760 (1.7)
719 5679 1278 5760 ἰιιϐώκξειεξιιζιιὶιιίι
1336 5693 1436 5746 hoc
1495 5689 1740 5760 scliolion
1771 5685 2072 5760 Montcfal-

494 5756 684 5828 genius
713 5766 897 5810 noster
924 5759 1089 5814 tom.l
1121 5758 1372 5827 llexapl.,
1397 5775 1524 5828 pag.
1562 5757 1656 5820 41,
1695 5759 1781 5810 ubi
1811 5773 1909 5828 PT”
1926 5756 2075 5828 1414’

494 5816 673 5892 δίκης,
704 5828 846 5896 quod
900 5829 1134 5888 habetur
1183 5832 1237 5888 iu
1275 5816 1500 5888 schedis
1551 5816 1894 5894 Cuium-usit,
1945 5816 2074 5892 tegit

1587 5273 1818 5342 '°ibid.,
1865 5276 1957 5332 28.
2035 5278 2080 5310 ⁹⁰
2133 5279 2337 5336 lJoau.
2377 5283 2486 5343 t,l.
2562 5281 2603 5312 ἰ
2627 5279 2765 5334 Gen.
2828 5277 3114 5340 "311,50.
3192 5277 3235 5308 "
3273 5275 3410 5332 Gen.
3455 5290 3667 5342 xxxvii,
3714 5278 3769 5333 5.

2207 5478 2516 5600 ’Ῑαμδύκης

2207 5619 2222 5631 η
2257 5545 2576 5632 (15.3)1‘96’
2617 5545 2695 5603 ἂν
2740 5546 2959 5613 ἄλλος,
3014 5556 3121 5601 etc.
3184 5546 3264 5600 Ex
3307 5546 3498 5603 iisdem
3549 5546 3771 5605 schedis

2183 5618 2523 5673 Combclisii.

2257 5687 2369 5755 (19)
2409 5683 2618 5748 Χιτών,
2658 5695 2767 5743 etc.
2806 5687 2882 5740 Ex
2914 5686 3100 5741 iisdem
3136 5687 3374 5742 schedis.

2259 5757 2368 5828 (‘20)
2417 5757 2470 5809 '0
2491 5755 2708 5827 μισῶν,
2745 5769 2855 5816 ctc.
2886 5757 2963 5813 Ex
2992 5757 3181 5816 iisdcm
3207 5756 3449 5814 schedis.
