4138 6440
311 364 410 419 129

1754 365 1819 421 ΙΝ
1859 364 2182 422 GENESIM.

3462 365 3563 417 150

378 490 441 539 Ol
464 486 532 538 δὲ
566 476 916 556 Μαδιηναῗοι
949 484 1243 540 ἀπέδοντο
1286 486 1391 539 τὸν
1435 485 1645 555 Ἰωσὴφ
1675 489 1763 551 εἱς
1790 487 1877 541 Αἵ-

2059 484 2373 538 Mndianitw
2425 491 2600 536 autem
2636 484 2978 539 vendiderunt
3019 484 3213 555 Ioseph
3250 488 3304 539 in
3340 486 3570 555 :Egypto

309 593 533 643 γυπτον
559 577 639 642 τῷ
663 575 934 645 Πετεφρῇ
958 575 1037 641 τῷ
1064 575 1359 629 σπάδοντι
1392 576 1604 645 Φαραὼ
1640 578 1887 646 ἁρχιμα-

303 671 495 736 γείρῳ.
545 671 829 741 Πετεφρῆς
883 670 993 740 (21)
1040 670 1192 741 παρὰ
1231 668 1432 740 Ἀκύλᾳ
1481 668 1575 722 καὶ
1605 671 1887 740 Συμμάχῳ

300 758 571 832 Φουτιφὰρ
605 760 819 832 εἴρηται
870 762 928 813 ὲν
972 760 1147 830 τούτῳ
1202 759 1278 829 τῷ
1309 758 1479 828 τόπῳ,
1513 759 1570 811 ἐν
1623 759 1679 811 δὲ
1717 760 1888 830 ἑτέρῳ

300 849 626 923 Φουτιφαρὲ.
654 854 765 906 Καὶ
792 854 824 923 ἡ
854 852 954 922 μὲν
996 849 1089 905 τοῦ
1122 851 1384 922 παρόντος
1424 850 1682 921 ὀνόματος
1716 851 1888 922 ἑρμη-

301 942 419 996 νεία
454 947 781 1012 παράκειται
806 947 873 1015 τῇ
905 943 1046 1008 λέξει
1086 943 1218 1016 (ΞΞΥ
1253 946 1287 1015 ἡ
1315 944 1373 997 δὲ
1402 943 1615 1007 ἔκθεσις
1646 943 1741 997 τοῦ
1772 944 1887 997 ἐτέ-

305 1050 398 1103 ρου
429 1037 486 1087 ἐν
512 1040 623 1099 τοῖς
647 1037 776 1107 ἑξῆς
807 1041 1074 1106 φανεῖται.

372 1125 569 1191 Γνοὺς
595 1126 663 1179 δὲ
689 1126 914 1190 Αὐνᾶν,
940 1127 1026 1180 ὅτι
1044 1128 1155 1180 οὐκ
1174 1125 1334 1191 αὐτῷ
1349 1125 1521 1179 ἔσται
1540 1125 1606 1179 τὸ
1623 1124 1883 1194 σπέρμα,

297 1215 535 1286 ἐγένετο
591 1218 739 1273 ὅταν
778 1221 1096 1290 εἰσήρχετο
1143 1221 1292 1288 πρὸς
1334 1220 1450 1287 τὴν
1493 1219 1748 1288 γυναῖκα
1777 1221 1885 1274 τοῦ

299 1306 567 1377 ἀδελφοῦ
600 1313 806 1376 αὐτοῦ,
836 1312 1079 1381 ἐξέχεεν
1105 1312 1203 1365 ἐπὶ
1229 1312 1344 1379 τὴν
1364 1309 1500 1380 γῆν.
1539 1312 1655 1373 Πᾶς
1674 1312 1703 1363 ὁ
1730 1312 1885 1363 σπεί-

304 1416 413 1468 ρων
448 1403 561 1472 (25)
588 1406 679 1457 ἐπὶ
715 1404 813 1474 τὴν
840 1405 1037 1477 σάρκα,
1076 1406 1172 1459 καὶ
1201 1404 1273 1457 τὰ
1308 1403 1444 1476 ἔργα
1468 1404 1565 1474 τῆς
1601 1404 1802 1474 σαρκὸς
1828 1406 1886 1458 ἐν

301 1490 368 1558 τῇ
422 1493 491 1560 γῇ
522 1492 885 1566 θησαυρίζων,
936 1496 1122 1565 ὅμοιος
1150 1494 1227 1564 τῷ
1256 1494 1453 1546 Λύνᾶν·
1486 1493 1564 1545 διὸ
1589 1494 1683 1545 καὶ
1721 1493 1884 1547 θανα-

300 1576 485 1632 τοῦται
513 1583 618 1635 ὑπὸ
649 1584 805 1638 Θεοῦ.

371 1670 485 1721 Καὶ
499 1667 575 1741 ἦν
594 1674 809 1740 Κύριος
830 1674 981 1741 μετὰ
1011 1672 1243 1739 Ἰωσήφ·
1263 1673 1363 1725 καὶ
1378 1669 1456 1743 ἦν
1474 1671 1627 1739 ἀνὴρ
1648 1671 1887 1741 ἐπιτυγ-

302 1763 524 1832 χάνων.
569 1765 654 1827 Ὠς
692 1764 784 1817 ἐπὶ
814 1764 1017 1816 σκοπὸν
1050 1763 1161 1834 (24)
1194 1763 1423 1833 βάλλων,
1464 1763 1631 1815 ἔτεινε
1663 1761 1723 1814 τὸ
1760 1763 1889 1832 ἡγε-

305 1855 521 1925 μονικὸν
547 1855 763 1916 ἑαυτοῦ.
790 1856 882 1908 καὶ
904 1855 990 1908 ἀεὶ
1019 1853 1373 1924 ἐπετύγχανε.
1411 1853 1686 1924 Πολλαχωῖ
1716 1854 1772 1906 δὲ
1802 1854 1888 1907 κέ-

298 1963 498 2017 χρηται
520 1947 695 2016 τούτῳ
720 1947 753 2017 ἡ
787 1947 999 2017 Γραφή.

370 2041 477 2094 Καὶ
516 2042 818 2110 εὐλόγησε
846 2042 1059 2108 Κύριος
1087 2039 1194 2093 τὸν
1218 2036 1384 2091 οἷκον
1413 2037 1519 2091 τοῦ
1558 2039 1881 2107 Αἰγυπτίου

296 2131 395 2184 διὰ
438 2132 671 2199 Ἰωσήφ.
718 2132 814 2185 Διὰ
853 2132 944 2184 τὸν
994 2131 1147 2199 ἆγιον
1193 2130 1307 2201 (25)
1337 2132 1393 2183 ὲν
1439 2130 1572 2200 οἴκῳ
1612 2130 1740 2183 ὄντα
1783 2131 1881 2183 Αί-

296 2223 526 2291 γυπτίου
552 2223 851 2290 εὐλογεῖται
891 2224 920 2275 ὁ
955 2218 1122 2285 οἶκος,
1175 2221 1267 2273 καὶ
1308 2221 1376 2274 τὰ
1417 2220 1752 2290 ὑπάρχοντα,
1789 2220 1883 2273 καὶ

295 2317 326 2369 ὁ
359 2315 526 2386 ἀγρὸς
566 2314 658 2367 τοῦ
696 2313 1015 2383 Αἰγυπτίου.
1056 2313 1203 2379 Αὕτη
1238 2314 1294 2366 δὲ
1327 2314 1386 2365 ού
1423 2314 1763 2385 πνευματικὴ
1795 2314 1882 2367 εὑ-

297 2406 481 2475 λογία.

381 2498 643 2566 Ἐγένετο
667 2496 734 2550 δὲ
752 2497 901 2567 μετὰ
920 2495 1155 2565 ῥήματα
1187 2496 1392 2558 ταῦτα,
1424 2494 1689 2563 ἥμαρτεν
1720 2495 1752 2547 o'
1775 2493 1881 2560 ἀρ-

298 2590 631 2657 χιοινοχόος
652 2588 1074 2652 τοῦβασιλέως
1103 2587 1427 2656 Αἰγύπτου,
1458 2585 1555 2639 καί
1585 2587 1617 2638 ό
1646 2583 1880 2652 ἀρχιοι-

296 2678 534 2745 τοποιὸς
578 2678 661 2744 τῷ
686 2680 870 2746 κυρίῳ
897 2678 1096 2731 αὐτῶν
1119 2677 1372 2742 βασιλεῖ
1412 2677 1733 2745 Αἰγύπτου.
1769 2675 1879 2727 Νο-

301 2768 442 2838 μίζω
469 2770 582 2839 (26)
637 2770 719 2823 ὅτι
762 2770 823 2822 τὸ
856 2769 1115 2837 ἀνάλογον
1155 2767 1251 2839 τῷ·
1294 2769 1588 2837 Ἥμαρτον
1630 2764 1882 2830 ,ϐασιλεῖ

295 2862 620 2931 Αἰγύπτου,
668 2860 862 2929 λέγοιτ’
916 2859 982 2913 ἂν
1006 2860 1133 2929 περὶ
1159 2859 1267 2911 τῶν
1328 2857 1638 2929 μαρτύρων,
1685 2854 1881 2926 ὅτιτῷ

296 2950 472 3023 νοητῷ
533 2951 740 3021 βασιλεῖ
789 2952 888 3021 τῆς
933 2950 1207 3018 Αἰγύπτου
1258 2941 1403 3001 οὗτοι
1455 2946 1881 3019 ἁμαρτάνουσιν,

1997 576 2252 641 I’etepltrc
2300 576 2540 629 eunucho
2592 572 2892 630 Pharaonis
2936 594 3223 647 coquorum
3244 580 3471 645 principi
3505 576 3571 628 ⁸⁵.

1992 667 2311 736 Petephrem
2345 666 2542 736 Aquila
2581 677 2636 721 et
2678 665 3039 736 Symmachus
3074 671 3377 740 Pltutiphar
3412 672 3569 725 dixe-

1992 767 2114 810 runt
2161 758 2264 812 hoc
2297 756 2415 811 loco
2449 774 2461 810 :
2500 756 2552 810 iu
2611 757 2719 811 alio
2775 770 2960 813 autem
3012 760 3382 832 Phutipltarc;
3437 777 3575 831 pra:-

1989 848 2166 901 sentis
2215 862 2341 901 vero
2374 847 2609 903 nominis
2636 848 3012 917 interpretatio
3046 853 3165 906 voci
3205 853 3450 923 atljacet;
3493 856 3576 908 al-

1990 941 2157 994 terius
2203 949 2385 995 autem
2433 939 2700 1008 expositio
2756 941 2807 994 in
2856 945 3215 1010 sequentibus
3264 947 3568 1002 declarabi-

1990 1041 2098 1086 tur.

2060 1120 2239 1176 Sciens
2263 1130 2435 1175 autent
2468 1122 2674 1175 Annam
2704 1123 2803 1176 sibi
2845 1140 2947 1177 non
3000 1124 3113 1193 [ore
3141 1143 3334 1195 semen,
3357 1133 3568 1198 quando

1987 1216 2376 1283 ingrediebatur
2417 1214 2485 1266 ad
2538 1230 2753 1267 uxorem
2802 1214 2987 1283 fratris
3021 1217 3125 1282 sui,
3169 1219 3467 1288 effundebat
3511 1222 3567 1273 in

1988 1316 2182 1361 terram
2206 1307 2273 1360 ⁸³.
2310 1305 2501 1361 Omnis
2542 1306 2633 1374 qui
2674 1310 2907 1362 seminat
2952 1307 3003 1360 in
3052 1324 3245 1375 carne,
3297 1320 3351 1364 et
3400 1325 3565 1380 opera

1988 1398 2170 1451 carnis
2226 1397 2278 1450 in
2332 1406 2474 1451 terra
2524 1397 2894 1463 thesauriztt,
2952 1400 3145 1454 similis
3196 1409 3280 1455 est
3327 1402 3563 1456 Annam.

1987 1488 2350 1554 Quamobrem
2386 1489 2715 1544 interﬁcitur
2741 1506 2768 1543 a
2805 1491 2934 1545 Deo.

2058 1665 2127 1718 Et
2167 1677 2277 1720 erat
2318 1666 2572 1721 Dominus
2602 1685 2719 1721 cum
2745 1668 2962 1737 Joseph,
2989 1682 3035 1723 et
3068 1680 3182 1723 erat
3212 1672 3293 1723 vir
3324 1688 3568 1740 prospere

1989 1772 2148 1824 agens
2168 1758 2234 1811 ".
2291 1756 2574 1826 Tanquam
2605 1758 2658 1810 in
2701 1773 2923 1826 scopum
2970 1760 3215 1827 mittens,
3253 1763 3568 1817 intendebat

1920 1833 1959 1887 Β
1990 1848 2156 1901 animi
2189 1849 2552 1916 principatum
2579 1859 2632 1903 et
2666 1865 2882 1919 semper
2905 1864 3162 1919 prospere
3192 1854 3403 1921 agebat.
3428 1853 3562 1906 Fre-

1991 1947 2219 2008 quenter
2254 1950 2432 1994 autem
2473 1942 2576 1995 hoc
2608 1944 2774 1996 verbo
2809 1943 2976 1996 utitur
3014 1942 3317 2011 Scriptura.

2066 2029 2132 2082 Et
2164 2030 2425 2084 benedixit
2452 2031 2711 2086 Dominus
2747 2034 2928 2086 domui
2969 2033 3208 2104 /Egyptii
3230 2045 3444 2104 propter
3471 2035 3569 2089 Jo—

1987 2127 2108 2190 seph
2138 2122 2205 2175 9'.
2256 2120 2484 2190 Propter
2539 2133 2784 2178 sanctum
2837 2125 2928 2193 qui
2980 2136 3099 2178 erat
3148 2126 3202 2180 in
3252 2127 3410 2181 domo
3454 2127 3567 2200 44

1989 2210 2226 2284 Egyptii
2253 2251 2269 2275 ,
2307 2213 2643 2268 benedicitur
2685 2217 2896 2278 domus,
2957 2215 3095 2269 bona
3133 2226 3185 2270 et
3219 2232 3347 2284 ager
3395 2216 3565 2289 Egy-

1988 2305 2108 2372 ptii.
2146 2303 2269 2360 Haec
2320 2314 2498 2359 autem
2538 2322 2644 2361 non
2692 2318 2774 2364 est
2812 2308 3070 2378 spiritalis
3096 2310 3422 2368 benedictio.

2059 2485 2160 2540 His
2187 2486 2263 2539 ita
2306 2488 2464 2556 gestis
2494 2490 2684 2542 accidit
2734 2498 2792 2543 ut
2832 2503 3100 2560 peccarent
3143 2495 3393 2563 pincerna
3428 2498 3563 2566 regis

1989 2576 2209 2646 [Ἐφυριί
2240 2591 2288 2631 et
2331 2580 2498 2648 pistor
2530 2580 2741 2635 domino
2783 2598 2877 2636 suo
2914 2585 3025 2654 regi
3064 2583 3283 2654 .Egypti
3316 2586 3384 2640 °'.
3424 2588 3565 2641 Cou-

1987 2679 2243 2723 sentanee
2272 2669 2355 2724 his
2397 2672 2576 2726 verbis
2611 2690 2625 2726 :
2662 2672 2955 2728 Peccarunt
3002 2678 3111 2745 regi
3139 2676 3393 2746 lEgypti,
3422 2681 3566 2731 arbi-

1989 2769 2102 2813 tror
2132 2761 2237 2814 dici
2269 2776 2429 2829 posse
2461 2772 2732 2834 martyres
2762 2766 2991 2833 Spiritali
3032 2768 3142 2836 regi
3182 2766 3402 2838 Egypti
3436 2783 3564 2836 pec-

1989 2865 2134 2915 care,
2166 2852 2261 2905 sed
2301 2868 2409 2907 non
2449 2853 2576 2908 Deo.
2624 2854 2883 2909 Videntur
2920 2858 3064 2911 enim
3101 2874 3327 2926 peccare
3374 2869 3563 2914 contra

1994 2944 2176 2997 mundi
2207 2944 2400 3013 legem,
2421 2961 2540 3014 qua:
2568 2946 2889 3002 adversatur
2920 2949 3019 3017 legi
3061 2948 3176 3003 Dei.

297 3044 412 3097 ἀλλ’
470 3046 530 3098 ού
600 3045 678 3115 τῷ
742 3044 880 3113 Θεῷ.
944 3046 1038 3108 Εἰς
1087 3043 1197 3113 γὰρ
1259 3043 1350 3097 τὸν
1402 3041 1493 3095 τοῦ
1550 3041 1754 3111 κόσμου
1821 3042 1984 3111 νόμον
2059 3038 2305 3092 δοκοῦσιν
2372 3040 2738 3112 ἁμαρτάνειν,
2795 3043 3033 3096 ἐναντίον
3097 3044 3224 3099 ὄντα
3287 3044 3365 3116 τῷ
3414 3046 3565 3119 νόμῳ

296 3138 390 3192 τοῦ
422 3139 579 3192 Θεοῦ.

366 3235 486 3288 Ὅτι
514 3232 712 3301 κλοπῇ
736 3233 1013 3300 sudatur
1032 3234 1101 3286 ἐκ
1126 3231 1239 3302 γῆς
1275 3231 1578 3299 Ἐϐραίων,
1618 3232 1717 3284 καὶ
1759 3225 1876 3284 ὦδε

2053 3231 2193 3295 Quia
2233 3231 2378 3299 furto
2426 3231 2665 3284 sublatus
2721 3249 2835 3285 sum
2876 3233 2939 3286 de
2996 3242 3135 3287 terra
3191 3235 3559 3300 Hebraeorum,

294 3327 407 3379 οὐκ
425 3325 685 3391 ἐποίησα
711 3324 908 3377 οὐδέν.
935 3324 1007 3376 Τὸ
1038 3323 1203 3393 μηδὲν
1228 3323 1340 3394 (27)
1374 3322 1686 3393 ἐπιχωρίων
1720 3323 1881 3390 Αἰγυ-

296 3415 468 3469 πτίων
500 3416 671 3471 ποιεῖν
699 3415 998 3468 αἰνίσσεται
1043 3414 1130 3468 διὰ
1154 3413 1267 3467 τοῦ·
1295 3410 1437 3469 Ὧδε
1474 3415 1585 3467 οὐκ
1623 3413 1881 3480 ἐποίησα

293 3506 493 3561 οὐδέν.
548 3506 859 3574 Αἰγυπτίων
906 3506 960 3559 δὲ
990 3505 1149 3577 ἔργον
1181 3501 1247 3576 ἦν
1276 3505 1369 3559 καὶ
1401 3505 1461 3557 τὸ
1513 3504 1785 3557 συνελθεῖν
1810 3507 1877 3575 τῇ

293 3597 388 3651 τοῦ
408 3598 597 3669 κυρίου
632 3598 872 3667 γυναικί.

378 3690 734 3758 Ἀποκριθεὶς
791 3688 860 3743 δὲ
914 3689 1127 3758 Ἰωσὴφ
1180 3683 1351 3743 εἶπεν
1394 3689 1571 3754 αὐτῷ’
1626 3688 1787 3756 Αὕτη
1837 3688 1876 3755 ἠ

291 3782 611 3850 σύγκρισις
664 3781 868 3834 αὐτοῦ·
904 3780 974 3835 τὰ
1023 3783 1154 3850 τρία
1190 3781 1345 3835 κανᾶ
1372 3780 1527 3848 τρεῖς
1559 3780 1768 3849 ἡμέραι
1796 3781 1876 3832 εἰ-

292 3873 417 3926 σίν.
468 3873 577 3924 Καὶ
610 3872 867 3942 ἀνωτέρω
898 3872 1005 3941 (‘28)
1035 3872 1268 3942 εἴρηται,
1296 3875 1351 3927 οἰ
1385 3873 1543 3940 τρεῖς
1578 3872 1876 3942 πυθμένες

291 3965 450 4033 τρεῖς
484 3965 695 4036 ἡμέραι
718 3966 897 4020 εἰσίν.
922 3964 1130 4019 Οὐκοῦν
1179 3966 1260 4030 τὸ,
1319 3968 1470 4037 τρεῖς
1515 3967 1742 4038 ἡμέραι,
1784 3966 1876 4019 καὶ

290 4059 382 4111 διὰ
423 4058 711 4128 πυθμένων
748 4059 844 4111 καὶ
884 4056 973 4110 διὰ
1017 4055 1194 4111 κανῶν
1237 4058 1586 4128 παρίσταται·
1638 4074 1877 4128 συγχρη-

295 4150 538 4219 σαμένης
588 4149 848 4220 Προνοίας
902 4149 981 4211 είς
1037 4148 1380 4219 παράστασιν
1428 4147 1593 4219 τριῶν
1652 4146 1875 4218 ἡμερῶν

292 4235 514 4298 οἰκείοις
564 4236 969 4307 παραδείγμασι
1000 4236 1094 4314 ⁸τοῦ
1135 4237 1394 4308 ἐκατέρου
1450 4236 1586 4305 βίου.
1641 4235 1875 4290 Τοιαῦτα

291 4324 338 4379 δ’
368 4323 434 4380 ἂν
478 4324 656 4398 εὕροις
708 4327 802 4379 καὶ
826 4329 883 4379 ὲν
931 4329 1051 4389 ταῖς
1101 4326 1314 4390 λοιπαῖς
1346 4327 1607 4398 Γραφαῖς’
1651 4326 1712 4377 τὸ
1744 4325 1875 4378 αὐτὸ

288 4417 615 4488 δηλούμενον
660 4418 770 4471 ἀπὸ
832 4416 1105 4489 διαφόρων
1159 4413 1298 4472 εἶναι
1351 4415 1649 4470 δοκούντων
1695 4433 1873 4484 παρα-

288 4504 618 4575 δειγμὰτων.

1982 3331 2031 3376 et
2061 3325 2145 3375 hic
2181 3323 2313 3375 nihil
2351 3322 2452 3391 feci
2494 3322 2561 3375 θ’.
2598 3322 2807 3377 Iudicat
2857 3324 2987 3378 nihil
3029 3340 3087 3379 se
3111 3328 3254 3394 quod
3298 3328 3562 3397 indigenas

1981 3412 2221 3484 Egyptii
2272 3413 2499 3475 faciunt.
2533 3413 2735 3480 facere,
2786 3433 2908 3472 cum
2965 3418 3041 3471 ait
3076 3436 3088 3472 :
3124 3420 3225 3474 llic
3273 3423 3402 3475 nihil
3436 3422 3559 3491 feci.

1979 3505 2358 3577 Egyptiorum
2412 3522 2539 3562 vero
2573 3523 2709 3578 Opus
2760 3520 2901 3578 erat,
2956 3512 3120 3566 etiam
3177 3529 3297 3567 cum
3352 3513 3558 3569 domini

1981 3614 2150 3653 uxore
2173 3599 2343 3653 coire.

2055 3688 2389 3759 Respontlens
2418 3699 2592 3742 autem
2616 3688 2808 3767 Ioseph
2843 3692 2976 3745 dixit
3017 3695 3065 3748 ei
3091 3710 3111 3748 :
3136 3695 3181 3748 Η
3190 3711 3263 3749 (uc
3296 3707 3372 3750 est
3401 3698 3564 3753 inter-

1976 3782 2199 3849 pretatio
2222 3780 2336 3849 ejus
2371 3794 2390 3834 .°
2429 3781 2534 3833 tria
2580 3782 2835 3847 canistra,
2879 3795 2982 3836 tres
3019 3785 3128 3837 dies
3159 3796 3275 3838 sunt
3305 3786 3345 3837 ί.
3378 3786 3555 3854 Supra

1977 3872 2141 3924 etiam
2191 3871 2393 3925 dictum
2440 3879 2543 3936 est,
2579 3880 2684 3925 tres
2737 3876 3074 3944 prapagines,
3103 3886 3207 3930 tres
3252 3876 3363 3931 dies
3407 3889 3552 3932 sunt.

1978 3961 2113 4017 Tres
2142 3976 2270 4031 ergo
2314 3963 2428 4017 dies
2462 3973 2516 4018 et
2564 3978 2658 4033 per
2700 3967 3023 4033 propagines
3068 3978 3123 4020 et
3167 3983 3262 4035 per
3310 3970 3549 4025 canistra

1978 4053 2359 4122 signiﬁcantur
2411 4071 2422 4105 :
2468 4053 2536 4107 ad
2594 4054 2643 4107 id
2702 4068 2893 4122 nempe
2944 4071 3039 4109 usa
3079 4067 3161 4111 est
3205 4057 3553 4113 Providentia

1977 4143 2212 4213 propriis
2262 4145 2543 4212 utriusque
2597 4146 2723 4198 vitae
2771 4146 3052 4214 exemplis.
3106 4146 3256 4201 Talia
3315 4152 3552 4218 reperies

1976 4244 2032 4287 et
2057 4234 2108 4286 in
2135 4234 2362 4301 reliquis
2387 4234 2707 4301 Seripturis,
2738 4236 2826 4289 ubi
2860 4237 3001 4290 idem
3036 4239 3347 4293 declaratur
3375 4253 3557 4295 exem-

1976 4324 2077 4393 plis
2105 4324 2283 4392 specie
2326 4323 2576 4378 diversis.

373 4596 635 4665 Ἐγένετο
661 4596 728 4650 δὲ
750 4598 820 4651 ἐν
844 4596 918 4666 τῇ
947 4598 1139 4667 ἡμέρᾳ
1159 4597 1235 4666 τῇ
1258 4598 1424 4666 τρίτῃ
1443 4636 1457 4661 ,
1483 4594 1673 4666 ἡμέρα
1706 4595 1870 4666 γενέ-

2050 4594 2146 4649 Die
2201 4605 2374 4648 autem
2427 4598 2579 4648 tertia
2624 4595 2839 4654 accidit.
2870 4608 2925 4650 ut
2955 4596 3064 4651 dies
3104 4608 3235 4652 esset
3273 4598 3549 4655 natalitius

287 4702 443 4754 σεως
468 4685 549 4757 ἦν
577 4688 807 4756 Φαραὼ,
840 4689 939 4742 καὶ
981 4690 1168 4743 ἐποίει
1194 4691 1383 4743 πότον
1414 4687 1563 4743 πᾶσι
1590 4689 1715 4754 τοῖς
1738 4703 1871 4742 παι-

287 4778 395 4834 σὶν
420 4779 625 4833 αὑτοῦ.
654 4780 773 4833 Τῶν
803 4780 901 4852 μὲν
937 4780 1044 4851 πρὸ
1069 4779 1224 4850 ἡμῶν
1257 4778 1368 4850 (29)
1395 4780 1632 4850 ἐτήρησέ
1652 4797 1756 4843 τις,
1785 4782 1867 4833 ὅτι

289 4868 491 4937 φαῦλός
524 4871 668 4923 ἐστιν
699 4872 728 4923 ὁ
775 4870 844 4923 τὰ
873 4870 1141 4937 γενέσεως
1191 4870 1365 4940 τιμῶν
1419 4869 1736 4939 πράγματα,
1779 4871 1873 4922 καὶ

289 4959 387 5030 τὴν
419 4959 630 5031 ἡμέραν
663 4961 760 5031 τῆς
788 4962 1057 5030 γενέσεως
1078 4959 1243 5015 αὐτοῦ
1264 4960 1677 5031 ἀποδεχόμενος·
1710 4961 1871 5031 ἡμεῖς

374 5100 422 5131 ⁸⁸
446 5100 583 5155 Gen.
619 5117 825 5166 xxxv",
858 5103 948 5158 56.

291 5171 306 5201 ι
344 5170 503 5235 ibid.,
537 5171 625 5227 l2.
706 5176 727 5205 ί
756 5174 911 5242 ibid.,
947 5172 1037 5228 20.

357 5306 469 5376 (21)
497 5308 825 5379 Hetsgopﬁc,
858 5318 962 5365 etc.
1005 5310 1184 5364 Edidit
1225 5309 1326 5363 hoc
1357 5309 1603 5379 scholion
1643 5307 1858 5363 Monte-

287 5376 553 5433 falconius
581 5376 768 5434 nosier
808 5391 938 5434 tom.
966 5380 988 5434 l
1019 5379 1273 5448 Hexapl.,
1308 5395 1427 5448 pag.
1459 5378 1548 5443 45,
1606 5379 1696 5433 ubi
1757 5379 1858 5432 iui-

289 5448 421 5501 tiutn
446 5449 721 5521 diversum
753 5460 877 5521 est:
910 5451 1020 5513 τοῖς
1055 5450 1154 5519 μὲν
1189 5450 1318 5520 περὶ
1334 5448 1563 5502 Ἀκύλαν
1594 5449 1686 5503 καὶ
1712 5448 1858 5521 Σύμ-

286 5533 468 5642 “ﬂigi
487 5518 1165 5642 τόξ’αὲἐὲ

355 5568 468 5660 (ἒξ)
498 5568 869 5660 bissenas:
882 5568 1165 5657 mea:
1194 5586 1461 5660 Nimirum
1494 5587 1756 5660 Origenes
1786 5603 1854 5643 ex
1890 5568 1895 5572 ’

284 5654 512 5713 Philone
537 5654 726 5714 Judaao
745 5701 760 5724 ,
797 5674 863 5714 ac
890 5654 1207 5728 plerumque
1236 5674 1334 5713 suo
1368 5658 1538 5713 Marte
1570 5654 1846 5713 n'ominum

276 5730 625 5809 propriorum
652 5728 1041 5786 llebraicorum
1072 5730 1376 5800 signiﬁcata
1428 5731 1494 5784 ad
1545 5730 1844 5799 marginem

282 5812 374 5853 asc
383 5808 629 5868 rtpserat.

1982 4685 2279 4741 Pharaonis
2331 4698 2381 4741 et
2419 4688 2614 4756 faceret
2652 4691 2942 4744 convivium
2973 4692 3149 4759 pueris
3186 4694 3297 4747 suis
3327 4695 3369 4748 ¹.
3411 4695 3550 4749 Ante

1976 4793 2075 4832 nos
2110 4780 2419 4833 observavit
2456 4780 2726 4849 quispiam
2767 4788 2967 4835 malum
3018 4798 3139 4837 esse
3170 4799 3291 4837 eum
3322 4785 3414 4854 qui
3446 4803 3548 4838 ua-

1983 4869 2150 4923 talitia
2185 4886 2282 4925 sua
2311 4872 2556 4925 celebrat
2586 4882 2640 4925 et
2685 4873 2826 4926 diem
2871 4885 3027 4928 ortus
3064 4875 3144 4929 sui
3197 4876 3408 4944 probat.
3440 4877 3548 4932 Nos

1978 4969 2160 5014 autem
2224 4963 2619 5030 expositionem
2670 4964 3092 5029 conﬁrmamus,
3126 4975 3182 5020 et
3235 4968 3288 5021 in
3334 4965 3546 5024 Herode

1046 5103 1091 5135 ⁸⁸
1117 5102 1251 5159 Gen.
1292 5117 1521 5166 xxxnu,
1555 5102 1611 5156 9.
1700 5101 1746 5133 ⁸⁸
1773 5100 1877 5156 Gen

1982 5117 2130 5169 χχιι,
2188 5101 2243 5155 2.
2320 5102 2363 5134 ⁸⁷
2392 5103 2546 5167 ibid.,
2582 5102 2635 5158 5.
2712 5103 2758 5135 ⁸⁸
2786 5101 2925 5158 Gen.
2955 5119 3043 5169 ιι,
3086 5105 3138 5158 1.
3215 5105 3262 5136 °’
3287 5104 3539 5162 ibid..15.

2062 5305 2151 5373 25)
2180 5303 2306 5370 Πᾶς
2341 5307 2376 5358 ὁ
2402 5306 2689 5373 σπείρων,
2737 5313 2844 5360 etc.
2882 5306 2922 5360 E
2956 5306 3170 5363 schedis
3204 5305 3540 5364 Combeﬁsii.

2061 5376 2150 5441 24)
2185 5377 2279 5441 Ὠς
2302 5376 2399 5429 ἐπὶ
2424 5377 2681 5439 σκοπόν,
2712 5386 2818 5430 etc.
2850 5376 2925 5430 Ex
2954 5377 3143 5432 iisdem
3166 5376 3400 5432 schedis.

2041 5445 2153 5513 (25)
2188 5447 2290 5499 Διὰ
2309 5446 2416 5498 τὸν
2432 5445 2623 5514 ἅγιον,
2661 5456 2765 5499 etc.
2785 5446 2875 5514 _Ex
2900 5445 3090 5500 iisdem
3104 5447 3342 5501 schedis.

2037 5514 2149 5586 (26)
2179 5516 2430 5586 Νομίζω,
2456 5512 2564 5571 etc.
2588 5512 2887 5586 Exﬁiisdem
2913 5515 3146 5586 schedis.

2036 5583 2151 5654 (27)
2186 5584 2255 5639 Τὸ
2276 5583 2496 5654 μηδέν,Δ
2517 5596 2624 5638 etc.
2661 5585 2736 5637 Ex
2766 5587 2956 5654 iisdem
2987 5584 3222 5641 schedis.

2036 5588 2127 5654 (27
2186 5588 2255 5639 Τὸ
2276 5588 2487 5653 μηδέν,
2517 5596 2624 5638 etc.
2661 5588 2736 5637 Ex
2766 5588 2956 5638 iisdem
2987 5588 3222 5641 schedis.

2034 5588 2151 5724 (28)
2180 5655 2287 5708 Καὶ
2310 5651 2601 5724 ἀνωτέρω,
2632 5664 2738 5724 etc_.
2783 5653 2856 5706 Ex
2890 5654 3077 5724 iisdem
3106 5653 3342 5708 schedis.

2028 5721 2143 5795 (29)
2179 5724 2302 5779 Τῶν
2323 5722 2442 5793 μὲν
2472 5722 2586 5791 πρὸ
2609 5722 2802 5793 ἡμῶν,
2829 5730 2937 5778 etc.
2990 5721 3033 5777 Ε
3090 5733 3287 5780 catena
3330 5726 3532 5784 Roma-

1956 5810 2044 5849 na.
