4138 6460
427 386 526 456 15⁵1

1864 387 1931 450 ιὲι
1968 385 2292 452 GENESIM.

3563 399 3665 458 133

490 513 622 580 Ναὶ,
651 500 722 566 ἐν
754 510 1058 583 ἁμαρτίαις
1096 511 1203 581 γάρ
1245 511 1427 580 ἐσμεν
1455 511 1584 578 περὶ
1614 511 1717 564 τοῦ
1744 511 1994 579 ἀδελφοὶ

2189 511 2376 566 Merito
2425 528 2440 564 :
2476 514 2528 566 in
2569 515 2794 581 peccatis
2840 517 2974 568 enim
3006 533 3184 570 sumus
3213 525 3428 584 prapter
3469 518 3686 583 fratrem

421 603 609 673 ἡμῶν,
655 605 743 656 ὅτι
797 603 1184 674 ὴίνπερείδομεν
1227 603 1342 669 τὴν
1394 603 1602 669 etiam
1649 601 1757 668 τῆς
1805 601 2010 669 ψυχῆς

419 696 625 758 αὐτοῦ,
653 695 753 748 ὅτε
779 693 1106 747 κατεδέετο.
1139 691 1296 757 Κατὰ
1324 691 1384 760 τὸ
1402 690 1750 761 σιωπώμενον
1783 691 1888 761 (44)
1917 709 2013 742 κα-

419 789 645 842 τεδέετο·
679 789 738 839 οὐ
772 787 880 858 γὰρ
909 787 1321 856 ἀναγέγραπται
1353 784 1468 848 πῶς
1492 784 1791 851 κατεδέετο.

500 865 867 947 Ἀποκριθεὶς
909 878 1165 946 Ῥουϐὶμ,
1208 873 1375 929 εἶπεν
1422 875 1665 940 αὐτοῖς’
1706 877 1826 928 Οὐκ
1873 875 2010 928 ἁλά-

418 978 582 1042 ληονα
607 971 766 1041 ὑμῖν,
798 971 1010 1039 λέγων,
1046 969 1143 1036 Μὴ
1188 968 1513 1035 ἀδικήσητε
1557 968 1622 1019 τὸ
1662 967 1972 1034 παιδάριον
1993 985 2011 1032 ;

417 1063 513 1116 καὶ
540 1065 648 1115 οὐκ
680 1060 1076 1128 εὶσηκούσατέ
1097 1077 1234 1129 μου.
1263 1059 1371 1112 Καὶ
1398 1059 1524 1111 ἰδοὺ
1552 1058 1616 1111 τὸ
1644 1054 1786 1127 αἷμα
1821 1059 2011 1112 αὐτοῦ

415 1154 765 1223 ἐκζτητεῖται.
837 1153 928 1205 Ἐν
956 1155 1064 1214 τοῖς
1099 1151 1353 1221 ἀνωαέρω
1389 1149 1495 1220 (45)
1526 1149 1794 1213 λέλεκται,
1821 1150 1901 1201 ὅτι
1936 1149 2009 1221 μὴ

418 1244 803 1317 παρόντοςτοῦ
849 1244 1070 1313 Ῥουϐὶμ
1098 1243 1371 1314 πέπραται
1418 1245 1532 1304 τοῖς
1583 1240 1951 1311 Ἰσμαηλίταις
1982 1241 2010 1292 ὁ

430 1338 643 1406 Ἰωσὴφ,
689 1339 781 1390 καὶ
829 1336 966 1406 μετὰ
1001 1335 1062 1387 τὸ
1096 1335 1368 1406 πραθῆναι
1414 1333 1574 1387 αὐτὸν
1625 1333 2011 1403 ἀνέστρεψενὸ

424 1425 650 1497 ’Ῥουεῆμ
675 1428 763 1498 ἐπὶ
799 1427 888 1479 τὸν
921 1425 1143 1488 λάκκον,
1185 1425 1278 1476 καὶ
1308 1424 1405 1491 οὐχ
1439 1424 1539 1491 ὁρᾷ
1592 1422 1680 1474 τὸν
1727 1421 1923 1492 Ἰωσὴφ
1953 1424 2009 1473 ὲν

415 1518 491 1589 τῷ
519 1519 722 1589 λάκκῳ,
752 1521 844 1572 καὶ
887 1514 1134 1588 διέρρηξε
1167 1514 1234 1566 τὰ
1271 1514 1461 1583 ἱμάτια
1510 1512 1675 1564 αὐτοῦ
1704 1530 1715 1541 ’
1753 1516 1845 1564 καὶ
1881 1514 2006 1564 ἐπέ-

417 1611 644 1680 στρεῲεν
696 1609 829 1680 πρὸς
880 1609 1004 1669 τοὺς
1053 1605 1312 1674 ἀδελφοὺς
1365 1602 1553 1665 αὑτοῦ,
1608 1601 1700 1654 καὶ
1738 1597 1896 1652 εἷπε·
1939 1601 2008 1654 Τὸ

414 1700 730 1768 παιδάριον
785 1701 895 1752 οὐκ
946 1700 1156 1750 ἐστιν·

411 1812 516 1863 μαι
570 1795 691 1854 ἕτι;
747 1792 858 1844 Καὶ
909 1793 969 1843 οὐ
1019 1789 1266 1860 φαίνεται
1313 1785 1646 1856 μεμαθηκὼς
1695 1783 1844 1853 παρὰ
1900 1783 2006 1836 τῶν

1233 1695 1349 1765 ἐγὼ
1398 1693 1465 1745 δὲ
1522 1692 1638 1744 ποῦ
1708 1693 2010 1759 πορεύσο-

2117 617 2372 668 nostrum,
2423 606 2672 673 quoniam
2727 610 3128 674 contempsimus
3171 611 3465 677 angustiam
3497 612 3687 662 anima.-

2115 696 2248 764 ejus,
2299 712 2416 748 cum
2454 698 2826 764 deprecaretur
2850 700 2916 752 ’9.
2981 699 3202 755 Silendo
3251 702 3683 769 deprecabatur;

2115 801 2291 857 neque
2325 789 2468 842 enim
2505 791 2762 857 scriptum
2794 801 2876 845 est
2905 796 3179 866 quomodo
3208 797 3610 863 deprecaretur.

2185 880 2518 949 Respondeas
2553 892 2727 935 autem
2759 867 2938 937 Ruben
2979 886 3112 938 dixit
3141 888 3213 939 eis
3243 903 3260 939 :
3293 884 3549 956 Nunquid
3583 904 3683 940 non

2115 972 2228 1024 dixi
2261 972 2400 1026 vobis
2427 989 2444 1024 :
2489 971 2669 1026 Nolite
2699 975 2878 1043 inique
2925 992 3078 1043 agere
3123 979 3174 1028 in
3207 979 3475 1045 puerum?
3503 988 3551 1030 et
3582 995 3686 1030 non

2113 1064 2338 1118 audistis
2389 1082 2486 1120 nte.
2537 1065 2616 1134 En
2651 1068 2865 1137 sanguis
2916 1069 3029 1137 ejus
3080 1071 3372 1137 exquiritur
3393 1070 3457 1122 "°.
3513 1070 3683 1137 Supra

2114 1154 2317 1207 dictum
2371 1166 2455 1208 est
2489 1155 2775 1209 lsmaelitis
2810 1159 3178 1211 venundatum
3223 1173 3348 1213 esse
3391 1158 3682 1234 losophum

2113 1246 2339 1300 absente
2387 1246 2596 1310 Ruben,
2649 1248 2738 1315 qui
2776 1263 2838 1301 eo
2889 1249 3110 1303 vendito
3164 1251 3228 1304 ad
3261 1250 3466 1306 fossam
3505 1253 3682 1313 rediit.

2114 1339 2226 1401 ubi,
2258 1354 2379 1393 cum
2411 1339 2629 1392 fratrem
2666 1355 2772 1394 non
2809 1340 3127 1406 invenisset,
3179 1343 3338 1396 scidit
3364 1344 3686 1398 vestimenta

2111 1437 2206 1480 s‘ua
2238 1437 2293 1481 et
2334 1427 2398 1480 ad
2428 1427 2542 1499 48
2576 1429 2779 1483 fratres
2816 1444 2940 1484 suos
2971 1446 3263 1486 conversus
3302 1433 3436 1486 dixit
3484 1450 3495 1484 :
3544 1431 3687 1484 Puer

2112 1532 2216 1568 non
2246 1529 2532 1586 comparet,
2573 1529 2622 1571 et
2649 1536 2740 1588 ego
2769 1536 2870 1588 quo
2905 1521 3033 1573 ibo?
3071 1521 3179 1576 Nec
3208 1522 3420 1577 videtur
3446 1538 3474 1576 a
3506 1522 3685 1575 fratri-

2112 1606 2214 1660 bus
2252 1608 2506 1662 didicisse
2556 1612 2791 1664 veniisse
2824 1610 3140 1679 Josephum.
3184 1611 3349 1669 Forte
3373 1628 3504 1684 ergo
3535 1625 3686 1687 ratus

2111 1696 2284 1764 ipsum
2329 1699 2565 1752 occisum
2610 1697 2800 1765 fuisse,
2847 1716 2994 1755 nunc
3031 1707 3108 1755 ait
3148 1721 3160 1755 :
3202 1701 3287 1756 En
3319 1705 3534 1773 sanguis
3563 1705 3681 1776 ejus

2109 1788 2426 1855 exquiritur.

416 1888 655 1957 ἀδελφῶν
685 1888 812 1958 περὶ
841 1887 934 1938 τοῦ
974 1886 1189 1957 Ἰωσὴφ,
1223 1886 1303 1936 ὅτι
1332 1882 1564 1953 ἐπράθη,
1597 1882 1818 1950 Μήποτε
1850 1875 1962 1943 οὗν,
1997 1885 2238 1955 οἰόμενος
2291 1887 2595 1959 ἀνῃρῆσθαι
2647 1889 2830 1952 αὑτὸν,
2873 1888 2966 1942 νῦν
3021 1908 3152 1960 φησι
3200 1889 3295 1956 τὸ,
3345 1891 3487 1945 Ἰδοὺ
3539 1887 3682 1961 αἷμα

413 1978 597 2031 αὑτοῦ
635 1976 975 2043 ἐκζητεῖται.

483 2066 631 2122 Eine
660 2068 727 2121 δὲ
771 2069 991 2135 Ἰούδας
1023 2068 1172 2135 πρὸς
1213 2064 1450 2134 Ἰσραὴλ
1493 2065 1602 2118 τὸν
1643 2065 1864 2130 πατέρα
1893 2065 1994 2116 αὑ-

2175 2057 2323 2110 Dixit
2360 2058 2532 2112 Iudas
2576 2061 2644 2111 ad
2690 2060 2862 2113 Israel
2889 2073 3090 2129 patrem
3121 2081 3271 2118 suum
3305 2083 3323 2120 :
3362 2067 3510 2122 Mitte
3549 2088 3680 2138 pue-

410 2161 516 2216 τοῦ
539 2178 551 2189 ·
573 2163 961 2216 Ἀπόστειλον
981 2163 1047 2214 τὸ
1077 2158 1388 2225 παιδάριον
1401 2159 1521 2226 μετ’
1542 2156 1708 2226 ἐμοῦ,
1737 2156 1829 2207 καὶ
1859 2154 2000 2207 ἀνα-

409 2254 664 2320 στάντες
723 2256 1143 2322 πορευσόμεθα
1201 2253 1300 2303 ἵνα
1356 2250 1558 2319 ζῶμεν.
1616 2250 1840 2319 Μήποτε
1889 2233 1996 2316 (46)

409 2346 758 2420 προφητεύει,
783 2347 863 2400 ὅτι
902 2345 1102 2416 ῆμελλε
1139 2341 1276 2412 μετὰ
1317 2341 1416 2411 τῆς
1460 2339 1628 2408 Ἰούδα
1659 2338 1831 2407 φυλῆς
1857 2333 1995 2388 εἶναι

407 2437 684 2509 Βενιαμίν.

489 2530 634 2602 Ἐγὼ
661 2529 729 2582 δὲ
755 2528 1072 2598 ἐκδέχομαι
1101 2526 1314 2581 αὐτόν·
1344 2524 1414 2577 ἐκ
1446 2526 1644 2594 χειρός
1665 2539 1783 2590 μου
1825 2519 1995 2587 ζήτη-

406 2638 523 2675 σον
549 2622 754 2685 αὐτὸν,
785 2621 892 2674 ἐὰν
915 2618 1000 2690 μὴ
1027 2617 1224 2688 ἀγάγω
1252 2615 1439 2669 αὑτὸν
1468 2613 1617 2681 πρὸς
1646 2611 1752 2677 σὲ,
1787 2613 1880 2665 καὶ
1927 2611 1995 2663 τὰ

408 2713 558 2785 ἑξῆς.
601 2713 783 2786 Μηδὲν
816 2712 924 2786 (47)
962 2710 1069 2764 τῶν
1101 2708 1338 2764 δυνατῶν
1365 2703 1614 2778 γενέσθαι
1629 2704 1703 2768 ὼς
1723 2702 1996 2775 ἀνθρώπῳ

404 2806 483 2876 τῷ
512 2806 767 2876 Βενιαμὶν
786 2804 1136 2874 λογισάμενος
1191 2800 1419 2868 Ἰούδας,
1477 2795 1862 2869 προφητικῶς,
1913 2791 1993 2848 οῖ·-

409 2912 525 2964 μαι,
557 2893 632 2965 τῷ
664 2895 828 2965 πατρὶ
858 2892 1269 2961 ἐπαγγέλλεται.

472 2985 691 3040 Λάϐετε
722 2984 840 3040 ἀπὸ
885 2983 1005 3044 τῶν
1056 2980 1300 3049 καρπῶν
1343 2977 1454 3047 τῆς
1499 2977 1611 3048 γῆς
1637 2977 1706 3030 ἐν
1735 2976 1859 3042 τοῖς
1887 2975 1991 3046 ἀτ-

405 3079 584 3149 γείοις
610 3077 795 3146 ὑμῶν,
825 3077 923 3129 καὶ
955 3074 1234 3143 κατάγετε
1262 3072 1342 3137 τῷ
1373 3070 1661 3158 ἀνθρώπῳ
1688 3067 1846 3136 δῶρα
1886 3065 1994 3136 τῆς

397 3171 668 3240 ῥητίνης,
690 3168 787 3221 καὶ
802 3185 834 3220 τ
837 3167 907 3222 οὗ
923 3167 1185 3236 μέλιτος,
1214 3161 1472 3232 θυμίαμά
1494 3179 1555 3214 τε
1577 3161 1672 3213 καὶ
1701 3158 1991 3226 στακτὴν,

403 3264 500 3318 καὶ
523 3262 878 3332 τερέϐινθον,
909 3260 1006 3313 καὶ
1041 3257 1251 3326 κάρυα.
1297 3253 1428 3307 Ἀπὸ
1469 3252 1576 3305 τῶν
1606 3251 1838 3322 καρπῶν
1869 3245 1991 3320 (48)

401 3351 504 3422 τῆς
535 3349 640 3421 γῆς
666 3349 887 3420 φέρεται
917 3346 995 3418 τῷ
1041 3347 1238 3417 Ἰωσὴφ
1268 3343 1434 3414 δῶρα,
1459 3340 1494 3394 ἆ
1523 3340 1622 3393 οὐκ
1664 3339 1776 3410 ἔχει
1823 3337 1992 3406 Λίγυ-

2107 2165 2221 2200 rum
2257 2165 2480 2216 mecum,
2523 2159 2568 2203 et
2607 2165 2872 2221 surgentes
2923 2156 3314 2223 proﬁciscemur
3355 2172 3407 2211 ut
3439 2178 3539 2215 non
3568 2179 3682 2214 mo—

2106 2243 2310 2292 riamur
2333 2241 2396 2292 ³¹.
2435 2242 2593 2295 Forte
2621 2244 2984 2311 prophelizat,
3009 2247 3134 2315 quia
3168 2248 3382 2302 futurus
3405 2262 3520 2305 erat
3543 2255 3652 2307 Ben
3670 2282 3688 2295 -

2096 2331 2268 2398 jamin
2309 2348 2432 2385 cum
2466 2333 2609 2387 tribu
2642 2333 2797 2388 Juda.

2175 2515 2287 2586 Ego
2322 2527 2495 2570 autem
2545 2518 2769 2586 suscipio
2801 2520 2974 2582 illum,
3023 2523 3083 2574 de
3125 2539 3284 2576 manu
3325 2540 3440 2577 mea
3476 2528 3680 2592 requiro

2103 2623 2246 2672 eum,
2282 2609 2328 2660 si
2360 2623 2461 2661 non
2488 2609 2744 2662 reduxero
2774 2612 2842 2662 ad
2866 2622 2914 2663 te
2937 2612 3000 2676 ³³,
3026 2622 3133 2666 etc.
3174 2613 3321 2668 Nihil
3351 2630 3536 2670 eorum
3560 2633 3681 2687 qua:

2102 2700 2421 2770 Benjamino
2466 2709 2524 2754 ut
2568 2701 2768 2756 homini
2819 2704 3068 2758 accidere
3099 2714 3369 2774 poterant,
3421 2711 3678 2766 conside-

2103 2807 2230 2847 rans
2283 2791 2473 2855 ludas,
2523 2792 2862 2862 prophetico,
2914 2796 3129 2864 Opinor,
3188 2799 3305 2855 hac
3355 2801 3494 2872 patri
3553 2817 3680 2872 pro-

2103 2883 2289 2936 mittit.
2925 2935 2928 2950 ,

2173 2974 2376 3028 Sumite
2405 2975 2468 3028 de
2497 2974 2753 3043 fructibus
2787 2987 2941 3031 terrm
2971 2979 3024 3031 in
3048 2981 3186 3034 vasis
3208 2982 3457 3044 vestrisz
3480 2984 3679 3053 deferte

2101 3065 2212 3118 viro
2240 3081 2456 3119 munera
2498 3067 2686 3120 resina:
2723 3078 2769 3120 et
2822 3069 3010 3132 mellis,
3045 3071 3314 3125 incensum
3367 3090 3590 3143 quoque,
3619 3088 3672 3134 et

2100 3161 2318 3216 stacten,
2351 3164 2396 3207 et
2421 3155 2791 3224 terebintltum,
2819 3168 2865 3209 et
2896 3174 3049 3211 nuces
3076 3159 3142 3210 ”.
3181 3161 3255 3213 Ex
3289 3161 3557 3217 fructibus
3585 3163 3679 3218 Jo-

2101 3245 2271 3312 sepho
2302 3245 2437 3298 dona
2470 3243 2735 3308 feruntur,
2767 3261 2890 3314 qua:
2921 3263 3027 3301 non
3073 3249 3234 3304 habet
3262 3250 3548 3323 Egyptus,
3583 3269 3676 3308 re-

2100 3335 2239 3400 sina,
2272 3335 2402 3400 mel,
2453 3335 2758 3401 incensum,
2809 3345 3005 3404 stacte,
3060 3340 3422 3406 terebinthus,
3475 3358 3672 3409 nuces;

402 3417 567 3505 πτοςλ
598 3417 713 3494 ἔστι
737 3417 793 3494 δὲ
823 3439 1037 3512 ῥητίνη,
1069 3437 1210 3508 μέλι,
1247 3435 1528 3505 θυμίαμα,
1574 3433 1811 3502 στακτὴ,
1845 3431 1994 3502 τερέ-

2100 3439 2261 3493 supra
2293 3439 2513 3495 quoque
2566 3427 2757 3480 cameli
2798 3428 2978 3482 onusti
3032 3430 3286 3484 dicuntur
3315 3433 3681 3501 aromatibus,

400 3536 612 3600 δινθος,
658 3534 874 3604 κάρυα·
931 3533 1024 3584 καὶ
1075 3529 1331 3599 ἀνωτέρω
1381 3527 1439 3579 δὲ
1465 3568 1479 3590 ,
1523 3526 1616 3579 καὶ
1653 3527 1708 3578 αἱ
1755 3524 1992 3594 κάμηλοι

400 3628 595 3700 ἔγεμον
623 3625 1002 3698 θυμιαμάτων,
1046 3621 1287 3702 ῥητίνης,
1322 3618 1578 3687 στακτῆς,
1615 3615 1728 3668 ἀλλ’
1751 3615 1870 3692 οὺχὶ
1898 3617 1992 3668 καὶ

403 3722 636 3796 μέλιτος,
667 3719 759 3773 καὶ
788 3715 1117 3788 τερεὸίνθου,
1147 3712 1240 3764 καὶ
1266 3709 1506 3780 καρύων.

475 3812 586 3868 Τοῦ
615 3809 820 3866 αὐτοῦ.
881 3807 1019 3878 Τρία
1068 3805 1182 3875 εἴδη
1243 3802 1379 3873 μετὰ
1443 3799 1640 3871 Ἰωσὴφ
1693 3797 1990 3866 κατάγουσι

398 3905 715 3976 Μαδιηναῖοι
742 3903 820 3978 εἰς
845 3897 1135 3968 Αἴγυπτον,
1166 3889 1247 3958 οἷς
1274 3894 1408 3948 ἄλλα
1439 3892 1564 3963 τρία
1599 3889 1920 3961 προσθέντες
1941 3889 1989 3940 οἱ

400 3996 505 4049 υἱοὶ
571 3992 764 4048 Ἰακὼϐ
828 3990 1052 4063 φέρουσι
1108 3987 1185 4057 τῷ
1268 3987 1486 4056 Ἰωσήφ.
1555 3983 1700 4053 Πλὴν
1770 3981 1989 4052 σπέρμα

413 4065 666 4159 Ἀϐρααμ
690 4088 783 4140 καὶ
811 4087 878 4138 τὰ
907 4083 1146 4154 πρότερα
1180 4082 1426 4152 φέρουσι,
1482 4075 1577 4129 καὶ
1623 4075 1693 4127 τὰ
1739 4073 1987 4142 δεύτερα.

400 4181 508 4248 Καὶ
537 4180 639 4233 ἔδει
681 4177 749 4232 τὰ
801 4178 898 4248 μὲν
957 4172 1316 4241 ὑποδεέστερα
1369 4168 1476 4240 ἀπὸ
1521 4167 1628 4220 τῶν
1688 4166 1854 4219 νόθων
1890 4164 1986 4216 τοῦ

411 4272 657 4346 Ἀϐραὰμ
686 4269 944 4344 φέρεσθαι
987 4265 1210 4331 παίδων,
1257 4261 1324 4316 τὰ
1366 4261 1422 4312 δὲ
1465 4259 1704 4319 πλείονα,
1740 4256 1849 4310 ἀπὸ
1877 4253 1986 4305 τῶν

396 4366 653 4437 γνησίων,
685 4364 759 4426 ὡς
786 4361 885 4432 τῆς
916 4356 1189 4427 Αἰγύπτου
1219 4355 1409 4438 χρείαν
1438 4349 1644 4423 ,τούτων
1683 4347 1933 4417 ἐχούσης.

458 4452 685 4509 Εἶπαν·
713 4453 814 4506 Διὰ
847 4450 912 4504 τὸ
943 4451 1224 4519 ἀργύριον
1253 4445 1319 4498 τὸ
1350 4439 1740 4509 ἀποστραφὲν
1761 4441 1830 4492 ἐν
1859 4440 1985 4507 τοῖς

388 4546 713 4615 papa-laete
769 4542 882 4610 τὴν
905 4528 1104 4608 ἀρχὴν
1127 4537 1296 4606 ἡμεῖς
1327 4533 1699 4604 εὶσαγόμεθα·
1732 4531 1839 4585 τοῦ
1874 4545 1983 4585 συ-

395 4636 770 4707 κοφαντῆσαι
799 4631 978 4702 ἡμᾶς,
1008 4631 1104 4684 καὶ
1126 4627 1430 4682 ἐπιθέσθαι
1451 4626 1614 4695 ἡμῖν,
1639 4625 1744 4679 τοῦ
1771 4626 1983 4679 λαϐεῖν

2099 3518 2276 3572 resina
2312 3529 2365 3572 et
2400 3528 2602 3584 stacte;
2655 3520 2748 3573 sed
2783 3535 2886 3572 non
2922 3521 3098 3586 melle,
3151 3523 3456 3579 terebintho
3491 3533 3543 3579 et
3573 3541 3678 3582 nu-

2097 3606 2276 3664 cibus.

2168 3787 2450 3857 Ejusdem.
2515 3786 2653 3844 Trcs
2705 3791 2916 3860 species
2962 3807 3085 3847 cum
3136 3792 3370 3865 Josepbo
3421 3797 3674 3853 delerunt

2094 3879 2402 3935 Madianitaa
2450 3881 2502 3934 in
2534 3881 2854 3953 Egyptum,
2912 3884 3112 3952 quibus
3147 3885 3284 3940 alias
3333 3896 3441 3942 tres
3468 3888 3675 3944 addunt

2093 3973 2186 4026 lilii
2221 3971 2388 4028 Jacob
2422 3982 2475 4027 et
2504 3973 2685 4027 ferunt
2719 3973 2975 4043 Josepho.
3018 3975 3158 4040 Quin
3197 3985 3253 4030 et
3282 3991 3466 4032 semcn
3499 3979 3674 4033 Abra-

2093 4062 2175 4118 hae
2209 4080 2331 4118 cum
2363 4065 2497 4130 sint,
2557 4066 2771 4132 priores
2797 4079 2852 4119 et
2883 4067 3153 4121 secundas
3201 4067 3404 4123 ferunt.
3439 4067 3671 4139 Oporte-

2091 4155 2186 4207 bat
2232 4156 2431 4223 quippe
2463 4166 2522 4209 ut
2557 4155 2776 4210 viliores
2835 4155 3186 4212 deferrentur
3229 4174 3259 4213 a
3295 4161 3419 4214 ﬁliis
3467 4163 3672 4231 spuriis

2089 4245 2342 4311 Abraha’,
2390 4262 2418 4300 a
2469 4247 2721 4314 genuinis
2759 4261 2888 4302 vero
2942 4247 3126 4318 plures
3157 4259 3210 4304 et
3231 4250 3662 4316 prtestantiores,

2089 4339 2288 4406 quibus
2317 4339 2592 4408 indigebat
2616 4338 2906 4408 Egyptus.

2159 4432 2414 4486 Dixerunt
2439 4448 2457 4485 :
2489 4430 2714 4499 Propter
2735 4431 3013 4499 pecuniam
3039 4446 3197 4500 quam
3221 4431 3494 4486 retulimus
3513 4433 3662 4503 prius

2086 4525 2140 4578 in
2170 4525 2336 4580 saccis
2383 4524 2597 4591 nostris,
2645 4539 2741 4576 nos
2770 4523 3181 4588 introducimur,
3226 4533 3284 4578 ut
3327 4523 3565 4578 devolvat
3606 4526 3666 4578 in

2085 4633 2179 4671 nos
2210 4615 2619 4675 calumniam,et
2647 4615 2898 4667 violenter
2926 4614 3178 4682 subjiciat
3224 4615 3463 4668 servituti
3490 4625 3537 4668 et
3570 4633 3666 4670 nos

394 4705 549 4798 unde
569 4731 656 4793 είς
683 4723 918 4790 παῖδας,
947 4721 1046 4776 καὶ
1073 4720 1212 4785 τοὺς
1243 4719 1421 4783 ὅνους
1461 4717 1646 4792 ἡμῶν.
1691 4716 1978 4772 ’Λπίθανον

2099 4719 2130 4763 ιι
2178 4709 2357 4762 asinos
2407 4718 2614 4762 nostros
2639 4707 2704 4760 ³⁸.
2747 4705 3059 4760 Verisimile
3089 4722 3194 4760 non
3229 4715 3313 4761 est
3359 4721 3454 4761 eos
3485 4709 3667 4776 quise

368 4810 472 4880 ’τὺ.
508 4823 564 4872 ἐν
590 4817 810 4890 τοιαύτῃ
832 4812 1148 4885 νομίζοντας
1187 4807 1323 4862 εἶναι
1352 4810 1689 4879 περιστάσει,
1719 4810 1846 4881 περὶ
1870 4810 1978 4862 τῶν

393 4909 528 4961 ὄνων
557 4908 881 4980 φροντίζειν,
916 4905 964 4957 εί
1004 4905 1077 4975 μὴ
1105 4902 1505 4976 ὀιλληγορεῑται.

459 4995 602 5052 Εἷπε
634 4997 701 5050 δὲ
733 4995 954 5061 αὐτοῖς’
986 4996 1183 5059 Ἵλεως
1213 4993 1375 5062 ὑμῖν,
1396 4993 1481 5061 μὴ
1512 4992 1812 5060 φοϐεῖσθε.
1837 4995 1981 5047 Ἐοι-

393 5107 488 5145 κεν
518 5091 546 5142 ὁ
574 5090 665 5143 ἐπὶ
690 5089 784 5143 τοῦ
817 5089 962 5143 οἴκου
994 5086 1087 5140 τοῦ
1129 5086 1325 5156 Ἰωσὴφ
1359 5083 1642 5158 ἄνθρωπος
1681 5085 1853 5138 ταῦτα
1903 5089 1979 5139 εἰ·

397 5182 639 5252 ρηκέναι,
668 5181 964 5253 ὠφεληθεὶς
993 5181 1071 5242 εἰς
1104 5177 1409 5232 θεοσέϐειαν
1441 5174 1592 5248 παρὰ
1620 5175 1714 5228 τοῦ
1753 5178 1970 5248 Ἰωσήφ.

476 5265 878 5335 Ἐμεταλύνθη
905 5266 973 5319 δὲ
999 5268 1037 5335 ἡ
1056 5266 1226 5342 μερὶς
1248 5263 1530 5332 Βενιαμὶν
1553 5264 1714 5332 παρὰ
1739 5266 1846 5330 τὰς
1869 5283 1972 5335 ys-

2089 4802 2143 4854 in
2183 4809 2333 4854 tanto
2359 4799 2688 4853 constitutos
2714 4798 2960 4864 periculo
3007 4797 3414 4862 existimabant,
3459 4801 3524 4854 de
3556 4801 3666 4855 asi-

2087 4893 2172 4946 nis
2197 4887 2360 4944 fuisse
2395 4888 2676 4951 sollicitos,
2706 4887 2810 4941 nisi
2855 4887 2907 4941 id
2936 4887 3003 4941 ad
3034 4887 3349 4957 allegoriam
3391 4891 3662 4944 trahatur.

2156 4984 2304 5038 Dixit
2335 4984 2408 5036 eis
2443 4997 2461 5034 :
2495 4978 2766 5049 Propitius
2804 4978 2970 5046 vobis,
2999 4978 3160 5033 nolite
3190 4981 3370 5034 timere
3396 4981 3462 5037 ³⁸.
3505 4979 3665 5036 Vide-

2085 5087 2172 5132 tur
2221 5079 2384 5130 homo
2435 5073 2618 5128 domui
2645 5069 2846 5137 Ioseph
2895 5072 3218 5140 praepositus
3273 5073 3386 5128 haec
3434 5073 3664 5142 dixisse,

2086 5170 2152 5223 ad
2180 5168 2435 5236 pietatem
2465 5164 2576 5234 jam
2605 5179 2632 5216 a
2659 5162 2894 5231 Josepho
2929 5162 3275 5219 informatus.

2156 5261 2225 5314 Et
2271 5258 2444 5327 major
2492 5255 2635 5324 facta
2679 5265 2754 5309 est
2799 5270 2922 5324 pars
2955 5254 3234 5324 Benjamin
3259 5257 3498 5326 partibus
3547 5272 3661 5311 orn-

489 5393 534 5424 ”
563 5392 700 5448 Gen.
733 5411 858 5458 xui,
884 5397 973 5449 2|.
1050 5396 1095 5428 ³ο
1125 5398 1276 5464 ibid.,
1308 5401 1396 5454 22.
1475 5401 1515 5432 ³¹
1544 5400 1674 5455 Gen,
1715 5418 1866 5466 XLIII,
1901 5403 1949 5454 5.

2105 5399 2258 5460 ibid.,
2288 5400 2340 5454 9.
2418 5400 2462 5432 ³³
2491 5401 2642 5467 ibid.,
2668 5402 2764 5484 ll.
2843 5400 2886 5432 “
2917 5400 3070 5467 ibid.,
3108 5403 3191 5456 l5.
3271 5399 3314 5431 ³⁸
3347 5399 3502 5466 ibid.,
3527 5401 3618 5453 25.

434 5610 436 5613 Ι
461 5534 573 5601 (Ut)
597 5535 760 5588 Κατὰ
785 5533 848 5587 τὸ
877 5532 1282 5602 σιωπώμενον,
1310 5543 1416 5589 etc.
1447 5534 1524 5587 Ex
1556 5536 1748 5590 iisdem
1808 5538 1968 5591 sche-

391 5607 573 5742 ὼῑῖίῦ)
619 5673 722 5726 Ἐν
759 5672 882 5737 τοῖς
902 5671 1189 5739 ἀνωτέρω,
1218 5682 1322 5727 etc.
1359 5673 1434 5725 Et
1494 5675 1684 5728 iisdem
1729 5675 1961 5731 schedis.

483 5741 572 5810 46)
595 5741 862 5809 Μήποτε,
895 5753 1000 5796 etc.
1041 5743 1117 5794 Ex
1144 5743 1335 5795 iisdem
1369 5746 1606 5798 sehedis.

483 5811 570 5884 47)
609 5813 830 5879 Μηδέν,
861 5823 966 5865 etc.
998 5811 1078 5864 Ει
1107 5813 1300 5864 iisdem
1327 5817 1563 5867 srltedis.

671 5911 936 5965 ιἈτιιυι..
983 5906 1100 5966 Gn.
1151 5904 1292 5964 ΧΠ.

2149 5533 2262 5606 (48)
2308 5531 2443 5606 Ἀπρ
2472 5531 2591 5584 τῶν
2619 5532 2885 5606 καρπῶν,
2925 5543 3030 5606 etc.
3074 5534 3156 5588 Ex
3200 5535 3389 5590 iisdem
3442 5537 3660 5596 schedia

2078 5603 2248 5659 edidit
2277 5606 2378 5656 hoc
2415 5603 2782 5671 fragmentum
2821 5603 3277 5658 Moulel‘alcouius
3303 5616 3492 5660 noster
3521 5619 3652 5664 tom.

2078 5673 2514 5741 lHexaplorum,
2552 5686 2670 5738 pag.
2711 5672 2802 5726 50.
2864 5673 3104 5740 Denique
3157 5677 3324 5728 semel
3384 5680 3656 5731 monuisse

2077 5745 2307 5798 sulliuiat
2332 5743 2615 5806 sequentia
2643 5743 2822 5793 omnia
2853 5741 3154 5808 fragmenta
3195 5745 3244 5796 in
3287 5745 3540 5802 Gem-sim
3583 5761 3651 5802 ex

2079 5813 2265 5867 iisdem
2297 5811 2509 5866 schedis
2537 5811 2847 5865 Couihetisii
2876 5815 3151 5882 exseripta
3181 5830 3324 5868 esse.

3303 5890 3336 5948 5
