4138 6490
498 358 588 413 m
1903 342 1970 409 IN
2007 356 2322 411 GENESIM.

3643 365 3746 418 ΗΞ

565 473 891 543 Θυγατέρες
914 471 1006 525 καὶ
1036 472 1350 541 θυγατέρες
1370 472 1488 524 τῶν
1503 473 1839 540 θυγατέρων
1857 473 2041 525 αὑτοῦ

2243 472 2400 524 Filia’
2433 482 2480 524 et
2513 473 2635 540 ﬁlim
2663 474 2895 540 ﬁliarum
2929 491 3142 528 suarum
3180 475 3246 534 ⁸⁸.
3291 476 3458 531 Filias
3492 478 3743 533 \idelicet

489 568 742 640 Δηλονότι
767 568 864 631 τὰς
893 567 1192 640 θυγατέρας
1222 567 1357 636 ἔχων
1403 566 1521 637 μεθ’
1578 566 1792 630 ἑαυτοῦ,
1823 568 1915 618 καὶ
1948 569 2070 628 τοὺς

488 661 771 731 γαμϐροὺς
806 659 1154 726 συνεπάγετο.
1177 658 1250 710 Οὐ
1272 656 1380 727 γὰρ
1395 657 1638 727 ἠνείχετο
1657 656 1762 722 ἔξω
1774 657 1872 726 τῆς
1892 658 2069 718 οἰκίας

491 750 656 804 αὑτοῦ
691 749 1038 803 ἀποστέλλειν
1069 749 1166 810 τὰς
1205 747 1527 816 θυγατέρας,
1568 749 1764 819 μήπως
1811 752 2066 819 τραπεῖεν

489 844 568 906 εἰς
597 841 1052 912 εἰδωλολατρείαν.

564 931 676 986 Τοῦ
697 931 904 985 αὐτοῦ.
935 932 998 984 Εἰ
1042 930 1115 1000 μὴ
1145 929 1254 1000 ἔχει
1287 930 1592 1001 θυγατέρας
1624 933 1651 984 ὁ
1689 930 1902 995 Ἰακὼϐ,
1951 932 2066 995 πῶς

483 1027 539 1078 αἱ
579 1023 877 1095 Θυγατέρες
909 1021 1074 1077 αὐτοῦ
1106 1023 1519 1075 καταϐαίνουσιν
1547 1025 1626 1086 εἰς
1652 1009 1922 1091 Αἴγυπτον
1943 1041 1955 1087 ;
1975 1010 2065 1094 Μὴ

480 1114 664 1168 τοίνυν
698 1114 1099 1186 ἀλληγορεῖται.
1153 1116 1307 1185 Ἑξῆς
1339 1115 1394 1168 δὲ
1419 1115 1563 1183 λέγει
1599 1117 1663 1167 ἐκ
1701 1115 1864 1178 Λείας
1907 1113 2061 1181 εἶναι,

482 1206 573 1257 καὶ
606 1207 910 1276 θυγατέρας
933 1206 1016 1274 λγ¹
1041 1207 1197 1270 Δίνας
1227 1207 1636 1276 ὀνομασθείσης.

561 1391 751 1444 Ταῦτα
793 1389 860 1442 δὲ
896 1391 969 1443 τὰ
1006 1391 1264 1459 ὀνόματα
1295 1391 1412 1450 τῶν
1452 1391 1598 1444 υἱῶν
1637 1389 1904 1457 Ἰσραὴλ,
1945 1389 2063 1442 τῶν

481 1480 876 1533 εἰσελθόντων
898 1482 984 1545 εἰς
1004 1479 1327 1547 Αἴγυπτον.
1359 1479 1524 1542 Υίῶν,
1561 1480 1661 1532 οὐκ
1705 1478 1918 1544 Ἰακὼϐ,
1950 1479 2061 1530 ἁλλ’

493 1570 728 1641 Ἰσραὴλ,
782 1571 1130 1624 εἰσελθόντων
1151 1611 1164 1633 ,
1194 1571 1253 1621 οὺ
1286 1570 1636 1623 καταϐάντων
1666 1572 1744 1632 εἰς
1770 1571 2060 1638 Αἴγυπτον,

479 1661 548 1712 τὰ
577 1662 814 1732 ὀνόματα
841 1661 1014 1714 ταῦτά
1046 1663 1213 1712 ἐστιν.

546 1753 917 1817 Πρωτότοκος
981 1750 1207 1812 Ἰακὼϐ,
1277 1749 1566 1819 Ῥουϐὴμ,
1639 1752 1732 1804 καὶ
1788 1751 1854 1804 τὰ
1913 1751 2056 1822 ἑξῆς.

491 1837 770 1909 Ἀνωτέρω
821 1838 987 1892 εἰπὼν
1035 1838 1103 1891 τὰ
1146 1840 1385 1908 ὀνόματα
1436 1839 1544 1893 τῶν
1607 1840 1738 1894 υἱῶν
1781 1836 1917 1895 εἶναι
1966 1840 2057 1894 τοῦ

489 1930 723 2000 Ἰσραὴλ,
757 1929 852 1985 νῦν
877 1930 969 1983 τοῦ
1028 1929 1222 1983 Ἰακὼϐ
1247 1927 1383 1984 εἶναι
1411 1931 1752 2000 πρωτότοκόν
1791 1951 1921 2004 φησι
1970 1935 2058 1988 τὸν

490 2027 682 2095 Ῥουϐή
695 2044 752 2095 μ.

552 2117 660 2170 Τοῦ
685 2119 892 2172 αὐτοῦ.
929 2121 1290 2190 Σημειωτέον,
1334 2121 1416 2172 ὅτι
1467 2121 1562 2176 σὺν
1603 2123 1713 2186 τοῖς
1751 2124 2057 2193 γενομένοις

473 2210 529 2259 ὲν
559 2213 626 2280 γῇ
663 2209 883 2263 Χαναὰν
918 2213 1054 2276 υἱοῖς
1098 2211 1291 2265 Ἰακὼϐ
1323 2212 1545 2283 ἀριθμεῖ
1579 2215 1774 2278 αὐτοὺς
1814 2217 2056 2280 καὶτοὺς

471 2301 528 2352 ἐν
553 2300 812 2371 Αἰγύπτῳ
864 2301 1024 2366 ὄντας
1069 2305 1215 2368 υίοὺς
1271 2305 1489 2375 Ἰωσήφ.
1540 2305 1912 2375 Συμϐἁλλεται
1948 2306 2055 2377 γὰρ

467 2391 626 2444 τοῦτο
651 2394 730 2455 είς
754 2393 813 2446 τὸ
838 2394 963 2464 ἑξῆς
999 2395 1161 2465 ῥητὸν
1214 2398 1340 2468 περὶ
1369 2396 1436 2449 τὰ
1465 2397 1592 2466 τέλη
1613 2438 1628 2461 ,
1676 2396 1805 2450 ἔνθα
1851 2399 2012 2468 φησίν
2038 2417 2050 2428 ·

482 2483 644 2550 Ἐμοί
693 2486 852 2537 εἰσιν
905 2486 1148 2555 Ἐφραῒμ
1177 2487 1274 2540 καὶ
1301 2486 1625 2557 Μανασσῆ,
1671 2489 1750 2554 ὡς
1798 2489 2054 2560 Ῥουϐὶιμ

472 2572 571 2628 καὶ
590 2574 850 2644 Συμεών.

538 2666 646 2718 Καὶ
695 2663 864 2720 εἶπεν
905 2668 1150 2736 Ἰσραὴλ
1194 2670 1344 2738 πρὸς
1387 2671 1609 2739 Ἰωσήφ
1637 2688 1652 2702 ο
1698 2671 2051 2727 Ἀποθανοῦκ

460 2775 565 2826 μαι
596 2759 715 2814 ἀπὸ
743 2760 849 2813 τοῦ
877 2761 1014 2826 νῦν,
1051 2763 1179 2819 ἐπεὶ
1215 2762 1444 2830 ἑώρακα
1472 2763 1536 2816 τὸ
1563 2765 1886 2831 πρόσωπόν
1909 2779 2046 2818 σου.

470 2849 597 2902 Ἔτι
623 2851 732 2918 γὰρ
764 2851 844 2905 σὺ
871 2851 999 2919 ζῇς.
1028 2854 1347 2924 Θαυμαστόν
1384 2855 1498 2906 ἐστι
1531 2855 1621 2906 τὸν
1655 2855 1943 2925 γενόμενον
1992 2859 2050 2910 ἐν

464 2940 721 3012 Αἰγύπτῳ
757 2943 830 3014 μὴ
859 2943 1120 3015 βλαϐῆναι
1164 2946 1271 2999 ἀπὸ
1298 2945 1406 2998 τῶν
1438 2945 1768 3014 Αἰγυπτίων,
1799 2947 1893 2998 καὶ¹
1936 2949 2049 3018 μεῖ-

465 3050 551 3085 ναι
607 3034 664 3085 ὲν
727 3038 791 3104 τῇ
858 3035 1000 3088 κατά
1067 3036 1197 3089 Θεὸν
1259 3038 1395 3106 ζωῇ.
1439 3037 1634 3108 Διόπερ
1686 3037 1976 3107 θαυμάζων
2018 3040 2046 3091 ὁ

478 3121 692 3188 Ἰακὼϐ,
724 3121 842 3177 εἷπε
869 3125 946 3195 τῷ
991 3126 1186 3198 Ἰωσὴφ
1213 3127 1292 3191 τὸ,
1324 3129 1445 3180 Ἔτι
1469 3128 1579 3195 γὰρ
1603 3127 1683 3180 σὺ
1713 3127 1833 3196 ζῇς.

535 3215 816 3283 Ποιμένες
866 3217 1171 3284 προϐάτων
1212 3221 1265 3271 οὶ
1305 3218 1513 3283 παῖδές
1562 3235 1679 3272 σου
1716 3220 1784 3272 ἐκ
1833 3219 2043 3285 παιδὸς

460 3305 570 3370 ἕως
593 3305 699 3357 τοῦ
719 3305 852 3359 νῦν.
876 3346 888 3358 .
915 3348 926 3360 .
949 3349 962 3361 .
988 3309 1181 3360 Εἶπαν
1202 3307 1269 3360 δὲ
1295 3306 1524 3375 Φαραώ’
1555 3308 1866 3375 Παροικεῑν
1881 3308 1950 3361 ἐν
1969 3308 2044 3377 τῇ

459 3394 538 3462 γῇ
566 3394 812 3463 ἥκαμεν.
848 3397 1317 3469 Παρῥησιάξονται
1345 3399 1406 3451 τὸ
1437 3397 1693 3468 ποιμένες
1734 3394 1872 3450 εἷναι
1907 3399 2042 3468 πρὸς

459 3485 551 3536 τὸν
576 3484 792 3556 Φαραώ.
837 3484 1002 3553 Εἶτα,
1042 3489 1128 3542 ἵνα
1167 3490 1240 3560 μὴ
1284 3489 1527 3560 ταραχθῇ
1571 3489 1802 3560 Φαραὼ,
1837 3491 1998 3560 φασίν
2025 3507 2037 3520 ·

458 3579 773 3644 Παροικεῖν
792 3579 862 3632 ἐν
884 3579 959 3648 τῇ
982 3580 1061 3649 γῇ
1084 3581 1334 3650 ἥκαμεν.

520 3663 668 3721 Eine
688 3668 756 3721 δὲ
784 3669 992 3738 Φαραὼ
1015 3671 1095 3736 τῷ
1135 3671 1376 3739 Ἰωσὴφ,
1405 3670 1601 3740 λέγων
1620 3689 1632 3702 ·
1661 3672 2040 3725 Κατοικείτω-

457 3774 581 3813 σαν
607 3762 677 3813 ἐν
694 3761 772 3829 γῇ
798 3763 1016 3832 Γεσέμ.
1064 3764 1278 3836 Ἐπειδὴ
1301 3766 1358 3817 ὲν
1379 3768 1490 3828 τοῖς
1511 3765 1871 3832 Τετραπλοῖς
1903 3763 2035 3834 (49),

456 3852 516 3918 ἐξ
539 3847 613 3906 ὧν
636 3854 730 3905 καὶ
754 3854 814 3905 τὸ
845 3844 1174 3928 ἀντίγραφον
1211 3855 1516 3926 μετελήφθη
1554 3854 1688 3926 πρὸς
1722 3855 1812 3908 τὸν
1849 3855 2038 3924 εἱρμὸν

454 3944 544 3996 τὸν
573 3946 630 3998 ὲν
663 3943 739 4014 τῷ
776 3945 1044 4016 Ἐϐραῖκῷ
1075 3947 1167 3999 καὶ
1205 3949 1324 4010 ταῖς
1370 3946 1554 4009 ἄλλαις
1604 3947 1879 4010 ἐκδόσεσι,
1926 3946 2039 3999 δεί-

456 4051 644 4089 κνυται
668 4037 760 4089 καὶ
786 4039 818 4108 ή
844 4038 950 4091 τῶν
966 4039 1366 4110 Ἐϐδομήκοντα
1391 4039 1447 4093 ἕν
1465 4056 1574 4092 τισι
1592 4039 1776 4102 τόποις
1806 4057 2034 4110 μετατε-

459 4124 630 4189 θείσα,
661 4128 734 4190 ὡς
766 4128 833 4182 τὰ
867 4130 1056 4198 πρῶτα
1090 4129 1310 4199 ὕστερα,
1366 4131 1459 4184 καὶ
1487 4129 1555 4182 τὰ
1603 4129 1803 4201 ὕστερα
1841 4131 2035 4201 πρῶτα

457 4217 741 4284 γενέσθαι·
779 4219 915 4290 ὅπερ
946 4219 1038 4272 καὶ
1061 4219 1291 4272 ἐνταῦθα
1317 4221 1514 4290 εὑρέθη
1551 4219 1814 4274 παθοῦσα·
1844 4221 2032 4273 τούτου

455 4309 611 4380 χάριν
641 4311 1034 4382 παρεθήκαμεν
1079 4311 1417 4364 ἀκολουθίαν.
1449 4313 1604 4364 Ἔστι
1633 4311 1689 4363 δὲ
1724 4310 1862 4380 αὕτη
1887 4327 1899 4340 ⁸
1934 4311 2029 4381 τῷ,

451 4401 899 4473 Κατοικήσομεν
934 4405 988 4455 οὶ
1015 4401 1221 4466 παῖδές
1259 4415 1374 4454 σου
1411 4401 1481 4454 ἐν
1524 4399 1600 4470 γῇ
1647 4399 1866 4468 Γεσὲμ,
1908 4417 2033 4454 συν-

2175 576 2354 614 secum
2396 562 2616 628 habens,
2668 564 2826 616 simul
2876 582 3089 635 quoque
3141 582 3373 637 generos
3420 569 3742 625 adducebat.

2173 653 2356 722 Neque
2406 654 2549 708 enim
2602 656 2951 711 sustinuisset
2981 669 3130 713 extra
3180 657 3286 729 50
3320 661 3538 714 doruum
3590 677 3743 715 suam

2171 745 2310 799 ﬁlias
2345 746 2635 812 abducere,
2674 761 2742 800 ne
2792 749 2858 801 ad
2916 749 3179 804 idolorum
3231 752 3432 806 cultum
3464 764 3744 807 cenverte-

2171 847 2380 898 rentur.

2239 921 2514 992 Ejusdem.
2580 924 2635 978 Si
2671 921 2835 981 Jacob
2897 928 3034 982 ﬁlias
3087 944 3190 984 non
3239 934 3422 999 habet,
3473 936 3746 1002 quomodo

2169 1017 2291 1069 ﬁliae
2333 1016 2450 1083 ejus
2483 1018 2817 1071 descendunt
2871 1020 2922 1073 in
2953 1017 3292 1092 Egyptum?
3328 1023 3462 1077 Vide
3511 1038 3640 1093 ergo
3677 1039 3743 1075 ue

2167 1123 2264 1176 per
2296 1109 2610 1178 allegoriam
2663 1111 2776 1166 haec
2807 1111 3075 1166 dicantur.
3119 1112 3172 1164 lu
3229 1114 3581 1182 sequentibus
3613 1115 3744 1170 dicit

2166 1211 2231 1250 ex
2263 1197 2354 1250 Lia
2385 1214 2529 1263 esse,
2573 1210 2627 1254 et
2659 1201 2799 1256 ﬁlias
2846 1202 3065 1272 triginta
3103 1211 3212 1258 tres
3264 1204 3408 1258 illius
3457 1219 3577 1272 quae
3607 1205 3741 1259 Dina

2165 1304 2232 1342 vo
2269 1291 2481 1343 abalur.

2242 1377 2371 1432 Ila'c
2397 1391 2517 1433 sunt
2551 1384 2761 1437 nomina
2791 1384 3022 1452 ﬁtiorum
3058 1384 3229 1438 Israel
3253 1385 3345 1454 qui
3373 1387 3594 1456 ingressi
3620 1399 3739 1442 sunt

2166 1469 2219 1521 in
2253 1468 2547 1539 Egyptum
2571 1473 2636 1526 ‘5.
2680 1474 2805 1528 llaec
2839 1485 2964 1528 sunt
2995 1477 3210 1528 nomina
3239 1477 3471 1532 ﬁliorum
3509 1495 3612 1531 uou
3647 1478 3740 1532 Ja-

2166 1561 2288 1625 coh,
2327 1565 2422 1615 sed
2465 1563 2652 1628 lsrael,
2704 1565 2794 1633 qui
2849 1565 3079 1636 ingressi
3115 1577 3261 1630 sunt,
3301 1584 3404 1622 non
3444 1568 3742 1625 descende—

2166 1662 2293 1703 runt
2327 1653 2377 1704 in
2411 1652 2725 1724 Egyptum.

2163 1727 2168 1730 I
2239 1739 2629 1812 Primogenitus
2681 1745 2869 1808 Jacob,
2909 1746 3084 1801 Ruben
3108 1748 3175 1814 “,
3222 1754 3329 1805 etc.
3391 1751 3522 1806 Cum
3575 1768 3739 1821 SUpra

2091 1821 2134 1876 Β
2165 1832 2366 1888 dixerit
2390 1851 2513 1889 esse
2547 1838 2767 1891 nomina
2796 1838 3028 1892 ﬁliorqu
3065 1841 3247 1907 Israel,
3279 1852 3420 1898 nunc
3450 1847 3524 1898 ait
3550 1845 3736 1901 Jacobi

2161 1927 2581 1998 primogenitum
2616 1946 2732 1984 esse
2762 1931 2975 1986 Ruben.

2231 2109 2508 2179 Ejusdem.
2552 2112 2961 2167 Observandum
3016 2125 3096 2169 est
3149 2119 3291 2172 nalis
3328 2117 3379 2170 in
3415 2127 3558 2172 terra
3592 2119 3731 2173 Cha-

2160 2219 2299 2257 naan
2337 2205 2462 2259 ﬁliis
2488 2203 2676 2270 Jacob,
2707 2209 3053 2261 annumerari
3103 2210 3264 2262 etiam
3300 2213 3438 2279 ipsos
3470 2213 3520 2266 in
3557 2212 3731 2282 Egy-

2159 2307 2248 2364 pto
2298 2305 2458 2350 natos
2507 2296 2645 2350 ﬁlios
2677 2295 2898 2366 Joseph.
2963 2299 3398 2354 Consentaneum
3453 2304 3596 2356 enim
3630 2304 3733 2357 hoc

2157 2393 2239 2438 est
2280 2385 2346 2438 iis
2373 2401 2493 2454 quae
2540 2385 2680 2439 infra
2711 2389 2858 2440 circa
2904 2387 3064 2442 ﬁnem
3105 2391 3248 2443 dicta
3281 2401 3406 2445 sunt
3438 2413 3448 2446 :
3480 2391 3588 2447 Mei
3610 2404 3732 2447 sunt

2156 2468 2415 2544 Ephraim
2441 2487 2487 2530 et
2517 2477 2816 2545 Manasses,
2841 2479 2974 2532 sicut
3004 2479 3182 2534 Ruben
3208 2492 3254 2534 et
3279 2480 3490 2537 Simeon
3518 2484 3584 2537 ⁸⁷.

2229 2661 2291 2714 Et
2319 2663 2452 2716 dixit
2487 2662 2656 2717 Israel
2705 2664 2773 2716 ad
2805 2663 3005 2733 Joseph
3048 2681 3064 2717 :
3105 2664 3547 2740 Moriarqamodo,
3597 2687 3730 2739 quo-

2156 2755 2300 2805 niam
2335 2755 2442 2806 vidi
2466 2755 2656 2823 {aciem
2687 2765 2853 2809 tuam.
2897 2757 3079 2810 Adhuc
3115 2758 3250 2810 enim
3279 2759 3398 2811 viris
3423 2759 3487 2812 ⁸⁸.
3527 2759 3732 2814 Miran-

2154 2845 2283 2898 dum
2312 2846 2438 2900 illud
2465 2857 2564 2909 est,
2599 2865 2720 2901 eum
2746 2849 2833 2917 qui
2857 2847 3023 2902 fuerit
3050 2849 3098 2902 in
3119 2847 3374 2920 Egypto,
3405 2851 3590 2906 laesum
3619 2865 3726 2908 non

2152 2936 2318 2990 fuisse
2341 2936 2720 3007 ah/Egyptiis,
2750 2951 2803 2994 et
2833 2941 3096 2995 mansisse
3121 2941 3170 2994 in
3196 2957 3255 2995 ea
3284 2957 3401 3011 qua)
3429 2943 3726 2998 secundum

2153 3025 2320 3081 Deum
2361 3039 2444 3082 est
2493 3031 2625 3083 \‘ita.
2683 3031 3050 3095 Quamobrem
3098 3032 3326 3087 miratus
3372 3032 3538 3090 Jacob
3591 3039 3728 3093 dixit

2149 3120 2384 3189 Josepho
2421 3140 2432 3174 :
2468 3123 2652 3174 Adhuc
2679 3123 2814 3174 enim
2840 3125 2984 3177 rivis.

2221 3210 2469 3266 Pastores
2498 3217 2670 3265 ovium
2698 3213 2831 3266 servi
2859 3215 2937 3265 tui
2958 3215 3020 3266 ab
3049 3215 3280 3282 infantia
3300 3233 3458 3286 usque
3481 3234 3721 3274 nunc....

2147 3304 2411 3358 Dixerunt
2455 3315 2629 3357 autent
2674 3300 2948 3356 Pharaoni
2988 3317 3006 3355 :
3056 3306 3136 3357 Αιι
3178 3308 3616 3376 peregrinandum
3666 3311 3723 3362 in

2147 3405 2287 3447 terra
2324 3396 2555 3448 venimus
2581 3394 2647 3447 δ’.
2692 3394 2885 3448 Libere
2925 3395 3246 3463 proﬁtentur
3274 3414 3454 3452 coram
3480 3399 3722 3453 Pharao-

2147 3500 2214 3539 ue
2249 3501 2306 3538 se
2353 3501 2472 3538 esse
2521 3495 2786 3552 pastores.
2834 3486 3036 3539 Deinde
3088 3502 3153 3541 ne
3207 3488 3454 3542 turbetur
3488 3489 3718 3554 Pharao,

2145 3579 2297 3630 aiunt
2337 3596 2351 3631 :
2385 3578 2465 3628 Ad
2500 3579 2944 3648 peregrinandum
2975 3579 3025 3630 in
3060 3588 3199 3631 terra
3229 3581 3480 3635 venimus.

2216 3670 2364 3723 Dixit
2412 3667 2626 3723 Pharao
2658 3672 2727 3723 ad
2757 3670 2953 3739 Ioseph
2997 3685 3015 3722 :
3053 3671 3298 3724 Habitent
3341 3673 3394 3726 in
3433 3682 3572 3726 terra
3618 3673 3720 3728 Ge-

2141 3777 2249 3815 sem
2271 3760 2339 3815 ⁸ο.
2385 3762 2833 3831 Quandoquidem
2868 3763 2921 3815 in
2954 3761 3230 3828 Tetraptis,
3273 3764 3412 3817 unde
3440 3765 3720 3831 extmplar

2143 3855 2440 3910 secundum
2495 3855 2691 3909 seriem
2729 3853 2982 3908 Hebraici
3035 3853 3376 3922 aliarumque
3416 3855 3529 3908 edit
3551 3869 3716 3908 onum

2142 3953 2569 4012 transsumptum
2593 3951 2698 4006 est,
2722 3943 3045 4006 ostenditur,
3077 3942 3422 4013 Septuaginta
3449 3944 3718 4013 Interpre-

2142 4046 2252 4088 tum
2286 4035 2579 4090 editionem
2614 4035 2819 4103 aliquot
2857 4035 2908 4089 in
2940 4034 3072 4089 locis
3108 4037 3489 4105 transpositam
3522 4035 3710 4102 fuisse,

2138 4128 2209 4179 ita
2243 4137 2300 4180 ut
2330 4137 2448 4196 qua:
2481 4128 2662 4196 priora
2690 4135 2870 4191 erant,
2901 4128 3207 4196 posterius;
3241 4143 3358 4196 quae
3385 4130 3710 4198 posteriora,

2137 4219 2286 4285 prius
2341 4218 2658 4272 locarentur
2695 4237 2709 4271 :
2743 4219 2885 4286 quod
2921 4220 3020 4273 hoc
3053 4217 3216 4272 etiam
3267 4220 3390 4273 loco
3423 4221 3524 4289 ipsi
3571 4221 3713 4274 acri-

2137 4310 2281 4362 disse
2313 4309 2741 4377 deprehenditur
2785 4332 2795 4362 :
2828 4309 2946 4362 ideo
2979 4323 3165 4363 veram
3200 4312 3396 4364 seriem
3425 4312 3511 4364 hic
3541 4327 3712 4379 appo-

2135 4400 2366 4463 suimus,
2403 4414 2524 4466 quae
2567 4399 2646 4454 sic
2676 4401 2859 4454 habet.
2905 4399 2999 4455 His
3038 4400 3219 4454 verbis
3275 4417 3288 4453 :
3340 4399 3709 4455 Habitabimus

452 4491 681 4546 ἅπτεται
711 4493 790 4554 τὸ,
828 4489 976 4547 Eine
1001 4491 1070 4544 δὲ
1086 4490 1294 4558 Φαραὼ
1320 4489 1397 4556 τῷ
1422 4490 1642 4560 Ἰωσήφ
1670 4509 1682 4522 ⁸
1726 4492 2023 4545 Κατοικεί-

2148 4492 2276 4545 tueri
2302 4493 2376 4544 tui
2402 4492 2454 4544 in
2480 4499 2618 4545 terra
2646 4487 2848 4553 Gesem,
2879 4492 3392 4561 subjungilnrillud,
3423 4492 3572 4546 Dixit
3607 4510 3709 4546 au-

451 4600 654 4640 τωσαν
679 4587 749 4638 ἐν
774 4584 850 4655 γῇ
872 4589 1090 4654 Ιέσέμ.
1135 4586 1206 4639 Et
1230 4583 1297 4637 δὲ
1351 4585 1590 4653 ἐπίστῃ,
1633 4585 1723 4637 ὅτι
1769 4582 1928 4637 εἰσιν
1957 4584 2027 4638 ἐν

448 4679 650 4744 αὐτοῖς
671 4696 684 4708 ο
717 4678 812 4731 καὶ
843 4679 911 4731 τά
949 4677 1092 4749 ἑξῆς.

419 4779 432 4833 \
513 4770 582 4822 Et
604 4769 672 4821 δὲ
693 4768 910 4835 ἐπίστῃ
936 4766 1024 4819 ὅτι
1047 4766 1206 4820 εἰσὶν
1231 4765 1302 4820 ἐν
1331 4765 1533 4832 αὐτοῖς
1558 4765 1823 4830 δυνατοὶ,
1852 4763 2026 4819 uani-

449 4871 685 4924 στησον
718 4858 940 4923 αὐτοὺς
963 4857 1258 4926 ἄρχοντας
1281 4857 1402 4911 τῶν
1423 4856 1580 4928 ἐμῶν
1603 4857 1861 4926 κτηνῶν.
1888 4857 2025 4920 Τοὺς

449 4948 543 5001 τοῦ
586 4950 800 5022 Ἰσραὴλ
817 4950 1074 5012 δυνατοὺς
1087 4948 1286 5020 Φαραὼ
1307 4949 1555 5020 βούλεται
1584 4949 1849 5020 ἄρχοντας
1868 4965 2026 5002 κατα-

450 5040 970 5111 στῆσαιΑἰγυπτίων
1008 5041 1240 5112 κτηνῶν.
1263 5041 1427 5103 Εἴτις
1453 5039 1508 5092 δέ
1542 5041 1657 5092 ἐστι
1683 5039 1774 5092 τοῦ
1809 5038 2025 5110 Ἰσραὴλ

448 5132 690 5196 δυνατὸς,
728 5135 971 5204 φευγέτω
989 5135 1046 5188 τὸ
1063 5134 1155 5186 ἐπὶ
1188 5132 1396 5195 τούτοις
1432 5128 1698 5202 βούλημα.

516 5227 624 5279 Καὶ
655 5226 994 5296 εὐλογήσας
1036 5224 1244 5279 Ἰακὼϐ
1263 5223 1369 5277 τὸν
1390 5222 1616 5291 Φαραὼ,
1643 5221 1900 5289 ἐξῆλθεν
1919 5222 2022 5276 ἀπ’

447 5316 654 5369 αὑτοῦ.
717 5319 832 5372 υὺκ
889 5318 986 5382 ἂν,
1047 5318 1249 5370 δίκαιον
1309 5315 1645 5386 εὐλογήσας,
1709 5314 1802 5367 ἀπ’
1861 5313 2024 5366 αὐτοῦ

451 5408 658 5480 ἐξῆλθε.
721 5411 986 5480 Ζητητέον
1031 5409 1086 5462 δὲ
1137 5407 1317 5462 εἴποτε
1374 5406 1528 5475 ἅγιόν
1594 5424 1676 5470 τις
1724 5405 2024 5477 εὐλογήσας

492 5514 926 5583 ⁸⁴ϐεη.χινι,7.
981 5518 1173 5576 MsGen.
1211 5537 1355 5582 xm.
1387 5521 1438 5576 8.
1517 5521 1562 5552 ’⁸⁵
1609 5519 1742 5575 lhid.

446 5589 490 5623 ⁸⁸
526 5592 685 5658 lbid.,
713 5593 766 5646 4.
837 5593 882 5623 ⁵¹
916 5593 1050 5648 Ibid.
1127 5593 1172 5624 ⁵³
1203 5592 1330 5644 Ibid.
1362 5593 1446 5645 10.

1852 5519 1896 5550 ’⁵⁷
1945 5519 2277 5591 German-nt,
2311 5522 2363 5577 5.

2133 4593 2234 4636 tem
2256 4577 2467 4636 Pharao
2497 4583 2690 4650 Joseph
2765 4583 3018 4637 Habitent
3047 4586 3099 4638 in
3132 4592 3270 4639 terra
3295 4585 3499 4641 Gesem.
3534 4585 3590 4640 Si
3618 4603 3710 4639 au-

2135 4684 2234 4728 tem
2264 4675 2464 4729 noveris
2501 4677 2639 4745 quod
2671 4675 2774 4728 sint
2810 4676 2863 4729 in
2887 4677 2982 4738 eis,
3015 4687 3122 4732 etc.

2206 4765 2267 4820 Si
2296 4776 2467 4820 autent
2499 4770 2696 4821 noveris
2739 4771 2881 4834 quod
2910 4770 3010 4822 sint
3052 4769 3104 4822 in
3133 4769 3205 4822 eis
3240 4770 3424 4839 fortes,
3451 4773 3707 4826 constitue

2133 4859 2251 4913 illos
2275 4862 2532 4929 principes
2563 4877 2804 4928 pecorum
2824 4877 3052 4915 meorum
3073 4862 3159 4916 ⁸¹.ε
3185 4862 3375 4918 Fortes
3403 4864 3564 4918 Israel
3595 4865 3708 4919 vult

2131 4949 2344 5004 Pharao
2397 4951 2667 5020 principes
2724 4952 2982 5005 constitui
3016 4952 3387 5022 ngyptiorum
3422 4969 3700 5022 pecorum.

2133 5035 2188 5093 Si
2230 5040 2350 5108 quis
2381 5049 2559 5094 autem
2614 5043 2666 5094 in
2720 5039 2884 5096 Israel
2940 5041 3095 5096 fortis
3148 5051 3251 5109 est,
3289 5042 3460 5113 fugiat
3509 5043 3700 5096 horum

2129 5133 2440 5185 censilium.

2201 5223 2268 5277 Et
2316 5241 2432 5278 cum
2482 5224 2825 5278 benedixisset
2877 5223 3383 5290 Jacob'Pharaoni,
3437 5223 3592 5276 exivit
3635 5221 3701 5274 ab

2124 5317 2276 5372 eo“.
2321 5317 2377 5370 Si
2414 5316 2776 5371 benedixisset
2823 5315 2987 5384 justo,
3047 5333 3152 5372 non
3203 5317 3458 5370 exivisset
3491 5315 3561 5368 ab
3608 5329 3696 5368 eo.

2124 5409 2482 5476 Quaerendum
2509 5423 2637 5463 vero
2659 5423 2725 5462 an
2745 5409 3032 5479 quispiam,
3055 5406 3520 5475 benedictojusto,
3549 5405 3703 5460 exie-

2477 5523 2522 5554 ’⁸⁸
2550 5523 2687 5577 Gen.
2720 5537 2871 5585 XLVI,
2909 5521 2997 5575 '50.
3077 5521 3120 5554 δ’
3159 5519 3294 5575 Gen.
3328 5533 3463 5580 XVII,
3497 5520 3528 5572 5
3556 5525 3607 5570 (ἰ
3638 5516 3694 5573 4.

514 5690 624 5754 (49)
657 5688 889 5755 Ἐπειδὴ
923 5669 993 5740 ἐν
1035 5687 1159 5755 τοῖς
1191 5685 1563 5755 Τετραπλοῑς,
1618 5695 1723 5742 etc.
1759 5686 1936 5742 Edidit
1982 5687 2044 5741 ho

2148 5691 2482 5756 ragmentum
2521 5679 2970 5738 Montefalconius
3018 5686 3202 5733 nos‘cr
3261 5689 3390 5735 tom.
3440 5679 3460 5734 1
3511 5679 3694 5734 Hexa-

452 5761 670 5826 phwum,
702 5778 820 5829 pag.
856 5760 943 5813 52.
