4138 6414
408 391 520 453 HW

1597 389 1663 448 ΙΝ
1705 387 2002 447 GEXESIM
2042 384 2327 440 HOMIUA
2368 386 2406 441 Ι.

3544 374 3662 427 150

404 521 592 566 nostra
624 525 874 580 corpora,
909 512 952 566 si
987 511 1099 564 haec
1126 509 1193 564 ab
1239 511 1319 565 eis
1357 512 1663 581 segregatio
1705 511 1816 573 ﬁat,
1855 510 1965 576 jam
1999 509 2042 562 A
2073 505 2214 558 illius
2239 503 2483 562 fructus.
2527 509 2677 555 actus
2709 500 2875 554 nostri
2908 500 3095 569 qui'ex
3130 497 3270 553 bono
3322 491 3499 548 cordis
3548 506 3646 542 no-

404 615 514 656 tion
542 605 934 669 permanebunt
968 603 1138 668 arida,
1181 602 1275 656 sed
1325 611 1463 657 terra
1523 602 1964 671 appellabuntur,

408 709 478 749 ex
509 709 574 750 eo
601 697 742 764 quod
783 695 1012 749 fructum
1041 695 1152 749 Deo
1193 693 1338 748 ferre
1360 691 1472 760 jam
1500 701 1778 761 poterunt.
1823 693 1968 758 Quo-

421 786 565 838 niam
610 787 826 856 quidem
850 788 902 841 in
931 787 1083 842 initio
1109 787 1249 840 Deus
1273 783 1626 840 coelum-fecit
1658 796 1711 838 et
1737 794 1966 838 terram:

403 887 591 945 postea
623 895 755 934 vero
784 880 912 935 fecit
947 880 1349 934 ﬁrmamentum
1399 888 1456 933 et
1491 877 1718 932 aridam.
1762 877 1825 930 Et
1875 875 1969 928 ﬁr-

407 978 740 1022 mamentum
769 972 986 1038 quidem
1020 971 1234 1025 vocavit
1266 969 1488 1033 etclam,
1521 968 1741 1023 donans-
1759 968 1808 1022 ei
1848 967 1968 1037 ejus

404 1056 528 1108 ιτα)ιί
584 1057 728 1127 quod
784 1068 910 1112 ante
954 1065 1236 1113 creaverat
1287 1071 1508 1111 nomen.
1563 1056 1785 1109 Aridam
1840 1069 1969 1108 vero

405 1147 944 1216 appellavitterram,
969 1164 1066 1218 pro
1101 1150 1334 1218 eo-quod
1363 1149 1412 1203 ei
1444 1147 1757 1204 facultatem
1784 1145 1967 1200 let-en-

403 1239 595 1293 darum
620 1239 893 1294 fructuum
927 1240 1241 1311 largiretur.
1273 1239 1330 1294 Si
1365 1239 1486 1308 quis
1510 1253 1642 1308 ergo
1674 1253 1770 1293 sua
1813 1237 1968 1306 culpa

400 1329 589 1384 aridus
620 1329 797 1402 adhuc
821 1340 1019 1395 manet,
1056 1339 1113 1385 et
1145 1330 1378 1384 fructum
1411 1329 1620 1384 nullum
1657 1328 1766 1400 55,
1791 1326 1966 1392 alferl,

371 1466 378 1470 _
406 1421 502 1476 sed
530 1422 711 1490 spinas
743 1431 797 1476 ct
827 1423 1071 1488 tribulos,
1105 1423 1249 1478 velut
1281 1423 1419 1492 ignis
1441 1436 1596 1477 escas
1622 1434 1838 1490 gerens,
1878 1434 1967 1472 se-

370 1559 374 1564 .
405 1512 638 1574 eundum
669 1528 728 1567 ea
755 1529 874 1582 quae
897 1529 963 1568 ex
990 1529 1048 1568 se
1073 1514 1318 1583 protulit,
1345 1513 1513 1567 etiam
1534 1512 1650 1580 ipse
1677 1524 1800 1564 esca
1832 1511 1970 1578 ignis

399 1600 650 1658 elﬁcitur.
692 1603 748 1658 Si
780 1619 910 1658 vero
952 1605 1130 1658 studio
1171 1614 1224 1657 et
1257 1603 1538 1673 diligentia
1577 1617 1674 1656 sua
1702 1599 1970 1670 separatis

397 1706 463 1745 ex
522 1707 582 1746 se
626 1693 784 1760 aquis
835 1691 1050 1763 abyssi,
1101 1693 1192 1761 qui
1244 1702 1368 1747 sunt
1405 1693 1708 1747 daemonum
1751 1705 1966 1753 sensus,

397 1784 644 1838 exhibuit
670 1799 730 1840 se
759 1793 970 1839 terram
987 1785 1350 1847 fructiferam,
1377 1783 1542 1838 debet
1565 1797 1787 1853 sperare
1823 1783 1971 1836 simi-

398 1871 491 1936 lia,
532 1873 674 1942 qnod
721 1880 772 1925 et
831 1874 945 1941 ipse
987 1873 1362 1928 introducatur
1420 1886 1449 1926 a
1503 1871 1614 1927 Deo
1661 1871 1713 1926 in
1765 1883 1964 1928 terram

395 1961 647 2018 ﬂuentem
681 1963 763 2018 lac
787 1974 843 2019 et
874 1965 998 2020 mel.

465 2054 520 2107 5.
563 2053 854 2109 Videamus
889 2065 1069 2110 autem
1103 2070 1168 2110 ex
1222 2053 1686 2123 consequentibus
1710 2054 1799 2122 qui
1842 2067 1968 2109 sunt

375 2148 629 2212 .l'ructus,
654 2164 790 2218 quos
817 2151 1120 2218 producere
1175 2151 1314 2204 Deus
1341 2148 1497 2216 jubet
1527 2157 1730 2202 terram
1770 2148 1964 2216 ipsam,

391 2241 479 2293 cui
528 2241 641 2310 ipse
669 2243 769 2296 hoc
804 2255 1000 2294 nomen
1033 2240 1279 2295 imlulsit.
1331 2239 1400 2294 Et
1437 2240 1584 2304 vidit,
1647 2239 1822 2308 inquit
1882 2239 1962 2303 ⁸³,

381 2329 532 2394 Deus
562 2332 686 2400 quia
713 2333 899 2388 bonum
926 2345 1022 2399 est,
1055 2343 1100 2386 et
1135 2335 1268 2387 dixit
1300 2333 1437 2387 Deus
1469 2349 1487 2386 :
1522 2332 1789 2385 Producat
1823 2340 1964 2384 terra

390 2423 604 2477 herbam
653 2424 778 2493 {teni
819 2443 990 2481 semen
1034 2427 1342 2480 seminantis
1376 2425 1660 2478 secundum
1702 2440 1864 2494 genus
1917 2434 1962 2476 et

386 2515 674 2570 secundum
717 2517 1150 2581 similitudinem,
1227 2526 1274 2570 et
1351 2516 1559 2585 lignum
1625 2515 1963 2585 {ructiferum

387 2603 590 2672 faciens
620 2607 870 2676 fructum,
924 2608 1073 2676 cujus
1106 2625 1281 2662 semen
1324 2617 1399 2661 est
1446 2608 1500 2660 in
1534 2608 1646 2675 ipso
1678 2607 1962 2660 secundum

388 2695 788 2756 similitudinem
810 2715 964 2767 super
989 2709 1186 2752 terram
1213 2715 1229 2752 :
1255 2706 1306 2751 et
1321 2697 1520 2766 factum
1541 2706 1616 2751 est
1639 2697 1740 2755 sic.
1756 2696 1964 2751 Secun-

389 2784 516 2838 dum
545 2785 779 2842 litteram
806 2787 1080 2842 manifesti
1115 2800 1245 2843 sunt
1273 2789 1484 2842 fructus
1511 2803 1648 2858 quos
1687 2797 1831 2842 terra
1857 2803 1961 2840 non

391 2874 542 2928 arida
580 2879 850 2944 producit.
895 2877 998 2932 Sed
1038 2877 1236 2932 iterum
1261 2876 1566 2932 referamus
1610 2879 1676 2932 ad
1723 2893 1842 2932 nos.
1905 2877 1962 2930 Si

384 2966 497 3034 jam
550 2965 679 3022 facti
729 2982 920 3024 sumus
953 2979 1118 3033 terra,
1177 2971 1218 3023 si
1261 2970 1374 3040 jam
1420 2985 1524 3024 non
1567 2984 1754 3024 sumus
1785 2969 1959 3035 arida,

390 3056 688 3114 aﬁ‘eramus
728 3059 939 3114 fructus
979 3061 1179 3116 uberes
1223 3071 1278 3115 et
1312 3062 1560 3116 diversos
1608 3063 1748 3126 Deo,
1800 3071 1858 3116 ut
1909 3071 1961 3115 et

395 3167 497 3207 nos
545 3151 933 3206 benedicatnur
986 3170 1013 3206 a
1055 3153 1217 3207 Patre
1262 3155 1474 3208 dicente
1514 3153 1558 3184 ⁸⁵
1592 3167 1607 3207 :
1644 3153 1779 3208 Ecce
1832 3155 1962 3208 odor

387 3243 488 3311 filii
518 3244 618 3297 mei
641 3244 774 3297 sicut
801 3245 932 3298 odor
955 3246 1068 3315 agri
1103 3245 1263 3313 pleni,
1291 3261 1441 3316 quem
1478 3247 1747 3300 benedixit
1781 3247 1965 3301 Domi-

388 3351 528 3398 nus;
581 3345 637 3390 et
666 3336 794 3390 illud
839 3338 983 3406 quod
1031 3339 1110 3391 ait
1164 3338 1456 3407 Apostolus
1511 3341 1851 3410 compleatur
1907 3341 1959 3394 in

386 3427 544 3479 nobis
570 3426 616 3458 ³⁵
642 3445 654 3480 :
686 3427 846 3482 Terra
880 3430 1018 3482 enim
1056 3429 1318 3494 excipiens
1345 3430 1644 3500 frequenter
1676 3433 1962 3486 venientem

385 3532 546 3585 super
567 3533 622 3572 se
649 3518 891 3583 imbrem,
917 3529 962 3573 et
992 3535 1247 3588 generans
1267 3519 1482 3574 herbam
1509 3533 1862 3591 opportunam
1894 3523 1964 3576 iis

384 3624 416 3659 a
439 3609 624 3678 quibus
645 3609 859 3676 colitur,
883 3611 1133 3680 percipiet
1178 3612 1560 3667 benedictiones
1596 3631 1627 3666 a
1658 3612 1789 3667 Deo.
1829 3613 1960 3678 ρυω

385 3715 506 3753 vero
533 3701 715 3769 spinas
753 3711 802 3756 et
835 3703 1052 3756 tribulos
1087 3701 1310 3771 profert,
1343 3705 1563 3772 reproba
1593 3711 1690 3770 est,
1719 3713 1766 3758 et
1797 3704 1958 3759 ntale-

384 3788 530 3842 dicto
553 3791 821 3859 proxima,
847 3793 996 3863 cujus
1024 3793 1146 3861 ﬁnis
1170 3803 1250 3848 est
1271 3795 1324 3848 in
1357 3796 1730 3850 adustienem...

453 3880 507 3931 4.
544 3877 608 3937 Et
633 3883 884 3949 produxit
909 3895 1048 3938 terra
1073 3885 1285 3939 herbam
1333 3885 1458 3953 fami
1488 3903 1664 3941 semen
1694 3889 1960 3942 seminan-

385 3970 453 4023 tis
519 3973 809 4028 secundum
851 3991 1010 4045 genus
1068 3987 1116 4030 et
1182 3978 1467 4032 secuudum
1527 3979 1954 4046 similitudinem,

383 4071 432 4115 et
457 4061 652 4131 lignum
700 4065 1032 4133 fructiferum
1069 4068 1270 4135 faciens
1311 4069 1563 4137 fructum,
1599 4071 1749 4139 cujus
1783 4089 1958 4127 semen

383 4152 438 4205 in
470 4153 586 4220 ipso
614 4155 815 4224 faciens
853 4158 1084 4225 fructum
1127 4160 1416 4213 secundum
1459 4178 1622 4229 genus
1661 4179 1820 4232 super
1849 4174 1956 4217 ter-

386 4258 519 4296 rain.
549 4243 616 4298 Et
646 4247 774 4300 vidit
810 4246 948 4302 Deus
985 4251 1110 4318 quia
1167 4249 1372 4302 bonum.
1401 4261 1498 4312 est,
1547 4262 1594 4304 et
1640 4253 1835 4320 factum
1884 4266 1965 4307 est

383 4349 613 4406 vespere,
663 4346 710 4392 et
759 4337 960 4406 factum
1009 4350 1084 4394 est
1134 4356 1310 4402 mane,
1354 4341 1464 4395 dies
1514 4344 1670 4396 tertia
1716 4345 1784 4398 ⁸⁸.
1840 4345 1954 4400 Νοη

383 4425 558 4480 solum
596 4427 748 4496 jubet
792 4438 952 4485 terrae
990 4430 1237 4499 proferre
1287 4429 1510 4485 herbam
1543 4433 1696 4500 foeni,
1759 4436 1852 4506 sed
1903 4445 1958 4489 et

2047 595 2172 649 -stri
2196 596 2449 649 thesauro
2464 591 2812 663 proferuntur
2837 591 2968 663 (60).
2999 591 3054 645 Si
3086 603 3216 644 vero
3244 585 3496 640 audimus
3525 583 3647 652 qni-
3694 573 3710 628 ἴ

2073 688 2195 742 dem
2237 686 2484 748 ver-bum,
2522 694 2577 739 et
2607 683 2888 738 ex-auditu
2913 681 3094 736 statim
3132 688 3271 734 terra
3305 683 3488 730 nostra
3521 688 3647 741 pro-

2072 775 2222 828 ducit
2262 773 2504 836 herbam,
2546 781 2601 828 et
2639 773 2753 826 haec
2787 771 2950 825 herba
2980 777 3271 836 antequam
3313 767 3381 820 ad
3419 761 3646 816 maturi-

2074 873 2240 920 tatem
2279 865 2362 918 vel
2397 865 2461 918 ad
2503 865 2737 918 fructum
2779 861 2983 925 veniat,
3019 860 3242 923 aruerit,
3275 868 3413 912 terra
3459 862 3640 908 nostra

2074 965 2295 1024 petros—a
2335 954 2716 1024 appellabitur.
2748 954 2803 1007 Si
2833 967 2961 1007 vero
2993 967 3058 1008 ea
3086 966 3208 1021 quae
3239 951 3491 1004 dicuntur
3519 959 3647 1016 pro-

2074 1044 2414 1098 fundioribus
2444 1044 2693 1098 nitantur
2727 1042 2779 1096 in
2814 1043 2980 1098 corde
3028 1049 3214 1094 nostro
3235 1039 3534 1100 radicibus,
3569 1039 3642 1091 ita

2075 1145 2130 1188 ut
2173 1142 2227 1188 et
2274 1134 2506 1187 fructum
2551 1148 2773 1203 operum
2826 1129 3069 1195 aderant,
3112 1140 3166 1184 et
3223 1130 3425 1184 semina
3484 1130 3535 1182 in
3585 1141 3646 1183 se

2077 1225 2315 1280 habeant
2364 1225 2693 1290 futurorum,
2735 1233 2865 1278 tunc
2907 1238 3038 1279 vere
3075 1219 3501 1288 uniuscujusque
3547 1235 3647 1272 nu-

2072 1327 2244 1370 strum
2269 1325 2410 1371 terra
2429 1315 2727 1370 secundum
2748 1315 3001 1370 virtutem
3026 1329 3180 1368 suam
3210 1311 3364 1367 alie-rt
3387 1309 3642 1376 fructum,

2075 1408 2180 1462 alia
2220 1409 2600 1474 centesimum,
2654 1409 2758 1463 alia
2813 1407 3237 1477 sexagesimum,
3287 1404 3398 1458 alia
3425 1401 3644 1470 trigesis

2076 1515 2224 1554 mum
2250 1501 2318 1555 ⁸⁷.
2345 1501 2450 1556 Sed
2477 1511 2532 1556 et
2563 1501 2690 1556 illud
2720 1500 3122 1556 admonendum
3142 1497 3455 1554 necessario
3485 1496 3645 1549 duxi-

2073 1606 2214 1657 mus,
2261 1601 2317 1645 ut
2361 1592 2569 1648 fructus
2600 1603 2784 1647 noster
2835 1607 3105 1661 nusquam
3167 1589 3399 1652 zizania,
3438 1589 3487 1641 id
3538 1595 3642 1650 est,

2076 1698 2344 1753 nusquam
2390 1683 2576 1737 lolium
2608 1684 2846 1737 habeat:
2879 1692 2936 1736 ut
2964 1681 3174 1736 fructus
3219 1689 3402 1735 noster
3434 1693 3537 1732 non
3574 1676 3646 1730 sit

2074 1788 2233 1829 secus
2269 1776 2430 1841 viain,
2481 1773 2575 1830 sed
2617 1773 2672 1826 in
2712 1773 2825 1842 ipsa
2880 1773 3068 1838 via,in
3121 1772 3208 1826 illa
3265 1786 3382 1840 qua:
3422 1766 3643 1828 dicit“.

2073 1866 2185 1936 Ego
2228 1882 2344 1919 sunt
2393 1866 2498 1929 via,
2543 1853 2866 1929 seminetur,
2929 1865 3114 1933 utique
3166 1863 3218 1916 in
3279 1876 3362 1924 ea,
3410 1874 3477 1912 ne
3513 1873 3646 1913 aves

2071 1957 2192 2012 coeli
2262 1957 2555 2011 comedant
2611 1955 2819 2009 fructus
2879 1965 3136 2020 nostros,
3200 1965 3374 2020 neque
3430 1950 3642 2002 vineam

2071 2055 2333 2102 nostram.
2362 2048 2417 2101 Si
2455 2048 2578 2116 quis
2605 2054 2785 2100 tamen
2820 2055 3062 2100 nostrum
3097 2045 3255 2098 vinea
3287 2057 3407 2097 esse
3432 2055 3643 2094 merue-

2071 2139 2174 2203 rit,
2199 2139 2378 2192 videat
2412 2151 2479 2190 ne
2514 2150 2615 2206 pro
2646 2150 2750 2189 uva
2802 2135 2995 2188 afferat
3029 2135 3250 2203 spinas;
3313 2141 3364 2186 et
3424 2141 3645 2200 propter

2071 2231 2174 2285 hoc
2215 2230 2329 2297 jam
2389 2244 2492 2282 non
2541 2229 2846 2298 putabitnr,
2912 2240 3087 2296 neque
3155 2225 3409 2287 fodictur,
3468 2237 3646 2291 neque

2073 2325 2424 2378 mandabitur
2461 2323 2696 2377 nubibus
2726 2330 2783 2374 ut
2808 2321 2993 2389 pluant
3031 2332 3197 2386 super
3218 2331 3334 2369 eam
3368 2315 3597 2385 pluviam
3629 2333 3643 2368 :

2069 2418 2164 2471 sed
2199 2430 2229 2470 e
2260 2414 2540 2470 contrario
2585 2413 2925 2482 relinquetur
2959 2413 3208 2476 deserta,
3249 2420 3306 2464 ut
3336 2410 3648 2464 increscant

2070 2523 2230 2577 super
2259 2523 2377 2560 eam
2413 2506 2596 2576 spinae.
3453 2522 3456 2525 ·

2139 2600 2193 2655 5.
2251 2599 2381 2653 Post
2437 2600 2551 2654 haec
2609 2612 2737 2651 vero
2785 2596 2896 2666 jam
2948 2595 3349 2650 ﬁrmamentum
3404 2601 3653 2647 meretur

2067 2695 2230 2749 etiam
2287 2690 2645 2746 Iuminaribus
2687 2689 2960 2744 adornari.
3023 2689 3111 2741 Ait
3160 2688 3304 2741 enim
3359 2686 3500 2740 Deus
3542 2684 3587 2716 ⁶⁹
3626 2702 3640 2737 :

2069 2786 2232 2840 Fiant
2260 2785 2547 2840 Iuntinaria
2573 2785 2626 2837 in
2650 2783 2980 2852 ﬁrmamento
3011 2781 3146 2844 caeli,
3174 2792 3228 2834 ut
3253 2783 3457 2832 luceant
3489 2793 3646 2846 super

2068 2889 2282 2942 terram,
2333 2889 2379 2931 et
2427 2875 2831 2930 dividant-inter
2869 2876 3074 2927 diemet
3115 2880 3347 2924 noctem.
3400 2871 3553 2921 Sicut
3587 2868 3649 2919 in-

2068 2972 2411 3026 ﬁrmamento
2453 2970 2558 3023 isto
2615 2970 2762 3037 quod
2806 2965 2922 3035 jam
2949 2963 3146 3019 cmlum
3179 2961 3354 3018 fuerat
3406 2959 3644 3029 appella—

2071 3072 2208 3126 tum,
2237 3063 2398 3129 jubet
2429 3062 2568 3116 Deus
2601 3061 2722 3114 ﬁeri
2768 3057 3086 3117 luminaria,
3127 3063 3186 3108 ιιι
3214 3053 3476 3107 dividant.
3500 3053 3644 3104 inter

1989 3183 2034 3242 ο
2068 3155 2304 3210 medium
2333 3154 2438 3208 diei
2470 3162 2532 3206 et
2563 3151 2737 3206 noctis
2770 3168 2782 3203 :
2819 3149 2890 3202 ita
2924 3157 2978 3201 et
3009 3146 3263 3206 innubis
3285 3144 3403 3197 ﬁeri
3439 3150 3654 3211 potest:-

2030 3233 2034 3250 ἴ
2067 3245 2112 3299 si
2156 3252 2336 3297 tamen
2367 3241 2683 3296 studeatnus
2711 3249 2778 3294 et-
2803 3255 2902 3295 nos
2929 3237 3112 3292 vocari
3135 3244 3210 3289 et
3233 3233 3369 3288 ellici
3393 3233 3591 3288 malum
3621 3249 3636 3286 :

2066 3334 2353 3387 luminaria
2393 3332 2716 3387 habebimus
2749 3333 2800 3385 in
2833 3330 2988 3384 nobis
3012 3371 3027 3395 ,
3052 3342 3171 3398 quae
3197 3327 3499 3380 illuminent
3523 3341 3656 3389 nos,-

2065 3420 2344 3474 Christum
2403 3429 2458 3473 et
2511 3417 2814 3472 Ecclesiam
2877 3416 3017 3486 ejus.
3073 3417 3190 3485 Ipse
3235 3426 3319 3471 est
3362 3417 3504 3470 enim
3548 3416 3651 3470 lux-

2065 3511 2273 3578 mnndi,
2314 3513 2406 3580 qui
2461 3520 2516 3564 et
2547 3509 2847 3566 Ecclesiam
2884 3510 3153 3565 illuminat
3177 3525 3273 3566 sua
3315 3509 3452 3564 luce.
3488 3507 3658 3564 Sicut-

2063 3605 2206 3660 enim
2251 3604 2378 3658 luna
2417 3605 2484 3658 de
2517 3603 2630 3659 sole
2652 3602 2855 3658 dicitur
2883 3603 3162 3672 percipere
3185 3601 3387 3667 lumen,
3437 3611 3496 3655 ut
3539 3617 3637 3671 per

2061 3696 2232 3765 ipsam
2268 3697 2430 3749 etiam
2458 3710 2562 3750 nox
2587 3695 2758 3765 possit
2788 3693 3122 3759 illuminari;
3159 3695 3234 3747 ita
3281 3705 3334 3748 et
3363 3694 3636 3758 Ecclesia,

2061 3797 2314 3858 suscepto
2371 3787 2576 3842 lumine
2627 3785 2857 3852 Christi,
2918 3785 3191 3840 illuminat
3237 3799 3426 3841 omnes
3455 3786 3548 3854 qui
3585 3787 3658 3840 in.

2063 3879 2385 3950 ignorantiae
2424 3887 2582 3933 nocte
2626 3887 2941 3932 versantur.
2998 3876 3072 3931 Si-
3102 3892 3229 3932 vero
3280 3877 3406 3944 quis
3449 3878 3501 3930 in
3536 3877 3651 3930 boc-

2063 3972 2339 4042 proﬁeiat,
2372 3981 2432 4026 ut
2460 3969 2572 4039 jam
2605 3969 2747 4024 ﬁlius
2794 3968 2886 4022 Dei
2929 3967 3214 4033 elﬁeiatur,
3250 3968 3340 4023 sic.
3369 3977 3423 4021 ut
3453 3968 3506 4021 in
3550 3967 3640 4020 die

2062 4065 2288 4118 honeste
2319 4061 2576 4126 ambulet,
2602 4061 2756 4130 quasi
2784 4059 2928 4115 ﬁlius
2955 4059 3070 4123 Dei,
3093 4069 3148 4112 et
3179 4059 3322 4113 ﬁlius
3357 4059 3492 4113 lucis
3515 4076 3528 4110 :
3552 4059 3638 4112 ltic

2061 4152 2516 4222 abipsoChristo
2539 4152 2888 4206 illuminatur-
2913 4151 3052 4206 sicut
3083 4150 3250 4205 dies-a
3287 4151 3423 4205 sole.
3479 4181 3482 4184 -
3603 4215 3616 4223 ο

2133 4245 2187 4299 6.-
2240 4243 2307 4297 Et
2342 4245 2443 4298 sint
2475 4247 2529 4297 in
2555 4244 2712 4312 signa
2748 4253 2795 4296 et
2834 4253 3088 4308 tempora,
3125 4253 3171 4294 et
3222 4244 3279 4294 in
3325 4243 3435 4294 dies
3477 4253 3523 4293 et
3581 4242 3638 4293 in

2067 4352 2284 4389 «mn-os:
2329 4344 2377 4387 et
2435 4334 2568 4400 ﬁant
2616 4333 2686 4386 ad
2737 4333 3147 4386 illuminandum
3191 4334 3246 4384 in
3303 4332 3634 4400 ﬁrmamento

2060 4426 2196 4492 caeli,
2240 4436 2291 4479 ut
2316 4425 2524 4479 luceant
2550 4440 2706 4493 super
2757 4434 2974 4477 terrain.
3015 4423 3080 4476 Et
3123 4423 3322 4490 factum
3358 4433 3431 4476 est
3459 4424 3534 4476 sic
3565 4423 3631 4474 9°.

382 4533 567 4574 semen
601 4519 863 4588 proferre,
913 4531 971 4577 ut
1007 4538 1221 4591 semper
1257 4523 1487 4580 fructum
1526 4527 1697 4594 possit
1723 4527 1944 4586 aﬁ‘erre.
1985 4513 2028 4566 θ
2061 4519 2216 4575 SiCUl
2261 4518 2554 4573 luminaria
2592 4519 2698 4572 is“!
2747 4518 2897 4583 εωιί»
2958 4532 3078 4586 qum
3142 4518 3410 4582 Videmus,
3458 4517 3632 4586 Ροδίιῖι

380 4607 447 4662 Ει
475 4624 582 4664 non
615 4611 958 4681 solumjubet
985 4615 1185 4684 lignum
1227 4614 1600 4683 fructiferum,
1644 4619 1738 4672 sed
1775 4628 1830 4673 et
1874 4620 1950 4673 l‘a-

379 4701 534 4756 ciens
564 4717 772 4770 semen,
811 4703 966 4772 cujus
1002 4719 1184 4759 semen
1233 4705 1285 4759 in
1335 4706 1454 4776 ipso
1499 4717 1602 4774 est,
1651 4712 1950 4766 secundum

376 4804 567 4859 genus,
601 4794 652 4848 id
684 4803 784 4857 est,
818 4805 876 4850 ut
901 4811 1118 4866 semper
1147 4811 1210 4851 ex
1241 4797 1328 4853 his
1367 4800 1701 4868 seminibus,
1742 4818 1861 4872 qua:
1897 4806 1948 4857 in

376 4886 438 4936 se
468 4884 652 4951 habet,
692 4885 926 4941 [metum
967 4889 1146 4957 possit
1191 4888 1409 4945 afferre.
1461 4891 1525 4945 Et
1569 4907 1667 4948 nos
1706 4907 1835 4964 ergo
1874 4896 1946 4949 ita

377 4972 642 5030 debemus
667 4986 730 5031 et.
762 4978 1094 5034 fructiﬁcare
1129 4977 1387 5046 fructum,
1421 4985 1715 5039 et-semina
1747 4987 1948 5042 habere

374 5061 434 5117 in
467 5066 623 5122 nobis
653 5069 804 5138 ipsis,
855 5071 905 5124 id
954 5081 1071 5137 est,
1111 5074 1352 5128 omnium
1407 5074 1686 5130 bonorum.
1724 5092 1945 5147 opermn

373 5157 734 5228 omniumque
755 5161 1012 5216 virtutum
1039 5164 1245 5218 semina
1276 5165 1330 5218 in
1363 5165 1527 5220 corde
1555 5175 1741 5221 nostro
1775 5171 1971 5223 conti--

374 5262 557 5310 nere:
594 5258 650 5302 ut
683 5251 793 5326 haec
826 5253 1086 5309 habentes
1115 5255 1222 5309 ﬁxa
1260 5255 1312 5308 in
1350 5258 1622 5313 mentibus
1651 5262 1854 5316 nostris
1882 5277 1944 5318 ex

286 5350 290 5353 '
368 5336 644 5407 ipsisjam
677 5356 866 5398 omnes
897 5357 1082 5414 actus,
1127 5348 1216 5416 qui
1254 5349 1589 5403 incurrerint
1627 5350 1816 5416 nobis,
1863 5369 1949 5407 se-

370 5432 612 5486 cundum
637 5434 902 5504 justitiam
940 5454 1212 5508 geramus.
1246 5441 1336 5497 lsti
1371 5452 1499 5498 sunt
1535 5444 1679 5497 enim
1722 5447 1947 5502 seminis

445 5571 491 5647 ξ’
530 5571 664 5628 Gen.
695 5590 735 5628 ι.
787 5575 854 5647 1ξο
893 5585 949 5632 et
979 5577 1066 5634 ll.
1125 5579 1171 5611 3"
1197 5579 1330 5634 Gen.
1379 5599 1552 5647 xxvu,
1579 5584 1673 5638 27.

1750 5585 1795 5617 ⁸⁸
1826 5585 1957 5642 lleb.
1981 5603 2058 5648 v1,
2093 5589 2124 5639 7
2162 5596 2214 5641 et
2251 5586 2305 5640 8.

2059 4622 2186 4668 sunt
2217 4613 2269 4667 in
2307 4611 2458 4682 signa
2487 4619 2544 4666 et
2581 4610 2634 4664 in
2666 4621 2934 4681 tempora,
2969 4619 3027 4664 et
3074 4611 3190 4665 dies
3243 4619 3296 4664 et
3345 4624 3539 4675 annos,
3578 4622 3636 4663 ut

2057 4706 2273 4762 luceant
2310 4704 2377 4759 de
2418 4703 2762 4759 ﬁrmamento
2793 4705 2918 4759 caeli
2966 4703 3052 4758 his
3094 4703 3184 4772 qui
3223 4717 3387 4771 super
3432 4711 3634 4756 terram

2059 4805 2185 4852 sunt
2219 4818 2228 4852 :
2264 4796 2366 4850 hoc
2406 4796 2566 4850 modo
2599 4796 2762 4850 etiam
2797 4793 3054 4850 Christus
3092 4794 3402 4850 illuminans
3447 4793 3657 4847 Ercle--

2059 4888 2194 4943 siam
2242 4901 2420 4951 suam,
2476 4885 2630 4956 signa
2667 4887 2758 4940 dat
2792 4901 2886 4955 per
2925 4895 3198 4954 praecepta
3236 4901 3330 4939 sua
3361 4895 3456 4939 :ut
3497 4887 3661 4940 sciat:

2061 4979 2332 5048 quomodo
2370 4977 2492 5045 quis
2544 4987 2768 5045 accepto
2803 4978 2958 5046 signo
3003 4976 3176 5046 fugiat
3217 4979 3284 5032 ab
3323 4978 3403 5031 ira
3444 4992 3632 5046 super-

2059 5081 2310 5134 ventura,
2358 5071 2436 5124 uti
2479 5085 2544 5124 ne
2568 5072 2682 5124 dies
2707 5069 2795 5122 illa
2829 5069 2973 5123 sicut
3003 5069 3089 5122 fur
3121 5063 3631 5136 eum‘comprehen-
3652 5100 3666 5109 ο

2060 5165 2152 5216 dat
2189 5181 2200 5216 :
2237 5164 2330 5217 sed
2365 5172 2422 5216 ut
2449 5162 2620 5229 magis
2655 5161 2942 5230 pervenire
2977 5160 3149 5229 possit
3181 5161 3232 5214 in
3267 5176 3482 5214 annum.
3519 5161 3624 5212 Ι)οκ

2061 5257 2188 5310 mini
2223 5254 2638 5323 acccptabilem.
2673 5252 2934 5307 Chrisuts
2954 5266 3085 5321 ergo
3119 5259 3204 5305 est
3233 5250 3328 5304 ius:
3350 5267 3629 5319 vera-qua:

2056 5352 2323 5404 illuminat
2364 5365 2568 5402 omnem
2598 5346 2860 5399 hominem
2900 5345 3184 5397 venientem
3228 5344 3282 5395 in
3313 5345 3450 5394 hunc
3477 5360 3659 5396 man--

2054 5449 2182 5498 dum
2216 5443 2293 5506 ⁹¹;
2321 5457 2383 5496 ex
2413 5440 2564 5508 cujus
2592 5440 2793 5494 lumine
2835 5439 3132 5494 illuminata
3166 5437 3427 5502 Ecclesia,
3461 5439 3661 5493 etiamm

2381 5583 2428 5614 ”
2460 5583 2596 5640 Gen.
2635 5600 2681 5651 t,
2714 5584 2779 5637 1‘2
2807 5593 2863 5639 et
2892 5583 2982 5637 15.
3061 5582 3105 5612 ⁸⁷
3157 5582 3349 5638 Matth.
3373 5599 3499 5650 λιιι,
3531 5585 3632 5642 95.

370 5637 596 5696 "Joau.
638 5659 746 5710 xiv,
798 5645 854 5701 6.
929 5648 972 5680 εν
999 5647 1136 5704 Gen.
1168 5665 1206 5716 ι,
1243 5649 1328 5706 14.
1406 5653 1453 5686 σο
1493 5637 1626 5710 uitii.
1657 5637 1722 5709 it
1747 5664 1802 5710 et
1829 5637 1957 5713 is“

2091 5637 2326 5721 λοεὶίιζί,
2373 5655 2424 5709 8.

453 5773 600 5846 (60)
629 5775 712 5832 Ea:
738 5777 868 5834 bono
903 5785 1076 5835 cordis
1113 5784 1279 5838 nostri
1311 5785 1574 5840 thesauro.
1611 5787 1700 5844 Sic
1725 5787 1922 5844 habent
1949 5804 2103 5855 mss,
2135 5787 2381 5860 impressi
2413 5801 2555 5852 vero,
2578 5803 2642 5851 ea:
2664 5787 2808 5840 bonis
2837 5786 3010 5840 cordis
3043 5787 3208 5840 nostri
3228 5787 3516 5842 thesauris.
