4138 6446
475 385 574 439 illi

1961 389 2282 444 OlilGENlS

3626 393 3731 447 152

468 501 584 567 ipsa
614 501 699 554 lux
728 504 909 557 mundi
928 504 1176 566 ellii-itur,
1215 502 1524 557 illuminans
1557 517 1651 557 eos
1676 505 1768 572 qui
1816 505 1867 557 in
1898 516 2046 559 tene—
2079 516 2122 566 Λ
2151 508 2448 560 secundum
2483 507 2755 574 propriam
2790 520 2943 558 suam
2989 508 3262 559 virtutem.
3293 506 3399 558 Aut
3426 504 3571 558 cnim
3599 521 3721 562 cum

469 593 583 646 bris
610 600 734 646 sunt
776 611 788 645 :
815 596 952 647 sicut
993 602 1046 647 et
1094 594 1206 661 ipse
1230 593 1485 649 Christus
1514 603 1852 648 contestatur
1880 597 2040 650 disci—

468 681 608 747 pulis
653 683 765 736 suis
811 683 1000 736 dicens
1036 685 1080 715 ⁹²
1119 702 1131 736 :
1177 682 1279 737 Vos
1305 686 1428 738 estis
1459 685 1551 738 lux
1580 686 1782 739 mundi.
1829 687 1905 739 Ex
1936 702 2041 756 quo

464 774 791 838 ostenditur,
821 774 950 842 quia
985 775 1243 829 Christus
1282 776 1498 844 quidem
1529 776 1617 829 lux
1659 785 1741 831 est
1772 778 2041 846 apostolo-

466 876 606 928 rum,
637 863 868 931 apostoli
905 879 1033 920 vero
1074 867 1163 923 lux
1200 868 1409 921 mundi.
1439 867 1543 937 Ipsi
1584 869 1728 922 enim
1767 876 1891 921 sunt
1935 882 2038 921 non

461 956 727 1013 habentes
753 956 1023 1011 maculam
1049 958 1129 1012 vel
1162 974 1372 1027 rugam,
1401 969 1495 1013 aut
1540 960 1748 1027 aliquid
1783 959 2039 1026 hujusce-

458 1050 630 1115 modi,
668 1064 798 1105 vera
838 1048 1080 1104 Ecclesia
1114 1067 1124 1100 :
1153 1053 1293 1105 sicut
1319 1061 1374 1106 et
1431 1052 1731 1120 Apostolus
1788 1051 1921 1104 dicit
1948 1052 2037 1106 υς

458 1136 529 1193 Ut
565 1141 674 1210 ipse
692 1142 789 1195 sibi
816 1142 1055 1195 exhibeat
1084 1143 1369 1211 gloriosam
1406 1144 1697 1197 Ecclesiam
1726 1159 1827 1196 non
1852 1143 2042 1195 haben-

460 1240 561 1284 tem
589 1232 881 1297 maculam,
906 1244 999 1287 aut
1024 1249 1234 1303 rugam,
1282 1245 1372 1287 aut
1405 1234 1607 1304 aliquid
1644 1235 1967 1296 huiusmodi.

532 1322 585 1375 7.
622 1322 692 1375 Et
731 1323 854 1391 fecit
889 1322 1029 1376 Deus
1060 1324 1165 1375 duo
1197 1323 1487 1375 luminaria
1518 1339 1709 1393 magna
1738 1340 1754 1375 :
1783 1324 2040 1376 luminare

458 1412 633 1480 majus
672 1414 725 1465 in
761 1415 1120 1482 principatum
1165 1415 1304 1480 diei;
1361 1424 1410 1469 et
1454 1415 1722 1468 luminare
1762 1417 1935 1468 minus
1986 1416 2039 1467 in

456 1505 815 1573 principatum
839 1508 1028 1571 noctis,
1064 1516 1111 1559 et
1161 1506 1362 1560 stellas.
1402 1507 1467 1559 Et
1498 1508 1670 1576 posuit
1701 1524 1763 1560 ea
1805 1506 1945 1561 Deus
1978 1510 2031 1560 in

456 1594 789 1659 ﬁrmamento
808 1594 945 1657 caeli,
963 1605 1016 1648 ut
1040 1595 1251 1649 luceant
1273 1613 1426 1665 super
1447 1608 1636 1649 terram
1666 1605 1714 1648 et
1732 1605 2039 1664 potestatem

463 1684 688 1736 habeant
712 1685 819 1738 diei
846 1694 896 1739 et
922 1687 1111 1753 noctis,
1137 1696 1186 1740 et
1204 1688 1443 1740 dividant
1476 1689 1613 1741 inter
1632 1688 1858 1740 medium
1879 1688 2037 1752 lucis,

460 1786 508 1826 ct
538 1776 677 1828 inter
852 1779 1077 1831 medium
1112 1778 1463 1831 tenebrarum.
1495 1776 1563 1832 Et
1588 1780 1714 1832 vidit
1740 1779 1880 1834 Deus
1912 1780 2039 1847 quia

2152 596 2322 649 turbis
2346 596 2593 650 venimus
2618 598 2683 650 ad
2706 611 2857 659 eum,
2886 604 2940 649 et
2972 611 3069 665 per
3091 596 3375 665 parabolas
3403 611 3499 651 nos
3527 598 3720 663 reﬁcit,

2146 686 2211 738 ad
2254 688 2354 741 hoc
2400 688 2775 741 tantummodo
2810 701 2876 740 ne
2923 686 3109 741 multis
3135 686 3358 754 jejnulis
3408 688 3723 743 deﬁciamus

2149 780 2199 830 in
2232 780 2315 831 via
2354 800 2363 832 :
2406 787 2498 831 aut
2534 789 2681 833 certe
2714 792 2931 847 semper
2978 788 3032 833 et
3071 778 3437 832 indesinenter
3484 779 3603 847 ejus
3630 795 3724 847 pe-

2147 864 2301 917 dibus
2332 866 2642 921 assidemus
2668 868 2733 931 ’9,
2772 876 3030 921 vacantes
3058 867 3125 921 ad
3173 871 3276 921 hoc
3327 868 3500 921 solum
3534 877 3595 921 ut
3630 883 3723 921 au-

2146 958 2358 1011 diamus
2388 960 2612 1011 verbum
2663 960 2803 1028 ejus,
2856 974 3198 1029 nequaquam
3249 960 3549 1028 perturbati
3591 974 3719 1029 erga

2146 1048 2374 1102 multum
2416 1050 2805 1115 ministerium,
2845 1053 2937 1105 sed
2979 1051 3236 1119 optimam
3274 1058 3481 1118 partem
3516 1048 3724 1119 eligen-

2147 1149 2247 1203 tes,
2274 1154 2394 1209 quze
2437 1158 2547 1195 non
2580 1142 2861 1196 auferetur
2899 1158 2927 1196 a
2956 1144 3134 1197 nobis.
3172 1142 3237 1195 Et
3282 1142 3468 1210 utique
3509 1142 3603 1210 qui
3643 1143 3723 1197 sic

2145 1232 2414 1285 accedunt
2450 1234 2517 1285 ad
2560 1249 2704 1297 eum,
2753 1235 2924 1288 multo
2966 1233 3200 1303 amplius
3244 1247 3313 1287 ex
3358 1234 3478 1302 ejus
3520 1233 3725 1287 lumine

2145 1335 2579 1393 consequuntur.
2627 1323 2682 1377 Si
2715 1338 2844 1378 vero
2893 1325 3034 1379 sicut
3064 1325 3291 1392 apostoli
3323 1340 3588 1395 nusquam
3614 1340 3725 1380 om-

2145 1414 2275 1468 nino
2310 1429 2625 1469 moveamur
2656 1419 2724 1470 ab
2768 1432 2852 1479 eo,
2893 1416 2986 1470 sed
3031 1432 3246 1485 seraper
3278 1432 3397 1472 cum
3426 1432 3491 1472 eo
3516 1432 3726 1486 perma-

2144 1520 2369 1559 neamus
2404 1508 2455 1559 in
2500 1508 2752 1561 omnibus
2801 1509 3250 1563 tribulationibus
3280 1509 3417 1577 ejus,
3459 1520 3587 1563 tunc
3627 1524 3727 1563 no-

2143 1598 2224 1650 bis
2253 1609 2475 1651 secreto
2507 1613 2593 1661 ea,
2618 1614 2740 1667 qua:
2767 1598 2833 1652 ad
2867 1601 3055 1653 turbas
3096 1600 3308 1655 locutus
3344 1601 3539 1664 fuerat,
3566 1614 3725 1668 expo-

2143 1688 2241 1751 nit,
2276 1699 2440 1756 atque
2470 1688 2743 1753 dissolvit,
2776 1699 2831 1744 et
2859 1691 3031 1745 multo
3062 1691 3264 1745 clarius
3297 1691 3570 1745 illuminat
3603 1704 3721 1745 nos.

2146 1777 2200 1832 Si
2243 1795 2374 1834 vero
2400 1781 2563 1834 etiam
2602 1782 2721 1836 talis
2747 1782 2873 1850 quis
2900 1783 3083 1845 fuerit,
3121 1794 3174 1837 ut
3210 1784 3458 1852 possitet
3496 1785 3547 1838 in
3575 1796 3726 1837 mon-

458 1867 653 1923 bonum
673 1878 746 1922 est
774 1886 792 1921 :
815 1879 862 1923 et
883 1870 1081 1937 factum
1112 1881 1184 1923 est
1215 1887 1437 1938 vespere,
1472 1880 1521 1923 et
1546 1872 1740 1938 factum
1780 1882 1852 1924 est
1890 1887 2040 1924 mane
2075 1848 2118 1908 Β
2151 1880 2255 1923 tem
2295 1870 2591 1924 ascendere
2628 1886 2754 1924 cum
2785 1886 2850 1926 eo
2890 1874 3031 1927 sicut
3062 1873 3275 1935 Petrus,
3305 1885 3358 1927 et
3384 1872 3637 1939 Iacobus,
3668 1880 3726 1929 et

454 1960 567 2013 dies
588 1971 780 2028 quarta
795 1961 863 2015 ".
887 1961 1039 2017 Sicut
1062 1962 1212 2017 solet
1231 1962 1355 2016 luna
1382 1978 1575 2032 magna
1596 1963 1880 2016 luminaria
1900 1964 2038 2017 dicta

454 2062 585 2105 sunt
612 2067 729 2106 esse
759 2054 810 2107 in
841 2053 1184 2107 ﬁrmamento
1216 2053 1374 2119 caeli;
1405 2055 1478 2106 ita
1513 2062 1567 2108 et
1599 2055 1649 2105 in
1698 2054 1851 2108 nobis
1884 2052 2035 2107 Chri-

452 2154 572 2198 stus
601 2152 655 2198 et
683 2144 950 2200 Ecclesia.
984 2140 1091 2199 Sed
1124 2145 1382 2214 quoniam
1420 2146 1585 2199 etiam
1615 2144 1803 2199 stellas
1853 2147 1903 2199 in
1946 2146 2036 2198 ﬁr-

456 2245 730 2291 mamento
777 2235 955 2306 posuit
994 2237 1158 2301 Deus,
1196 2236 1478 2290 videamus
1527 2251 1649 2304 qua:
1691 2246 1816 2290 sunt
1870 2238 2037 2290 etiam

453 2328 506 2380 in
541 2328 696 2382 nobis
726 2328 918 2392 stellre,
945 2328 997 2382 id
1034 2336 1134 2394 est,
1173 2329 1225 2383 in
1258 2328 1441 2383 cordis
1480 2328 1651 2383 nostri
1684 2329 1846 2382 caelo.
1885 2328 2036 2399 Moy-

453 2431 544 2473 ses
589 2419 744 2473 stella
785 2430 869 2475 est
910 2420 961 2474 in
996 2422 1174 2486 nobis,
1219 2437 1338 2489 qua:
1383 2422 1526 2475 lucet
1556 2429 1610 2474 et
1643 2420 1909 2474 illuminat
1940 2437 2038 2477 nos

455 2511 666 2567 actibus
694 2513 912 2567 suis.Et
940 2514 1240 2580 Abraham,
1269 2512 1448 2577 Isaac,
1468 2524 1522 2567 et
1547 2512 1741 2578 Jacob,
1771 2523 1823 2567 et
1846 2514 2034 2579 Isaias,

450 2616 504 2659 et
531 2602 815 2670 Jeremias,
854 2616 911 2660 et
958 2606 1234 2673 Ezechiel,
1283 2617 1337 2661 et
1382 2606 1568 2669 David,
1603 2614 1657 2659 et
1707 2607 1894 2660 Daniel
1935 2626 1945 2659 :
1982 2616 2037 2661 et

450 2711 641 2753 omnes
673 2699 871 2767 quibus
906 2697 1192 2767 Scriptura
1239 2709 1427 2754 sancta
1466 2700 1835 2754 testimonium
1866 2700 2033 2763 dedit,

450 2788 579 2855 quia
611 2788 916 2857 placuerint
944 2790 1076 2845 Deo.
1120 2791 1269 2845 Sicut
1298 2791 1442 2845 enim
1476 2791 1626 2845 stella
1650 2792 1714 2844 ab
1748 2791 1900 2845 stella
1930 2791 2035 2857 dif-

451 2882 551 2949 fert
581 2882 636 2935 in
661 2883 902 2937 claritate
931 2883 1000 2948 ³³,
1026 2885 1096 2938 ita
1126 2885 1289 2938 etiam
1316 2894 1632 2940 sanctorum
1660 2886 2033 2954 unusquisque

450 2974 748 3029 secundum
777 2975 1208 3045 magnitudinem
1257 2991 1409 3030 suam
1453 2977 1631 3031 lumen
1674 2992 1828 3031 suum
1857 2977 2034 3030 tundit

450 3073 503 3125 in
536 3089 654 3128 nos.
688 3072 844 3129 Sicut
876 3085 1056 3129 autem
1089 3076 1247 3129 solet
1280 3075 1407 3129 luna
1450 3075 1760 3128 illuminant
1800 3087 2031 3142 corpora

452 3173 635 3218 nostra
662 3182 674 3217 :
706 3164 779 3219 ita
806 3175 861 3219 et
887 3182 915 3218 a
939 3166 1158 3221 Christo
1186 3174 1345 3236 atque
1376 3167 1615 3220 Ecclesia
1654 3167 2033 3221 illuiuinantur

449 3265 664 3311 mentes
696 3266 916 3313 nostra).
959 3256 1037 3312 l‘ta
1074 3268 1249 3315 tamen
1305 3260 1697 3325 illuminantur,
1728 3259 1771 3312 si
1815 3274 1921 3313 non
1956 3258 2031 3312 si-

450 3362 571 3401 mus
601 3348 872 3403 mentibus
901 3351 1052 3405 caeci.
1080 3351 1209 3414 Nam
1236 3352 1381 3405 sicut
1405 3352 1487 3405 sol
1514 3360 1564 3405 et
1593 3352 1717 3405 luna
1742 3349 2033 3419 corporali-

452 3439 553 3491 bus
584 3439 759 3492 oculis
792 3454 966 3495 caecos
993 3442 1241 3509 quamvis
1288 3441 1587 3506 illustrent,
1617 3440 1694 3495 illi
1736 3450 1914 3494 tamen
1950 3455 2034 3494 re-

450 3528 636 3597 cipere
684 3529 864 3584 lumen
905 3546 1013 3585 non
1061 3540 1324 3601 possunt;
1365 3534 1435 3586 ita
1488 3542 1539 3587 et
1577 3532 1828 3587 Christus
1858 3532 2031 3586 lucem

450 3634 606 3673 suam
637 3623 1163 3689 praestat-mentibus
1204 3622 1428 3687 nostris,
1463 3624 1557 3678 sed
1586 3625 1660 3677 ita
1689 3625 1906 3679 demum
1938 3638 2035 3679 nos

453 3712 800 3778 illumi‘nabit,
842 3716 888 3769 si
949 3730 1292 3787 nequaquam
1348 3719 1563 3772 emcitas
1618 3718 1816 3772 mentis
1866 3720 2036 3787 impe-

452 3806 587 3857 diat.
615 3804 768 3870 Quod
796 3807 961 3861 etiam
995 3808 1039 3861 si
1072 3809 1281 3864 accidat
1306 3811 1506 3878 primo,
1545 3818 1764 3878 oportet
1809 3823 1902 3864 eos
1940 3811 2032 3877 qui

457 3897 589 3950 czeci
614 3907 740 3950 sunt
767 3899 919 3966 sequi
948 3898 1249 3965 Christum,
1274 3902 1514 3956 dicentes
1537 3910 1585 3955 et
1617 3902 1915 3956 clamantes
1944 3902 1989 3934 "
2017 3920 2029 3954 :

454 3986 705 4041 Miserere
734 3989 900 4054 nobis,
932 3990 1012 4058 ﬁli
1043 3991 1240 4057 David,
1282 4004 1344 4045 ut
1378 3994 1543 4047 etiam
1577 3994 1751 4048 visum
1804 3995 1870 4047 ab
1914 3995 2034 4063 ipso

459 4080 807 4148 recipientes,
861 4084 1072 4149 possint
1124 4082 1383 4152 deinceps
1430 4093 1485 4137 et
1539 4085 1677 4139 lucis
1705 4086 1823 4154 ejus
1859 4085 2032 4153 splen-

455 4170 587 4223 dore
621 4172 843 4225 radiari.
878 4169 1076 4225 Verum
1124 4188 1231 4227 non
1283 4174 1562 4243 :equaliter
1592 4189 1781 4229 omnes
1822 4176 1915 4243 qui
1959 4176 2035 4229 vi-

453 4264 582 4316 dent
614 4263 992 4319 illuminantur
1020 4282 1047 4318 a
1075 4265 1312 4333 Christo,
1367 4269 1460 4322 sed
1507 4267 1702 4337 singuli
1732 4267 2029 4322 Secundum

451 4372 568 4410 eam
600 4372 912 4413 mensuram
945 4358 1338 4423 illuminantur,
1366 4376 1470 4431 qua
1494 4361 1602 4415 vim
1646 4360 1863 4414 luminis
1893 4359 2032 4414 reci-

453 4461 583 4515 pere
610 4447 810 4500 valent.
839 4446 907 4500 Et
948 4448 1090 4501 sicut
1129 4464 1235 4503 non
1264 4449 1552 4518 mqualiter
1597 4450 1740 4505 oculi
1784 4450 2033 4517 corporis

2144 1959 2403 2024 Joannes,
2433 1962 2531 2015 iste
2580 1979 2685 2015 non
2728 1964 2897 2017 solum
2941 1965 3147 2019 Christi
3178 1966 3403 2031 lumine,
3433 1965 3525 2018 sed
3556 1965 3722 2020 etiam

2142 2056 2322 2110 Patris
2354 2058 2525 2126 ipsius
2570 2058 2965 2113 illuminabitur
2994 2075 3147 2115 voce.

2210 2151 2263 2203 8.
2302 2148 2369 2202 Et
2410 2151 2543 2203 dixit
2574 2149 2714 2203 Deus
2743 2168 2760 2203 :
2797 2148 3104 2206 Producant
3145 2169 3296 2221 aqua:
3339 2153 3569 2221 repentia
3604 2153 3723 2207 ani-

2142 2256 2349 2293 marum
2385 2241 2654 2307 vivarum,
2700 2251 2747 2295 et
2784 2242 3024 2295 volatilia
3075 2242 3307 2296 volantia
3332 2258 3493 2312 super
3529 2252 3723 2296 terram

2140 2334 2426 2384 secundum
2479 2332 2870 2397 firmamentum
2912 2334 3049 2386 (mli.
3096 2332 3163 2385 Et
3196 2335 3399 2400 factum
3447 2344 3521 2387 est
3577 2335 3651 2385 sic
3680 2333 3720 2388 ⁸.

2142 2419 2450 2473 Secundum
2489 2419 2726 2473 litteram
2752 2421 2904 2488 jussu
2942 2420 3038 2477 Dei
3072 2424 3453 2491 producuntur
3479 2423 3546 2476 ab
3569 2424 3722 2493 aquis

2142 2512 2383 2579 repentia
2422 2519 2478 2564 et
2527 2512 2763 2565 volatilia
2791 2554 2807 2579 ,
2863 2522 2918 2568 et
2963 2513 3079 2568 haec
3118 2530 3238 2583 qua:
3266 2514 3513 2570 videmus
3554 2530 3584 2569 a
3613 2529 3722 2584 quo

2139 2600 2249 2654 sint
2303 2598 2441 2653 facta
2490 2604 2897 2669 cognoscimus.
2956 2602 3063 2657 Sed
3115 2604 3394 2657 videamus
3447 2604 3723 2672 quomodo

2137 2692 2301 2745 etiam
2331 2692 2630 2745 secundum
2658 2702 2902 2746 nostrum
2931 2693 3333 2748 ﬁrmamentum
3365 2694 3510 2762 cmli,
3536 2696 3590 2749 id
3614 2704 3719 2761 est,

2137 2784 2333 2838 mentis
2380 2791 2578 2838 nostra:
2623 2784 2705 2837 vel
2753 2785 2934 2839 cordis
2970 2787 3321 2848 soliditatem,
3376 2788 3490 2841 haec
3522 2787 3717 2840 eadem

2137 2875 2286 2929 ﬁant.
2319 2876 2589 2941 Arbitror,
2611 2877 2737 2946 quia
2776 2878 2818 2931 si
2860 2893 3016 2932 mens
3050 2888 3239 2933 nostra
3270 2877 3571 2933 illuminata
3602 2878 3721 2931 fue-

2137 2969 2206 3021 rit
2233 2984 2259 3020 a
2286 2978 2471 3023 nostro
2502 2970 2615 3023 sole
2638 2971 2875 3036 Christo,
2900 2970 3124 3038 jubetur
3162 2972 3502 3040 postmodum
3533 2984 3599 3023 ex
3632 2971 3720 3026 his

2136 3074 2257 3127 quae
2293 3060 2345 3112 in
2389 3075 2451 3114 ea
2501 3071 2628 3114 sunt
2661 3062 2819 3129 aquis
2866 3063 3172 3130 producere
3216 3063 3457 3131 repentis
3487 3072 3541 3115 et
3567 3061 3716 3114 vola-

2139 3152 2250 3204 tilia
2283 3150 2540 3215 volantia,
2578 3152 2631 3205 id
2667 3162 2769 3216 est,
2808 3154 3168 3222 cogitationes
3213 3155 3383 3208 bonas
3407 3154 3493 3207 vel
3546 3154 3719 3208 malas

2135 3243 2382 3312 proferre
2418 3248 2472 3297 in
2507 3246 2761 3309 medium,
2808 3256 2867 3299 ut
2917 3245 3174 3300 discretio
3231 3246 3325 3299 ﬁat
3372 3248 3637 3300 bonorum
3687 3262 3717 3298 a

2138 3336 2316 3399 malis,
2373 3352 2496 3405 quae
2540 3338 2729 3405 utique
2770 3347 3002 3406 utraque
3053 3353 3118 3392 ex
3176 3339 3339 3393 corde
3392 3338 3715 3409 procedunt.

2139 3428 2215 3481 De
2242 3428 2409 3482 corde
2443 3443 2676 3496 namque
2700 3438 2891 3483 nostro
2921 3430 3066 3482 velut
3094 3431 3160 3484 de
3184 3431 3341 3499 aquis
3369 3430 3720 3499 proteruntur

2139 3530 2193 3573 et
2237 3520 2391 3574 bona:
2443 3521 2800 3588 cogitationes
2853 3530 2910 3574 et
2968 3520 3146 3574 malae.
3183 3521 3288 3575 Sed
3322 3536 3425 3575 nos
3448 3521 3619 3575 verbo
3652 3535 3716 3575 ac

2140 3622 2413 3680 prmcepto
2442 3611 2533 3665 Dei
2565 3621 2794 3681 utraque
2820 3612 3163 3681 proferamus
3193 3616 3258 3667 ad
3282 3622 3636 3682 conspectum
3663 3620 3721 3667 et

2134 3704 2395 3773 judicium
2446 3705 2564 3768 Dei,
2607 3714 2664 3757 ut
2695 3720 2821 3759 cum
2878 3706 3047 3774 ipsius
3080 3705 3477 3760 illuminatione
3511 3706 3718 3759 discer—

2139 3811 2269 3851 nere
2300 3798 2576 3866 possimns
2622 3811 2651 3848 a
2688 3796 2835 3852 bono
2875 3798 3019 3866 quod
3051 3797 3249 3851 malum
3285 3807 3401 3863 est;
3433 3798 3482 3851 id
3515 3806 3616 3860 est,
3662 3808 3720 3852 ut

2138 3904 2199 3943 ea
2231 3903 2351 3957 qua:
2383 3903 2549 3957 super
2582 3898 2781 3942 terram
2819 3898 3037 3957 repunt,
3066 3897 3125 3943 et
3162 3897 3410 3944 terrenas
3454 3889 3717 3945 sollicitu-

2138 3981 2295 4035 dines
2320 3990 2537 4051 gerunt,
2590 3995 2906 4049 separemus
2965 3997 2994 4034 a
3048 3981 3239 4045 nobis;
3295 3981 3385 4034 illa
3420 3996 3551 4035 vero
3599 3997 3720 4051 qua:

2138 4074 2365 4128 meliora
2399 4076 2548 4139 sunt,
2584 4072 2635 4125 id
2666 4083 2747 4126 εει
2799 4072 3063 4136 volatilia,
3104 4073 3349 4127 sinamus
3382 4072 3572 4126 volare
3608 4088 3716 4127 non

2138 4166 2313 4221 solum
2353 4181 2518 4234 super
2559 4176 2785 4230 terram,
2832 4167 2926 4219 sed
2961 4166 3124 4220 etiam
3184 4167 3481 4219 secundum
3528 4165 3718 4217 ﬁrma-

2139 4268 2385 4311 mentum
2415 4256 2542 4310 cteli
2570 4272 2584 4320 ;
2620 4256 2671 4309 id
2704 4266 2809 4323 est,
2842 4268 2900 4309 ut
2926 4272 3145 4311 sensum
3204 4266 3258 4309 et
3295 4258 3563 4309 rationem
3608 4266 3717 4309 tam

2141 4360 2485 4404 terrenorum
2515 4364 2677 4417 quam
2702 4348 3007 4403 cmlestium
3034 4357 3436 4416 pertractemus
3463 4347 3513 4400 in
3538 4347 3716 4409 nobis,

2139 4450 2198 4494 ut
2230 4440 2538 4508 intelligere
2572 4456 2792 4510 quoque
2843 4441 3134 4509 possimus,
3176 4454 3297 4509 qua!
3332 4441 3441 4495 sint
3472 4440 3523 4492 in
3563 4438 3720 4492 nobis

454 4539 629 4591 nostri
659 4537 1032 4591 illuminantnr
1062 4553 1089 4591 a
1133 4540 1269 4601 sole,
1298 4541 1392 4595 sed
1420 4549 1631 4607 quanto
1672 4542 1797 4608 quis
1832 4541 1886 4593 in
1914 4542 2030 4601 loca
2068 4553 2113 4608 ι)
2143 4534 2302 4587 ηοκὶιι
2350 4548 2416 4587 ex
2476 4535 2810 4601 repentibus.
2869 4532 2925 4587 Si
2984 4532 3278 4587 viderimus
3324 4532 3609 4586 mulierem
3654 4530 3719 4583 ad

455 4630 649 4682 altiora
677 4629 1079 4693 conscenderit,
1108 4638 1162 4684 et
1187 4641 1364 4683 ortum
1390 4632 1507 4697 cjus
1529 4632 1774 4684 editioris
1805 4631 2039 4697 specula:

454 4721 743 4775 intuitione
798 4720 962 4775 fuerit
1013 4721 1436 4789 contemplatus,
1485 4729 1635 4773 tanto
1706 4721 1934 4788 amplius
1985 4730 2039 4775 et

455 4809 765 4877 splendoris
810 4811 929 4880 ejus
955 4811 1063 4863 vim
1100 4809 1363 4879 percipiet
1396 4808 1684 4879 etcaloris
1716 4828 1727 4862 :
1764 4810 1833 4862 ita
1870 4810 2031 4863 etiam

452 4916 610 4956 mens
658 4913 845 4956 nostra
881 4910 1089 4970 quanto
1130 4902 1290 4955 altius
1334 4912 1388 4954 et
1425 4900 1697 4955 excelsius
1739 4902 2029 4970 appropin-

453 4995 705 5060 quaverit
743 4994 985 5057 Christo,
1032 5009 1095 5049 ac
1133 5009 1192 5047 se
1223 4994 1545 5047 viciniorem
1583 4993 1860 5063 splendori
1899 4993 2034 5047 lucis

454 5085 571 5154 ejus
598 5084 885 5153 objecerit,
922 5095 1069 5141 tanto
1105 5085 1545 5154 magniﬁcentius
1592 5094 1648 5139 et
1689 5086 1887 5142 clarius
1915 5086 2031 5154 ejus

454 5179 658 5235 bnnine
713 5180 1035 5244 radiabitur,
1089 5182 1229 5235 sicut
1272 5190 1325 5234 et
1377 5181 1491 5249 ipse
1539 5181 1613 5234 ait
1658 5196 1753 5250 per
1798 5185 2033 5252 prophe-

456 5281 564 5322 tam
596 5271 639 5301 ‘7
670 5292 680 5325 :
711 5274 1138 5341 Appropinquate
1176 5274 1324 5337 mihi,
1372 5284 1419 5326 et
1464 5273 1895 5340 appropinquabo
1944 5290 2033 5325 vo-

456 5361 555 5419 bis,
582 5360 712 5414 dicit
741 5362 1019 5417 Dominus.
1048 5362 1111 5415 Et
1140 5364 1330 5415 iterum
1352 5363 1480 5417 dicit
1506 5365 1548 5396 ³³
1580 5382 1591 5415 :
1624 5363 1763 5415 Deus
1787 5365 2037 5429 approxi-

458 5469 608 5505 mans
645 5469 737 5522 ego
768 5470 906 5517 sum,
940 5466 987 5507 et
1027 5471 1127 5508 non
1162 5454 1303 5507 Deus
1339 5456 1402 5507 de
1425 5454 1594 5523 longe.
1633 5455 1748 5507 Non
1785 5455 2035 5507 similiter

460 5553 638 5597 tamen
674 5545 919 5598 venimus
983 5548 1046 5597 ad
1097 5562 1216 5600 eum
1270 5562 1481 5611 omnes,
1533 5549 1623 5601 sed
1665 5547 2038 5614 unusquisque

530 5709 574 5738 ⁹¹
631 5706 874 5779 Matthxi“,
927 5709 1003 5762 ii.
1084 5712 1127 5740 ³³
1170 5712 1302 5779 Eph.
1336 5728 1385 5771 ν,
1418 5711 1506 5762 27.

461 5778 753 5844 ch.tr.1,5;
805 5779 990 5834 Jecur.
1017 5798 1089 5847 tv,
1123 5782 1175 5834 8.

1256 5781 1529 5841 9“.lcretn.
1584 5797 1740 5845 nm,
1796 5781 1886 5833 '25.

1584 5712 1628 5740 9‘
1664 5711 1799 5763 Gen.
1844 5726 1877 5769 ι,
1921 5708 2002 5765 lli,
2039 5718 2089 5759 et
2121 5724 2269 5775 seqq.

1966 5780 2007 5809 π’
2056 5778 2181 5831 Luc.
2214 5796 2265 5831 χ.

2145 4626 2638 4692 concupiscendum
2664 4640 2804 4691 eam,
2844 4624 2975 4678 illud
3016 4635 3097 4679 est
3132 4625 3183 4678 in
3211 4624 3367 4679 nobis
3398 4624 3589 4693 reptile
3629 4637 3720 4676 vc-

2144 4725 2423 4769 nenatum.
2459 4716 2514 4770 Si
2557 4732 2686 4771 vero
2738 4716 2811 4772 sit
2860 4716 2915 4769 in
2952 4716 3105 4771 nobis
3152 4716 3467 4770 sobrietatis
3501 4730 3718 4779 sensus,

2140 4807 2353 4862 etiamsi
2384 4808 2602 4861 domina
2634 4806 2883 4877 Egyptia
2938 4822 3036 4861 nos
3068 4808 3422 4871 adamaverit,
3456 4805 3720 4860 clﬁcimur

2140 4914 2288 4965 aves,
2327 4911 2381 4953 et
2417 4901 2791 4968 relinquentes
2818 4897 3074 4968 Egyptia
3104 4894 3423 4953 vestimenta
3458 4900 3508 4951 in
3543 4897 3719 4949 mani-

2138 4994 2238 5049 bus
2270 4993 2407 5060 ejus,
2435 5009 2502 5049 ex
2540 4993 2796 5048 obscenis
2829 4992 3041 5046 insidiis
3069 4991 3425 5045 cvolabimus.
3460 4990 3515 5043 Si
3548 4991 3614 5042 sit
3663 4988 3717 5039 in

2138 5086 2295 5139 nobis
2321 5100 2517 5140 sensus
2541 5086 2606 5139 ad
2632 5084 2917 5139 furandum
2955 5098 3053 5137 nos
3090 5098 3411 5152 provocans,
3449 5082 3591 5134 istud
3640 5089 3724 5133 est

2141 5178 2333 5247 reptile
2380 5178 2699 5245 pessimum.
2732 5176 2789 5232 Si
2822 5192 2953 5232 vero
2989 5181 3060 5232 sit
3114 5178 3167 5229 in
3215 5176 3369 5229 nobis
3419 5188 3630 5236 sensus,
3664 5182 3721 5223 ut

2144 5272 2356 5324 etiamsi
2393 5273 2499 5324 duo
2542 5270 2749 5323 minuta
2782 5270 3098 5331 habeamus,
3134 5270 3249 5322 brec
3280 5268 3393 5334 ipsa
3428 5280 3525 5335 pro
3560 5265 3720 5317 mise-

2144 5364 2379 5417 ricordia
2418 5360 2713 5416 oﬂeramus
2746 5364 2800 5416 in
2848 5364 2986 5415 dona
3040 5362 3156 5426 Dei,
3226 5360 3329 5413 iste
3373 5372 3564 5412 sensus
3603 5355 3720 5408 avis

2148 5464 2250 5517 est,
2283 5454 2415 5507 nihil
2446 5454 2511 5507 de
2539 5453 2771 5507 terrenis
2799 5452 3067 5520 cogitans,
3097 5451 3190 5505 sed
3218 5451 3285 5503 ad
3318 5448 3721 5501 ﬁrmamentum

2150 5544 2268 5599 cadi
2302 5544 2571 5597 volatibus
2609 5542 2857 5598 tendens.
2888 5545 2944 5598 Si
2978 5542 3155 5596 veniat
3186 5541 3342 5595 nobis
3378 5552 3569 5593 sensus
3597 5550 3720 5604 per-

2384 5709 2428 5737 “
2466 5708 2501 5759 ll
2534 5708 2659 5761 Cor.
2690 5725 2777 5770 xv,
2802 5709 2891 5765 41,
2968 5708 3013 5737 ⁹⁶
3048 5704 3238 5759 Matth.
3272 5719 3347 5767 Ix,
3384 5700 3471 5754 9.7.
3550 5700 3590 5727 ⁸⁷
3618 5698 3721 5759 Za-

2382 5780 2395 5807 ¹
2429 5779 2623 5833 Certos.
2655 5796 2689 5843 I,
2727 5779 2815 5831 9.0.
