4138 6476
371 437 476 491 155

1609 437 1676 491 lN
1699 422 2013 494 'G-ENESIM
2053 435 2337 491 nonum
2371 437 2408 492 ι.

3530 452 3630 507 ίόἰ

372 558 608 612 suadens
642 556 796 612 nobis
847 557 1119 612 cruciatus
1170 559 1416 628 martyrii
1467 573 1567 612 nos
1598 574 1702 613 non
1751 559 1947 614 debere
1977 563 2022 622 Λ
2054 573 2243 612 norum
2275 559 2503 612 lucidius
2547 557 2839 613 indicatur.
2883 559 3176 631 Propterea
3207 579 3335 636 ergo
3365 569 3432 621 de
3457 577 3630 626 omni-

373 648 631 712 tolerare,
664 647 804 702 istud
834 649 940 702 erit
974 648 1164 717 reptile
1195 658 1542 702 venenatum.
1585 650 1641 704 Si
1687 666 1816 706 vero
1860 665 1946 705 as-

371 739 567 793 cendat
612 739 770 794 nobis
800 753 995 794 sensus
1022 748 1076 792 et
1111 741 1366 808 cogitatio
1398 739 1537 808 talis,
1583 750 1640 795 ut
1675 756 1846 810 usque
1879 744 1947 797 ad

375 841 608 885 mortem
636 845 735 900 pro
763 831 993 886 veritate
1017 841 1308 893 certemus,
1337 833 1452 887 avis
1479 833 1584 887 erit
1613 833 1748 896 huic,
1779 849 1808 887 a
1841 841 1949 888 ter-

372 925 520 978 renis
571 926 637 978 ad
687 937 919 993 superna
969 925 1361 982 conscendens.
1397 925 1661 979 Similiter
1689 925 1849 979 etiam
1883 925 1949 982 de

371 1016 584 1071 eteteris
612 1014 694 1068 vel
723 1026 1072 1085 peccatorum
1097 1015 1178 1068 vel
1210 1016 1472 1070 virtutum
1511 1018 1800 1086 speciebus
1825 1031 1948 1070 sen-

370 1109 616 1162 tiendum
652 1116 758 1175 est,
797 1117 851 1161 et
896 1107 1312 1162 discernendum
1349 1123 1470 1184 quas
1515 1111 1626 1164 sint
1681 1111 1945 1179 repentia,

369 1208 427 1254 et
449 1211 569 1267 qua:
590 1199 699 1253 sint
721 1199 982 1266 volatilia,
1008 1216 1129 1269 quae
1155 1203 1459 1271 producere
1475 1204 1543 1256 ad
1563 1201 1947 1257 discretionem

370 1289 426 1348 in
459 1299 756 1360 conSpectu
789 1290 884 1345 Dei
915 1306 1069 1361 aqua:
1099 1301 1297 1348 nostra;
1321 1293 1603 1363 jubentur.

440 1387 497 1441 9.
529 1383 598 1439 Et
634 1387 753 1454 fecit
789 1386 927 1441 Deus
956 1397 1094 1442 cetos
1121 1398 1358 1458 Magnos,
1399 1399 1447 1444 et
1480 1403 1686 1444 omnem
1717 1391 1948 1444 animam

371 1478 664 1542 repentium
705 1479 1038 1542 animalium,
1071 1495 1190 1548 qua:
1231 1480 1526 1534 eduxerunt
1572 1497 1725 1550 aqute
1765 1493 1949 1534 secun-

372 1569 498 1622 dum
539 1585 700 1640 genus
741 1585 916 1634 suam,
947 1581 996 1624 ct
1021 1585 1173 1623 omne
1208 1569 1422 1625 volatile
1454 1581 1737 1640 pennatam
1763 1586 1951 1626 secum-

369 1662 495 1714 dum
527 1678 688 1730 genus
722 1678 877 1715 suum
913 1664 956 1717 ³.
1005 1661 1071 1716 Et
1109 1663 1177 1716 de
1208 1664 1295 1719 his
1339 1663 1609 1729 similiter,
1644 1672 1706 1717 ut
1737 1664 1803 1718 de
1845 1664 1952 1720 illis

369 1764 492 1817 qua:
522 1764 684 1819 supra
716 1749 989 1815 diximus,
1037 1750 1379 1806 sentiendum
1415 1759 1522 1816 est,
1567 1750 1709 1819 quod
1751 1749 1953 1819 produ-

374 1853 499 1894 cere
527 1839 822 1893 debeamus
866 1839 1026 1893 etiam
1061 1849 1210 1894 cetos
1248 1855 1492 1911 magnos,
1521 1848 1577 1895 et
1601 1841 1838 1897 animam
1867 1853 1952 1897 re--

375 1930 622 2000 pentium
650 1929 950 1984 secundum
983 1930 1091 2001 58
1113 1946 1306 2002 genus.
1345 1931 1406 1984 In
1435 1933 1644 2004 magnis
1673 1933 1793 1988 istis
1821 1935 1957 1990 cetis

375 2019 566 2087 impias
581 2017 955 2085 cogitationes,
977 2028 1030 2073 et
1055 2019 1292 2074 nefarios
1313 2035 1556 2089 quosque
1573 2030 1761 2076 contra
1780 2023 1953 2078 Deum

369 2127 564 2168 sensus
599 2113 840 2168 arbitror
861 2114 1114 2168 indicari.
1151 2113 1283 2180 Quae
1314 2122 1494 2168 tamen
1533 2113 1715 2168 omnia
1746 2114 1948 2184 produ-

369 2203 542 2258 cenda
578 2212 706 2257 sunt
741 2210 868 2258 ante
900 2213 1248 2273 conspectum
1287 2203 1406 2268 Dei,
1452 2211 1508 2258 et
1541 2203 1786 2272 ponenda
1821 2212 1949 2258 ante

369 2294 568 2364 ipsum,
621 2302 680 2346 ut
729 2293 1034 2348 dividamus
1063 2303 1117 2348 et
1151 2308 1469 2363 separemus
1511 2293 1652 2348 bona
1693 2308 1724 2347 a
1765 2294 1947 2359 malis,

369 2398 426 2440 ut
460 2387 752 2455 unicuique
782 2400 913 2440 suus
955 2384 1106 2441 locus
1148 2401 1178 2440 a
1222 2385 1452 2440 Domino
1486 2386 1782 2455 tribuatur,
1806 2387 1950 2443 sicut

368 2492 432 2532 ex
468 2477 552 2534 his
577 2494 697 2548 qua:
723 2487 1032 2548 sequuntur
1058 2477 1398 2534 ostenditur.

439 2569 528 2623 10.
565 2567 633 2622 Et
668 2569 792 2623 vidit
825 2569 968 2624 Deus
997 2570 1120 2638 quia
1167 2569 1303 2622 bona
1331 2578 1476 2634 sunt,
1510 2585 1555 2623 et
1583 2569 1848 2624 benedixit
1885 2586 1947 2624 ea

367 2661 550 2714 dicens
577 2675 596 2714 :
628 2658 862 2716 Crescite
895 2673 942 2715 et
974 2660 1423 2730 multiplicamini,
1466 2670 1515 2714 et
1561 2661 1754 2729 replete
1783 2678 1949 2731 aquas

367 2769 485 2821 qua:
516 2762 636 2807 sunt
676 2753 732 2807 in
763 2754 922 2819 mari,
961 2761 1011 2806 et
1062 2751 1296 2806 volatilia
1334 2751 1639 2816 repleantur
1665 2767 1822 2820 super
1845 2762 1950 2806 ter-

371 2857 482 2893 ras.
523 2844 593 2894 Et
632 2846 831 2912 factum
870 2853 946 2896 est
983 2857 1192 2912 vespere
1229 2852 1279 2896 et
1319 2859 1494 2905 mane,
1535 2844 1643 2895 dies
1683 2843 1869 2912 quinta
1909 2842 1948 2892 ³.

373 2928 432 2982 In
469 2931 604 2984 mari
643 2932 860 3001 quidem
899 2941 1048 2988 cetos
1083 2948 1328 3003 magnos,
1370 2943 1423 2987 et
1461 2948 1678 2988 omnem
1719 2933 1952 2986 animam

371 3019 686 3074 animalium
725 3032 782 3077 et
819 3023 1154 3092 repentium,
1195 3038 1315 3092 quae
1353 3024 1727 3092 produxerunt
1764 3037 1950 3090 aqua,

362 3108 514 3180 jubet
547 3111 858 3175 immorari,
899 3111 990 3164 ubi
1035 3117 1089 3165 et
1123 3111 1286 3166 draco
1330 3110 1421 3165 ille
1463 3127 1623 3180 quem
1664 3111 1952 3180 plasmavit

2050 649 2149 702 bus
2187 649 2290 702 hoc
2314 649 2443 702 dicit
2469 650 2753 718 Scriptura
2787 650 2808 680 ⁸
2849 667 2864 704 :
2906 651 2971 704 Et
3005 654 3134 705 vidit
3164 653 3303 710 Deus
3331 659 3455 726 quia
3495 663 3627 717 bona

2049 749 2191 794 sunt.
2223 739 2404 805 Quare
2439 751 2618 795 tamen
2652 757 2754 794 non
2786 751 2868 796 est
2897 744 3184 812 scriptum,
3227 747 3290 798 Et
3325 750 3459 802 dixit
3488 751 3630 806 Deus

2049 829 2174 898 quia
2209 829 2348 883 bona
2385 836 2529 899 sunt,
2562 835 2654 887 sed
2693 832 2831 886 Vidit
2860 832 2997 888 Deus
3027 837 3156 904 quia
3203 838 3334 892 bona
3369 844 3532 897 sunt?
3574 845 3629 897 ltl

2049 928 2150 984 est,
2176 921 2312 974 vidit
2337 923 2628 977 utilitatem
2662 926 2924 993 ipsorum,
2959 937 3014 980 et
3053 942 3174 982 eam
3205 931 3493 999 rationem,
3523 947 3629 1002 qua

2049 1022 2172 1062 cum
2200 1022 2384 1064 essent
2416 1013 2533 1080 ipsa
2577 1028 2674 1081 per
2698 1028 2756 1067 se
2795 1015 2945 1082 talia,
2988 1015 3159 1071 bonos
3211 1027 3392 1075 tamen
3447 1021 3631 1079 facere

2050 1111 2280 1166 possunt
2311 1102 2570 1168 optimos.
2600 1101 2894 1170 Propterea
2921 1119 3051 1174 ergo
3081 1105 3217 1160 dixit
3241 1108 3263 1138 ⁹
3292 1127 3306 1161 :
3337 1109 3562 1165 Crescite
3580 1123 3630 1166 et

2051 1189 2498 1256 multiplicamini,
2531 1202 2578 1244 et
2604 1193 2800 1260 replete
2839 1211 3001 1264 aquas
3027 1213 3142 1265 quae
3167 1197 3221 1251 in
3246 1201 3383 1253 mari
3412 1211 3558 1267 sunt;
3579 1213 3629 1256 et

2052 1279 2296 1332 volatilia
2325 1282 2630 1350 repleantur
2658 1300 2815 1354 super
2841 1295 3033 1352 terras,
3071 1289 3122 1342 id
3155 1299 3258 1356 est,
3297 1301 3356 1344 ut
3385 1293 3486 1346 ceti
3512 1293 3630 1363 qui-

2050 1371 2173 1424 dem
2219 1373 2401 1442 magni
2444 1383 2498 1426 et
2528 1375 2770 1444 repentis
2811 1375 2864 1428 in
2907 1377 3040 1430 mari
3070 1390 3272 1446 essent,
3297 1381 3439 1436 sicut
3473 1397 3630 1452 supe-

2053 1462 2173 1516 rius
2195 1464 2570 1531 exposuimus,
2595 1475 2650 1519 et
2680 1466 2922 1520 volatilia
2953 1481 3114 1537 super
3155 1481 3352 1528 terras.

2123 1554 2207 1606 H.
2234 1552 2299 1606 Et
2333 1555 2466 1608 dixit
2499 1555 2636 1610 Deus
2674 1569 2692 1609 :
2724 1556 3002 1612 Producat
3029 1571 3169 1615 terra
3200 1565 3435 1616 animum
3464 1565 3629 1618 vivam

2052 1646 2342 1698 secundum
2384 1661 2567 1714 genus,
2593 1648 2959 1717 quadrupedia
2997 1658 3046 1703 et
3087 1653 3323 1720 repentia
3358 1661 3406 1708 et
3436 1655 3626 1707 bestias

2053 1745 2206 1787 terra:
2241 1735 2524 1788 secundum
2551 1753 2710 1804 genus
2763 1752 2781 1790 :
2829 1748 2876 1792 et
2912 1737 3109 1806 [artant
3143 1752 3221 1792 est
3263 1743 3361 1793 sic.
3395 1739 3465 1792 Et
3509 1740 3628 1807 fecit

2052 1823 2195 1878 Deus
2231 1825 2424 1879 bestias
2467 1837 2620 1881 terra:
2670 1829 2958 1882 secundum
3002 1846 3183 1897 genus,
3233 1839 3282 1883 et
3321 1832 3503 1884 omnia
3551 1847 3630 1882 re-

2049 1918 2409 1985 pentiaterra:
2447 1920 2734 1972 secundum
2786 1936 2968 1988 genus.
3022 1918 3090 1972 Et
3143 1922 3276 1975 vidit
3330 1921 3472 1975 Deus
3504 1923 3630 1990 quia

2051 2009 2186 2062 bona
2211 2019 2329 2063 sunt
2356 2010 2422 2062 ¹⁰.
2462 2008 2774 2064 Secundum
2802 2011 3036 2066 litteram
3062 2013 3276 2082 quidem
3301 2013 3448 2067 nulla
3481 2029 3628 2083 qua:-

2051 2099 2155 2154 stio
2179 2109 2281 2158 est.
2315 2098 2600 2154 Manifeste
2617 2101 2764 2156 enim
2792 2117 2820 2154 a
2847 2103 2956 2156 Deo
2978 2111 3160 2158 creata
3191 2119 3314 2159 esse
3352 2105 3626 2166 dicuntur,

2049 2191 2135 2247 vel
2165 2191 2445 2256 animalia,
2471 2192 2553 2246 vel
2594 2193 2987 2261 quadrupedis,
3017 2193 3100 2247 vel
3144 2195 3351 2258 bestiae,
3386 2196 3468 2249 vel
3511 2211 3628 2250 ser-

2050 2295 2241 2354 pentes
2270 2300 2436 2354 super
2482 2264 2710 2341 terram.
2756 2287 2958 2354 Aptare
2991 2294 3170 2340 autem
3210 2289 3323 2342 haec
3360 2287 3464 2354 his,
3511 2303 3632 2357 quae

2051 2389 2216 2444 supra
2241 2375 2614 2444 exposuimus,
2642 2378 2937 2430 secundum
2968 2377 3265 2446 spiritalem
3293 2379 3631 2434 intellectum

2049 2485 2156 2524 non
2189 2469 2365 2524 otiosa
2404 2483 2491 2524 res
2519 2478 2622 2523 est.
2659 2469 2736 2523 lhi
2765 2469 2982 2538 quidem
3015 2471 3219 2526 dictum
3253 2480 3338 2525 est
3368 2470 3408 2501 “
3445 2488 3460 2525 :
3499 2471 3633 2526 Pro-

2051 2561 2246 2613 ducant
2288 2575 2439 2628 aqua:
2474 2560 2710 2628 repentia
2742 2560 3041 2613 animarum
3075 2563 3332 2626 vivarum,
3359 2571 3408 2616 et
3436 2563 3629 2616 volati-

2051 2650 2125 2705 lia
2169 2650 2402 2705 volantia
2444 2668 2603 2721 super
2643 2661 2839 2706 terram
2886 2654 3177 2709 secundum
3235 2653 3628 2721 ﬁrmamentum

2053 2742 2210 2807 caeli;
2245 2741 2332 2796 hic
2369 2753 2552 2795 autem
2589 2741 2663 2795 ait
2693 2742 2733 2772 ¹¹
2770 2755 2789 2793 :
2820 2740 3088 2796 Producat
3119 2752 3261 2795 terra
3291 2744 3522 2796 animam
3561 2740 3632 2794 vi-

2052 2847 2170 2886 vam
2195 2835 2484 2886 secundum
2513 2848 2702 2902 genus,
2725 2833 3091 2901 quadrupedia
3125 2843 3173 2886 et
3203 2833 3437 2902 repentia
3462 2840 3512 2886 et
3543 2833 3631 2885 be-

2052 2925 2183 2978 stias
2217 2932 2376 2977 terrae
2403 2924 2687 2978 secundum
2719 2941 2902 2994 genus.
2932 2924 2997 2978 Et
3039 2927 3130 2980 illa
3160 2927 3379 2994 quidem
3402 2939 3522 2994 quae
3562 2925 3632 2981 do

2053 3015 2210 3085 aquis
2233 3014 2498 3084 producta
2525 3025 2676 3078 sunt,
2704 3015 2942 3070 diximus
2968 3017 3168 3071 debere
3201 3028 3378 3070 motus
3398 3025 3454 3072 et
3477 3016 3628 3085 cogi-

2057 3108 2291 3160 tationes
2310 3107 2510 3161 mentis
2534 3116 2755 3173 nostrae,
2779 3107 2871 3175 qui
2904 3108 2970 3160 de
2995 3105 3267 3175 profundo
3293 3109 3476 3162 cordis
3503 3121 3631 3175 pro.

370 3201 514 3254 Deus
541 3200 609 3255 ad
643 3201 985 3256 illudcndum
1021 3201 1072 3255 ei
1103 3201 1375 3257 inhabitat
1406 3204 1445 3258 ⁸.
1482 3203 1744 3258 Volucree
1772 3210 1949 3255 autem
1979 3229 2022 3288 ε
2055 3199 2353 3272 ducuntur,
2411 3197 2657 3266 intelligi;
2693 3197 2844 3250 Nunc
2898 3212 3030 3250 vero
3072 3198 3174 3250 hoc
3228 3199 3370 3266 quod
3396 3197 3627 3263 dicitur,

371 3292 723 3361 multiplicari
777 3292 931 3362 jubet
993 3309 1156 3362 super
1195 3303 1418 3358 terram,
1470 3311 1592 3364 qua:
1658 3294 1948 3362 aliquando

370 3380 524 3435 arida
564 3381 690 3448 fuit,
722 3397 867 3436 nunc
898 3391 1077 3436 autem
1103 3381 1217 3450 jam
1252 3392 1397 3437 terra
1437 3383 1758 3453 appellatur,
1807 3383 1949 3436 sicut

367 3470 619 3540 superius
647 3471 1016 3540 exposuimus.
1045 3469 1150 3526 Sed
1186 3472 1426 3541 requiret
1446 3472 1644 3540 aiiquis
1674 3471 1948 3541 quomodo

368 3565 472 3615 ceti
510 3563 690 3632 magni
723 3572 778 3618 et
819 3564 1062 3633 tepentia
1099 3564 1152 3618 in
1186 3562 1329 3616 malo
1363 3563 1732 3632 accipiuntur,
1760 3570 1816 3616 et
1854 3577 1949 3617 vo-

369 3653 538 3707 latilia
575 3651 629 3708 in
664 3654 828 3718 bono,
857 3670 978 3708 cum
1016 3655 1080 3708 de
1105 3655 1357 3709 omnibus
1378 3654 1538 3709 simul
1563 3655 1766 3710 dictum
1792 3655 1899 3709 sit
1930 3671 1943 3708 :

369 3743 436 3797 Et
471 3743 597 3796 vidit
633 3742 776 3798 Deus
808 3746 931 3814 quia
977 3743 1111 3796 bona
1142 3755 1260 3797 sunt
1291 3745 1315 3796 ?
1366 3743 1504 3812 Ipsis
1546 3745 1752 3798 sanctis
1807 3745 1947 3798 bona

368 3843 496 3889 sunt
543 3848 630 3899 ea,
681 3849 800 3903 quae
852 3825 969 3889 illis
1001 3834 1364 3887 adversantur
1416 3835 1583 3902 :quia
1620 3834 1841 3888 vincere
1883 3848 1944 3888 ea

370 3935 618 3996 possunt,
658 3937 714 3979 ct
749 3941 872 3980 cum
929 3941 992 3980 ea
1042 3908 1292 3991 vicerint,
1350 3926 1572 3995 majoris
1607 3925 1792 3996 gloria:
1835 3927 1950 3980 clli-

370 4017 743 4084 ciunturapud
776 4017 964 4072 Deum.
997 4017 1242 4085 Denique
1270 4033 1392 4072 cum
1423 4017 1672 4073 diabolus
1699 4019 1949 4088 petiisse-t

373 4122 431 4164 ut
463 4109 566 4164 sibi
591 4117 835 4175 potestas
861 4109 1083 4162 daretur
1107 4096 1394 4164 adversum
1417 4108 1517 4164 Job
1551 4109 1593 4174 °,
1628 4110 1948 4180 impugnans

370 4218 493 4258 cum
529 4199 875 4256 adversarius
937 4214 1098 4252 causa
1151 4200 1199 4252 ei
1245 4200 1453 4254 exstitit
1504 4200 1731 4268 dupiicis
1763 4200 1949 4268 gloriae

373 4305 493 4364 post
521 4289 1021 4361 victoriam..Quod
1069 4290 1375 4342 ostenditur
1419 4303 1478 4342 ex
1530 4305 1620 4353 eo,
1657 4289 1782 4356 quia
1828 4305 1948 4357 quae

372 4386 424 4439 in
464 4384 716 4454 praesenti
744 4381 1072 4452 perdiderat,
1105 4382 1156 4434 in
1205 4380 1424 4448 duplum
1467 4381 1753 4450 receperit,
1783 4379 1944 4434 simili

372 4478 534 4531 modo
564 4477 681 4531 sine
711 4473 874 4529 dubio
917 4481 970 4528 et
1027 4473 1079 4526 in
1133 4471 1452 4527 ccelcstibus
1505 4481 1843 4540 recepturus.
1880 4472 1950 4526 Et

2060 3288 2332 3342 Producat
2354 3297 2494 3340 terra
2525 3289 2758 3340 animam
2790 3287 2951 3340 vivam
2978 3289 3264 3339 secundum
3287 3301 3471 3356 genus,
3496 3303 3631 3356 qua-

2055 3379 2374 3449 drupedum,
2405 3388 2452 3432 et
2494 3377 2783 3446 repentium
2819 3385 2868 3430 et
2915 3378 3196 3432 bestiarum
3233 3394 3388 3445 super
3434 3389 3630 3433 terrain

2055 3471 2350 3527 secundum
2377 3486 2561 3541 genus,
2594 3470 2883 3525 exterioris
2915 3470 3150 3525 hominis
3192 3470 3382 3534 nostri,
3431 3471 3482 3525 id
3523 3479 3628 3538 est,

2058 3562 2293 3619 carnalis
2317 3575 2370 3618 et
2399 3562 2596 3617 terreni
2637 3573 2815 3618 motus
2838 3563 3072 3617 arbitror
3104 3562 3352 3617 iudicari.
3392 3563 3632 3632 Denique

2059 3654 2193 3708 nihil
2221 3653 2438 3709 volatile
2473 3655 2526 3707 in
2557 3653 2642 3707 his
2671 3669 2791 3722 qua:
2819 3654 2883 3708 de
2914 3669 3077 3708 carne
3128 3653 3390 3722 loquitur,
3425 3653 3633 3708 indica-

2056 3748 2156 3812 vit,
2183 3747 2278 3801 sed
2312 3747 2685 3800 tantummodo
2713 3746 3081 3814 quadrupedia
3104 3757 3157 3800 et
3191 3747 3435 3813 repentia
3458 3756 3517 3800 et
3549 3746 3635 3800 bc-

2056 3839 2195 3895 stias
2227 3848 2408 3892 terrae.
2469 3835 2778 3892 Secundum
2828 3838 2958 3893 illud
3013 3851 3206 3906 nempe
3251 3837 3393 3906 quod
3424 3837 3632 3892 dictum

2057 3942 2140 3989 est
2165 3932 2234 3987 ab
2261 3933 2609 4002 Apostolo”,
2644 3933 2769 4002 quia
2802 3949 2909 3986 non
2960 3931 3166 3986 habitat
3213 3932 3268 3985 iu
3314 3947 3473 3985 carne
3519 3948 3634 3986 mea

2057 4023 2272 4086 bonum,
2298 4033 2352 4078 et
2377 4023 2507 4092 quia
2537 4022 2801 4090 sapientia
2855 4023 3029 4075 carnis
3071 4022 3287 4076 inimica
3314 4030 3389 4075 est
3420 4021 3529 4076 Dea
3568 4023 3632 4079 η’»

2058 4115 2159 4168 ista
2197 4115 2453 4178 nimirum
2482 4122 2631 4178 sunt,
2663 4129 2783 4182 qua:
2825 4122 2991 4178 terra,
3033 4114 3085 4166 id
3129 4122 3233 4179 est,
3279 4129 3406 4168 caro
3452 4123 3632 4167 nostra

2057 4203 2330 4271 producit,
2363 4203 2427 4257 de
2460 4202 2659 4270 quibus
2683 4216 2904 4254 rursum
2949 4200 3236 4269 Apostolus
3275 4199 3517 4269 praecipit
3562 4202 3637 4253 di-

2057 4308 2186 4347 cens
2220 4293 2264 4323 ”
2297 4308 2312 4346 :
2343 4291 2656 4357 Mortiﬁcate
2683 4291 2916 4344 atem-bra
2961 4301 3130 4342 vestra
3162 4305 3286 4358 qua:
3311 4297 3434 4341 sunt
3480 4307 3637 4355 super

2058 4395 2277 4447 terram,
2322 4381 2740 4452 fornicationem,
2767 4379 3178 4442 immunditiam,
3227 4379 3634 4444 impudicitiam,

2060 4476 2365 4541 avaritiam,
2419 4472 2802 4539 idololatriam,
2839 4481 2892 4526 et
2929 4479 3144 4525 extera.
3177 4469 3316 4524 Cum
3352 4485 3484 4538 ergo
3522 4469 3636 4525 haec

372 4567 665 4637 Apostolus
694 4567 825 4623 dicit
851 4567 894 4630 ⁷,
924 4565 1051 4634 quia
1097 4581 1246 4618 nemo
1275 4573 1584 4628 εοΐοηαιατ,
1623 4565 1721 4618 nisi
1747 4565 1837 4634 qui
1877 4563 1949 4616 le-
1986 4582 2029 4636 ι)
2057 4569 2234 4624 omnia
2257 4569 2590 4636 liercntqme
2607 4566 3028 4636 videnturjussu
3051 4563 3140 4617 Dei
3156 4563 3384 4632 ﬁeriper
3398 4559 3636 4615 Verbum

373 4660 552 4728 gitime
579 4659 872 4713 certaverit.
906 4658 970 4711 Et
1006 4670 1193 4710 revera
1219 4655 1488 4724 quomodo
1515 4655 1621 4708 erit
1652 4668 1950 4719 certamen,

376 4753 419 4804 si
459 4766 564 4805 non
603 4747 773 4804 fuerit
805 4750 893 4819 qui
940 4748 1194 4803 resistat?
1223 4747 1467 4814 Quantus
1503 4748 1665 4800 decor
1689 4755 1740 4800 et
1772 4747 1954 4816 Splen-

379 4843 478 4896 dor
515 4845 586 4898 sit
615 4843 752 4898 lucis
785 4857 891 4896 non
923 4843 1349 4911 dignoscerelur,
1384 4839 1490 4894 nisi
1527 4840 1832 4894 obscuritas
1864 4841 1948 4893 iu-

377 4934 682 4989 te‘rccderet
709 4934 909 4988 noctis.
946 4933 1098 4988 Unde
1126 4933 1289 5003 aliqui
1334 4933 1385 4985 in
1431 4932 1684 4989 castitate
1727 4931 1948 4985 laudan-

379 5038 491 5090 tur,
531 5027 635 5080 nisi
666 5024 792 5095 quia
825 5025 914 5079 alii
965 5040 1062 5094 pro
1095 5023 1434 5092 impudicitia
1479 5022 1948 5078 condemnantur?

380 5116 534 5172 Unde
567 5117 668 5170 viri
715 5117 881 5171 fortes
913 5116 1413 5186 rnaguilicarentur,
1469 5114 1570 5167 nisi
1622 5115 1945 5168 exsisterent

378 5207 676 5263 imbecilles
717 5216 771 5261 et
808 5207 1019 5262 timidi?
1077 5206 1133 5260 Si
1198 5221 1443 5260 amarum
1493 5205 1772 5269 adhibeas,
1820 5215 1947 5260 tunc

380 5300 540 5354 dulce
562 5299 793 5352 elIlcitur
819 5297 1164 5352 laudabilius.
1203 5297 1261 5352 Si
1284 5308 1461 5351 atrurn
1493 5296 1949 5361 consideraveris,

381 5391 620 5460 gratiora
648 5389 745 5445 tibi
772 5406 890 5459 quae
933 5390 1082 5444 clara
1120 5399 1248 5444 sunt
1275 5389 1619 5444 videbuntur.
1649 5387 1715 5442 Et
1745 5398 1804 5441 ut
1828 5389 1953 5443 bre-

380 5482 521 5536 viter
551 5481 752 5547 dicam,
777 5496 845 5537 ex
873 5479 1136 5535 malorum
1179 5479 1620 5536 consideratione
1658 5480 1825 5534 decus
1853 5481 1950 5534 bo-

445 5683 619 5741 ’Ccn.
643 5689 792 5750 t,2|.

383 5761 405 5791 ’
431 5759 563 5814 Ibid.
591 5761 683 5814 9-2.

387 5843 468 5892 ιιι.
513 5830 563 5885 5.

865 5690 887 5720 ³
914 5688 1181 5755 unum,
1208 5688 1298 5742 es.

774 5759 815 5792 ιο
847 5760 982 5815 ibid.
1051 5764 1138 5827 2t,
1201 5759 1291 5812 es.
1401 5759 1438 5788 ἰ
1495 5761 1630 5814 lbid.
1681 5760 1768 5813 ao.

1376 5689 1398 5720 ⁵
1423 5688 1566 5742 'Psal.
1597 5705 1716 5750 orn,
1746 5688 1832 5742 26.
1896 5687 2135 5742 'Genes.
2170 5704 2206 5750 ι,
2235 5686 2326 5740 21.

1851 5760 1890 5788 ¹¹
1925 5756 2056 5811 Ibid.
2100 5759 2188 5811 9-6.

2055 4662 2265 4729 ιε]ιιε,ει
2290 4669 2690 4730 przepararetur
2711 4660 3008 4712 immensus
3034 4657 3135 4711 iste
3155 4666 3209 4710 et
3233 4655 3457 4710 visibilis
3483 4669 3640 4707 mun-

2057 4732 2179 4816 dus,
2198 4751 2359 4820 simul
2377 4760 2557 4804 autem
2586 4759 2639 4802 et
2669 4763 2765 4818 per
2787 4746 3059 4817 allegoriae
3077 4746 3304 4814 ﬁguram
3331 4743 3649 4800 ostendere.-

2059 4852 2145 4896 tur
2170 4857 2292 4912 qua:
2317 4852 2499 4897 essent
2521 4857 2641 4908 qua:
2661 4853 2930 4894 exornare
2951 4846 3173 4906 possent
3189 4837 3450 4891 minorem
3479 4853 3641 4890 mun~

2055 4935 2201 4997 dum,
2236 4935 2286 4987 id
2321 4942 2428 4999 est,
2459 4933 2754 4998 hominem,
2792 4941 2918 4984 tunc
2939 4929 3051 4997 jam
3094 4929 3210 4997 ipse
3270 4930 3434 4982 homo
3479 4943 3636 4981 crea-

2057 5035 2145 5078 tur
2184 5027 2480 5080 secundum
2513 5040 2575 5080 ea
2607 5040 2727 5095 qua:
2767 5025 2820 5078 in
2871 5023 3329 5091 consequentibus
3363 5022 3638 5077 declarans

2076 5135 2158 5174 ur.

2076 5135 2158 5174 ur.

2052 5130 2070 5174 ι
2127 5209 2216 5262 12.
2249 5209 2319 5262 Et
2347 5209 2482 5263 dixit
2525 5207 2664 5262 Deus
2700 5228 2717 5265 :
2754 5207 3041 5260 Faciamus
3088 5207 3350 5260 hominem
3389 5206 3456 5257 ad
3501 5203 3636 5257 ima-

2051 5301 2228 5369 ginem
2260 5310 2308 5354 et
2349 5301 2753 5355 similitudinem
2786 5310 3044 5364 nostram,
3087 5308 3134 5352 et
3163 5297 3515 5365 principatum
3539 5311 3636 5364 ge-

2057 5401 2140 5444 rat
2177 5393 2401 5460 piscium
2448 5395 2610 5448 maris
2641 5403 2689 5448 et
2725 5394 2996 5448 volucrum
3033 5390 3180 5455 cali,
3223 5397 3272 5441 et
3299 5384 3636 5446 animalium,

2063 5492 2109 5535 et
2154 5485 2408 5540 universa:
2438 5497 2616 5552 terrm,
2660 5495 2706 5539 et
2739 5486 2969 5540 omnium
2996 5499 3111 5554 qua:
3143 5488 3327 5548 repunt
3357 5493 3512 5548 super
3539 5486 3640 5532 ter-

3204 5679 3435 5734 ‘Genes.
3473 5691 3513 5737 ι,
3543 5674 3637 5728 21.

3204 5767 3260 5799 ιι.
3292 5751 3347 5799 7.
3453 5747 3492 5778 ⁸⁸
3518 5743 3637 5799 θυι.

2405 5686 2425 5716 ⁶
2457 5683 2574 5738 Job.
2606 5701 2645 5739 ι.
2724 5684 2789 5738 ⁷1
2819 5683 2957 5738 Tim.
2984 5697 3046 5742 II,
3073 5680 3127 5736 5.

2306 5759 2347 5788 ¹³
2389 5755 2545 5811 Rcui.
2579 5754 2770 5822 “1,18.
2851 5753 2924 5825 ﬁ”
2953 5752 3109 5807 Rom.
3143 5767 3261 5817 vm,
3292 5751 3348 5806 7.
