4132 6440
495 423 602 484 εδδ

2011 409 2344 469 οιιιαεχιε·

3646 404 3744 465 ἱτὲΰ

496 562 611 598 ram
642 545 706 598 ιθ.
742 542 1145 612 Consequenter
1183 537 1483 594 secundum
1535 553 1596 592 ea
1651 553 1768 606 quae
1819 537 2069 605 superius
2102 539 2144 589 Α
2170 536 2260 602 qui
2295 547 2423 586 vero
2459 533 2600 585 hunc
2632 544 2956 598 corporeum
2993 537 3350 596 putentcsse,’
3386 529 3474 598 qui
3511 530 3576 582 ad
3610 531 3745 584 ima-

495 636 870 704 exposuimus,
912 634 1072 686 talem
1121 631 1396 686 hominem
1427 628 1642 698 qualem
1682 629 2068 696 descripsimus

498 728 615 780 vult
646 725 1008 794 principatum
1048 738 1235 790 gerere
1263 721 1642 790 praedictarum
1677 719 1992 781 bestiarum,
2015 728 2070 773 et

494 819 798 884 volucrum,
838 826 892 870 et
939 817 1263 882 repentium,
1299 811 1709 880 quadrupedum
1741 821 1793 863 et
1825 811 2066 862 omnium

499 908 848 978 reliquorum.
879 908 1013 974 Quae
1050 905 1282 974 qualiter
1327 902 1558 971 intelligi
1609 916 1706 971 per
1749 901 2066 969 allegoriam

486 1002 740 1061 debeant,
775 1000 1144 1068 exposuimus,
1187 1012 1309 1050 cum
1348 995 1582 1050 diximus
1619 995 1798 1062 juberi
1841 1010 2068 1062 aquam,

486 1093 542 1148 id
571 1101 655 1146 est
701 1099 942 1144 mentem
982 1090 1100 1158 ejus
1130 1087 1424 1157 spiritalem
1460 1086 1570 1157 (Gl)
1616 1102 1836 1140 sensum
1866 1085 2070 1155 produ-

486 1198 632 1249 cere,
667 1193 722 1238 et
755 1194 951 1237 terram
986 1195 1205 1236 sensum
1233 1179 1412 1233 carnis
1442 1178 1707 1248 proferre,
1736 1188 1795 1232 ut
1825 1179 2070 1233 domine-

487 1282 578 1330 tur
611 1275 688 1328 eis
735 1290 910 1338 mens,
944 1283 997 1328 et
1032 1289 1139 1327 non
1185 1272 1272 1325 illa
1309 1272 1618 1326 dominetur
1651 1271 1720 1324 ei.
1759 1271 1882 1324 Vult
1921 1271 2068 1325 enim

486 1363 634 1419 Deus
663 1375 722 1419 ut
747 1383 939 1436 magna
969 1366 1074 1419 ists
1096 1365 1190 1418 Dei
1218 1365 1423 1418 factura
1452 1364 1633 1427 homo,
1659 1371 1883 1431 propter
1905 1379 2067 1430 quem

484 1464 540 1506 et
557 1455 840 1507 universus
864 1462 1079 1508 creatus
1103 1463 1187 1508 est
1215 1451 1470 1515 mundus,
1499 1467 1602 1505 non
1621 1451 1792 1506 solum
1815 1452 2070 1505 immacu-

485 1542 628 1599 latus
646 1548 714 1600 sit
735 1549 803 1600 ah
834 1547 939 1610 his,
971 1563 1093 1616 qua:
1131 1562 1297 1616 supra
1324 1545 1651 1608 diximus,et
1671 1544 1944 1608 immunis,
1971 1546 2065 1597 sed

485 1646 540 1689 et
575 1639 880 1692 dominetur
915 1640 1012 1696 eis.
1049 1639 1168 1694 Jam
1199 1655 1326 1694 vero
1362 1637 1529 1707 quale
1559 1636 1852 1690 animalsit
1881 1637 2062 1700 homo,

484 1746 551 1783 ex
591 1731 719 1798 ipsis
744 1731 1040 1800 Scriptura:
1085 1733 1428 1788 sermonibus
1466 1731 1892 1784 consideremus.
1944 1728 2067 1783 0m-

483 1835 580 1874 nes
628 1822 844 1890 reliqua:
900 1833 1164 1878 creaturae
1203 1821 1451 1890 jussione
1497 1819 1614 1891 57·
1649 1820 1740 1874 Dei
1777 1824 1950 1887 liuut,
1984 1822 2065 1874 di-

2173 627 2350 695 giuem
2382 634 2436 676 et
2468 620 2878 676 similitudinem
2913 621 3006 675 Dei
3041 621 3216 674 lactus
3249 630 3350 683 est,
3379 623 3542 674 Deum
3573 623 3744 690 ipsum

2171 730 2494 785 corporeum
2530 724 2586 767 et
2632 715 2885 767 humana:
2937 715 3125 767 lornne
3159 715 3416 766 videntur
3445 715 3701 767 inducere
3729 731 3743 769 :

2171 811 2311 877 quod
2365 807 2571 862 sentire
2601 807 2666 861 de
2723 805 2832 860 Deo
2879 806 3319 861 manifestissime
3370 807 3591 875 impium
3641 817 3743 860 est.

2172 900 2416 968 Denique
2461 898 2713 952 carnales
2749 898 2836 952 isti
2890 897 3142 951 homines
3175 898 3268 965 qui
3302 897 3629 950 intellectura
3667 898 3747 949 di-

2171 993 2411 1044 vinitatis
2442 992 2718 1059 ignorant,
2769 989 2940 1042 sicubi
2999 989 3050 1041 in
3088 989 3386 1058 Scripturis
3427 989 3494 1043 de
3539 988 3648 1042 Deo
3673 988 3745 1040 le-

2169 1093 2322 1151 gunt,
2355 1083 2481 1152 quia
2541 1081 2724 1134 ctelum
2780 1081 2911 1132 mihi
2945 1081 3090 1133 sedes
3119 1091 3214 1144 est,
3245 1093 3382 1133 terra
3415 1089 3588 1134 autem
3626 1097 3746 1133 sca-

2171 1175 2360 1230 bellum
2398 1176 2588 1244 pedum
2625 1191 2861 1228 meorum
2892 1174 2958 1236 ¹³,
3011 1175 3360 1242 5tt3picautur
3407 1175 3572 1228 Deum
3631 1183 3743 1226 tam

2171 1267 2409 1335 iungentis
2428 1283 2547 1322 esse
2582 1265 2926 1333 corporis,ut
2954 1274 3142 1334 putent
3192 1279 3314 1319 eum
3361 1268 3639 1318 sedentem
3690 1266 3745 1318 in

2171 1360 2311 1414 ctelo
2353 1361 2516 1430 pedes
2547 1373 2716 1427 usque
2763 1362 2830 1412 ad
2883 1367 3081 1411 terram
3116 1357 3459 1424 protendere.
3511 1357 3621 1411 lloc
3645 1373 3744 1410 au-

2174 1461 2280 1506 tem
2305 1454 2569 1515 sentiunt,
2626 1453 2750 1521 quia
2813 1468 2919 1506 non
2985 1451 3185 1505 habent
3247 1451 3366 1504 illas
3403 1467 3584 1516 aures,
3625 1466 3746 1520 quae

2169 1545 2330 1612 digne
2368 1546 2576 1612 possint
2623 1543 2816 1598 audi-re
2856 1544 3022 1597 verba
3075 1542 3166 1596 Dei
3223 1543 3290 1597 de
3355 1543 3483 1609 Deo,
3510 1559 3628 1611 qua:
3652 1558 3747 1613 per

2169 1634 2508 1703 Scripturam
2565 1636 2900 1691 referuntur.
2943 1635 3096 1702 Quod
3138 1637 3281 1690 enim
3335 1637 3466 1690 dicit
3498 1654 3513 1690 :
3545 1635 3744 1690 Caelum

2168 1727 2298 1780 mihi
2337 1729 2482 1782 sedes
2515 1739 2615 1792 est,
2686 1731 2760 1783 ita
2808 1730 2968 1798 digne
3024 1729 3092 1782 de
3138 1727 3248 1782 Deo
3289 1728 3631 1796 intelligitur,
3690 1737 3748 1780 ut

2167 1820 2410 1874 sciamus
2441 1821 2568 1888 quia
2607 1821 2658 1874 itt
2694 1821 2776 1874 his
2805 1836 3038 1890 quorum
3098 1822 3149 1875 in
3201 1822 3354 1875 ccelts
3401 1821 3747 1874 conversatio

480 1923 636 1967 centc
661 1912 943 1980 Scriptura
963 1916 1040 1968 ¹⁷ε
1074 1915 1138 1968 Et
1159 1917 1292 1968 dixit
1310 1911 2062 1982 Deus:Fiat/irmamentum.
2099 1921 2139 1974 Β
2171 1921 2275 1976 est,
2315 1911 2458 1967 Deus
2491 1913 2786 1983 requiescit
2830 1924 2888 1969 et
2933 1913 3154 1969 residet.
3197 1913 3256 1967 lu
3306 1915 3390 1968 his
3419 1922 3600 1966 autem
3651 1911 3746 1982 qui

480 2001 551 2056 Et
592 2005 726 2058 dixit
768 2006 905 2061 Deus
935 2025 952 2061 :
982 2007 1338 2080 Congregetur
1373 2025 1512 2078 aqua
1544 2023 1662 2076 qute
1702 2008 1798 2060 sub
1829 2007 1954 2060 calo
1984 2018 2057 2060 est

478 2096 533 2150 in
561 2110 1018 2166 congregationem
1044 2118 1222 2166 unatn,
1258 2113 1305 2155 et
1346 2111 1594 2170 appareat
1616 2100 1792 2153 arida.
1825 2099 1891 2152 Et
1923 2101 2058 2153 dixit

484 2189 622 2242 Deus
647 2208 664 2244 :
692 2188 963 2246 Producat
994 2204 1135 2247 terra
1161 2195 1375 2248 herbam
1397 2193 1550 2262 freni;
1591 2193 1666 2246 ita
1691 2194 1855 2246 etiam
1891 2193 1942 2246 in
1977 2209 2062 2246 re-

483 2281 646 2348 liquis
675 2283 827 2337 dicit.
865 2283 1154 2339 Videamus
1194 2296 1373 2340 autcm
1425 2302 1545 2354 qua:
1602 2294 1727 2341 sunt
1771 2299 1892 2354 quae
1945 2285 2061 2353 ipse

481 2374 626 2426 Deus
657 2372 808 2440 fecit,
840 2385 893 2430 et
918 2393 1014 2445 per
1043 2364 1156 2431 haec
1198 2393 1317 2446 quae
1345 2378 1659 2446 magnitudo
1686 2376 1920 2431 hominis
1967 2378 2060 2441 sit,

480 2468 858 2520 advertamus.
911 2466 976 2520 In
1007 2470 1268 2537 principio
1297 2471 1430 2538 fecit
1465 2471 1601 2524 Deus
1635 2472 1818 2523 calum
1865 2479 1912 2522 et
1958 2479 2064 2522 ter-

481 2572 596 2608 ram
626 2557 690 2612 ⁸⁸.
735 2555 1001 2612 Similiter
1020 2561 1096 2613 ait
1130 2561 1170 2593 '9
1197 2579 1213 2615 :
1247 2559 1314 2613 Et
1340 2561 1459 2629 fecit
1487 2562 1594 2614 duo
1625 2561 1916 2614 luminaria
1946 2577 2059 2614 ma-

479 2664 610 2717 gna.
646 2647 714 2701 Et
742 2664 881 2704 nunc
919 2649 1110 2703 iterum
1145 2653 1188 2682 ³ο
1215 2669 1227 2704 :
1253 2651 1544 2705 Faciamus
1581 2652 1863 2706 hominem.
1897 2651 1952 2704 In
1980 2653 2063 2706 his

480 2739 612 2794 solis
636 2739 854 2795 factura
890 2743 1059 2811 ipsius
1091 2743 1180 2796 Dei
1205 2743 1517 2808 ascribitur,
1546 2745 1599 2798 iu
1629 2744 1750 2800 aliis
1783 2760 1914 2799 vero
1939 2761 2064 2799 nus-

479 2846 641 2899 quam
667 2849 684 2896 ;
715 2833 809 2887 sed
841 2836 1211 2888 tantummodo
1243 2835 1517 2888 coelumet
1550 2844 1718 2898 terra,
1747 2834 1826 2888 sol
1853 2846 1906 2889 et
1933 2834 2062 2887 luna

483 2939 548 2977 ac
575 2922 768 2990 stellae,
799 2935 855 2978 et
883 2941 1026 2980 nunc
1057 2925 1218 2980 homo
1257 2941 1286 2980 a
1319 2926 1426 2980 Deo
1465 2925 1603 2978 facta
1631 2934 1756 2980 sunt
1787 2924 1924 2996 (62),
1955 2941 2066 2978 om-

483 3015 574 3068 nia
605 3029 734 3070 vero
767 3015 974 3084 reliqua
1000 3015 1248 3085 jussione
1293 3016 1411 3085 ejus
1458 3016 1604 3071 facta
1635 3031 1758 3071 esse
1783 3016 2061 3070 dicuntur.

482 3105 561 3160 Ex
595 3107 696 3162 hoc
719 3123 850 3178 ergo
876 3110 1166 3164 considera
1197 3120 1398 3182 quanta
1426 3109 1497 3164 sit
1537 3109 1849 3178 magnitudo
1895 3109 2065 3161 homi-

483 3199 595 3264 nis,
628 3200 720 3266 qui
751 3209 858 3254 tam
921 3203 1132 3271 magnis
1174 3202 1460 3256 elementis
1498 3209 1720 3270 tamque
1775 3200 2062 3270 prmcipuis

2166 2004 2342 2057 adlmc
2395 2015 2675 2058 terrenum
2729 2007 3066 2074 propositum
3119 2017 3337 2075 gerunt,
3385 2007 3571 2060 ultima
3620 2021 3748 2075 pars

2168 2095 2285 2163 ejus
2312 2095 2667 2164 providentiae
2727 2097 3020 2160 invenitur,
3063 2099 3206 2166 quod
3238 2099 3291 2151 in
3337 2101 3529 2168 pedum
3558 2099 3742 2166 appel-

2170 2187 2370 2243 latione
2405 2189 2701 2258 ﬁguraliter
2729 2191 3019 2245 indicatur.
3054 2192 3130 2246 Ex
3168 2194 3369 2260 quibus
3401 2194 3444 2246 si
3472 2194 3562 2261 qui
3605 2191 3747 2248 forte

2179 2282 2417 2334 studium
2461 2296 2526 2335 ac
2573 2283 2903 2336 desiderium
2954 2286 3292 2354 sumpserint
3327 2285 3441 2337 lieri
3470 2286 3746 2349 cmlestes,

2169 2373 2504 2442 perfectione
2526 2375 2650 2428 vita:
2681 2385 2736 2430 et
2762 2376 3064 2431 intellectus
3091 2378 3408 2441 altitudine,
3441 2376 3748 2430 clliciuntnr

2168 2465 2332 2518 etiam
2366 2465 2463 2532 ipsi
2498 2465 2652 2519 sedes
2675 2465 2790 2529 Dei,
2825 2465 2954 2519 facti
2986 2468 3136 2534 prius
3186 2467 3380 2535 peritia
3433 2475 3487 2520 et
3520 2480 3748 2518 conver~

2168 2553 2379 2608 satione
2422 2555 2722 2622 (δωρείας-ς
2759 2557 2848 2624 qui
2909 2558 3072 2611 etiam
3129 2559 3315 2610 dicunt
3345 2559 3429 2610 “:
3464 2557 3746 2612 Suscitavit

2172 2662 2264 2699 nos
2287 2663 2402 2698 cum
2428 2645 2666 2712 Christo,
2695 2659 2741 2700 et
2775 2647 2936 2701 simul
2957 2649 3135 2702 sedere
3165 2665 3257 2702 nos
3293 2650 3414 2717 fecit
3443 2652 3494 2702 in
3528 2650 3750 2703 caelestis

2170 2737 2284 2789 bus.
2315 2738 2418 2791 Sed
2453 2749 2507 2793 et
2539 2739 2614 2791 illi
2642 2755 2872 2807 quorum
2909 2744 3196 2794 thesaurus
3222 2741 3272 2793 in
3307 2740 3444 2795 casio
3471 2751 3588 2804 est,
3629 2755 3747 2797 cm-

2169 2827 2334 2881 lcstes
2358 2829 2460 2882 dici
2492 2840 2718 2898 possunt
2762 2841 2816 2886 et
2875 2829 3032 2884 sedes
3090 2833 3206 2896 Dei,
3263 2833 3520 2901 quoniam
3556 2833 3625 2885 ibi
3665 2841 3748 2887 est

2169 2935 2266 2975 cor
2293 2936 2478 2975 eorum
2511 2925 2599 2976 tibi
2637 2932 2722 2976 est
2750 2927 3037 2979 thesaurus
3071 2940 3283 2979 eorum.
3332 2924 3397 2977 Et
3438 2939 3542 2977 non
3571 2923 3746 2979 solum

2170 3016 2463 3082 requiescit
2492 3029 2655 3085 super
2691 3031 2785 3069 eos
2818 3017 2981 3079 Deus,
3017 3018 3110 3071 sed
3152 3026 3208 3070 et
3257 3016 3528 3070 inhabitat
3559 3017 3609 3068 in
3643 3017 3742 3071 eis.

2171 3108 2227 3162 Si
2249 3124 2375 3163 vero
2425 3120 2605 3163 tantus
2633 3110 2754 3178 quis
2800 3110 2934 3164 ellici
2968 3119 3162 3179 potest,
3187 3120 3244 3163 ut
3277 3109 3450 3179 possit
3476 3110 3660 3163 dicere
3675 3112 3744 3167 "z

2169 3203 2248 3255 An
2304 3203 2673 3255 documentum
2725 3204 2980 3272 quaeritis
3024 3203 3140 3273 ejus
3201 3205 3290 3272 qui
3344 3205 3400 3255 in
3451 3219 3532 3257 me
3579 3204 3748 3274 loqui-

482 3290 823 3359 ada-quatur,
855 3293 945 3361 qui
993 3293 1156 3347 habet
1204 3295 1470 3347 honorem
1496 3292 1644 3356 cadi,
1671 3299 1890 3361 propter
1917 3292 2060 3360 quod
2089 3280 2130 3338 C
2166 3303 2254 3346 tur
2294 3292 2539 3348 Christus
2583 3295 2682 3347 ?in
2731 3294 2835 3349 hoc
2871 3309 2976 3366 non
3013 3295 3186 3348 solum
3224 3294 3492 3350 inhabitat
3553 3297 3693 3352 Deus
3731 3336 3746 3363 ,

480 3389 538 3435 et
565 3383 829 3438 caelorum
879 3385 927 3438 el
950 3384 1286 3452 promittitur
1326 3381 1850 3452 regnum.Habetet
1902 3393 2061 3438 terrm

484 3474 769 3546 honorem,
808 3479 1064 3547 quoniam
1109 3479 1324 3548 quidem
1382 3479 1432 3530 in
1494 3484 1694 3531 terram
1750 3480 1967 3543 bonam,
2007 3488 2064 3534 et

485 3576 687 3620 terram
729 3569 976 3623 vivorum
1004 3568 1257 3622 ﬂuentem
1298 3568 1380 3622 lac
1404 3578 1459 3622 et
1491 3569 1594 3622 mel
1622 3569 1830 3638 ingredi
1855 3580 2058 3637 sperat.

485 3657 658 3713 llabet
685 3661 947 3716 honorem
982 3660 1114 3714 solis
1141 3669 1196 3714 et
1230 3659 1392 3725 lunaz,
1443 3659 1648 3715 habens
1693 3661 2066 3729 repromissio-

484 3767 606 3806 nem
634 3753 838 3823 fulgere
873 3757 1018 3810 sicut
1049 3756 1130 3809 sol
1163 3757 1213 3809 in
1247 3771 1409 3825 regno
1433 3755 1548 3808 Dei.

555 3845 642 3898 1'5.
676 3845 809 3900 Illud
855 3861 986 3900 sane
1023 3847 1184 3900 etiam
1241 3846 1568 3900 eminentius
1629 3845 1680 3897 in
1747 3846 2066 3900 conditione

484 3936 725 3992 hominis
770 3938 947 3998 video,
986 3937 1130 4005 quod
1186 3937 1315 3991 alibi
1368 3955 1471 3993 non
1509 3923 1725 3995 invenio
1763 3941 1969 3994 dictum
1991 3940 2059 3992 ἰε

484 4026 556 4083 Et
596 4029 717 4097 fecit
749 4028 887 4082 Deus
912 4028 1195 4090 hominem,
1221 4031 1289 4081 ad
1324 4031 1602 4099 imaginem
1642 4031 1738 4084 Dei
1773 4031 1893 4090 fecit
1921 4047 2060 4084 eum.

483 4121 641 4186 Quod
673 4136 848 4190 neque
878 4123 928 4173 in
957 4122 1118 4186 coelo,
1166 4137 1342 4192 neque
1371 4125 1422 4176 in
1457 4133 1624 4186 terra,
1657 4139 1831 4192 neque
1859 4125 1911 4176 in
1953 4123 2064 4177 sole

485 4211 572 4264 vel
600 4211 722 4264 luna
754 4211 1060 4267 invenimus
1084 4214 1576 4283 ascriptumqllunc
1600 4228 1734 4268 sane
1764 4214 2063 4278 hominem,

486 4317 648 4369 quem
681 4302 810 4356 dicit
842 4305 906 4358 ad
941 4305 1230 4375 imaginem
1283 4307 1376 4363 Dei
1405 4308 1630 4374 factum,
1661 4324 1766 4362 non
1802 4306 2062 4375 intelligi-

488 4410 608 4448 mus
631 4398 967 4466 corporalem
1020 4399 1155 4471 (65).
1204 4399 1324 4456 Non
1358 4402 1502 4456 enim
1531 4401 1779 4472 corporis
1829 4401 2063 4470 ﬁgmen-

489 4498 603 4542 tum
639 4488 730 4544 Dei
779 4492 1068 4559 imaginem
1095 4495 1358 4558 contiuet,
1387 4509 1562 4563 neque
1590 4495 1765 4548 factus
1793 4509 1918 4548 esse
1943 4507 2066 4546 cor-

486 4581 691 4650 poralis
726 4583 889 4637 homo
929 4584 1146 4649 dicitur,
1183 4588 1274 4639 sed
1327 4585 1647 4654 plasmatus,
1678 4585 1818 4637 sicut
1847 4584 1900 4635 in
1929 4599 2062 4636 cou-

488 4675 848 4744 aequentibus
879 4677 1138 4745 scriptum
1190 4686 1294 4732 est.
1342 4678 1432 4731 Ait
1459 4678 1603 4731 enim
1656 4677 1701 4706 ²¹
1731 4673 2062 4751 :IPlasmavit

488 4765 630 4820 Deus
673 4768 954 4823 hominem.
991 4768 1044 4822 ld
1077 4778 1160 4822 est
1198 4770 1353 4822 tinxit
1396 4769 1462 4824 de
1497 4778 1654 4824 terrae
1695 4769 1844 4823 limo.
1887 4767 1935 4820 ls
1969 4781 2066 4819 au-

490 4869 598 4914 tem
632 4861 723 4929 qui
757 4862 823 4914 ad
846 4862 1137 4932 imaginem
1176 4863 1265 4917 Dei
1289 4861 1466 4917 factus
1499 4872 1579 4915 est
1608 4872 1662 4915 et
1689 4862 1754 4916 ad
1809 4859 2062 4914 similitu-

489 4953 671 5007 dinem
707 4953 841 5023 (64),
877 4955 1102 5009 interior
1135 4955 1297 5009 homo
1330 4964 1518 5009 noster
1548 4963 1652 5019 est,
1689 4950 1975 5005 invisibilis
2011 4959 2065 5001 et

489 5044 875 5112 incorporalis,
913 5055 967 5100 et
995 5047 1345 5114 incorruptus
1395 5055 1557 5114 atque
1607 5042 1947 5099 immortalis.
2006 5039 2060 5093 In

488 5137 574 5192 bis
600 5138 745 5191 enim
793 5139 986 5193 talibus
1037 5139 1129 5194 Dei
1182 5141 1358 5210 itit:th
1412 5140 1610 5193 rectius
1643 5137 1978 5205 intelligitur.
2008 5131 2063 5185 Si

545 5252 884 5317 ‘°Gett.t,‘.’.6.
927 5257 1234 5320 "ib.,6-ll.
1275 5257 1316 5286 ⁵⁸
1342 5256 1491 5315 ibitl.,
1520 5256 1574 5308 1.
1653 5252 1694 5284 ¹⁹
1722 5248 1998 5320 ἱΙ)ἱ‹1,,Ῠ16.

493 5339 640 5386 tam,
680 5326 730 5382 l.
817 5325 864 5356 “
898 5319 1097 5392 Ephes.
1131 5342 1164 5378 ιι
1195 5368 1210 5390 ,
1253 5327 1304 5378 6.
1411 5325 1454 5356 ’⁸
1494 5325 1529 5377 II
1565 5324 1687 5376 Cor.
1724 5335 1843 5379 χιιι,
1879 5319 1932 5370 ’5.

493 5395 538 5425 ³³
569 5395 775 5450 Coloss.
808 5410 845 5459 I,
881 5395 968 5448 15.
1047 5396 1091 5427 ³ο
1123 5396 1259 5451 lieb.
1289 5411 1327 5463 t,
1376 5397 1430 5451 '5.

568 5532 681 5600 (6|)
716 5528 1036 5598 Spiritu/em.
1083 5533 1210 5586 Hinc
1265 5548 1363 5588 vox
1416 5533 1564 5587 deest
1613 5534 1663 5586 in
1717 5507 1874 5586 antea
1911 5532 2068 5586 editis

504 5602 674 5665 libris,
701 5606 791 5654 sed
827 5603 1057 5655 habetur
1085 5602 1134 5656 in
1174 5619 1306 5657 mss.
1344 5613 1398 5656 et
1429 5606 1733 5658 neaessaria
1763 5615 1846 5657 est
1867 5614 1924 5655 ut
1958 5617 2067 5655 res-

499 5673 731 5750 pondeat
753 5672 907 5724 alteri
934 5674 1197 5739 membro,
1227 5683 1273 5727 et
1306 5684 1495 5727 terram
1523 5690 1734 5728 sensum
1761 5676 1933 5726 carnis
1955 5689 2072 5742 pro.

522 5756 654 5793 erre.

522 5756 654 5793 erre.

499 5747 514 5810 ι
574 5811 686 5876 (62)
719 5810 861 5882 Mss”
900 5811 1041 5876 facta
1069 5823 1211 5875 sunt;
1246 5813 1372 5868 libb.
1408 5815 1560 5874 editi,
1589 5815 1760 5882 factus
1803 5822 1900 5866 est.

574 5882 685 5951 (63.)
725 5881 841 5935 Non
895 5885 1232 5952 intelligimus
1293 5881 1636 5954 corporalem.
1706 5887 1776 5938 De
1839 5885 2069 5953 imagine

2104 5246 2148 5275 ὀ
2181 5244 2311 5298 ibid.
2342 5245 2430 5298 26.

2047 5317 2092 5346 ’⁸
2126 5314 2267 5369 I‘sal.
2303 5331 2456 5382 xvttt,
2497 5319 2546 5372 l.

1509 5396 1548 5427 ³¹
1578 5393 1734 5450 Joau.
1789 5405 1900 5454 xw,
1932 5387 2080 5451 9,10.

2166 3386 2263 3440 sed
2311 3385 2474 3440 etiam
2528 3385 2845 3439 iuatnbulat.
2895 3388 2963 3440 Et
3031 3398 3317 3458 propterea
3363 3390 3588 3457 perfecti
3628 3392 3750 3460 qui-

2166 3489 2270 3543 que
2311 3476 2563 3530 cmlcstes
2609 3476 2770 3543 lacti,
2803 3477 2886 3530 vel
2921 3480 3045 3533 coeli
3091 3480 3288 3544 ell'ecti,
3327 3493 3586 3534 enarrant
3632 3483 3750 3552 gloo

2168 3567 2304 3620 riam
2361 3569 2479 3632 Dei,
2532 3571 2675 3624 sicut
2730 3571 2781 3624 in
2839 3571 3053 3627 Psalmo
3109 3573 3306 3628 dicitur
3343 3576 3410 3631 ".
3458 3575 3749 3644 Propterea

2169 3660 2400 3729 denique
2459 3662 2686 3731 apostoli
2739 3663 2833 3731 qui
2903 3674 3062 3718 erant
3131 3665 3289 3729 cudi,
3340 3669 3624 3720 mittuntur
3679 3667 3748 3719 ad

2167 3755 2535 3808 enarrandum
2594 3757 2822 3821 gloriam
2884 3757 3012 3822 Dei,
3065 3766 3118 3810 et
3185 3758 3479 3829 Boanerges
3551 3772 3750 3814 nomen

2169 3848 2462 3916 accipiunt,
2511 3850 2654 3917 quod
2708 3855 2791 3903 est
2842 3847 2943 3917 ﬁlii
2997 3848 3397 3912 tonitrui",ut
3457 3864 3552 3918 per
3609 3851 3751 3903 toni-

2171 3941 2275 3993 trui
2322 3950 2680 4008 potestatem,
2721 3956 2851 3995 vere
2900 3955 2994 3996 eos
3052 3939 3220 3994 cmlos
3267 3955 3391 3995 esse
3438 3941 3746 3996 credamus.

2172 4030 2320 4085 Fecit
2361 4049 2489 4103 ergo
2538 4032 2681 4086 Deus
2732 4033 3016 4099 hominem,
3048 4035 3116 4085 ad
3159 4034 3442 4102 imaginem
3488 4032 3583 4085 Dei
3624 4032 3757 4101 fecit

2170 4123 2319 4176 illum
2371 4125 2433 4178 ’⁸.
2496 4123 2722 4192 Oportet
2771 4139 2870 4177 nos
2918 4124 3102 4177 videre
3139 4139 3257 4192 qua:
3312 4131 3394 4177 est
3451 4124 3552 4177 ista
3607 4123 3748 4176 ima-

2169 4231 2235 4284 go
2262 4215 2371 4285 (65)
2409 4201 2528 4278 Dei',
2562 4225 2616 4268 et
2647 4215 2958 4284 perquirere
2998 4216 3064 4268 ad
3089 4214 3244 4283 cujus
3269 4215 3522 4284 imaginis
3555 4214 3748 4270 simili-

2169 4308 2408 4360 tudinem
2464 4309 2626 4361 homo
2666 4307 2838 4361 factus
2883 4315 2983 4361 est.
3026 4306 3143 4361 Non
3193 4307 3337 4359 enim
3393 4307 3568 4372 dixit,
3617 4308 3745 4376 quia

2169 4396 2299 4450 fecit
2324 4399 2461 4452 Deus
2487 4397 2762 4451 hominem
2814 4400 2880 4451 ad
2914 4399 3204 4467 imaginem
3239 4407 3292 4449 et
3329 4397 3742 4450 similitudinem

2169 4503 2339 4550 Suam,
2391 4492 2484 4542 sed
2511 4530 2524 4552 ,
2553 4491 2621 4540 ad
2673 4490 2953 4557 imaginem
2996 4489 3090 4542 Dei
3115 4489 3235 4554 fecit
3293 4489 3461 4543 illum.
3505 4489 3635 4556 Quae
3665 4500 3749 4545 est

2171 4594 2304 4648 ergo
2340 4579 2446 4631 alia
2487 4580 2669 4646 imago
2701 4580 2791 4632 Dei
2821 4580 2894 4634 ad
2920 4580 3074 4648 cujus
3119 4581 3374 4648 imaginis
3433 4581 3746 4635 similitudi—

2175 4685 2297 4722 nem
2334 4669 2508 4722 lactus
2541 4683 2624 4723 est
2653 4671 2836 4737 homo,
2868 4672 2970 4726 nisi
3021 4671 3276 4725 Salvator
3305 4684 3512 4736 noster,
3543 4676 3633 4743 qui
3663 4685 3748 4728 est.

2173 4763 2547 4830 primogenitus
2616 4766 2786 4818 omnis
2841 4780 3096 4820 creatura:
3143 4768 3188 4799 ”
3245 4769 3384 4822 ?'de
3445 4783 3553 4837 quo
3610 4769 3749 4823 scri-

2173 4861 2321 4919 ptum
2374 4863 2481 4918 est,
2529 4856 2653 4924 quia
2691 4858 2762 4911 sit
2813 4858 3062 4927 splendor
3098 4861 3280 4913 teterni
3333 4863 3569 4925 luminis,
3603 4871 3650 4914 et
3679 4861 3748 4929 [i-

2173 4959 2306 5010 gura
2347 4961 2596 5013 expressa
2627 4951 2936 5006 substantia:
2978 4953 3072 5008 Dei
3105 4955 3170 5019 ’°',
3197 4958 3322 5024 quia
3349 4966 3401 5010 et
3431 4957 3546 5024 ipse
3586 4957 3651 5009 de
3689 4968 3749 5009 se

2172 5035 2302 5088 dicit
2333 5036 2398 5090 8|:
2437 5038 2543 5108 Ego
2569 5041 2622 5094 in
2655 5042 2834 5109 Patre,
2865 5056 2912 5097 et
2957 5043 3118 5099 l’nter
3155 5048 3206 5098 in
3238 5063 3351 5111 me;
3380 5058 3424 5100 et
3455 5050 3544 5114 qui
3573 5065 3653 5100 me
3678 5049 3750 5100 vi-

2173 5128 2283 5192 det,
2313 5130 2446 5184 videt
2473 5143 2518 5184 et
2560 5131 2796 5189 Patrem.
2831 5136 2983 5192 Sicut
3024 5141 3168 5191 enim
3194 5141 3284 5206 qui
3323 5141 3516 5192 viderit
3552 5141 3744 5207 imagi—

2542 5249 2584 5279 ¹¹
2630 5249 2894 5312 ibid.,‘27.
2996 5253 3040 5281 “
3088 5250 3292 5304 Cenes.
3324 5268 3382 5310 tt.
3416 5253 3467 5306 7.
3573 5252 3742 5304 "lsa.

2650 5321 2691 5349 ’⁷
2725 5320 2891 5373 Marc.
2939 5336 2994 5373 tu
3019 5362 3033 5386 ,
3067 5321 3149 5375 l7.
3255 5322 3298 5351 ’⁸
3327 5331 3522 5377 benes.
3566 5339 3620 5386 t,
3653 5319 3743 5376 “27'.

2169 5532 2264 5586 Dei
2297 5533 2345 5584 in
2376 5530 2593 5587 homine
2629 5535 2886 5599 impressa
2917 5533 3044 5601 quid
3069 5533 3318 5601 opinatus
3357 5528 3427 5601 sit
3459 5526 3743 5601 Origenes,

2172 5603 2371 5655 videsis
2430 5605 2569 5670 apud
2627 5599 3053 5657 illttstrissimum
3107 5599 3746 5665 lluctiumUrigeniano-

2168 5672 2498 5745 runtlib._tt,
2527 5673 2839 5745 qumst.12,
2875 5674 3112 5745 num.__9.
3238 5680 3240 5682 ’
3311 5739 3323 5745 _

2234 5740 2347 5808 (64)
2378 5741 2446 5793 Et
2472 5738 2997 5795 all—similitudinem.
3028 5743 3149 5796 llaec
3173 5739 3362 5808 (μωρίη
3393 5748 3552 5792 antea
3585 5738 3745 5790 editis

2169 5813 2369 5865 omissa
2407 5823 2548 5874 sunt,
2578 5814 2895 5880 supplentur
2927 5829 2954 5864 c
2987 5828 3114 5865 mss.

2243 5882 2353 5952 (63)
2383 5881 2511 5946 th'
2535 5895 2607 5938 est
2633 5878 2733 5937 isia
2769 5885 2959 5952 imago.
2991 5883 3041 5936 lit
3071 5892 3224 5935 antea
3253 5881 3408 5935 editis
3444 5878 3591 5932 deest
3617 5882 3737 5928 ista.
