4132 6482
423 496 526 550 157

1645 496 1708 551 ΙΝ
1748 496 2044 552 CENESIM
2089 495 2376 551 llUMlLlA
2415 495 2453 549 1.

3570 499 3671 552 158

416 630 540 670 netu
567 615 822 683 alicujus,
851 613 992 668 videt
1026 629 1146 668 cum
1174 611 1323 679 cujus
1369 615 1547 683 imago
1571 623 1674 679 est,
1708 617 1780 669 ita
1810 625 1864 669 et
1897 630 1994 684 per
2023 620 2069 676 Α
2098 615 2230 668 dixit
2277 631 2361 668 eos
2414 614 2551 666 Deus
2612 614 2786 666 dicens
2813 628 2830 665 :
2861 612 3086 667 Crescite
3142 624 3188 666 et
3221 615 3666 684 multiplicamini,

422 707 660 760 Verbum
690 706 808 770 Dei,
841 721 960 775 quae
1007 717 1089 761 est
1130 707 1305 775 imago
1339 705 1453 768 Dei,
1497 705 1660 759 Deum
1682 707 1801 773 quis
1831 707 1994 760 videt.

420 795 489 850 Et
525 796 597 848 ita
636 811 822 848 verum
853 795 958 850 erit
986 797 1126 864 quod
1155 797 1290 848 dixit
1316 812 1328 847 :
1363 795 1465 859 Qui
1494 811 1570 847 me
1590 796 1758 857 videt,
1786 796 1919 848 videt
1950 808 1996 851 et

423 885 664 941 Patrem.
689 886 769 939 Ad
790 886 947 955 hujus
973 901 1100 955 ergo
1120 887 1370 955 imaginis
1391 885 1795 939 similitudinem
1834 888 1996 942 homo

423 979 600 1032 factus
659 987 761 1041 est,
796 987 850 1030 et
898 985 1189 1046 propterea
1240 975 1491 1030 Salvator
1543 985 1744 1042 noster,
1788 978 1876 1046 qui
1915 987 1996 1032 est

421 1069 601 1138 imago
621 1068 735 1132 Dei,
773 1067 1147 1121 misericordia
1185 1078 1362 1120 metus
1392 1081 1489 1134 pro
1532 1066 1774 1130 homine,
1805 1067 1895 1134 qui
1928 1065 1992 1119 ad

420 1158 538 1222 eius
561 1157 972 1212 similitudinem
1005 1157 1180 1211 factus
1214 1157 1414 1220 fuerat,
1439 1157 1627 1210 videns
1657 1172 1803 1222 eum,
1827 1159 1992 1227 depo-

420 1249 523 1304 sita
549 1264 648 1304 sua
679 1248 927 1319 imagine,
961 1249 1174 1318 maligni
1206 1247 1492 1318 imaginem
1525 1248 1824 1313 induxisse,
1878 1249 1994 1318 ipse

422 1350 601 1397 mutus
653 1340 1064 1401 misericordia,
1118 1339 1354 1409 imagine
1404 1339 1642 1395 hominis
1695 1350 1990 1409 assumpta,

423 1434 571 1487 venit
639 1431 706 1484 ad
760 1445 914 1493 eum,
973 1431 1114 1485 sicut
1164 1432 1455 1499 Apostolus
1509 1441 1847 1488 contestatur
1907 1433 1988 1485 di-

419 1539 548 1578 cens
576 1523 618 1553 ³⁵
651 1538 665 1576 :
691 1521 822 1575 Cum
849 1524 901 1574 in
929 1521 1102 1590 forma
1133 1521 1226 1574 Dei
1249 1531 1400 1587 esset,
1432 1538 1536 1576 non
1575 1524 1815 1591 rapinam
1843 1522 1992 1574 arbi-

421 1624 592 1668 tratus
615 1622 688 1666 est
715 1629 826 1666 esse
852 1631 905 1667 se
934 1613 1186 1683 (aqualem
1225 1613 1355 1677 Deo,
1380 1613 1471 1666 sed
1517 1614 1845 1681 semetipsum
1881 1613 1993 1666 exi-

421 1708 619 1760 nanivit
645 1707 870 1776 formam
899 1706 1032 1758 servi
1075 1707 1338 1774 accipiens
1379 1705 1433 1757 in
1478 1705 1876 1758 similitudinem
1901 1705 1993 1757 hoc

419 1800 618 1851 minam
649 1799 842 1868 factus,
867 1807 912 1851 et
949 1797 1131 1850 habitu
1159 1798 1396 1850 inventus
1431 1806 1484 1849 ut
1521 1796 1698 1859 ltomo,
1740 1797 1992 1850 humilia-

419 1891 491 1942 υέι
515 1891 846 1958 semetipsum
880 1905 1040 1960 usque
1085 1890 1152 1941 ad
1201 1897 1440 1941 mortem.
1496 1887 1818 1957 Quicunque
1860 1905 1990 1958 ergo

2101 718 2148 760 et
2182 707 2368 775 replete
2400 715 2622 769 terram,
2677 716 2721 758 et
2762 705 3111 759 dominamini
3149 708 3199 759 in
3231 722 3290 760 ea
3338 707 3404 760 ³⁵.
3441 709 3666 775 Dignum

2099 799 2314 851 videtur
2341 798 2442 852 hoc
2473 799 2526 849 in
2578 796 2696 851 loco
2735 798 3017 866 requirere
3071 799 3368 851 secundum
3403 800 3669 864 litteram,

2097 889 2371 958 quomodo
2428 890 2664 940 nondum
2727 885 2870 941 facta
2920 887 3142 941 muliere
3180 889 3309 941 dicit
3340 889 3616 956 Scriptura
3651 907 3667 942 :

2097 979 2398 1031 Masculum
2437 989 2482 1032 et
2526 977 2778 1046 feminam
2828 976 2950 1046 fecit
2997 994 3106 1031 eos.
3171 977 3540 1041 Fortassis,ut
3571 993 3672 1047 ego

2095 1072 2356 1134 arbitror,
2396 1078 2615 1138 propter
2661 1069 3090 1122 benedictionem
3121 1084 3226 1136 qua
3274 1070 3551 1123 benedixit
3578 1085 3671 1124 eos

2096 1163 2281 1216 dicens
2307 1178 2320 1213 :
2354 1160 2581 1213 Crescite
2609 1168 2656 1212 et
2681 1159 3129 1222 multiplicamini,
3159 1167 3218 1226 et.
3237 1158 3427 1227 replete
3455 1170 3667 1221 terram,

2094 1253 2429 1320 przeveniens
2453 1251 2598 1320 quod
2627 1250 2868 1304 futurum
2917 1260 3058 1317 erat,
3088 1252 3218 1304 dicit
3249 1270 3261 1304 :
3296 1250 3593 1305 Masculum
3623 1262 3670 1304 et

2100 1344 2348 1412 feminam
2380 1343 2500 1412 fecit
2538 1359 2652 1407 eos,
2691 1343 2948 1412 quoniam
2998 1343 3215 1410 quidem
3236 1356 3485 1396 crescere
3515 1341 3674 1394 aliter

2094 1443 2149 1487 et
2181 1432 2532 1502 multiplicari
2567 1448 2672 1488 non
2701 1441 2916 1502 poterat
2941 1433 3126 1495 homo,
3153 1431 3252 1486 nisi
3283 1446 3405 1484 cum
3440 1429 3669 1485 femina.

2096 1526 2170 1582 Ut
2202 1540 2331 1594 ergo
2362 1526 2670 1579 benedictio
2692 1525 2809 1592 ejus
2843 1527 2962 1580 sine
2993 1525 3162 1580 dubio
3181 1525 3358 1576 futura
3393 1538 3517 1578 esse
3549 1539 3671 1578 cre—

2094 1617 2336 1682 deretur,
2361 1617 2437 1670 ait
2473 1637 2484 1670 :
2529 1615 2830 1670 Masculum
2879 1627 2924 1670 et
2969 1617 3221 1686 feminam
3270 1615 3395 1682 fecit
3418 1632 3527 1668 eos.
3561 1615 3676 1669 l‘loc

2096 1723 2332 1776 namque
2362 1707 2521 1762 modo
2570 1707 2734 1760 homo
2767 1707 2956 1760 videns
3010 1707 3292 1760 crescendi
3332 1715 3383 1758 et
3417 1704 3676 1770 multipli-

2091 1797 2250 1851 candi
2305 1797 2748 1864 consequentiam
2778 1809 2897 1850 esse
2946 1811 3011 1848 ex
3042 1811 3128 1858 eo,
3172 1797 3316 1864 quod
3371 1795 3418 1848 ei
3473 1794 3673 1848 femina

2088 1889 2452 1958 iungebatur,
2475 1889 2768 1943 certiorem
2799 1903 2945 1958 spem
2975 1897 3404 1958 gerereapoterat
3439 1888 3490 1941 iu
3513 1888 3676 1941 bene-

427 1981 653 2034 veniunt
677 1982 741 2034 ad
771 1995 916 2047 eum,
941 1992 993 2035 et
1044 1980 1376 2035 rationabilis
1403 1981 1650 2050 imaginis
1697 1981 1992 2051 participes
2027 1967 2067 2025 Β
2097 1979 2332 2033 dictione
2361 1979 2566 2033 divina.
2623 1978 2680 2031 Si
2706 1979 2848 2031 enim
2891 1979 3118 2032 dixisset
3183 1977 3467 2045 Scriptura
3499 1993 3512 2026 :
3540 1974 3675 2029 Cre-

421 2069 556 2126 clliei
584 2073 824 2137 student,
869 2088 964 2139 per
995 2072 1298 2141 profectum
1326 2087 1480 2126 suum
1517 2073 1814 2126 secundum
1851 2073 1990 2127 inte-

419 2163 616 2218 riorem
657 2163 930 2216 hominem
967 2172 1298 2219 renovantur
1323 2163 1561 2231 quotidie
1603 2163 1668 2215 ad
1705 2164 1989 2232 imaginem

417 2253 535 2322 ejus
574 2253 664 2322 qui
699 2252 825 2307 fecit
849 2267 973 2319 eos;
1015 2253 1088 2306 ita
1142 2263 1198 2308 ut
1259 2253 1462 2324 possint
1514 2250 1822 2306 conformes
1872 2267 1991 2306 cor-

420 2345 540 2416 pori
575 2343 842 2398 claritatis
878 2345 996 2415 (66)
1022 2345 1138 2414 ejus
1161 2343 1320 2411 efﬁci,
1354 2345 1446 2399 sed
1495 2345 1864 2412 unusquisque
1895 2358 1992 2412 pro

419 2436 627 2490 viribus
649 2436 1045 2504 suis.Apostoli
1091 2453 1149 2492 se
1186 2438 1250 2490 ad
1281 2435 1395 2503 ejus
1445 2436 1853 2490 similitudinem
1903 2451 1988 2490 re—

421 2526 730 2585 formarunt
766 2526 874 2596 58
907 2529 956 2581 iu
993 2537 1199 2581 tantum
1227 2541 1280 2582 ut
1307 2528 1422 2597 ipse
1455 2530 1519 2583 de
1559 2530 1636 2584 eis
1663 2531 1868 2583 diceret
1903 2531 1946 2562 "
1974 2547 1987 2584 :

424 2617 576 2674 Vada
625 2620 693 2672 ad
741 2619 953 2672 Patrem
1019 2637 1188 2673 meum
1241 2631 1286 2674 et
1349 2622 1558 2674 Patrem
1615 2633 1862 2686 vestrum,
1922 2624 1991 2676 ad

420 2711 586 2768 Deum
633 2726 803 2764 meum
853 2723 900 2765 et
936 2713 1003 2764 ad
1038 2714 1202 2766 Deum
1241 2723 1490 2767 vestrum.
1549 2714 1662 2783 Ipse
1714 2729 1840 2769 vero
1878 2715 1988 2784 jam

421 2800 649 2868 petierat
687 2801 898 2855 Patrem
953 2819 1050 2872 pro
1103 2803 1384 2874 discipulis
1416 2805 1550 2870 suis,
1586 2815 1640 2858 ut
1674 2807 1751 2861 eis
1799 2809 1992 2862 simili-

420 2893 548 2946 tudo
597 2892 822 2961 pristina
853 2894 1186 2961 redderetur,
1219 2912 1338 2951 cum
1391 2898 1526 2952 dixit
1553 2899 1596 2930 ³³
1625 2916 1639 2954 :
1672 2897 1856 2965 Pater,
1896 2903 1988 2966 da,

418 2993 478 3037 ut
516 2985 650 3037 sicut
697 3001 789 3054 ego
833 2996 880 3039 et
939 2997 994 3039 tu
1029 3004 1190 3042 unum
1244 2980 1445 3058 sumus,
1470 2993 1542 3044 ita
1567 3001 1614 3045 et
1642 2993 1730 3046 isti
1764 2994 1817 3045 in
1843 2995 1990 3047 nobis

419 3088 583 3128 unum
609 3075 734 3130 sint.
770 3076 992 3146 Semper
1019 3093 1150 3148 ergo
1176 3081 1480 3140 intueamur
1516 3085 1670 3138 istam
1701 3085 1988 3152 imaginem

422 3163 539 3231 Dei,
573 3175 631 3220 ut
660 3170 928 3236 possimus
981 3171 1044 3223 ad
1087 3171 1203 3238 ejus
1234 3172 1645 3228 similitudinem
1683 3174 1986 3230 reformari.

2094 2068 2222 2120 sci:e
2249 2077 2296 2119 et
2338 2067 2766 2135 multiplicamini
2809 2077 2855 2120 et
2891 2068 3083 2137 replete
3115 2077 3333 2132 terram,
3362 2077 3406 2119 et
3426 2065 3674 2120 domina-

2094 2160 2227 2211 mini
2253 2161 2304 2212 in
2323 2176 2404 2223 ea,
2433 2175 2538 2211 non
2571 2158 2831 2226 adjiciens
2859 2159 2981 2225 hoc,
3015 2161 3140 2227 quia
3174 2158 3466 2211 masculum
3506 2167 3556 2210 et
3594 2157 3674 2226 fe-

2093 2253 2288 2305 minam
2313 2253 2434 2319 fecit
2465 2267 2574 2316 eos,
2606 2252 2792 2319 utique
2845 2251 3208 2304 benedictioni
3264 2251 3461 2304 divinae
3490 2251 3672 2305 incre-

2093 2343 2251 2398 dulus
2276 2344 2601 2406 exstitisset,
2634 2341 2846 2396 sicutet
2869 2339 3036 2393 Maria
3073 2342 3138 2394 ad
3169 2355 3288 2394 eam
3337 2340 3672 2395 benedictio-

2093 2451 2214 2489 nem
2249 2451 2352 2504 qua
2379 2435 2805 2489 benedicebatur
2833 2433 3144 2502 ab-angelo,
3165 2433 3241 2486 ait
3270 2433 3315 2463 ³⁶
3349 2452 3361 2486 :
3397 2432 3672 2496 Quomodo

2093 2527 2256 2579 sciam
2286 2527 2383 2579 hoc
2433 2525 2591 2597 (67)?
2631 2525 2881 2595 quoniam
2923 2524 3094 2577 cirum
3131 2540 3232 2576 non
3263 2538 3534 2592 cognosco.
3567 2522 3674 2573 Aut

2101 2619 2334 2672 fortasse
2357 2619 2484 2686 quia
2541 2618 2723 2672 omnia
2779 2632 2956 2686 quaea
2991 2615 3100 2670 Deo
3140 2615 3281 2668 facta
3336 2623 3484 2678 sunt,
3542 2628 3674 2664 cou-

2077 2709 2274 2778 -juncta
2310 2724 2363 2763 ει
2388 2711 2763 2778 compaginata
2794 2709 3070 2770 dicuntur,
3105 2720 3163 2760 ut
3192 2706 3389 2760 coelum
3421 2716 3474 2760 ct
3493 2716 3668 2771 terra,

2093 2809 2145 2854 ει
2180 2800 2260 2854 sol
2285 2811 2337 2854 et
2378 2801 2537 2863 luna;
2575 2801 2817 2867 itarergo
2843 2807 2900 2850 ut
2928 2799 3307 2853 ostenderetur
3335 2799 3587 2866 quoniam
3618 2806 3674 2852 et

2093 2891 2257 2945 homo
2286 2891 2378 2945 Dei
2403 2907 2536 2961 opus
2564 2901 2669 2957 est,
2697 2899 2752 2944 et
2779 2904 2884 2942 non
2917 2888 3036 2942 sine
3073 2889 3388 2952 harmonia,
3422 2889 3506 2942 vel
3524 2903 3672 2942 com-

2095 2983 2297 3051 petenti
2356 2981 2742 3050 conjunctione
2794 2978 3040 3049 prolatus
3072 2992 3175 3046 est,
3234 2979 3438 3034 idcirco
3469 2992 3673 3047 praeve-

2093 3075 2245 3127 niens
2292 3073 2411 3127 ait:
2451 3073 2749 3128 Masculum
2802 3089 2846 3128 et
2909 3073 3160 3144 feminam
3206 3070 3325 3140 fecit
3373 3086 3478 3122 eor.
3538 3069 3663 3124 llzcc

2092 3165 2309 3231 quidem
2331 3165 2407 3218 ad
2435 3179 2553 3218 eam
2582 3167 2939 3234 quaestionem
2964 3165 3107 3219 dicta
3139 3169 3286 3226 sunt,
3316 3174 3435 3227 qua:
3471 3173 3668 3214 secun-

420 3257 480 3315 Si
504 3259 644 3312 enim
675 3259 740 3312 ad
773 3259 1061 3330 imaginem
1096 3261 1188 3316 Dei
1240 3262 1420 3316 factus
1453 3265 1640 3336 homo,
1671 3275 1856 3319 contra
1893 3283 1987 3320 na-
2017 3297 2057 3355 Ο
2095 3254 2217 3307 dum
2246 3254 2482 3308 “ueram
2511 3255 2738 3324 Proferri
2772 3266 2966 3327 [101681-

426 3356 600 3401 turam
635 3351 850 3406 intuens
901 3353 1190 3422 imaginem
1226 3355 1422 3409 diaboli
1480 3370 1575 3425 per
1603 3367 1884 3425 peccatum
1913 3358 1987 3413 si-

423 3437 564 3492 milis
584 3437 700 3505 ejus
725 3439 951 3497 ell'ectus
979 3453 1062 3498 est
1093 3462 1107 3498 :
1143 3446 1315 3501 multo
1351 3448 1520 3516 magis
1553 3448 1767 3503 intuens
1804 3449 1993 3520 imagi-

432 3543 554 3581 nem
595 3530 708 3594 Dei,
735 3533 801 3586 ad
831 3533 984 3601 cujus
1015 3535 1426 3592 similitudinem
1478 3538 1651 3594 factus
1677 3549 1757 3592 est
1789 3554 1818 3592 a
1857 3540 1988 3603 Deo,

421 3634 518 3689 per
535 3618 774 3676 Verbum
804 3637 858 3677 et
885 3626 1138 3681 virtutem
1163 3628 1280 3696 ejus
1313 3630 1533 3699 recipiet
1566 3629 1795 3684 formam
1846 3632 1988 3684 illaut

419 3724 538 3776 qua:
567 3711 690 3765 data
717 3714 764 3767 ci
799 3714 973 3770 fuerat
1003 3733 1102 3786 per
1145 3730 1416 3774 naturam.
1470 3721 1575 3776 Sed
1605 3737 1763 3777 nemo
1796 3723 1990 3793 despe-

420 3809 501 3854 ret
525 3803 712 3858 videus
736 3806 1146 3863 similitudinem
1193 3827 1345 3865 suam
1376 3815 1547 3882 magis
1574 3830 1693 3869 esse
1720 3831 1842 3869 cum
1870 3817 1992 3871 dia-

418 3889 542 3945 bolo
573 3909 732 3962 quant
777 3912 900 3956 cum
934 3899 1064 3964 Deo,
1107 3916 1267 3971 posse
1313 3917 1371 3954 se
1421 3904 1614 3963 iterum
1668 3921 1990 3973 recuperare

413 3975 645 4034 formam
682 3983 934 4054 imaginis
968 3987 1083 4060 Dei,
1127 3991 1255 4057 quia
1297 4008 1400 4046 non
1435 3993 1580 4045 venit
1615 3991 1865 4048 Salvator
1890 4011 1986 4049 v0-

412 4084 541 4132 care
571 4071 770 4139 justos,
806 4076 900 4127 sed
952 4088 1270 4143 peccatores
1317 4081 1370 4134 in
1407 4083 1804 4151 paenitentiam.
1852 4085 1988 4140 Mat-

415 4164 590 4217 thaeus
615 4164 937 4233 publicanus
953 4176 1091 4234 erat,
1116 4179 1168 4223 et
1197 4173 1380 4240 utique
1405 4175 1582 4242 imago
1625 4179 1742 4246 ejus
1771 4179 1988 4236 diabolo

413 4255 608 4312 similis
637 4265 775 4321 erat,
805 4259 897 4312 sed
928 4260 1158 4315 veniens
1185 4264 1249 4315 ad
1278 4266 1561 4333 imaginem
1588 4267 1681 4322 Dei
1703 4269 1985 4324 Dominum

425 4355 480 4400 et
509 4347 847 4402 Salvatorem
881 4361 1150 4414 nostrum,
1186 4363 1240 4406 et
1289 4371 1522 4422 sequens
1552 4373 1701 4423 eam,
1729 4363 1988 4414 transfor-

415 4447 593 4496 matus
622 4447 704 4493 est
733 4440 798 4491 ad
828 4440 1244 4496 similitudinem
1305 4445 1553 4514 imaginis
1601 4449 1719 4502 Dei.
1756 4449 1987 4505 Jacoltus

413 4525 659 4583 Zebedaei
720 4531 878 4595 filius,
937 4542 993 4588 ει
1038 4533 1276 4591 Joannes
1329 4539 1498 4592 frater
1530 4542 1645 4610 ejus
1687 4544 1984 4609 piscatores

2167 3344 2254 3400 15.
2289 3345 2577 3401 Videamus
2599 3357 2776 3401 autem
2821 3349 2982 3401 etiam
3033 3361 3129 3416 per
3186 3343 3500 3414 allegoriam
3532 3356 3670 3409 quo-

2095 3438 2254 3492 modo
2277 3441 2341 3493 ad
2373 3439 2662 3510 imaginem
2720 3440 2810 3493 Dei
2865 3431 3023 3494 homo
3081 3440 3256 3494 factus
3312 3435 3585 3490 masculus
3614 3443 3668 3487 et

2094 3530 2295 3584 femina
2358 3541 2458 3585 est.
2504 3532 2736 3586 Interior
2803 3532 2964 3586 homo
3014 3541 3199 3586 noster
3247 3545 3310 3583 ex
3364 3529 3558 3596 spiritu
3615 3537 3671 3578 et

2096 3626 2270 3679 anima
2317 3635 2549 3680 constat.
2594 3626 2866 3681 Masculus
2915 3628 3139 3695 spiritus
3182 3626 3415 3687 dicitur,
3470 3623 3666 3675 femina

2097 3718 2273 3769 anima
2315 3727 2491 3784 potest
2531 3722 2856 3787 nuncupari.
2907 3721 3035 3775 Haec
3065 3721 3107 3774 si
3143 3717 3496 3781 concordiam
3523 3714 3670 3766 inter

2093 3822 2152 3861 se
2179 3806 2412 3860 habeant
2439 3817 2493 3861 et
2521 3823 2868 3872 consensum,
2891 3810 3269 3864 convenientia
3302 3808 3442 3861 inter
3467 3821 3525 3859 se
3553 3805 3668 3873 ipsa

2093 3908 2346 3953 crescunt
2377 3909 2428 3952 et
2463 3897 2912 3965 multiplicantur,
2963 3908 3334 3967 generantque
3369 3897 3506 3950 filios
3544 3909 3668 3949 sen-

2093 4006 2185 4044 sus
2211 3990 2400 4054 bonos,
2424 3998 2478 4043 et
2512 3989 2818 4043 intellectus
2838 3991 2918 4042 vel
2949 3990 3309 4059 cogitationes
3337 3989 3522 4048 utiles,
3569 4000 3667 4054 per

2093 4099 2211 4151 qua:
2261 4081 2507 4150 repleam.
2550 4092 2775 4147 terram,
2836 4090 2892 4134 et
2931 4082 3284 4134 dominentur
3329 4079 3382 4132 in
3423 4093 3522 4142 ea;
3566 4079 3668 4131 hoc

2091 4185 2196 4236 est,
2231 4173 2534 4241 subjectum
2568 4173 2670 4225 sibi
2729 4188 2944 4226 sensum
2995 4171 3179 4226 carnis
3213 4174 3279 4225 ad
3327 4171 3550 4224 meliora
3583 4171 3666 4223 in-

2092 4266 2277 4319 stituta
2326 4273 2668 4328 convertunt,
2705 4273 2760 4318 ει
2789 4264 3142 4318 dominantur
3174 4263 3276 4325 eis,
3309 4263 3665 4315 scilicetcqu

2091 4356 2142 4407 in
2165 4354 2309 4408 nullo
2335 4371 2464 4408 caro
2493 4365 2679 4408 contra
2731 4354 3058 4408 voluntatem
3101 4350 3323 4419 spiritus
3358 4351 3664 4404 insolescit.

2087 4445 2205 4499 Jam
2239 4461 2366 4498 vero
2408 4447 2449 4499 si
2494 4448 2674 4499 anima
2719 4444 3006 4512 conjuncta
3059 4442 3300 4512 spiritui,
3333 4454 3494 4510 atque
3524 4440 3662 4509 ejus,

2089 4550 2146 4591 ut
2177 4541 2247 4592 ita
2271 4539 2466 4602 dicam,
2500 4539 2756 4606 conjugio
2805 4536 3076 4604 copulata,
3112 4534 3346 4588 declinet
3379 4533 3665 4601 aliquando

413 4627 590 4682 erant,
639 4628 689 4672 ct
746 4621 994 4676 homines
1059 4626 1178 4680 sine
1231 4627 1449 4692 litteris,
1490 4633 1580 4699 qui
1635 4634 1822 4701 utique
1859 4642 1985 4688 ιιιιιε
2021 4635 2060 4688 D
2092 4632 2155 4683 ad
2175 4645 2466 4698 corporeus
2510 4631 2838 4698 voluptates,
2885 4643 3223 4698 sensumque
3256 4643 3412 4681 suum
3446 4627 3496 4680 in
3528 4627 3667 4681 dele-

414 4708 584 4776 magis
609 4709 674 4761 ad
705 4709 992 4779 imaginem
1024 4713 1224 4768 diaboli
1270 4717 1678 4773 similitudinem
1715 4722 1978 4787 ferebant,

415 4798 508 4850 sed
555 4808 843 4865 sequentes
874 4809 929 4854 et
960 4801 1047 4854 isti
1081 4800 1374 4870 imaginem
1438 4805 1554 4870 Dei,
1601 4807 1807 4862 similes
1855 4808 1980 4863 facti

415 4895 538 4938 sunt
562 4889 633 4951 ei,
660 4890 873 4942 sicutet
899 4892 1082 4944 caeteri
1109 4895 1357 4961 apostoli.
1391 4894 1586 4952 Paulus
1638 4898 1806 4966 ipsius
1849 4900 1982 4952 ima-

351 4981 354 5014 έ
417 4975 558 5042 ginis
579 4977 673 5032 Dei
698 4991 1014 5047 persecutor
1043 4994 1178 5037 erat.
1224 4987 1290 5042 Ut
1323 4998 1500 5040 autem
1531 4990 1704 5056 potuit
1727 4993 1976 5045 decorem

412 5065 530 5134 ejus
550 5075 602 5120 et
622 5069 1078 5137 pulchritudinem
1099 5077 1483 5141 contueri,visa
1507 5093 1589 5142 ea,
1615 5080 1663 5130 iu
1686 5088 1888 5133 tantum
1911 5083 1976 5134 ad

411 5156 528 5225 cjus
575 5159 991 5216 similitudinem
1041 5164 1368 5222 reformatus
1417 5181 1519 5232 est,
1564 5180 1620 5223 nt
1649 5171 1858 5224 diceret
1889 5171 1977 5225 “z

409 5245 492 5298 An
521 5246 887 5304 documentum
931 5254 1168 5321 quaeritis
1213 5256 1325 5322 ejus
1375 5260 1463 5326 qui
1511 5258 1565 5309 in
1613 5274 1691 5309 me
1747 5257 1982 5324 loquitur

411 5332 654 5390 Christus
671 5342 696 5394 ?

481 5449 568 5504 M.
603 5449 899 5504 Masculum
955 5465 1002 5507 et
1060 5456 1312 5524 feminam
1363 5461 1486 5529 fecit
1542 5477 1666 5526 eos,
1715 5467 1763 5512 et
1826 5458 1980 5512 liene-

476 5543 519 5620 ξί
554 5542 693 5598 Phil.
738 5560 814 5620 I_I_.
839 5545 906 5610 6,
951 5548 1002 5613 7,
1042 5559 1095 5603 ει
1126 5553 1180 5607 8.
1289 5555 1334 5586 δ’
1359 5553 1515 5610 Joan.
1566 5571 1656 5620 xx,
1689 5555 1774 5608 l7.

409 5610 459 5644 “
483 5612 615 5668 Luc.
649 5630 686 5680 ι,
738 5615 827 5670 54.

479 5726 590 5806 (6.6)
621 5728 771 5808 alas"
796 5731 1000 5808 corpori
1027 5730 1308 5800 claritatis,
1342 5717 1467 5791 libb.
1501 5739 1650 5803 editi,
1677 5739 1964 5808 corporalis

406 5797 684 5855 claritatis,
719 5801 877 5853 male.

479 5867 794 5935 (67)Sciam
859 5871 1000 5927 hoc?
1057 5873 1128 5925 Et
1186 5877 1441 5930 memoria
1497 5878 1625 5931 citat
1686 5877 1964 5949 Origenes.

1917 5551 1960 5581 ³³
1985 5547 2144 5602 Joan.
2167 5565 2300 5615 xvn,
2339 5552 2428 5605 22.

2091 4721 2422 4777 ctatiouibus
2474 4723 2786 4776 carnalibus
2837 4721 3089 4784 inclinet,
3117 4733 3171 4773 et
3218 4719 3508 4788 aliquando
3543 4719 3666 4787 qui-

2092 4815 2212 4868 dem
2239 4815 2623 4883 obtemperare
2651 4815 2900 4868 videatur
2946 4814 3276 4868 salutaribus
3303 4814 3522 4869 monitis
3555 4814 3665 4881 spi-

2090 4906 2245 4968 ritus,
2275 4905 2566 4974 aliquando
2589 4919 2717 4958 vero
2757 4904 2906 4958 vitiis
2958 4903 3270 4969 carnalibus
3329 4904 3504 4965 cedat,
3540 4906 3664 4958 talis

2089 4996 2308 5059 anima,
2339 4997 2485 5049 velut
2537 4995 2799 5049 adulterio
2851 4995 3094 5061 corporis
3145 4994 3433 5058 maculata,
3492 5009 3664 5060 neque

2086 5103 2358 5151 crescere,
2389 5103 2560 5156 neque
2590 5085 2938 5154 multiplicari
2996 5084 3236 5153 legitime
3281 5085 3500 5150 dicitur,
3526 5101 3660 5154 quo-

2087 5182 2228 5232 niam
2261 5179 2478 5247 quidem
2530 5177 2670 5230 lilios
2703 5176 3077 5230 adulterorum
3111 5176 3458 5245 imperfectos
3516 5175 3659 5229 Scri-

2085 5280 2245 5338 ptura
2302 5270 2573 5338 designat.
2626 5269 2778 5322 Talis
2830 5269 2976 5321 enim
3005 5269 3211 5333 anima,
3266 5283 3386 5334 quas
3439 5266 3663 5334 spiritus

2085 5367 2471 5435 conjunctione
2497 5367 2736 5427 deserta,
2765 5365 2950 5420 sensui
3000 5381 3058 5420 se
3090 5367 3269 5420 carnis
3294 5374 3349 5418 et
3376 5364 3660 5419 deslderiis

2084 5456 2459 5525 corporalibus
2487 5467 2652 5511 totam
2695 5457 3014 5526 prosternit,
3063 5457 3207 5509 velut
3269 5469 3460 5506 aversa
3494 5468 3522 5505 a
3555 5455 3659 5506 Deo

2535 5552 2580 5582 ⁸⁵
2605 5552 2645 5605 ll
2678 5552 2806 5606 Cor.
2856 5565 2976 5615 xm,
3002 5549 3054 5602 5.
3193 5549 3237 5579 ³⁵
3273 5547 3468 5601 Genes.
3492 5564 3536 5609 t,
3565 5548 3656 5603 9.7.

2074 5739 2207 5792 Nam
2248 5741 2300 5790 in
2349 5737 2599 5790 omnibus
2649 5737 2806 5790 codd.
2844 5734 3049 5789 Gtzncis
3104 5743 3158 5787 et
3212 5732 3419 5789 Latinis
3460 5731 3660 5796 legitur

2077 5810 2193 5870 πῶς
2245 5807 2395 5860 ἔσται
2437 5805 2628 5870 τοῦτο;
2669 5806 2784 5868 πῶς
2820 5805 2971 5858 ἔσται
3007 5819 3098 5871 μοι
3150 5802 3341 5866 τοῦτο;
3387 5801 3660 5862 Quomodo

2077 5880 2161 5946 fiet
2184 5882 2322 5929 istud
2345 5880 2366 5927 1‘
