4132 6404
555 382 654 438 190

2041 400 2364 457 ORIGENIS

3706 432 3818 483 i1)"

551 499 913 570 impudenter,
945 502 1144 567 audiet,
1185 505 1310 572 quia
1360 506 1523 575 {acies
1550 514 1837 566 meretricis
1867 514 2009 579 facta
2043 526 2114 567 est
2146 519 2191 574 Α
2221 517 2399 585 gentis
2441 520 2781 575 meretricem
2840 539 2963 578 cum
3019 528 3263 583 Israelita
3311 530 3431 588 viro
3480 531 3579 588 sub
3626 546 3799 596 oculis

550 588 667 650 tibi,
698 591 810 643 sine
829 592 1029 660 pudore
1060 601 1240 657 σπειρία
1293 615 1347 652 es
1374 602 1441 651 ad
1480 618 1655 655 omnes
1687 605 1751 657 ³⁷.
1782 606 1953 660 Veluti
2014 625 2120 663 me-

546 683 713 736 retrix
744 698 873 750 ergo
925 686 1195 753 punietur,
1255 699 1311 743 et
1364 691 1457 745 lilii
1490 695 1608 761 ejus
1661 698 1727 751 ad
1783 699 2113 755 occisionem

544 777 835 841 prcharari
863 776 1121 844 jubeutur
1145 780 1191 809 ³⁸
1220 781 1357 853 (63).

612 872 698 927 16.
740 871 805 925 Et
823 876 1171 931 dominamini
1212 882 1435 947 piscium
1468 887 1648 949 maris,
1709 898 1758 940 et
1818 891 2112 945 volatiltum

537 964 676 1023 eali,
712 965 1162 1034 etjuntentorum,
1196 983 1242 1024 et
1276 976 1507 1028 omnium
1533 995 1651 1045 qua:
1675 991 1794 1033 sunt
1825 999 1978 1049 super
2005 994 2111 1036 ter-

539 1068 676 1117 ram,
700 1065 749 1106 et
786 1058 1071 1123 repentium
1110 1078 1227 1129 qua:
1257 1076 1441 1132 repunt
1469 1085 1625 1135 super
1655 1080 1849 1125 terram
1882 1074 1946 1128 ’9.
1988 1073 2105 1128 Jam

538 1143 1029 1214 lirecinterpretata
1052 1162 1179 1206 sunt
1227 1157 1527 1211 secundum
1573 1161 1833 1228 litteram,
1870 1182 1992 1221 cum
2026 1171 2107 1224 di-

532 1246 778 1290 ceremus
811 1241 953 1305 quod
991 1242 1125 1296 dicit
1180 1243 1357 1299 Deus:
1396 1245 1687 1305 Faciamus
1714 1254 1999 1321 hominem,
2050 1270 2104 1315 et

533 1321 761 1393 reliqua,
808 1328 899 1382 ubi
932 1330 1062 1385 dicit
1099 1347 1113 1383 :
1151 1332 1216 1384 Et
1251 1336 1550 1391 dominetur
1577 1344 1799 1409 piscium
1846 1350 2029 1413 maris,
2052 1362 2102 1404 et

531 1413 823 1469 volatilium
854 1419 993 1485 ccli,
1046 1433 1101 1476 et
1142 1434 1363 1482 caetera.
1431 1429 1741 1488 Secundum
1788 1437 2099 1508 allegoriam

529 1510 707 1557 tamen
740 1506 794 1560 in
824 1508 1089 1579 piscibus,
1126 1526 1179 1569 et
1211 1517 1548 1587 volatilibus,
1582 1525 1665 1578 vel
1697 1506 2022 1585 animalibus
2046 1542 2099 1588 et

527 1596 841 1661 repentibus
896 1608 1074 1667 terrae,
1119 1620 1183 1660 ea
1238 1609 1369 1663 mihi
1422 1612 1672 1668 videntur
1715 1617 1971 1684 indicari,
2029 1624 2095 1676 de

523 1684 721 1750 quibus
755 1688 1107 1748 nihilominus
1165 1698 1419 1765 superius
1472 1702 1734 1769 diximus,
1776 1705 1827 1759 id
1872 1719 1974 1775 est,
2010 1712 2093 1765 vel

519 1788 640 1861 qua:
669 1773 735 1830 de
757 1790 919 1832 sensu
943 1784 1139 1838 animm
1172 1824 1188 1849 ,
1226 1796 1281 1840 et
1304 1790 1487 1845 cordis
1539 1796 1862 1863 cogitatione
1900 1815 2091 1868 proce-

516 1850 669 1930 dunt,
704 1866 787 1920 vel
814 1884 934 1937 quae
961 1887 1026 1927 ex
1074 1875 1359 1933 desideriis
1393 1887 1793 1954 corporalibus,
1826 1900 1879 1943 et
1907 1893 2089 1947 carnis

516 1954 749 2010 motibus
778 1961 1170 2031 proferuntur;
1201 1982 1431 2036 quorum
1478 1977 1652 2029 sancti
1682 1981 1885 2047 quique
1912 1990 1965 2034 et
1992 1982 2085 2036 be-

514 2045 879 2104 nedictionem
908 2052 1002 2109 Dei
1050 2056 1106 2110 in
1138 2060 1448 2130 semetipsis
1507 2078 1811 2134 servantes,
1842 2071 2087 2127 domina-

515 2138 717 2194 tionem
770 2158 1051 2215 exercent,
1090 2161 1315 2221 agentes
1365 2165 1536 2211 totum
1592 2160 1863 2216 hominem
1898 2180 2093 2221 secun-

510 2234 636 2287 dum
670 2236 898 2306 spiritus
922 2242 1279 2301 voluntatem.
1341 2248 1729 2308 Peccatoribus
1758 2271 1885 2311 vero
1913 2260 2085 2329 magis

512 2322 624 2389 ipsa
648 2327 1015 2397 dominantur,
1068 2346 1187 2402 quae
1237 2340 1303 2390 de
1353 2340 1534 2395 carnis
1571 2343 1718 2397 vitiis
1744 2353 1796 2399 et
1834 2350 2085 2417 corporis

508 2414 875 2483 voluptatibus
900 2422 1272 2489 proferuntur.

575 2513 684 2584 59
720 2518 804 2571 l7.
839 2518 904 2574 Et
935 2524 1069 2576 dixit
1097 2525 1273 2581 Deus:
1312 2527 1445 2584 Ecce
1471 2533 1594 2587 dedi
1622 2537 1763 2590 vobis
1793 2554 1945 2593 omne
1978 2542 2075 2609 Ite-

506 2624 627 2661 num
654 2613 931 2680 seminale,
961 2621 1102 2686 quod
1139 2624 1361 2677 seminat
1394 2643 1609 2694 semen,
1640 2634 1781 2699 quod
1815 2644 1891 2687 est
1923 2652 2078 2706 super

497 2714 700 2755 omnem
741 2714 935 2761 terram
968 2749 983 2774 ,
1024 2720 1075 2764 et
1122 2729 1273 2769 omne
1303 2716 1505 2785 lignum
1561 2724 1701 2789 quod
1736 2726 1892 2779 habet
1931 2728 1985 2780 in
2022 2745 2077 2785 se

496 2791 724 2857 fructum
752 2800 965 2852 seminis
1002 2804 1307 2871 seminatis,
1352 2810 1499 2863 vobis
1538 2813 1637 2865 erit
1679 2816 1749 2867 ad
1796 2833 1991 2885 escam,
2025 2833 2072 2876 et

495 2885 735 2938 omnibus
760 2888 936 2943 bestiis
963 2899 1137 2960 terrae,
1178 2904 1228 2948 et
1255 2900 1493 2954 omnibus
1525 2903 1823 2961 volatilibus
1855 2912 1989 2976 cali,
2023 2926 2071 2968 et

490 2975 731 3029 omnibus
773 2983 1065 3048 repentibus
1103 3002 1221 3055 quae
1273 3002 1459 3056 repunt
1487 3010 1643 3063 super
1678 3007 1871 3053 terram
1894 3042 1909 3067 ,
1953 3022 2071 3073 qua:

493 3064 680 3121 habent
706 3070 761 3122 in
803 3088 859 3126 se
898 3077 1129 3132 animam
1171 3081 1290 3135 vitte
1318 3082 1385 3140 ⁸ο.
1425 3085 1683 3146 Historia)
1717 3096 1932 3163 quidem
1964 3101 2067 3154 ltu~

2222 607 2461 658 omnium
2515 608 2744 678 impuris
2780 612 3009 668 vidisset
3049 617 3317 675 iuhmrere
3373 625 3751 691 complexibus
3782 674 3797 697 ,

2219 696 2297 748 ira
2340 698 2536 752 divina:
2588 702 2954 759 mmulationis
3011 706 3301 777 impletus,
3356 727 3636 784 arreptum
3677 722 3791 788 gla-

2216 788 2361 842 dium
2398 806 2493 859 per
2524 793 2805 863 utriusque
2848 807 3036 865 pectus
3071 804 3254 870 exegit
3294 804 3428 874 (69).
3466 808 3620 873 Quod
3652 828 3791 878 opus

2216 889 2521 947 reputatum
2554 893 2636 938 est
2674 886 2724 939 ei
2773 901 2800 939 a
2853 888 2960 943 Deo
2997 892 3063 943 ad
3090 892 3383 959 justitiam,
3440 899 3653 956 dicente
3686 902 3791 957 llo-

2213 972 2359 1026 mino
2390 973 2471 1025 “:
2510 974 2730 1030 Pliinees
2769 979 2970 1031 sedavit
2997 980 3227 1048 furorem
3262 1001 3454 1049 meum,
3496 1000 3544 1042 et
3575 1004 3787 1060 reputar

2211 1062 2354 1113 bitur
2380 1065 2429 1117 ei
2478 1066 2549 1117 ad
2570 1066 2863 1133 justitiam.
2903 1069 3006 1124 lste
3050 1087 3180 1141 ergo
3225 1076 3379 1129 cibus
3413 1078 3505 1134 irae
3541 1089 3807 1139 terrenus-

2210 1162 2396 1206 noster
2441 1152 2502 1207 ﬁt
2535 1154 2721 1220 cibus,
2774 1172 2895 1211 cum
2930 1174 2993 1214 eo
3048 1162 3450 1218 rationabiliter
3486 1169 3689 1223 utimur
3717 1173 3784 1225 ad

2202 1240 2487 1308 justitiam.
2528 1242 2585 1297 Si
2640 1258 2770 1299 vero
2819 1246 3276 1305 irrationabiliter
3310 1266 3503 1321 agatur
3535 1257 3613 1310 ira
3643 1298 3658 1323 ,
3692 1271 3785 1313 aut

2208 1330 2528 1389 innocentes
2555 1336 2744 1403 puniat
2772 1376 2789 1401 ,
2827 1347 2923 1391 aut
2951 1339 3276 1397 eliervescat
3310 1344 3361 1396 in
3394 1361 3489 1402 eos
3524 1351 3613 1417 qui
3652 1352 3780 1405 nihil

2203 1422 2520 1491 delinquunt
2549 1466 2564 1492 ,
2598 1427 2699 1481 iste
2734 1427 2889 1483 cibus
2921 1431 3026 1484 erit
3074 1432 3370 1489 bestiarum
3402 1440 3537 1507 agri,
3567 1450 3621 1494 et
3667 1456 3782 1495 ser-

2199 1521 2417 1579 pentum
2452 1522 2609 1571 terrae
2633 1556 2647 1581 ,
2683 1525 2738 1571 et
2774 1518 3057 1573 volucrum
3105 1524 3250 1575 creti.
3306 1524 3397 1578 llis
3426 1528 3624 1580 etenim
3655 1529 3765 1583 ὠρσ

2197 1614 2385 1654 tnunes
2417 1602 2733 1657 nutriuntur
2781 1606 2920 1660 cibis
2944 1648 2958 1673 ,
2992 1610 3082 1676 qui
3134 1610 3291 1665 malis
3328 1615 3529 1670 nostris
3560 1618 3770 1671 actibus

2196 1698 2252 1743 et
2280 1702 2579 1759 pascuntur
2608 1703 2662 1749 et
2700 1696 2907 1751 favent.
2945 1697 3209 1754 Indicium
3244 1718 3476 1771 namque
3506 1716 3589 1760 est
3618 1708 3780 1775 hujus

2194 1781 2375 1847 operis
2425 1781 2601 1849 Cain,
2645 1785 2737 1853 qui
2796 1786 3139 1842 innocentem
3190 1789 3416 1844 fratrem
3456 1793 3531 1845 ira
3567 1796 3779 1865 decepit

2194 1871 2433 1927 invidiae.
2476 1872 2741 1929 Similiter
2786 1878 2951 1931 etiam
2982 1880 3049 1934 de
3097 1884 3541 1951 concupiscentia
3572 1926 3587 1950 ,
3622 1897 3676 1939 et
3706 1892 3774 1942 de

2192 1963 2419 2033 singulis
2482 1964 2858 2034 hujuscemodi
2927 1970 3211 2027 all'ectibus
3270 1976 3613 2030 sentiendum
3664 1989 3771 2034 est.

2191 2053 2324 2107 Cum
2360 2056 2507 2110 enim
2558 2060 2902 2129 concupiscit
2949 2074 3004 2118 et
3040 2063 3226 2119 deficit
3268 2068 3447 2121 anima
3486 2079 3669 2125 nostra
3703 2073 3768 2125 ad

2189 2143 2359 2200 Deum
2392 2148 2594 2214 vivum,
2622 2162 2807 2207 noster
2841 2153 2999 2209 cibus
3024 2164 3107 2210 est
3131 2160 3599 2228 concupiscentia.
3630 2164 3767 2217 Cum

2188 2246 2368 2291 autem
2407 2238 2491 2293 vel
2538 2240 2773 2296 alienam
2822 2244 3106 2301 mulierem
3158 2249 3226 2301 ad
3276 2252 3765 2322 concupiscendum

2186 2326 2453 2392 videmus,
2479 2329 2563 2383 vel
2592 2330 2799 2400 aliquid
2828 2347 3008 2387 rerum
3037 2336 3270 2400 proximi
3306 2342 3765 2409 concupiscimus,

2184 2416 2427 2473 bestiolis
2455 2420 2607 2475 cibus
2639 2420 2868 2477 eilicitur
2902 2426 3373 2493 concupiscentia.
3406 2428 3561 2484 Sicut
3587 2445 3767 2486 excut-

2183 2505 2272 2573 plo
2316 2516 2499 2576 potest
2535 2523 2657 2563 esse
2700 2512 3142 2579 concupiscentia
3177 2516 3365 2570 Achab
3399 2559 3412 2582 ,
3465 2529 3521 2574 et
3556 2520 3759 2576 factum

2179 2596 2397 2654 Iezabel
2425 2600 2489 2654 de
2514 2600 2671 2655 vinea
2707 2600 2975 2657 Nabuthei
3008 2603 3313 2662 Jezraelita:
3344 2609 3409 2660 ⁸³.
3447 2610 3759 2667 Observan-

2181 2692 2247 2745 da
2280 2707 2411 2747 sane
2445 2701 2526 2747 est
2574 2704 2777 2750 sanctae
2824 2695 3121 2769 Scriptura:
3167 2703 3332 2757 etiam
3370 2703 3422 2757 in
3462 2707 3752 2759 verborum

2180 2783 2388 2837 ratione
2426 2785 2636 2839 cautela
2665 2825 2677 2849 ,
2709 2801 2829 2855 quae
2862 2804 2986 2843 cum
3040 2792 3104 2846 de
3136 2792 3447 2848 hominibus
3481 2795 3708 2850 dixisset
3735 2835 3754 2861 ,

2177 2875 2302 2942 quia
2344 2876 2481 2931 dixit
2524 2877 2664 2932 Deus
2707 2880 2797 2931 i‘:
2846 2880 2981 2935 Ecce
3029 2884 3152 2938 dedi
3198 2885 3338 2939 vobis
3390 2902 3540 2941 omne
3578 2902 3754 2942 semen

2174 2968 2421 3021 semiuale
2473 2972 2611 3039 quod
2661 2983 2735 3026 est
2783 2990 2935 3043 super
2970 2984 3203 3042 terram,
3260 2988 3308 3031 et
3362 2994 3511 3031 omne
3550 2979 3770 3048 lignum»

2171 3058 2310 3128 quod
2358 3072 2431 3113 est
2467 3078 2623 3130 super
2663 3073 2859 3117 terram
2895 3067 3034 3121 vobis
3066 3070 3162 3121 erit
3196 3070 3264 3122 ad
3296 3085 3470 3123 escam
3504 3110 3518 3134 ,
3554 3073 3619 3123 de
3650 3071 3746 3123 be-

483 3154 576 3220 jus
607 3165 875 3217 sententia
909 3167 1200 3225 ,ηηηπθειο
1237 3172 1441 3231 indica,
1475 3194 1629 3236 “sum
1666 3152 1914 3242 cit'mmm
1949 3152 2064 3260 ριςί,
2092 3180 2133 3237 C
2169 3152 2286 3206 stiis
2314 3154 2634 3260 nou-ldixit,’
2656 3156 2779 3225 quia
2815 3157 2937 3211 dedi
2967 3160 3048 3215 eis
3081 3160 3145 3214 ad
3178 3176 3359 3260 escam
3391 3161 3741 3260 haec-omnia,

488 3250 654 3305 mittis
682 3266 712 3306 a
745 3255 855 3310 Deo
880 3272 949 3312 ex
980 3260 1200 3344 herbis,
1220 3267 1274 3321 id
1301 3278 1387 3324 est
1416 3272 1679 3344 oleribus,
1719 3289 1774 3335 et
1803 3250 2059 3341 arboium

487 3340 752 3401 fructibus
775 3362 894 3404 esse
910 3340 1235 3421 permissum
1259 3359 1325 3415 “.
1357 3362 1642 3424 Postremo
1665 3387 1814 3439 vero,
1845 3392 1968 3431 cum
1994 3381 2059 3435 ad

485 3431 601 3487 Noe
630 3447 750 3504 post
781 3441 1043 3501 diluvium
1078 3449 1234 3507 ﬁeret
1266 3462 1673 3528 testamentum,
1710 3466 1937 3525 facultas
1968 3486 2065 3527 ve-

484 3528 809 3585 scendarum
870 3539 1115 3593 carnium
1204 3543 1516 3605 hominibus
1592 3555 1772 3609 datur.
1850 3559 2058 3625 Quibus

480 3630 617 3672 sane
672 3620 737 3675 de
782 3628 961 3682 causis
1015 3630 1068 3685 in
1123 3635 1238 3690 suis
1284 3638 1418 3694 locis
1471 3646 1674 3701 rectius
1724 3662 2051 3717 exponetur.

481 3709 789 3769 Secundum
819 3718 1132 3789 allegoriam
1168 3734 1345 3782 tamen
1386 3732 1550 3787 herba
1580 3744 1737 3791 terra:
1761 3753 1815 3793 et
1844 3740 2055 3799 fructus

477 3802 595 3868 ejus
624 3807 716 3873 qui
746 3809 814 3862 ad
845 3824 1027 3867 escam
1068 3814 1377 3875 horninibus
1412 3823 1746 3893 indulgetur,
1783 3840 1961 3898 potest
1988 3834 2054 3890 de

476 3893 765 3954 aﬂectibus
797 3901 1023 3974 intelligi
1065 3912 1465 3975 corporalibus.
1522 3918 1679 3972 Verbi
1719 3893 1917 3976 causa:
1968 3926 2048 3979 Ira

473 3994 528 4036 et
564 3991 1004 4059 concupiscentia
1043 4014 1266 4067 germen
1293 4014 1375 4058 est
1410 4010 1678 4075 corporis.
1722 4010 1894 4079 Hujus
1925 4030 2048 4083 ger-

475 4074 638 4131 minis
687 4077 895 4139 fruetus
921 4126 936 4150 ,
973 4088 1024 4142 id
1063 4099 1168 4155 est,
1201 4105 1337 4161 opus
1362 4136 1375 4157 ,
1417 4074 1574 4152 nobis
1610 4074 1964 4160 rationalibus
1989 4116 2046 4161 et

469 4167 659 4225 bestiis
690 4181 847 4232 terra:
877 4184 1181 4238 communis
1208 4196 1313 4241 est.
1351 4187 1485 4243 Nam
1511 4195 1729 4261 quando
1757 4196 2043 4253 irascimur

465 4262 534 4312 ad
562 4264 829 4332 justitiam
860 4312 874 4335 ,
912 4274 963 4327 id
998 4283 1099 4342 est,
1137 4278 1203 4331 ad
1240 4285 1636 4339 correctionem
1674 4287 2039 4358 delinquentis

456 4363 515 4405 et
547 4360 982 4419 emendationem
1012 4367 1205 4423 salutis
1232 4370 1368 4439 ejus,
1408 4375 1513 4429 isto
1542 4375 1721 4432 fructu
1752 4388 1913 4435 terra:
1945 4398 2036 4437 ve-

460 4446 702 4514 scimur,
733 4460 788 4505 et
816 4454 970 4509 cibus
1003 4468 1191 4512 noster
1222 4461 1504 4519 iracundia
1534 4469 1835 4537 corporalis
1868 4472 2033 4527 cilici-

460 4546 568 4599 tur,
608 4555 704 4609 per
734 4559 893 4611 quam
930 4553 1279 4618 reprimlmus
1308 4568 1614 4623 peccatum,
1648 4561 1913 4629 justitiam
1944 4580 2032 4619 re-

456 4642 735 4694 paramtis.
785 4633 851 4688 Et
896 4654 965 4691 ne
1008 4639 1101 4693 tibi
1145 4640 1429 4697 videamur
1469 4646 1585 4702 haec
1620 4648 1685 4703 de
1718 4662 1905 4706 nostro
1939 4670 2035 4722 po-

458 4718 569 4771 tius
603 4735 762 4776 seusu
784 4764 799 4789 ,
836 4740 999 4795 quam
1031 4730 1097 4783 de
1131 4731 1330 4788 divinae
1372 4734 1671 4805 Scriptura:
1704 4745 2030 4801 auctoritate

452 4810 701 4875 proferre
721 4854 738 4880 ,
768 4817 879 4872 redi
908 4821 975 4873 ad
1005 4821 1201 4877 librum
1241 4824 1622 4896 Numerorum,
1658 4843 1711 4887 et
1741 4838 2028 4893 recordare

450 4902 579 4966 quid
617 4906 788 4975 egerit
821 4907 1052 4968 Phiuees
1080 4917 1361 4981 sacerdos,
1390 4921 1481 4988 qui
1514 4937 1634 4975 cum
1666 4924 2026 4983 Madianiticze

523 5020 565 5049 ³⁷
598 5020 707 5096 Jcr.
735 5037 822 5096 tu,
859 5025 912 5082 5.
991 5029 1035 5059 ³⁸
1074 5030 1176 5085 lsa.
1215 5049 1325 5096 xw,
1350 5035 1440 5089 2t.

451 5105 564 5145 ut.
644 5090 691 5121 ιι
720 5090 921 5151 Cenes.
962 5115 1004 5162 I,
1032 5099 1124 5157 29.
1200 5102 1247 5134 ιι
1289 5090 1420 5161 ibid.
1456 5108 1543 5160 δυ.

517 5221 627 5305 (βε)
656 5225 776 5281 Mss.
805 5229 1083 5297 jubentur.
1117 5236 1271 5293 Libb.
1305 5241 1456 5305 editi,
1486 5244 1820 5299 uidebuntur.
1856 5249 2023 5305 Paulo

444 5303 743 5383 pust_ttiss.,
767 5310 812 5350 et
846 5308 1132 5367 repentium
1166 5324 1283 5377 qua:
1320 5303 1524 5379 repunt.
1557 5314 1712 5370 Libb.
1734 5319 1885 5383 edit.,
1917 5303 2021 5373 ser-

440 5372 680 5436 pontium
697 5385 820 5436 quae
846 5384 1050 5436 repunt.

481 5434 953 5524 ³,(ϋερΔκίςξνςηιιίηι
988 5444 1225 5524 gladium
1253 5466 1360 5524 per_
1382 5453 1654 5524 utriusque
1690 5473 1870 5524 pectus
1899 5475 2016 5513 exe-

439 5512 534 5595 (1,”.
580 5509 658 5582 lla
691 5509 845 5561 codd.
880 5509 1054 5595 ξψιριί
1091 5509 1437 5595 Theudorici,
1486 5509 1591 5595 duo
1622 5509 2008 5595 Tu'ronensesv,

455 5554 462 5560 ,
640 5554 657 5555 η
697 5554 845 5561 -ν...,--
880 5554 1054 5567 κηρινη
1099 5554 1332 5572 ιιιυυυυι
1350 5554 1437 5582 su,
1486 5554 1591 5575 uuu
1630 5554 1963 5582 ιυιυιιυιιδυδ
1992 5570 2006 5595 ,

440 5554 787 5652 ltetnigiauus
814 5589 866 5630 et
896 5579 1257 5641 Belvacensis.
1295 5590 1603 5644 Secundum
1649 5596 1785 5650 hanc
1820 5598 2006 5652 lectio-

436 5640 854 5735 tdtem‘Q‘rigenes
886 5660 1102 5735 putasse
1135 5640 1441 5735 censendus
1470 5662 1574 5735 erit
1609 5663 1863 5735 Pltincem
1891 5668 2003 5735 gla-

436 5711 583 5789 dium
614 5724 769 5764 sumn
804 5711 1026 5789 perviri
1055 5722 1309 5781 Israelita:
1336 5711 1391 5782 et
1423 5711 1667 5787 mulieris
1697 5711 2001 5789 Madiaiiiti-

437 5780 517 5832 dis
556 5789 743 5847 pectus
772 5780 1045 5857 exegisse;
1073 5796 1168 5849 sed
1205 5780 1437 5867 vulgata
1464 5780 1996 5871 an'iliéo'S'iiimi'Jéis

2170 3243 2263 3296 sed
2293 3245 2393 3296 erit
2426 3244 2532 3297 illis
2564 3246 2634 3298 ad
2669 3263 2876 3313 escam;
2909 3257 2968 3301 ut
2999 3252 3293 3304 secundum
3322 3252 3618 3319 spiritalem
3656 3269 3744 3308 ra-

2168 3334 2367 3388 tionem
2407 3350 2570 3404 quam
2607 3339 2957 3406 exposuimus
2984 3378 2997 3403 ,
3048 3338 3276 3396 aﬂ'ectus
3314 3342 3400 3397 isti
3434 3343 3743 3413 intelligan-

2166 3433 2252 3477 tur
2287 3425 2491 3479 homini
2527 3427 2745 3493 quidem
2797 3444 2827 3481 a
2880 3428 2990 3483 Deo
3023 3430 3133 3483 dati
3181 3444 3303 3485 esse
3331 3472 3345 3495 ,
3381 3435 3761 3501 pramuntlarir

2164 3524 2345 3570 tamen
2378 3532 2406 3567 a
2439 3516 2570 3580 Deo,
2605 3518 2751 3587 quod
2780 3529 2941 3573 erttnt
2969 3521 3130 3574 etiam
3163 3522 3351 3577 bestiis
3383 3532 3538 3578 terra:
3571 3526 3623 3579 in
3656 3526 3736 3581 ci-

2160 3607 2310 3661 bum.
2356 3604 2478 3661 ldeo
2523 3622 2653 3677 ergo
2688 3611 3009 3665 cautissimo
3038 3628 3135 3666 usa
3171 3624 3255 3667 est
3299 3628 3552 3670 sermone
3584 3616 3737 3671 Scri-

2158 3707 2314 3765 ptura
2338 3698 2666 3766 divina,qua:
2681 3700 2992 3756 hominibus
3014 3703 3230 3769 quidem
3249 3703 3321 3755 ait
3338 3704 3515 3759 dicere
3534 3705 3731 3759 Deum:

2158 3788 2293 3841 Dedi
2348 3790 2487 3843 vobis
2527 3791 2637 3843 hwc
2682 3791 2750 3844 ad
2800 3808 2992 3845 escam.
3046 3792 3149 3848 Ubi
3187 3804 3365 3847 autem
3415 3796 3480 3849 ad
3526 3796 3733 3852 bestias

2154 3879 2322 3944 venit,
2360 3894 2466 3933 non
2504 3879 2784 3949 jubentis,
2820 3881 2913 3934 sed
2954 3883 3110 3951 quasi
3150 3884 3494 3951 prmdicentis
3521 3884 3729 3953 signiﬁ-

2154 3970 2367 4024 catione
2399 3968 2549 4032 dicit,
2579 3970 2705 4038 quia
2743 3970 2857 4023 haec
2890 3980 3051 4024 erunt
3083 3971 3247 4024 etiam
3279 3974 3462 4026 bestiis
3491 3982 3545 4026 et
3576 3972 3728 4026 volu—

2150 4059 2331 4113 cribus
2365 4067 2419 4112 et
2447 4060 2793 4125 serpentibus
2828 4060 2895 4114 ad
2935 4075 3120 4114 escam
3158 4062 3224 4113 ⁸³.
3263 4061 3367 4116 Sed
3399 4078 3497 4117 nos
3529 4078 3725 4118 secun-

2148 4149 2273 4202 dum
2323 4149 2549 4217 apostoli
2595 4148 2749 4203 Pauli
2805 4152 3130 4205 sententiam
3178 4152 3223 4182 ⁸⁵
3252 4155 3595 4209 attendamus
3644 4156 3723 4209 lc-

2145 4238 2310 4291 ctioni
2332 4278 2346 4302 ,
2385 4250 2442 4292 ut
2474 4240 2745 4308 possimus
2769 4277 2784 4304 ,
2817 4240 2963 4294 sicut
2994 4241 3107 4310 ipse
3139 4242 3233 4305 ait,
3264 4259 3481 4297 sensum
3510 4246 3719 4301 Christi

2142 4339 2411 4407 accipere,
2444 4348 2497 4393 et
2522 4342 2659 4394 scire
2688 4358 2803 4409 qua:
2830 4358 2861 4393 α
2896 4341 2998 4395 Deo
3036 4344 3232 4396 donata
3263 4356 3381 4397 sunt
3419 4348 3564 4400 nobis
3613 4349 3656 4379 "
3698 4368 3711 4415 ;

2140 4438 2344 4498 etquae
2381 4429 2538 4484 nobis
2572 4430 2637 4482 ad
2684 4444 2865 4484 escam
2920 4431 3041 4483 data
3078 4443 3205 4485 sunt
3231 4473 3245 4497 ,
3304 4451 3407 4488 non
3454 4437 3737 4492 faciamus-

2138 4542 2292 4580 escas
2320 4542 2606 4595 porcorum
2643 4531 2727 4584 vel
2759 4548 2955 4585 cauum
2978 4571 2992 4593 ,
3031 4533 3125 4586 sed
3157 4534 3291 4588 tales
3319 4550 3411 4591 eas
3440 4553 3712 4607 praepare-

2141 4642 2262 4697 mus
2293 4627 2344 4680 in
2378 4629 2554 4690 nobis,
2583 4632 2779 4699 quibus
2807 4633 3027 4702 dignum
3056 4634 3127 4688 sit
3156 4636 3354 4704 suscipi
3391 4638 3441 4691 itt
3475 4638 3711 4707 hospitio

2136 4729 2320 4783 cordis
2371 4730 2541 4783 nostri
2603 4729 2835 4787 Verbum
2887 4748 2951 4787 ac
3005 4734 3201 4790 Filium
3256 4737 3345 4791 Dei
3403 4741 3705 4796 venientem

2135 4844 2256 4881 cum
2296 4829 2453 4884 Patre
2484 4846 2581 4884 suo
2601 4871 2616 4895 ,
2647 4842 2702 4887 ct
2734 4833 3001 4889 volentem
3041 4835 3218 4893 facere
3258 4841 3397 4907 apud
3427 4856 3525 4895 nos
3551 4859 3705 4896 man-

2133 4933 2335 4986 sionem
2370 4935 2421 4987 iu
2453 4934 2656 5004 Spiritu
2686 4948 2873 4993 sancto
2898 4981 2912 5006 ,
2942 4940 3096 5009 cujus
3131 4943 3281 5009 prius
3315 4944 3570 5011 templum
3607 4958 3707 5014 per

1518 5038 1560 5071 "
1593 5038 1784 5093 Cenes.
1825 5058 1860 5105 ι,
1895 5043 1985 5097 ‘28.
2032 5046 2075 5075 ⁸ο
2112 5047 2243 5101 ibid.
2278 5049 2368 5113 ‘29,
2401 5051 2492 5105 50.
2536 5052 2791 5109 “Cenes.
2826 5072 2899 5109 ix.
2942 5058 2985 5087 "
3016 5057 3176 5113 Num.
3210 5074 3334 5111 xxv.
3393 5059 3437 5089 “
3465 5058 3527 5112 Ill
3562 5060 3695 5132 Reg.

1518 5112 1543 5160 ι.
1623 5111 1711 5162 ⁸⁸1
1747 5110 1887 5165 Tim.
1918 5130 1989 5168 Iv.
2024 5114 2109 5168 13.
2190 5117 2436 5168 ⁸⁷1001³.
2470 5138 2527 5168 Il-
2565 5124 2646 5168 1‘2.

2190 5117 2529 5187 "100nm
2565 5124 2646 5175 12.

2121 5256 2449 5331 genitalibus
2473 5259 2762 5331 transﬁxus
2784 5260 2979 5323 fuisse;
3019 5262 3371 5331 Septuaginta
3400 5279 3563 5328 vero,
3597 5269 3691 5320 καὶ

2118 5326 2486 5406 ἁπεκέντηςεςι
2523 5330 2883 5406 ᾲμφοτέρους,
2911 5332 3024 5406 adv
3062 5326 3121 5406 es
3150 5326 3432 5406 ἄνθ’ρῳπον
3470 5326 3561 5386 καὶ
3594 5336 3691 5406 τὴν

2115 5398 2371 5471 γυναῖκα,
2396 5396 2480 5449 διὰ
2495 5396 2596 5467 τῆς
2628 5396 2836 5471 μήτρας
2865 5401 3053 5471 αὐτῆς.
3084 5396 3263 5457 Codei
3293 5396 3689 5461 Gemeticensis

2114 5465 2317 5518 habet:
2347 5465 2879 5543 arreptum'gladium
2914 5465 3004 5543 per
3034 5474 3305 5543 utriusque
3336 5490 3490 5528 sexus
3528 5475 3688 5527 ultio-

2113 5550 2226 5612 nem
2263 5536 2447 5603 exegit.
2486 5536 2641 5591 Libb.
2676 5550 2834 5612 antea
2874 5536 3299 5612 cdit_i,arreptum
3332 5543 3566 5612 gladium
3596 5561 3687 5612 per

2114 5606 2387 5692 utriusque
2414 5617 2591 5686 pectus
2620 5611 2876 5692 emercuit.
2896 5610 3052 5690 .lnfra
3083 5606 3352 5691 Origenes
3369 5606 3685 5692 homilialﬁu

2114 5673 2166 5723 in
2199 5673 2458 5747 Numeros
2489 5677 2565 5729 ait
2592 5692 2606 5728 :
2661 5677 2833 5747 Rapta
2858 5681 3137 5735 siramasle
3170 5673 3222 5735 in
3268 5700 3427 5735 ntanu
3458 5699 3556 5735 sua
3593 5682 3679 5733 its-

2107 5758 2314 5823 gressus
2345 5745 2413 5823 sit
2435 5745 2816 5823 prostibulum,
2843 5760 2891 5804 ct
2916 5761 3197 5821 utrumque
3224 5769 3316 5823 per
3338 5754 3453 5821 ipsa
3479 5751 3679 5821 puden-

2102 5810 2171 5863 da
2206 5814 2562 5883 transfodcrit.
