4132 6420
338 394 429 449 ιοι
1530 382 1597 436 IN
1631 379 1922 439 GENESIM

2024 377 2247 432 DMILIA
2286 377 2347 434 ll.

3475 381 3581 438 162

314 508 678 563 sanctitatem
709 503 969 558 debemus
998 502 1282 557 exsistere.
1314 500 1418 571 Ipsi
1455 500 1627 570 gloria
1660 501 1713 553 in
1746 510 1902 553 mter-
1932 508 1976 560 Λ
2009 499 2145 567 ipsa,
2181 511 2299 565 qua‘
2330 496 2535 565 scripta
2572 504 2715 561 sunt,
2751 509 3132 564 proponamus.
3173 493 3239 547 Et
3282 495 3452 563 dixit,
3487 497 3571 549 iu-

318 613 406 650 .na
431 596 625 653 szecula
658 598 1002 652 saeculorum.
1044 596 1236 649 Amen.

936 683 1213 738 llOMILlA
1278 682 1344 735 ll.

460 776 539 830 De
569 778 775 845 fabrica
815 792 977 839 arcte,
1015 785 1061 828 et
1101 790 1279 828 eorum
1310 788 1426 842 qua:
1458 772 1509 824 in
1556 789 1615 824 ea
1658 782 1800 825 sunt.

404 866 735 935 lncipientes
770 869 835 919 de
886 881 1011 918 arca
1042 909 1054 932 ,
1090 880 1209 930 quae
1252 867 1549 919 secundum
1594 862 1906 913 mandatum

328 959 432 1012 λυοί
464 974 491 1009 a
526 955 634 1010 Noe
658 965 968 1010 constructa
995 966 1101 1018 est,
1121 957 1412 1020 disserere,
1434 955 1605 1024 primo
1631 950 1897 1013 omnium,

334 1048 617 1100 Videamus
639 1086 653 1109 ,
688 1061 809 1113 qua:
842 1046 907 1099 de
937 1061 997 1098 ea
1040 1046 1341 1099 secundum
1381 1044 1617 1099 litteram
1660 1041 1910 1095 referun-

338 1149 459 1191 tur:
494 1148 547 1191 ct
575 1138 898 1205 qumstiones
934 1146 1301 1206 proponentes
1333 1150 1450 1205 qua
1485 1136 1643 1205 objici
1679 1150 1705 1187 a
1742 1132 1912 1202 pluri—

338 1228 440 1281 bus
473 1226 682 1289 solent,
714 1227 876 1279 etiam
927 1226 1296 1280 absolutiones
1339 1240 1526 1280 earum
1557 1240 1621 1278 ex
1654 1224 1761 1287 bis,
1795 1236 1913 1289 quae

343 1319 498 1373 nobis
545 1328 672 1372 sunt
720 1332 748 1370 a
802 1317 1100 1385 majoribus
1136 1317 1333 1370 tradita
1366 1357 1382 1382 ,
1430 1317 1815 1384 requiramus;
1858 1323 1916 1367 ut

330 1426 464 1462 cum
496 1408 863 1477 hujuscemodi
904 1408 1261 1467 fundamenta.
1286 1408 1605 1479 jecerimus,
1648 1407 1715 1460 ab
1748 1406 1915 1461 histo—

344 1503 437 1555 riae
475 1509 622 1554 textu
672 1500 945 1569 possimus
972 1500 1267 1554 ascendere
1297 1500 1363 1554 ad
1412 1498 1675 1568 spiritalis
1720 1497 1915 1552 intelli-

342 1591 540 1660 gentia:
567 1591 857 1660 mysticum
884 1599 937 1644 et
968 1591 1319 1656 allegoricum
1352 1604 1595 1655 sensum,
1626 1600 1679 1642 et
1711 1588 1756 1642 si
1789 1586 1917 1656 quid

346 1683 399 1735 in
436 1682 515 1736 eis
541 1696 804 1735 arcanum
842 1680 1189 1747 continetur,
1222 1680 1453 1750 aperire,
1492 1679 1722 1735 Domino
1762 1678 1917 1732 nobis

332 1774 494 1826 ~verbi
552 1773 630 1827 sui
671 1773 953 1827 scientiam
1008 1774 1304 1828 revelante.
1345 1772 1532 1827 Primo
1586 1772 1752 1840 igitur
1803 1770 1919 1823 haec

2009 590 2150 659 quit,
2184 588 2439 641 Dominus
2469 589 2536 641 ad
2566 588 2715 642 Noe:
2752 587 2972 657 Tempus
2996 592 3162 641 omnis
3188 589 3414 642 hominis
3443 597 3581 643 venit

2009 691 2128 734 ante
2151 696 2266 745 me,
2302 680 2553 751 quoniam
2588 679 2803 749 impleta
2828 689 2902 732 est
2942 690 3081 732 terra
3120 680 3484 749 iniquitatibus
3514 682 3579 732 ab

2009 773 2112 834 cis,
2145 781 2191 825 et
2223 787 2336 825 ecce
2373 787 2466 841 ego
2493 771 2791 839 disperdam
2820 771 2940 823 illos
2969 787 3085 823 cum
3120 780 3281 824 terra.
3317 768 3429 823 Fac
3455 786 3581 840 ergo

2011 862 2106 915 tibi
2134 879 2311 915 arcam
2345 864 2407 915 de
2439 862 2597 932 lignis
2637 862 2930 933 quadratis,
2962 863 3113 915 nidos
3146 862 3309 930 {acies
3343 862 3399 916 in
3428 878 3579 928 arca,

2011 962 2056 1004 et
2083 952 2419 1004 bituminabis
2442 968 2557 1004 eam
2589 951 2651 1003 ab
2682 952 2824 1003 intus
2847 960 2895 1003 et
2920 968 2949 1002 a
2978 951 3106 1019 [oris
3136 951 3404 1015 bitumine,
3428 958 3475 1002 et
3504 950 3584 1004 sic

2013 1042 2173 1109 facies
2207 1059 2407 1095 arcam.
2455 1042 2825 1095 Trecentorum
2867 1040 3160 1094 cubitorum
3206 1040 3582 1110 longitudinem

2013 1149 2175 1196 (ιι-σαι,
2205 1144 2250 1186 et
2280 1136 2661 1203 quinquaginta
2691 1133 2983 1186 cubitorum
3012 1132 3379 1196 latitudinem,
3412 1139 3459 1184 et
3490 1133 3582 1184 tri«

2013 1227 2156 1295 ginta
2184 1225 2478 1277 cubitorum
2511 1224 2848 1277 altitudinem
2878 1224 2989 1292 ejus
3028 1224 3275 1291 colligens
3304 1222 3464 1291 facies
3492 1238 3586 1275 ar—

2014 1331 2169 1379 cam,
2219 1324 2263 1367 et
2319 1317 2373 1368 in
2418 1314 2649 1367 cubitum
2692 1314 3079 1368 consummabis
3111 1330 3225 1368 eam
3271 1315 3326 1367 in
3357 1330 3581 1367 summo.

2018 1404 2222 1459 Ostium
2257 1416 2428 1459 autent
2460 1421 2598 1457 arca:
2647 1405 2808 1473 facies
2840 1422 2870 1457 a
2904 1405 3065 1459 latere
3092 1448 3107 1472 ,
3146 1405 3398 1474 inferiora
3444 1406 3588 1457 bica-

2016 1506 2257 1559 merata,
2322 1504 2369 1549 et
2430 1497 2770 1549 tricamerata
2830 1497 3100 1560 superiora
3163 1498 3408 1565 [aciesea
3430 1493 3497 1551 ".
3525 1495 3589 1548 Et

2018 1596 2139 1657 post
2187 1602 2355 1656 pauca
2403 1588 2550 1641 addit
2613 1609 2623 1642 :
2658 1588 2726 1641 Et
2782 1588 2906 1655 fecit
2933 1628 2947 1651 ,
2989 1588 3160 1656 inquit
3192 1588 3237 1619 ⁴⁹
3264 1628 3278 1653 ,
3323 1586 3436 1641 Noe
3475 1604 3589 1640 om-

2020 1682 2105 1735 nia
2158 1696 2274 1751 qua:
2319 1681 2561 1750 praecepit
2638 1683 2684 1735 ei
2744 1681 3001 1735 Dominus
3061 1681 3249 1747 Deus,
3308 1682 3383 1734 sic
3444 1680 3589 1748 fecit.

345 1886 611 1954 Ζητητέον
644 1887 883 1940 ποταπὸν
921 1888 1002 1939 δεῖ
1033 1888 1222 1958 νοῆσαι
1270 1886 1330 1938 τὸ
1384 1886 1570 1955 σχῆμα
1614 1883 1712 1953 τῆς
1743 1880 1911 1935 κιϐω-

2024 1876 2123 1946 60
2155 1875 2338 1930 Primo
2370 1890 2499 1944 ergo
2532 1876 2793 1943 quaeritur
2832 1875 3043 1943 qualem
3081 1884 3323 1942 oporteat
3348 1874 3460 1945 (70)
3486 1875 3591 1929 lia-

342 1975 437 2026 τοῦ
466 1993 477 2004 ·
510 1978 645 2044 ὅπερ
674 1978 876 2046 νομίζω
904 1979 983 2031 ὅτι
1020 1976 1382 2047 πυραμοειδές
1413 1978 1583 2036 ἐστιν,
1618 1972 1918 2044 ἀρχόμενον

348 2068 448 2137 μὲν
478 2067 584 2120 ἀπὸ
615 2069 819 2139 μήκους
850 2068 1175 2139 τριακοσίων
1206 2066 1417 2137 πηχῶν,
1463 2066 1569 2118 ἀπὸ
1601 2064 1658 2117 δὲ
1688 2063 1920 2124 πλάτους

346 2162 703 2231 πεντήκοντα,
749 2161 843 2213 καὶ
890 2162 979 2213 επὶ
1003 2161 1127 2224 τοὺς
1171 2159 1463 2231 τριάκοντα
1491 2156 1583 2210 τοῦ
1620 2156 1785 2226 ὕψους
1817 2156 1921 2225 πή-

344 2268 459 2319 χεις
489 2252 963 2323 ἑπισυναγόμενον,
995 2252 1133 2305 ὥστε
1167 2251 1263 2322 τὴν
1288 2251 1529 2322 κορυφὴν
1549 2248 1797 2318 γενέσθαι
1828 2249 1923 2318 μή·

346 2358 473 2404 κους
503 2342 596 2393 καὶ
630 2342 863 2405 πλάτους
898 2344 1096 2412 πῆχυν.
1130 2343 1310 2394 Ἔστω
1333 2341 1390 2393 δὲ
1418 2340 1485 2393 τὰ
1522 2340 1618 2409 μὲν
1646 2338 1795 2391 κάτω
1827 2337 1923 2388 αύ-

346 2434 465 2503 τῆς,
498 2434 639 2505 ἅπερ
685 2435 992 2504 ὠνόμασται
1040 2432 1332 2500 κατάγαιοι,
1364 2431 1577 2502 ὀροφῶν
1619 2429 1737 2483 δύο·
1772 2428 1842 2481 τὰ
1867 2428 1923 2481 δὲ

350 2525 490 2597 ὑπὲρ
524 2524 620 2588 τὰς
653 2525 745 2578 δύο
776 2526 977 2596 ὀροφὰς
1006 2528 1097 2580 ἐπὶ
1148 2526 1223 2596 τῷ
1251 2525 1505 2597 ἀνωτέρω
1551 2523 1752 2595 ὀρόφῳ,
1801 2524 1924 2594 dpo-

348 2615 464 2684 φῶν
493 2615 678 2686 τριῶν.
718 2616 886 2669 Τοῦτο
905 2617 961 2669 δὲ
988 2618 1081 2670 καὶ
1106 2620 1133 2671 ὁ
1162 2619 1457 2689 Σύμμαχος
1500 2616 1684 2685 σαφῶς
1714 2614 1925 2679 ἐξέθετο

347 2706 516 2759 εἰπών
539 2724 551 2736 ⁸
587 2707 748 2761 Κατὰ
781 2708 1025 2778 δίστεγα
1071 2710 1168 2762 καὶ
1208 2710 1487 2777 τρίστεγοι
1517 2706 1790 2773 ποιήσεις
1816 2708 1923 2760 αὑ-

349 2796 481 2861 τήν.
523 2797 767 2850 Νοείσθω
788 2798 844 2849 δὲ
877 2797 997 2851 καθ’
1025 2798 1261 2869 ἑκάστην
1290 2797 1492 2869 ὀροφὴν
1522 2794 1928 2865 ἁποδιαλαμϐα-

350 2886 545 2957 νόμενα
574 2887 749 2958 χωρία
782 2888 921 2957 ὑπὲρ
971 2887 1063 2939 τοῦ
1111 2887 1439 2959 χωρίζεσθαι
1472 2886 1538 2939 τὰ
1572 2884 1925 2956 ἀνομοιογενῆ

351 2978 463 3042 ζῶα
494 2979 587 3031 ἀπ’
620 2978 864 3050 ἀλλήλων
891 2996 903 3009 ·
941 2980 1035 3032 καὶ
1063 2978 1328 3032 καλείσθω
1367 2978 1431 3032 τὰ
1461 2977 1931 3049 ἀποδιαλαμϐανό-

355 3084 490 3136 μενα
516 3066 688 3120 ταῦτα
740 3068 933 3137 χωρία,
983 3067 1188 3120 νοσσιαί
1213 3085 1225 3098 ⁸
1268 3069 1301 3138 ἢ
1334 3066 1409 3130 ὡς
1439 3070 1467 3120 ὁ
1491 3067 1785 3139 Σύμμαχος
1828 3084 1929 3121 πε-

352 3158 567 3228 ποίηκε,
618 3158 819 3212 καλιαί.
860 3158 969 3211 Καὶ
1017 3161 1145 3227 μετ’
1178 3160 1377 3229 ὀλίγιν
1415 3160 1551 3212 Φασὶ
1573 3159 1751 3213 τοίνυν
1782 3161 1863 3213 ὄτι
1893 3163 1926 3231 ή

2024 1968 2190 2021 bitum
2221 1967 2393 2035 ipsum
2441 1976 2494 2019 et
2524 1966 2751 2019 formam
2783 1980 2920 2019 arcae
2966 1965 3210 2035 intelligi.
3274 1965 3445 2029 Quam
3491 1980 3594 2036 ego

2024 2066 2177 2125 pulo,
2230 2066 2488 2124 quantum
2527 2071 2590 2109 cx
2640 2058 2725 2111 his
2752 2072 2870 2127 qua:
2918 2057 3300 2111 describuntur
3347 2066 3591 2125 apparet,

2023 2158 2258 2219 quatuor
2287 2148 2503 2218 angulis
2544 2162 2607 2201 ex
2640 2148 2746 2201 imo
2776 2156 3187 2218 consurgentem
3216 2147 3327 2216 (7t)
3359 2147 3592 2201 eisdem-

2024 2256 2129 2309 que
2158 2238 2421 2309 paulatim
2480 2254 2651 2308 usque
2686 2238 2751 2291 ad
2801 2254 3071 2293 summum
3102 2238 3157 2292 in
3188 2246 3470 2307 angustum
3512 2247 3594 2291 at-

2027 2333 2234 2397 tractis,
2279 2331 2332 2385 in
2389 2331 2626 2399 spatium
2662 2332 2820 2385 unius
2857 2331 3024 2385 cubiti
3074 2330 3239 2385 luisse
3289 2330 3593 2384 collectam.

2026 2421 2117 2477 Sic
2164 2421 2307 2476 enim
2354 2420 2614 2487 refertur,
2662 2424 2808 2490 quod
2843 2422 2898 2474 in
2938 2419 3301 2475 fundamentis
3336 2418 3450 2487 ejus
3482 2427 3597 2475 tre-

2025 2514 2167 2571 centi
2219 2513 2387 2568 cubiti
2442 2514 2494 2569 in
2549 2512 2963 2582 longitudinem,
3020 2512 3073 2566 in
3121 2511 3413 2566 latudinetn
3462 2525 3598 2565 ivero

2025 2600 2416 2670 quinquaginta
2452 2601 2564 2655 sint
2611 2599 2797 2669 positi,
2827 2600 3065 2670 ‘triginta
3100 2610 3281 2654 autem
3320 2601 3376 2653 in
3404 2600 3594 2655 altitu-

2026 2693 2209 2748 dinem
2248 2692 2521 2747 aedilicati.
2564 2690 2668 2747 Sed
2692 2690 2921 2747 collecta
2946 2701 3032 2747 est
3066 2691 3124 2745 in
3148 2705 3404 2747 cacumen
3429 2706 3598 2762 angu-

2020 2794 2191 2850 stum,
2222 2785 2291 2839 ita
2328 2794 2387 2839 ut
2431 2783 2647 2839 cubitus
2688 2784 2758 2838 sit
2789 2782 3110 2848 latitudinis,
3160 2793 3218 2839 et
3247 2783 3598 2853 longitudinis

2028 2877 2166 2945 ejus.
2225 2876 2343 2931 Jam
2382 2892 2509 2931 vero
2545 2877 2873 2931 intrinsecus
2903 2876 3231 2944 ea'quidem
3257 2891 3375 2945 qua:
3406 2876 3597 2929 (licun-

2029 2979 2118 3021 tur
2140 2967 2258 3035 ejus
2282 2966 2561 3032 inferiora,
2590 2968 2918 3039 bicamerata
2946 2975 3245 3035 ponuntur,
3290 2968 3339 3019 id
3368 2974 3472 3032 est,
3503 2967 3601 3019 ha-

2030 3058 2345 3113 bitationem
2399 3059 2666 3128 duplicem
2715 3058 3072 3113 continentia.
3132 3058 3420 3127 Superiora
3466 3071 3600 3112 .vero

2034 3153 2400 3217 tricamerata,
2436 3152 2601 3206 veluti
2637 3153 2683 3206 si
2718 3152 2962 3207 dicamus
3018 3152 3316 3221 triplicibus
3342 3161 3602 3209 constru-

357 3249 455 3318 μὲν
480 3250 778 3321 κατωτέρω
803 3249 939 3320 πρὸς
966 3248 1044 3319 τῷ
1095 3249 1330 3320 πυθμένι
1358 3250 1453 3302 τοῦ
1484 3250 1731 3322 διορόφου
1760 3251 1922 3320 στέγη

2030 3252 2113 3298 cta
2158 3244 2477 3299 coenaeulis.
2519 3244 2627 3299 Sed
2658 3246 2740 3299 has
2787 3244 3180 3299 habitationum
3227 3243 3602 3298 distinctiones

357 3338 435 3398 εἰς
465 3337 706 3390 σκύὸαλα
738 3340 966 3392 τέτακτο
990 3357 1003 3370 ·
1036 3341 1070 3411 ή
1108 3340 1166 3392 δὲ
1196 3339 1399 3411 ταύτης
1433 3341 1689 3412 ἀνωτέρω
1720 3344 1800 3405 εἰς
1830 3341 1928 3412 τὴν

360 3429 675 3498 συναγωγὴν
706 3430 805 3500 τῆς
831 3432 1037 3505 τροφῆς
1070 3430 1177 3484 τῶν
1207 3430 1381 3497 ζώων,
1414 3433 1553 3487 ὥστε
1582 3435 1831 3505 εὐπορεῖν
1860 3432 1929 3485 τὰ

358 3519 456 3588 μὲν
484 3522 807 3595 σαρκοϐόρα,
842 3524 1091 3594 σαρκῶν·
1123 3524 1201 3596 τῷ
1232 3524 1395 3596 ἔτερα
1430 3526 1544 3590 ζῶα
1574 3525 1724 3595 παρὰ
1751 3525 1818 3579 τὰ
1849 3527 1928 3589 εἰς

355 3607 670 3682 διατήρησιν
716 3614 1059 3683 εἰσαχθέντα,
1118 3616 1327 3686 τροφῆς
1378 3615 1563 3667 ἕνεκεν
1608 3615 1928 3685 εἰσαχθῆναι

355 3699 435 3760 εἰς
462 3698 559 3769 τὴν
591 3702 821 3756 κιϐωτόν
842 3720 854 3732 ·
888 3703 955 3756 τὰ
1009 3704 1065 3757 δὲ
1101 3703 1173 3774 μὴ
1201 3703 1441 3768 τοιαῦτα,
1487 3705 1586 3774 τῆς
1622 3703 1927 3774 ἐπιτηδείου

352 3786 581 3843 ἕκαστον
611 3792 909 3862 εὐπορῆσαι
940 3792 1167 3863 τροφῆς.
1209 3791 1394 3846 Ταῦτα
1447 3793 1544 3863 μὲν
1573 3794 1651 3856 εἰς
1680 3793 1769 3845 τὸν
1802 3795 1929 3865 περὶ

354 3878 460 3932 τῶν
489 3881 799 3949 καταγαίων
843 3883 1106 3953 διορόφων
1157 3882 1333 3949 λόγον.
1374 3884 1446 3936 Τὸ
1487 3883 1542 3935 δὲ
1594 3883 1728 3953 μετὰ
1758 3885 1928 3937 ταῦτα

354 3971 654 4043 τριώροφον
678 3976 789 4037 τοῖς
814 3974 972 4039 ζώοις
999 3975 1339 4029 ἀποτέτακτο
1367 3976 1507 4029 κατὰ
1535 3974 1634 4038 τὰς
1655 3976 1928 4046 νομισθεί-

355 4080 454 4127 σας
488 4066 725 4128 νοσσιάς.
765 4068 873 4121 Καὶ
903 4068 1045 4131 εἰκὸς
1076 4069 1158 4122 ὅτι
1204 4068 1281 4137 τῷ
1316 4069 1411 4138 μὲν
1449 4068 1555 4121 τῶν
1581 4068 1754 4135 ὄφεων
1780 4069 1927 4136 γένει

355 4155 581 4209 καὶτῶν
621 4157 824 4227 θηρίων
873 4158 1031 4228 ήτοῦ
1079 4159 1390 4212 κατωτάτω
1421 4160 1726 4231 τριωρόφου
1776 4159 1928 4230 χώρα

2032 3337 2098 3391 ad
2121 3337 2224 3391 hoc
2246 3336 2399 3391 facta:
2425 3337 2697 3404 videntur,
2726 3347 2782 3392 ut
2817 3338 3032 3393 secerni
3060 3354 3153 3407 per
3181 3336 3416 3406 singulas
3451 3350 3603 3390 man-

2032 3429 2212 3486 siones
2252 3429 2463 3484 diversa
2509 3430 2819 3485 animalium
2852 3432 2935 3485 vel
2965 3430 3261 3487 bestiarum
3295 3442 3493 3497 genera
3520 3426 3603 3481 la-

2031 3520 2186 3576 cilius
2226 3522 2459 3592 possint,
2509 3530 2564 3576 et
2590 3536 2618 3573 a
2654 3522 2845 3577 bestiis
2880 3521 3010 3576 leris
3058 3528 3338 3576 mansueta
3375 3533 3605 3590 uitaeque

2032 3621 2083 3666 et
2125 3614 2315 3683 ignava
2365 3613 2595 3683 seiungi.
2636 3612 2756 3667 Ista:
2808 3627 2936 3683 ergo
2971 3613 3366 3669 habitationum
3394 3613 3603 3669 discre-

2035 3706 2213 3760 tiones
2244 3706 2352 3760 nidi
2386 3705 2747 3773 appellantur.
2789 3703 3068 3770 Quadrata
3114 3718 3243 3759 vero
3274 3704 3413 3775 ligua
3441 3702 3606 3758 fuisse

2035 3796 2366 3861 referuntur,
2416 3811 2523 3865 quo
2568 3807 2623 3851 et
2670 3796 2886 3851 facilius
2936 3795 3167 3851 alterum
3221 3795 3376 3855 alteri
3426 3803 3606 3866 posset

2035 3890 2232 3957 aptari,
2267 3897 2319 3941 et
2370 3888 2668 3942 inundante
2706 3888 2913 3943 diluvio
2944 3897 3087 3943 totus
3126 3901 3388 3957 aquarum
3423 3886 3608 3957 prohi-

2036 3980 2258 4034 beretur
2304 3979 2578 4045 incursus,
2636 3994 2757 4034 cum
2806 3979 3134 4037 intrinsecus
3182 3987 3233 4034 et
3267 3978 3608 4033 extrinsecus

2036 4069 2202 4123 oblita
2241 4069 2509 4125 bitumine
2550 4070 2811 4138 jnnctura
2847 4074 3168 4124 muniretur.
3204 4068 3485 4122 Traditum
3515 4083 3606 4121 sa-

2034 4174 2103 4213 ne
2133 4160 2291 4213 nobis
2322 4169 2425 4224 est,
2460 4170 2514 4216 et
2560 4177 2665 4213 non
2702 4160 2904 4229 absque
2944 4159 3438 4222 verisimilitudine,
3473 4157 3608 4211 infc-

354 4247 677 4318 ἀπενεμήθη
697 4265 709 4278 ·
743 4251 856 4311 τοῖς
881 4248 937 4301 δὲ
962 4250 1182 4319 κτήνεσι
1209 4251 1303 4302 καὶ
1332 4252 1442 4313 τοῖς
1474 4249 1678 4312 λοιποῖς
1704 4251 1813 4303 τῶν
1846 4269 1922 4303 τι-

2040 4251 2205 4313 riora,
2231 4265 2353 4318 qua:
2378 4266 2537 4319 supra
2564 4251 2798 4303 diximus
2819 4258 3130 4304 constructa
3156 4248 3462 4316 dUpliciter,
3486 4263 3606 4314 quae

358 4337 700 4409 θασσοτέρων
733 4340 765 4409 ἢ
793 4339 1180 4410 ἡμερωτέρων,
1217 4338 1367 4404 τάξει
1410 4339 1503 4391 καὶ
1533 4339 1675 4409 λόγῳ
1702 4340 1769 4393 τὰ
1792 4342 1931 4393 ἀνω-

358 4429 515 4500 τέρω.
564 4432 760 4503 Ἐχρῆν
789 4431 846 4485 δὲ
874 4432 965 4485 τὸν
996 4430 1301 4501 ἄνθρωπον,
1331 4428 1517 4501 ῶσπερ
1546 4433 1612 4501 τῇ
1648 4429 1806 4499 φύσει
1836 4431 1933 4499 ἆρ-

2039 4347 2094 4392 et
2145 4339 2435 4406 separatim
2468 4340 2795 4393 bicamerata
2844 4339 3107 4409 appellata
3158 4348 3303 4402 sunt,
3362 4340 3607 4407 exceptis

2042 4430 2436 4499 superioribus,
2462 4445 2581 4499 qua:
2633 4430 2975 4484 tricamcrata
3026 4429 3139 4500 (72)
3199 4430 3473 4495 dicuntur,
3538 4429 3604 4483 ad

1734 4524 1981 4581 VERSIO
2034 4525 2243 4582 NOVA.

429 4618 786 4684 Quaerendum
822 4633 930 4687 quo
976 4628 1134 4687 pacto
1180 4633 1323 4674 arca:
1355 4617 1586 4671 l'ormam
1638 4616 1940 4689 intelligere
1964 4626 2237 4685 oporteat.
2282 4617 2412 4689 Eam
2460 4625 2589 4689 puto
2642 4617 2693 4671 in
2737 4616 3031 4689 pyramidis
3072 4615 3304 4689 speciem
3337 4626 3603 4673 structam

363 4687 545 4758 fuisse,
596 4698 757 4756 atque
786 4704 813 4740 a
849 4688 1116 4757 principio
1143 4690 1359 4758 quidem
1393 4695 1754 4758 trecentorum
1782 4687 2089 4743 cubitorum
2121 4687 2453 4757 longitudine
2479 4688 2672 4752 fuisse,
2716 4687 2997 4742 latitudine
3023 4702 3153 4758 vero
3184 4687 3596 4758 quinquaginta,

360 4756 641 4827 altitudine
677 4758 934 4826 triginta,
971 4761 1045 4812 ita
1088 4756 1370 4812 ut'vcrtex
1406 4756 1941 4827 fueritlongitudine
1990 4769 2046 4812 et
2094 4756 2252 4812 simul
2285 4758 2575 4813 latitudine
2611 4759 2778 4813 cubiti
2817 4760 2998 4813 unius.
3036 4757 3386 4827 Supponatnr
3423 4756 3601 4812 autem

364 4824 552 4897 intima
575 4828 710 4894 ejus,
744 4824 864 4897 qua:
900 4827 1153 4882 inferiora
1182 4831 1551 4889 nominantur,
1582 4824 1750 4897 fuisse
1780 4827 2010 4897 duarum
2043 4829 2551 4896 contignationum:
2588 4844 2707 4897 qua:
2741 4838 2917 4881 autem
2960 4824 3128 4895 supra
3153 4824 3288 4881 duas
3318 4826 3438 4883 illas
3470 4844 3604 4882 con-

365 4894 689 4966 tignationes
718 4894 871 4951 erant
893 4936 907 4961 ,
942 4898 1101 4951 trium
1129 4897 1617 4966 contignationum.
1648 4895 1703 4966 id
1731 4896 1879 4966 enim
1924 4896 2071 4953 clare
2101 4894 2461 4966 Syinmachus
2488 4894 2738 4966 exposuit
2770 4898 2986 4951 dicens:
3021 4896 3126 4950 Per
3156 4900 3305 4950 binas
3346 4908 3394 4949 et
3424 4907 3602 4951 ternas

363 4962 775 5036 contignationes
809 4967 972 5034 facies
1010 4983 1145 5021 eam.
1181 4962 1466 5036 Cog'itetur
1496 4965 1625 5018 item
1660 4965 1713 5017 in
1764 4965 1993 5034 singulis
2041 4962 2536 5035 contignationibus
2560 4962 2817 5035 separata
2870 4967 3037 5022 fuisse
3081 4968 3217 5029 loca,
3249 4975 3307 5019 ut
3338 4969 3598 5021 animalia

362 5030 592 5107 diversae
627 5030 824 5107 speciei
866 5030 1711 5107 segregarentur;irocenturque
1744 5030 1991 5107 separata
2022 5037 2111 5089 illa
2153 5030 2267 5091 loca
2296 5038 2431 5102 nidi,
2463 5030 2711 5090 νοσσὶαί
2730 5078 2745 5103 ,
2784 5036 2889 5101 vel,
2922 5046 2980 5090 ut
3030 5037 3391 5107 Symmachus
3421 5038 3605 5107 vertit,

364 5100 589 5154 καλιαί.
620 5100 688 5175 Et
714 5107 892 5171 paucis
921 5100 1247 5170 interpositis
1270 5100 1519 5175 {Dicunt
1550 5103 1717 5175 igitur
1758 5100 1999 5158 intimam
2035 5107 2275 5159 omnium
2306 5100 2427 5173 quae
2456 5109 2521 5160 ad
2553 5100 2776 5161 fundum
2809 5100 2950 5170 erat,
2986 5100 3439 5175 contignationem
3470 5106 3603 5160 ﬁnio

365 5186 427 5223 ac
459 5172 684 5249 stercori
716 5175 1026 5249 deputatam
1059 5174 1255 5229 fuisse:
1290 5173 1420 5249 huic
1440 5173 1690 5249 _\_ticinam
1726 5175 2074 5249 superiorem
2113 5172 2371 5230 alimento
2416 5176 2728 5249 animalium
2760 5177 3071 5249 capiendo;
3122 5172 3197 5229 ita
3229 5187 3286 5231 ut
3314 5177 3603 5249 caruivora

363 5241 637 5315 carnium_
659 5241 870 5315 copiam
914 5245 1358 5315 haberent,quia
1407 5243 1512 5297 alia
1543 5241 2024 5309 animalia’praater
2050 5261 2110 5298 ea
2149 5259 2272 5312 qua:
2312 5248 2595 5300 servanda:
2627 5241 2850 5315 speciei'
2871 5248 3087 5300 inducta
3120 5256 3272 5300 erant
3301 5285 3316 5306 ,
3353 5259 3452 5313 pro
3482 5244 3605 5315 cibo

363 5310 941 5384 gliormnjmro‘migss
970 5314 1183 5368 fuerant
1210 5310 1265 5368 in
1297 5328 1517 5384 arcam;
1552 5324 1671 5384 qum
1711 5320 1890 5364 autem
1919 5310 2199 5368 mansueta
2232 5326 2420 5384 erant,
2453 5310 2840 5383 congruentem
2867 5316 2975 5370 sibi
3015 5330 3193 5371 eseam
3224 5310 3470 5384 paratam
3496 5312 3604 5384 ιω-

361 5379 550 5433 buere.
584 5378 709 5435 Hzec
752 5382 818 5435 de
858 5381 1059 5437 inlimis
1090 5378 1589 5454 contignationibus
1624 5380 1767 5436 dicta
1798 5390 1979 5437 sunto.
2008 5384 2089 5439 Ex
2119 5386 2290 5441 tribus
2322 5378 2487 5455 porro
2520 5378 2642 5441 aliis
2672 5378 3365 5455 contignationibus,7quat
3417 5383 3604 5437 intima

431 5466 477 5498 “
512 5470 712 5529 Cenes.
740 5489 817 5539 vr,
861 5475 928 5529 l5
959 5485 1011 5530 et
1055 5491 1209 5547 seqq.
1286 5480 1330 5510 ‘9
1362 5477 1516 5543 ibid.,
1545 5477 1638 5531 22.

432 5566 544 5634 (70)
574 5566 756 5641 Primo
785 5584 907 5641 ergo
937 5571 1192 5641 quaeritur
1240 5572 1444 5641 qualem
1493 5581 1754 5635 oporteat,
1811 5582 1925 5627 etc.

364 5635 547 5689 Graeca
583 5636 739 5702 hujus
792 5635 895 5693 loci
930 5635 1091 5693 \‘erba
1142 5635 1309 5695 edidit
1340 5641 1782 5697 Montelalconius
1833 5656 1929 5696 no-

364 5713 630 5778 ste_r_tom_.
660 5709 674 5760 |
707 5706 1088 5777 Ilexaplorum,
1121 5725 1173 5778 p.
1198 5711 1287 5763 24.

436 5773 549 5843 (7|)
579 5775 728 5841 Mss.,
763 5794 828 5831 ea:
858 5773 962 5833 into
1003 5773 1418 5850 cons-urgentem.
1482 5779 1639 5835 Libh.
1675 5781 1830 5851 editi,
1863 5798 1927 5835 ex

2031 5587 2134 5625 una
2165 5570 2617 5637 consurgentibus.

2100 5641 2215 5711 (7‘2)
2243 5640 2515 5711 Appellata
2555 5649 2698 5711 sunt,
2729 5642 2953 5707 exceptis
2984 5638 3483 5711 superioribus,un
3508 5642 3606 5693 tri-

2031 5704 2333 5763 car'ner'ata.
2365 5704 2489 5761 Haec
2538 5709 2700 5762 verba
2731 5712 2781 5762 in
2814 5704 2972 5763 antea
3004 5709 3164 5761 editis
3206 5704 3605 5773 desiderantur,

2036 5781 2128 5835 sed
2156 5779 2472 5848 supplentur
2496 5793 2526 5831 ο
2554 5794 2679 5831 mss.
