4132 6474
574 327 678 390 te;
2059 331 2382 394 ORiCENlS
3727 359 3832 416 tot

571 447 716 500 hunc
755 446 971 502 modum
1003 446 1167 502 fuisse
1206 447 1463 514 duplicia,
1499 448 1758 516 quoniam
1791 451 2008 519 quidem
2042 469 2140 505 an—
2173 460 2203 514 Α

2198 469 2214 514 ι
2247 473 2406 524 χοντα
2427 455 2534 508 τῶν
2558 456 2786 526 ἀλόγων,
2815 455 2890 514 ὧν
2907 465 3234 540 ἐπιϐέϐηκεν
3261 471 3444 538 αὐτὸς,
3479 473 3622 530 οὕτω
3653 477 3746 530 καὶ
3772 481 3830 534 ἐν

567 555 695 592 nunt
743 538 1010 606 integrum
1043 539 1263 592 fuerunt
1309 540 1488 593 omnia
1523 541 1774 594 animalia
1811 543 1863 595 in
1894 557 2038 596 area.
2081 543 2121 596 E

2249 549 2312 615 τῇ
2339 545 2488 617 χώρᾳ
2511 544 2644 602 εἶναι
2672 552 2932 609 ἀνωτάτω
2955 559 3054 628 τῆς
3077 562 3306 616 κιϐωτοῦ
3339 567 3466 638 περὶ
3499 568 3594 638 τὴν
3635 571 3829 642 τρίτην

563 630 752 695 utique
781 629 830 679 in
855 637 1022 682 totum
1047 642 1244 680 annum
1271 645 1492 683 necesse
1520 639 1638 683 eral
1659 631 1942 699 providere
1972 633 2142 696 cibos,

2249 637 2468 708 στέγην,
2489 641 2770 714 ὑποχείρια
2785 645 2975 716 ἔχοντα
3001 651 3068 704 τὰ
3095 653 3254 707 λοιπὰ
3270 655 3375 708 τῶν
3599 629 3829 716 Πιίὶανέν

557 727 614 772 et
641 733 747 771 non
785 717 955 771 solum
981 719 1130 772 cibos
1161 731 1350 772 verum
1388 727 1441 772 et
1475 720 1837 790 digestionqu
1885 723 2140 776 constitui

2245 729 2302 781 δὲ
2331 731 2428 800 τὴν
2467 733 2702 802 πλαγίαν
2731 737 2860 808 περ).
2891 735 2958 810 ἦς
2989 743 3200 814 εἴρηται
3225 745 3316 816 (74
3343 717 3464 820 tui)-
3499 751 3614 818 τὴν
3643 751 3712 806 δὲ
3739 755 3829 808 θύ-

559 809 695 870 loea,
730 825 835 877 quo
868 825 1042 879 neque
1073 812 1186 878 ipsa
1225 813 1499 876 animalia,
1529 813 1798 881 prmt'ipue
1825 821 2002 866 tamen
2041 815 2142 867 ho-

2237 839 2359 888 ραν
2375 823 2484 892 τῆς
2510 829 2757 882 κιϐωτοῦ
2780 831 2847 882 ἐκ
2872 809 3144 902 aduritur-
3197 809 3492 908 έοιήσείς,
3544 809 3827 912 ’ξεγονέναι

557 902 756 966 mines,
793 903 898 955 [imi
937 901 1129 956 foetore
1161 913 1513 956 vexarentur.
1557 903 1808 957 'l'radunt
1835 921 1966 974 ergo
1995 907 2138 974 quod

2245 914 2372 977 περὶ
2401 915 2498 986 τὴν
2529 919 2772 972 κάτωθεν
2809 923 3032 996 πρώτην
3053 927 3270 1001 στέγην,
3307 933 3392 988 ἵνα
3423 935 3628 988 ἐκεῖθεν
3661 937 3827 990 εἰσελ-

555 991 781 1046 inl‘erior
809 995 956 1062 regio
979 996 1112 1061 ipsa,
1147 1011 1262 1062 qua:
1289 997 1336 1048 in
1365 995 1526 1048 fundo
1558 1006 1660 1060 est,
1705 997 1770 1048 ad
1801 997 2141 1066 hujuscemo-

2243 1003 2403 1058 Οόντα
2437 1009 2506 1060 τὰ
2553 1009 2668 1071 ζῶα
2697 1013 2830 1084 ἀπίῃ
2859 1017 2950 1068 ἐπὶ
2985 1019 3110 1082 τοὺς
3139 1023 3502 1092 τεταγμένους
3547 1029 3665 1088 ταῖς
3699 1045 3821 1080 νοσ-

557 1083 608 1138 di
643 1087 996 1139 necessitates
1019 1088 1320 1154 mancipata
1345 1089 1410 1140 sit
1437 1099 1490 1140 ct
1520 1099 1782 1157 excepta;
1809 1091 1934 1145 huic
1957 1103 2136 1146 autem

2563 1065 2579 1071 -
2806 1065 2830 1084 η
2997 1065 3108 1082 --ντ
3151 1065 3500 1092 ’ν’-ιε’·νηυνὶ
3559 1065 3663 1088 ἰη-ν
3707 1065 3821 1080 ’νυ-

2243 1099 2386 1160 σιαίς
2411 1099 2624 1163 τόπους.
2665 1104 2774 1156 Καὶ
2795 1105 2952 1159 τοῦτο
2981 1109 3184 1178 βέλτιον
3207 1115 3337 1182 ἡμῖν
3367 1115 3611 1181 φαίνεται
3641 1117 3821 1186 λέγειν

557 1181 808 1247 superior
853 1181 1126 1248 contigua,
1155 1183 1543 1234 conservandis
1585 1182 1796 1250 pabulis
1825 1185 2133 1250 deputetur.

2981 1163 2992 1178 ο
3169 1163 3175 1164 “
3229 1163 3327 1182 If,”
3377 1163 3610 1181 I—"'_'"-
3643 1163 3817 1186 "-."'

2239 1203 2303 1238 πε
2314 1187 2364 1258 (ﬁ.
2389 1188 2578 1257 αὐτῆς.
2607 1190 2638 1258 ἢ
2662 1192 2864 1245 ἄνωθεν
2889 1199 3124 1266 νομίζειν
3153 1203 3286 1268 μετὰ
3313 1203 3510 1272 πολλῆς
3535 1205 3821 1272 δυσκολίας

561 1271 770 1325 Etenim
807 1273 1174 1326 necessarium
1229 1273 1528 1336 videbatur,
1588 1285 1645 1329 ut
1677 1277 1742 1330 iis
1771 1279 1980 1343 bestiis,
2014 1280 2136 1348 qui-

2235 1277 2303 1330 τὰ
2332 1279 2445 1342 ζῶα
2471 1281 2818 1336 καταϐαίνειν
2848 1289 2936 1338 ἐπὶ
2955 1290 3080 1352 τοὺς
3103 1293 3332 1356 οἰκείους
3354 1297 3548 1358 τόπους
3574 1313 3585 1326 ·
3619 1297 3817 1352 θειοτέ-

555 1363 653 1418 bus
689 1377 878 1420 natura
937 1367 1076 1420 vesci
1129 1367 1388 1420 carnibus
1441 1370 1610 1434 dedit,
1667 1369 1976 1424 introducta
2023 1371 2132 1423 sint

2237 1388 2337 1442 ρας
2367 1373 2510 1435 τινος
2559 1373 2840 1446 δυνάμεως
2887 1379 3116 1453 ἔχρῃζεν
3143 1385 3174 1454 ἡ
3215 1387 3482 1453 ἀσφάλεια
3513 1389 3609 1458 τῆς
3642 1391 3816 1442 κλειο-

553 1459 902 1514 extrinsecus
944 1461 1223 1526 animalia,
1280 1477 1510 1530 quorum
1561 1471 1844 1516 vescentes
1873 1464 2129 1514 carnibus

2239 1463 2406 1531 μένης
2437 1463 2641 1535 ταύτης
2673 1467 2862 1538 θύρας,
2892 1473 3072 1526 οὐκέτι
3107 1475 3400 1546 δυναμένου
3439 1481 3584 1543 τινὸς
3617 1480 3815 1544 ἔξωθεν

553 1565 878 1606 conservare
903 1555 1064 1606 vitam
1096 1553 1432 1622 posteritatis
1459 1554 1770 1620 reparandae
1787 1553 1958 1619 gratia
1987 1553 2132 1606 vale-

2234 1551 2522 1624 ἀνθρώπου
2551 1557 2902 1625 ἀσφαλτῶσαι
2937 1564 3102 1634 αὐτὴν
3132 1568 3272 1640 ὑπὲρ
3301 1571 3392 1622 τοῦ
3427 1573 3500 1642 μὴ
3531 1557 3815 1644 παρεισδῦ-

553 1655 674 1698 rent
708 1663 721 1698 :
754 1645 874 1697 aliis
905 1659 1038 1699 vero
1063 1645 1186 1708 alia,
1244 1661 1366 1714 qua:
1399 1644 1662 1696 naturalis
1697 1659 1826 1698 usus
1859 1645 2123 1712 deposcit,

2227 1663 2312 1700 ναι
2351 1645 2510 1716 ὕδωρ.
2539 1647 2629 1699 Διὸ
2655 1647 2896 1700 ἔκλεισε
2925 1652 3141 1719 Κύριος
3179 1657 3211 1706 ό
3243 1659 3386 1722 θεὸς
3422 1660 3673 1714 ὄπισθεν
3699 1663 3811 1721 τοῦ

547 1747 898 1788 servarentur
951 1735 1229 1789 alimenta.
1295 1737 1350 1787 ln
1385 1736 1483 1789 hos
1511 1750 1643 1804 ergo
1677 1751 1806 1788 usus
1839 1734 2124 1790 inferiores

1897 1734 2124 1790 feriores
2226 1735 2371 1802 Νῶε,
2401 1731 2496 1788 καὶ
2526 1737 2712 1802 οὕτως
2743 1737 2978 1808 ἐγένετο
3012 1746 3044 1796 ὁ
3074 1750 3521 1817 κατακλυσμός.

545 1840 748 1898 partes,
781 1847 902 1898 qum
934 1831 1282 1885 bicamerataa
1321 1831 1598 1894 dicuntur,
1633 1831 1848 1882 tradunt
1881 1829 2053 1883 fuisse
2084 1830 2391 1892 distinctas,
2444 1834 2752 1900 Superiores
2789 1851 2916 1890 vero
2967 1841 3032 1892 ad
3065 1841 3434 1896 habitaculum
3467 1846 3678 1912 bestiis,
3727 1848 3808 1900 vel

541 1923 867 1976 animalibus
897 1923 1209 1990 deputatas,
1259 1921 1310 1974 in
1344 1921 1541 1988 quibus
1588 1917 1878 1974 inferiores
1907 1921 2120 1988 quidem
2153 1921 2256 1991 61
2297 1921 2445 1986 feris,
2495 1935 2547 1977 et
2581 1926 2882 1984 immitibus
2905 1931 3120 1998 bestiis,
3155 1933 3240 1988 vel
3275 1938 3622 2004 serpentibus
3651 1941 3806 1994 babi-

544 2015 781 2068 tacnlum
815 2013 1138 2082 praebuisse,
1173 2015 1258 2066 his
1290 2027 1417 2066 vero
1441 2011 1700 2080 contigua
1733 2013 1784 2065 in
1817 2011 2196 2080 superioribus
2231 2014 2368 2076 loca,
2407 2016 2717 2070 mitioribus
2751 2021 3122 2078 animantibus
3155 2027 3362 2080 stabula
3397 2027 3584 2084 fuisse.
3629 2029 3804 2100 Supra

543 2109 726 2164 omnia
757 2121 887 2161 vero
937 2107 989 2160 in
1025 2105 1240 2160 excelso
1269 2105 1583 2160 hominibus
1614 2105 1794 2158 sedem
1830 2105 2086 2168 locatam,
2119 2113 2304 2172 utpote
2351 2107 2442 2174 qui
2471 2115 2525 2160 et
2555 2109 2762 2163 honore
2795 2123 2848 2165 et
2879 2115 3087 2169 ratione
3121 2129 3312 2172 cuncta
3349 2117 3660 2188 przecellant
3693 2141 3704 2176 :
3743 2135 3802 2176 ut

543 2205 686 2258 sicut
741 2202 952 2255 ratione
991 2209 1044 2254 et
1079 2199 1344 2268 sapientia
1393 2199 1758 2268 principatum
1791 2211 1981 2268 gerere
2031 2211 2192 2268 supra
2219 2200 2398 2252 omnia
2439 2215 2556 2268 qua:
2587 2201 2639 2254 in
2677 2205 2841 2258 terris
2887 2215 3032 2270 sunt,
3065 2209 3270 2264 dicitur
3303 2215 3491 2274 homo,
3536 2213 3604 2266 ita
3635 2215 3798 2268 etiam

545 2297 663 2352 loco
694 2297 909 2362 celsior,
947 2303 1002 2350 ct
1035 2310 1200 2363 supra
1236 2309 1427 2348 omnes
1457 2293 1786 2360 animantes,
1823 2309 1941 2361 qua)
1989 2294 2040 2347 in
2079 2309 2202 2348 arca
2237 2305 2390 2359 sunt,
2419 2295 2718 2350 collocatus
2759 2299 2850 2351 sit.
2895 2299 3142 2354 Tradunt
3171 2313 3350 2354 autem
3385 2301 3546 2356 etiam
3575 2305 3799 2358 ostium.

543 2394 688 2464 quod
712 2408 778 2448 ex
809 2391 980 2446 latere
1008 2389 1205 2444 factum
1231 2389 1448 2452 dicitur,
1484 2404 1548 2442 eo
1587 2389 1686 2442 loci
1721 2387 1910 2450 fuisse,
1946 2397 2003 2442 ut
2038 2387 2316 2454 inferiora,
2349 2405 2469 2459 quae
2501 2391 2634 2443 dixit
2679 2391 3029 2454 bicamerata,
3068 2393 3204 2448 inl‘ra
3239 2411 3294 2450 se
3327 2393 3568 2460 haberet,
3599 2411 3652 2451 et
3679 2411 3799 2468 qua:

543 2491 681 2546 dixit
709 2491 1082 2548 tricamerata,
1113 2487 1394 2556 superiora
1427 2501 1454 2538 a
1488 2485 1608 2540 loco
1639 2485 1762 2540 ostii
1799 2485 2066 2554 appellata
2095 2487 2200 2539 sint
2243 2504 2256 2540 :
2288 2495 2346 2539 ut
2381 2486 2508 2540 inde
2535 2487 2774 2556 ingressa
2807 2487 3061 2542 universa
3097 2490 3370 2554 animalia,
3403 2506 3498 2562 per
3529 2508 3624 2546 sua
3653 2509 3798 2562 qme-

541 2598 648 2651 que
697 2583 811 2636 loca
855 2581 1150 2638 secundum
1181 2579 1323 2648 quod
1375 2594 1540 2648 supra
1590 2579 1848 2642 diximus,
1891 2593 2130 2648 congrua
2171 2580 2501 2636 discretione
2536 2581 2804 2650 dirempta
2836 2582 2970 2635 sint.
3013 2577 3212 2637 Verum
3247 2585 3374 2640 ostii
3409 2585 3578 2654 ipsius
3617 2587 3794 2642 muni-

543 2691 664 2729 men
699 2678 834 2748 (75),
873 2695 980 2732 non
1014 2661 1126 2748 iam
1169 2683 1424 2736 immanis
1463 2681 1768 2734 rationibus
1799 2677 2145 2746 adimpletur.
2189 2677 2471 2744 Quomodo
2498 2679 2667 2744 enim,
2716 2687 3071 2748 posteaquam
3119 2677 3365 2734 clausum
3397 2689 3500 2746 est,
3533 2691 3584 2734 et
3613 2681 3794 2735 nullus

542 2770 818 2824 hominum
867 2781 1020 2825 extra
1065 2787 1249 2826 arcam
1297 2773 1419 2838 fuit,
1477 2772 1796 2826 bituminari
1827 2771 2172 2825 extrinsecus
2200 2770 2399 2825 ostium
2448 2770 2645 2839 potuit,
2675 2771 2776 2824 nisi
2809 2771 2934 2840 quia
2989 2773 3184 2826 divime
3218 2773 3438 2828 virtutis
3480 2775 3600 2828 sine
3627 2773 3794 2827 dubio

535 2877 674 2928 opus
707 2861 822 2925 fuit,
869 2879 936 2916 ne
975 2864 1357 2930 ingrederetur
1386 2879 1524 2934 aqua
1557 2879 1656 2932 per
1685 2864 1914 2926 aditum,
1961 2877 2119 2930 quem
2157 2863 2390 2916 humana
2423 2877 2526 2916 non
2559 2863 2831 2917 munierat
2877 2865 3108 2918 manus?
3153 2864 3442 2934 Propterea
3475 2879 3602 2933 ergo
3640 2863 3790 2918 Scri-

511 2963 690 3020 ptura
727 2971 848 3008 eum
889 2957 956 3010 de
983 2959 1198 3012 czeteris
1225 2960 1476 3012 omnibus
1513 2959 1762 3022 dixisset,
1799 2959 1926 3026 quia
1961 2957 2092 3012 fecit
2121 2971 2304 3012 arcam
2335 2955 2469 3021 Noe,
2505 2967 2558 3013 et
2587 2959 2884 3014 introduxit
2917 2959 3189 3024 animalia,
3223 2969 3277 3012 et
3315 2959 3476 3024 ﬁlios,
3507 2971 3562 3014 et
3593 2973 3790 3012 uxores

531 3065 743 3114 eorum,
777 3053 843 3106 de
873 3053 1016 3109 ostio
1056 3069 1160 3108 non
1193 3055 1356 3120 dixit,
1391 3057 1516 3123 quia
1553 3055 1667 3110 Noe
1713 3055 1910 3109 clausit
1949 3053 2150 3108 ostium
2193 3069 2378 3109 arcae:
2427 3055 2520 3110 sed
2553 3055 2653 3120 ait,
2707 3055 2834 3123 quia
2879 3057 3070 3110 clausit
3105 3055 3359 3110 Dominus
3401 3055 3538 3110 Deus
3589 3055 3788 3126 deforis

505 3149 720 3201 ‘ostium
751 3165 909 3215 arcm,
955 3159 1004 3203 et
1050 3152 1124 3204 sic.
1150 3151 1346 3212 factttm
1379 3162 1454 3205 est
1485 3153 1740 3205 diluvium
1759 3151 1829 3204 '°.
1885 3149 2298 3206 Observandum
2339 3161 2514 3204 tamen
2563 3153 2818 3219 estquod
2853 3161 2973 3220 post
3003 3151 3262 3204 diluvium
3297 3166 3402 3205 non
3447 3152 3642 3206 dicitur
3677 3151 3786 3206 Noe

530 3244 806 3314 aperuisse
837 3245 1062 3312 ostium,
1115 3248 1209 3302 sed
1259 3248 1578 3312 fenestram,
1617 3263 1740 3301 cum
1795 3249 1978 3302 emisit
2007 3261 2254 3312 corvum,
2287 3247 2584 3302 utvideret
2631 3255 2812 3300 utrum
2843 3254 3111 3300 cessasset
3157 3259 3297 3314 aqua
3347 3259 3510 3314 super
3559 3255 3781 3300 terram.

532 3341 685 3408 Quod
721 3353 902 3393 autem
955 3341 1210 3396 intuierit
1255 3345 1438 3396 cibum
1471 3343 1582 3395 Noe
1617 3343 1678 3395 in
1716 3358 1896 3396 arcam
1943 3343 2194 3396 omnibus
2225 3343 2618 3404 animantibus,
2652 3341 2736 3394 vel
2789 3341 2999 3405 bestiis,
3031 3357 3151 3408 qua:
3177 3357 3300 3395 cum
3335 3355 3401 3396 eo
3431 3341 3783 3401 introierunt,

505 3437 656 3490 'audi
685 3451 748 3489 ex
777 3437 862 3490 his
899 3451 1019 3504 qua:
1051 3435 1310 3491 Dominus
1349 3439 1484 3492 dicit
1512 3438 1576 3490 ad
1609 3437 1718 3491 Noe
1753 3455 1766 3492 :
1805 3437 1902 3504 Tu,
1941 3438 2120 3506 inquit
2143 3437 2216 3500 δι,
2262 3439 2442 3504 accipe
2487 3439 2580 3488 tibi
2611 3437 2710 3504 ipsi
2755 3437 2820 3488 ob
2861 3437 3101 3489 omnibus
3131 3437 3259 3488 escis
3297 3451 3413 3504 qua:
3443 3437 3690 3497 edantur,
3732 3443 3782 3486 et

535 3529 870 3598 rongregubis
915 3529 982 3581 ad
1011 3531 1360 3596 temetipsum,
1405 3539 1452 3582 et
1507 3539 1655 3582 erant
1691 3529 1782 3582 tibi
1826 3543 1872 3582 et
1899 3531 2024 3597 ipsis
2055 3529 2124 3580 ad
2172 3528 2446 3580 edendum.
2497 3527 2649 3593 Quod
2681 3535 2862 3580 autem
2893 3525 3024 3580 fecit
3053 3525 3162 3578 Noe
3191 3541 3252 3579 ea
3295 3541 3414 3594 qua:
3445 3527 3704 3594 praecepit
3731 3523 3782 3578 ei

531 3623 814 3688 Dominus,
861 3625 984 3679 audi
1017 3623 1356 3692 Seripturam
1391 3625 1701 3678 dicentem:
1737 3623 1966 3693 Etfccil,
2001 3623 2270 3693 inquit",
2311 3621 2426 3676 Noe
2452 3623 2630 3676 omnia
2675 3637 2790 3687 quae
2832 3623 3076 3689 prtrcepit
3121 3623 3166 3674 ei
3215 3621 3468 3674 Dominus
3511 3620 3671 3685 Deus,
3707 3621 3784 3672 sic

531 3722 678 3784 fecit.
723 3721 869 3774 Sane
897 3721 1036 3788 quod
1076 3720 1142 3773 de
1169 3720 1324 3786 locis,
1351 3735 1472 3789 qua:
1501 3721 1734 3774 diximus
1766 3721 1834 3772 ad
1866 3721 2048 3772 timum
2087 3718 2398 3771 animalium
2431 3725 2705 3785 separata,
2745 3715 3026 3782 Scriptura
3057 3715 3186 3768 nihil
3213 3715 3414 3780 retulit,
3449 3715 3542 3768 sed
3565 3713 3784 3766 traditio

529 3823 698 3878 tenet,
734 3823 1043 3883 opportune
1078 3813 1358 3866 videbitur
1402 3825 1564 3878 super
1609 3813 1710 3866 hoc
1762 3813 2004 3867 habitum
2057 3825 2181 3863 esse
2213 3808 2514 3870 silentium,
2549 3809 2613 3862 de
2645 3823 2753 3876 quo
2803 3805 3134 3861 sufﬁcienter
3183 3805 3584 3874 consequentiae
3613 3803 3784 3872 ipsius

531 3908 668 3961 ratio
703 3907 943 3962 doceret.
1003 3909 1068 3962 Et
1101 3908 1226 3976 quia
1267 3909 1332 3962 ad
1385 3907 1685 3980 spiritalem
1721 3907 2136 3974 intelligentiam
2191 3905 2371 3958 minus
2409 3905 2567 3974 digne
2611 3911 2823 3972 poterat
2857 3903 3054 3971 aptari,
3093 3903 3288 3957 merito
3335 3916 3464 3970 ergo
3497 3901 3776 3968 Scriptura

523 3999 676 4054 siluit
704 4001 770 4053 de
797 4001 918 4063 hoc,
953 4015 1074 4070 quae
1109 4003 1279 4072 magis
1315 4004 1660 4058 narrationes
1689 4015 1815 4056 suas
1849 3999 2212 4054 intellectibus
2241 3997 2545 4066 allegoricis
2571 4005 2808 4065 coaptat.
2855 3997 3236 4050 Verumtamen
3285 4003 3544 4062 quantum
3579 3993 3644 4046 ad
3679 4007 3778 4045 ne-

522 4095 832 4149 cessitatem
869 4095 1169 4164 pluviarum
1204 4107 1259 4150 et
1291 4097 1472 4152 diluvii
1505 4107 1736 4167 spectat,
1765 4095 1911 4150 nulla
1945 4097 2122 4164 potuit
2153 4103 2260 4148 tam
2295 4093 2622 4148 conveniens
2654 4101 2710 4146 et
2741 4107 2978 4159 congrua
3017 4107 3158 4145 arca:
3205 4092 3412 4159 species
3443 4091 3580 4152 dari,
3609 4103 3772 4156 quam

521 4199 578 4243 ut
607 4205 636 4244 e
666 4207 882 4244 summo
930 4191 1078 4246 velut
1105 4207 1135 4246 e
1168 4201 1308 4246 tecto
1336 4195 1571 4262 quodam
1613 4193 1667 4248 in
1723 4201 2008 4264 angustum
2043 4191 2255 4246 culmen
2299 4191 2498 4244 educto
2535 4189 2646 4257 (74)
2677 4189 3002 4242 diﬂ'underet
3050 4187 3306 4240 imbrium
3343 4186 3550 4249 ruinas,
3579 4195 3634 4238 et
3667 4185 3773 4238 ima

517 4284 572 4338 in
609 4287 764 4355 aquis
791 4287 1053 4354 quadrata
1105 4287 1404 4343 stabilitate
1436 4292 1766 4356 consistens,
1796 4304 1896 4344 nec
1945 4288 2178 4358 impulsu
2212 4297 2518 4352 ventorum,
2553 4300 2655 4338 nec
2688 4287 2889 4354 impeltt
2936 4285 3220 4348 ﬂuctuum,
3257 4296 3358 4336 nec
3402 4281 3774 4350 inquietudine

523 4379 863 4445 animalium,
897 4395 1018 4447 qua:
1053 4379 1384 4435 intrinsecus
1411 4391 1592 4447 erant,
1622 4391 1716 4434 aut
1741 4381 1990 4434 inclinari
2022 4389 2226 4448 posset,
2255 4387 2348 4433 aut
2381 4377 2572 4446 mergi.

579 4467 634 4520 2.
668 4465 774 4521 Sed
819 4469 902 4521 bis
948 4471 1202 4524 omnibus
1244 4469 1353 4540 (75)
1406 4479 1554 4525 tanta
1599 4479 1713 4523 arte
1758 4468 2092 4538 compositis,

2289 4469 2632 4540 Ἐπηπόρουν
2663 4467 2826 4530 τινὲς,
2859 4467 2906 4517 εί
2933 4464 3154 4518 δύναται
3185 4465 3218 4534 ἡ
3265 4462 3564 4532 τηλικαύτη
3601 4460 3771 4516 κιϐω-

516 4559 779 4630 objiciunt
813 4561 1028 4630 quidam
1059 4563 1408 4632 quaestiones,
1456 4571 1512 4618 et
1559 4563 1830 4632 prmeipue
1857 4559 2092 4631 Apelles,

2195 4561 2285 4623 τὸς
2316 4559 2564 4630 χωρῆσαι
2609 4557 2710 4610 κᾶν
2753 4558 2814 4610 τὸ
2845 4553 3136 4608 πολλοστὸν
3185 4555 3370 4624 μόριον
3407 4552 3512 4604 τῶν
3549 4553 3641 4605 ἐπὶ
3663 4551 3769 4622 γῆς

1885 4649 2140 4706 γΕῐςδιο
2173 4649 2382 4704 NOVA.

519 4749 658 4813 erat,
689 4742 1012 4798 animalibus
1043 4743 1438 4807 destinabatur,
1469 4743 1762 4813 assignalis
1789 4743 2124 4812 singulorum
2156 4743 2316 4795 nidis.
2353 4741 2762 4810 Verisimileque
2794 4751 2874 4795 est
2901 4738 3248 4813 serpentibus
3275 4751 3339 4813 ac
3369 4735 3495 4813 feris
3525 4735 3767 4813 infimam

519 4811 668 4865 illam
707 4813 886 4866 sedem
928 4816 1106 4866 datam
1143 4813 1342 4876 fuisse;
1372 4807 1630 4880 iumentis
1664 4828 1790 4868 vero
1822 4807 2134 4879 ac'reliquis
2163 4815 2460 4866 mansuetis
2485 4807 3257 4880 animantibussuperiorem;
3289 4807 3768 4880 hominidemum,

515 4891 702 4949 utpote
725 4884 1004 4938 brutorum
1036 4885 1261 4952 principi
1287 4877 1640 4952 out—niumque
1669 4877 2142 4951 praestantissimo,
2169 4898 2474 4950 supremam
2509 4885 2750 4935 omnium
2779 4877 2962 4952 sedem
2984 4883 3162 4932 datam
3192 4879 3430 4952 oportuit
3459 4877 3524 4952 ad
3554 4877 3766 4952 tertiam

516 4945 993 5018 contignationem,
1021 4945 1080 5007 ut
1113 4945 1308 5010 czelera
1339 4945 1592 5008 animalia
1623 4945 1725 5006 sub
1757 4969 1916 5005 manu
1951 4953 2196 5006 haberet.
2236 4945 2544 5004 Verisimile
2573 4962 2754 5004 autem
2791 4961 2876 5004 est
2905 4951 3048 5002 latus
3081 4945 3239 5002 arcae,
3261 4948 3366 5018 tale
3397 4945 3566 4998 lui-se
3608 4949 3767 5018 quale

515 5017 770 5076 dixinuts.
800 5022 1028 5076 Januam
1059 5039 1188 5078 vero
1216 5041 1355 5080 areae
1377 5066 1392 5089 ,
1421 5041 1450 5078 a
1483 5025 1652 5078 latere
1681 5024 1912 5090 positam
1947 5023 2110 5074 fuisse
2145 5023 2294 5076 dicas
2327 5023 2390 5075 ad
2422 5024 2652 5088 primum
2684 5033 2745 5090 et
2772 5021 3013 5072 intimam
3049 5017 3533 5090 contignationem,
3563 5025 3621 5090 ut
3648 5017 3765 5068 ani-

516 5099 727 5162 mantes
777 5093 900 5146 inde
928 5093 1278 5155 introeuntes,
1350 5085 1416 5148 ad
1449 5085 1744 5148 υυιιειίιιίιιι
1781 5095 1882 5146 sibi
1916 5092 2029 5144 loca
2065 5092 2331 5158 nidosque
2373 5085 2678 5162 pergerent.
2723 5089 2873 5156 Quod
2918 5105 3048 5162 sane
3095 5087 3427 5162 probabilius
3470 5085 3572 5162 dici
3606 5099 3766 5162 posse

517 5160 751 5222 videtur,
783 5178 944 5228 quam
979 5165 1020 5216 si
1055 5153 1271 5231 putetur
1301 5165 1554 5217 animalia
1589 5180 1656 5216 ex
1689 5163 1999 5216 summitate
2033 5165 2096 5213 ad
2139 5153 2516 5230 propria-Imm
2555 5153 2762 5228 Inagna
2785 5176 2904 5212 eum
2939 5153 3260 5231 diliicultate
3291 5155 3657 5231 descendisse.
3697 5153 3764 5208 Ut

517 5245 709 5284 secure
757 5223 1103 5286 clauderetur
1140 5236 1252 5286 luce
1299 5239 1481 5298 janua,
1533 5235 1711 5286 divina
1741 5235 1975 5300 quadam
2013 5223 2210 5286 virtute
2240 5223 2377 5299 opus
2409 5241 2558 5297 erat,
2591 5223 2711 5283 cuin
2749 5247 2852 5282 non
2890 5229 3120 5300 amplius
3146 5237 3329 5300 _esset__
3346 5223 3551 5277 deforis
3599 5225 3762 5300 homo

516 5301 782 5368 quispiam
816 5303 906 5369 qni
937 5317 1054 5354 eam
1087 5293 1414 5356 bitnmitiare
1445 5293 1641 5372 posset,
1677 5293 2156 5371 tte-ingrederetur
2184 5293 2348 5372 aqua.
2381 5293 2510 5354 Eant
2539 5293 2606 5354 ob
2639 5317 2748 5354 rem
2781 5293 3262 5353 clausit'Dmninus
3299 5295 3440 5348 Deus
3469 5303 3594 5362 post
3624 5293 3760 5356 Noe,
3817 5355 3822 5364 ,

513 5384 564 5422 et
601 5372 678 5424 sic
707 5373 902 5424 factum
927 5383 1010 5424 est
1034 5374 1310 5426 diluvium.
3819 5373 3830 5388 ’

587 5441 912 5496 Dubitarunt
945 5443 1162 5510 quidam
1218 5457 1284 5496 an
1319 5442 1438 5495 talis
1470 5457 1595 5495 arca
1647 5449 1828 5510 posset
1859 5455 2051 5508 capere
2085 5440 2170 5494 vel
2213 5441 2490 5496 minimam
2523 5451 2730 5510 partem
2765 5437 3006 5492 omnium
3039 5451 3158 5506 qua:
3205 5437 3258 5492 in
3295 5443 3438 5489 terra
3471 5439 3598 5486 sunt
3641 5431 3768 5484 aui-
3821 5431 3846 5454 "

583 5552 630 5582 '°
653 5553 850 5608 Cenes.
875 5569 970 5617 vn,
1004 5553 1202 5618 16,17.
1243 5553 1287 5584 ⁵¹
1311 5553 1506 5606 Genus.
1540 5567 1610 5617 vr,
1635 5551 1727 5604 2|.
1767 5552 1812 5581 δ’
1840 5549 1967 5604 ibid.
1991 5551 2084 5604 ‘22.

590 5619 698 5691 (73)
735 5621 924 5676 Verum
955 5609 1089 5676 ostii,
1107 5624 1274 5690 ipsius
1301 5609 1724 5686 muninten,'etc.
1765 5621 1952 5674 Graeca
1983 5621 2080 5673 ltu-
2279 5615 2598 5691 (ξῌῦξεςηῖῖίξ
2631 5613 2698 5668 ad
2723 5629 2941 5691 sen§um
2971 5613 3183 5691 τίειειμιτ
3205 5610 3394 5691 deti-ssc
3416 5611 3640 5691 ³¹¹,ί·Ι⁰Ῐ¹¹ο
3665 5609 3764 5666 Ευ-

511 5683 608 5758 Ῑιιέ
637 5683 734 5744 luci
769 5695 932 5746 verba
964 5711 994 5746 e
1023 5683 1239 5746 Catenis
1269 5709 1397 5746 mss.
1431 5683 1634 5744 Gra’cis
1665 5703 1818 5746 eruta
1852 5699 1996 5742 sunt.
2266 5687 2380 5754 (75)
2412 5683 2513 5758 Sed
2541 5687 2620 5736 his
2653 5701 2790 5758 onm.
2812 5687 2996 5739 Graeca
3037 5683 3194 5758 hujus
3229 5685 3326 5736 loci
3367 5685 3526 5735 verba
3565 5695 3762 5748 suppe-

582 5761 1478 5833 {7-1)Mss.,culmeueducto.Libb.
1501 5761 2073 5824 editi,r:ulmiuedurto.
2199 5758 2372 5810 ditant
2403 5757 2618 5810 (latente
2643 5755 2842 5810 Gra'ca:
2881 5756 3282 5820 IllitIIIISN'ipltL'.
