4132 6426
380 371 482 424 MS

1571 357 1636 410 ΙΝ
1673 353 1974 412 GENESIM
2015 353 2297 410 liOMlLIA
2336 353 2387 408 ιι

3533 373 3637 430 Ηῖξῖ

379 489 593 537 πάντων
631 479 806 545 ζώων.
843 479 952 533 Καὶ
1001 477 1234 549 μάλιστα
1291 477 1550 548 Ἀπελλὴς
1591 478 1618 528 ὁ
1663 475 1753 529 106
1800 475 1947 545 Μαρ-

2064 471 2154 540 qui
2185 471 2286 524 ruit
2336 471 2633 541 discipulus
2665 475 2882 544 quidem
2921 477 3233 549 Marcionis,
3287 484 3381 538 sed
3409 485 3637 546 alterius

377 584 570 638 xtmvo;
623 573 918 644 γνώριμος,
969 573 1062 624 κα)⁸
1107 572 1395 642 γενόμενος
1457 571 1646 642 ἐτέρας
1699 568 1960 640 αἱρέσεως

380 664 507 734 παρ’
533 664 737 715 ἐκεῖνον
762 661 964 730 πατὴρ,
998 658 1208 712 ἀθετεῖν
1242 659 1562 729 βουλόμενος
1599 658 1674 720 ὡς
1703 659 1801 727 οὐχ
1828 657 1958 724 άγια

376 753 445 806 τὰ
474 753 751 816 Μωῡσέως
798 752 1222 824 συγγράμματα,
1253 752 1410 806 τοῦτο
1454 753 1810 822 ἐπαπορήσας
1841 753 1959 803 ἐπι-

379 845 554 915 φέρει,
591 847 668 908 τὸ,
717 846 929 914 Ψευδὴς
955 847 1062 916 ἄρα
1092 848 1120 898 ὁ
1163 844 1360 915 μῦθοςο
1394 845 1492 897 οὐκ
1529 843 1637 914 ἄρα
1670 846 1734 896 ὲκ
1762 844 1896 896 Ε)εοῦ
1925 847 1956 914 ἡ

379 937 570 1008 Γραφή
599 954 612 965 ·
669 937 742 1007 μὴ
798 935 992 990 συνιὼν
1043 937 1316 998 ποδαποὺς
1349 936 1694 1006 τριακοσίους
1740 937 1952 1004 πήχεις,

377 1028 473 1078 καὶ
518 1027 791 1089 ποδαποὺς
839 1028 1193 1097 πεντήκοντα,
1253 1025 1515 1096 πηλίκους
1559 1041 1619 1077 τε
1667 1025 1958 1095 τριάκοντα

357 1118 658 1190 -ὠνόμασεν
689 1121 780 1171 ἐπὶ
825 1120 924 1189 τῆς
953 1119 1294 1188 κατασκευῆς
1343 1119 1440 1188 τῆς
1471 1117 1707 1172 κιϐωτοῦ
1745 1121 1777 1189 ἡ
1812 1120 1953 1190 Γρα-

367 1211 472 1280 φή.
528 1211 833 1280 Ἐμάθομεν
892 1211 948 1263 δὲ
999 1213 1160 1281 ἡμεῖς
1208 1211 1316 1264 ἀπό
1359 1230 1502 1275 τινος
1539 1211 1648 1263 τῶν
1696 1215 1824 1284 παρ’
1873 1213 1956 1264 Ἑ-

367 1301 587 1372 λρραίοις
612 1302 930 1372 ἐλλογίμων,
955 1303 1030 1365 ὡς
1064 1302 1171 1370 ἄρα
1201 1304 1248 1355 οἱ
1277 1305 1573 1374 τριακόσιοι
1607 1306 1799 1374 πήχεις
1828 1304 1956 1358 ὠνο-

383 1393 686 1463 μάσθησαν,
721 1394 796 1456 ὡς
824 1396 871 1446 οἱ
903 1393 1224 1464 καλούμενοι
1275 1395 1425 1465 παρὰ
1473 1398 1587 1458 τοῖς
1616 1397 1955 1467 γεωμέτραις

375 1484 601 1553 δύναμις
627 1483 717 1535 106
749 1483 856 1536 ἀπὸ
881 1485 972 1536 τοῦ
1004 1485 1326 1556 τριακοστοῦ
1364 1487 1710 1557 τετραγώνου
1732 1505 1745 1518 ·
1777 1487 1852 1550 ὡς
1880 1484 1956 1540 εἷ-

377 1591 463 1624 ναι
492 1575 616 1636 τοὺς
648 1574 946 1645 ἡμετέρους
991 1576 1184 1645 πήχεις
1231 1574 1324 1626 τοῦ
1363 1576 1571 1645 μήκους
1617 1576 1674 1627 ἐν
1698 1574 1774 1645 τῷ
1806 1576 1954 1630 κάτω

375 1665 616 1733 ἐπιπέδῳ
649 1665 803 1717 ἐννέα
840 1665 1137 1735 μυριάδας·
1172 1665 1314 1718 οὕτω
1347 1665 1403 1718 δὲ
1436 1667 1529 1718 καὶ
1574 1665 1664 1720 106
1700 1667 1950 1733 πλάτους,

374 1757 633 1826 δισχιλίας
650 1758 1027 1820 πεντακοσίας,
1049 1757 1252 1810 καὶτοῦ
1274 1756 1458 1826 ὕψους,
1483 1759 1794 1823 ὲννακοσίας,
1816 1759 1948 1830 (76)·

375 1849 482 1900 Καὶ
511 1847 618 1918 γὰρ
646 1849 784 1902 πάνυ
834 1848 899 1900 ἂν
944 1850 1028 1915 εἴη
1076 1847 1424 1902 ἀτοπώτατον
1456 1849 1548 1902 τὸν
1594 1850 1950 1906 παιδευθέντα

375 1943 524 2010 πάσῃ
559 1941 719 2012 σοφίᾳ
749 1941 1060 2009 Αἰγυπτίων
1090 1941 1197 1994 τῶν
1227 1943 1761 2013 γεωμετρικωτάτων
1794 1945 1948 2013 μάλι-

375 2048 496 2095 στα,
527 2032 620 2082 καὶ
654 2032 710 2082 ὲν
735 2031 868 2100 οἴκῳ
917 2030 1178 2100 βασιλέως
1209 2031 1606 2102 ἀνατραφέντα,
1640 2033 1713 2103 μὴ
1747 2051 1946 2086 συνεω-

375 2120 621 2190 ρακέναι,
665 2121 746 2172 ὅτι
775 2122 823 2171 οί
870 2119 1174 2190 κοινότερον
1213 2120 1495 2190 νοηθέντες
1527 2122 1825 2190 τριακόσιοι
1853 2123 1944 2176 106

376 2213 603 2282 μήκους,
640 2213 730 2264 καὶ
757 2213 1094 2280 πεντήκοντα
1125 2211 1217 2264 106
1244 2211 1497 2275 πλάτους,
1533 2213 1626 2265 καὶ
1657 2214 1947 2283 τριάκοντα

371 2303 466 2356 τοῦ
499 2303 685 2372 ὕψους,
737 2304 856 2356 οὐδὲ
889 2303 1186 2371 ἐλέφαντας
1237 2303 1519 2375 ἐχώρησαν
1554 2305 1618 2359 ἂν
1660 2307 1800 2376 τάχα
1847 2325 1948 2360 που

370 2395 663 2467 τέσσαρας,
693 2396 786 2449 καὶ
803 2397 901 2458 τὰς
927 2395 1129 2448 τούτων
1153 2396 1244 2448 ἐπὶ
1269 2397 1511 2450 ἐνιαυτὸν
1535 2399 1759 2468 τροφὰς,
1786 2417 1952 2470 προσ-

371 2485 629 2553 τάξαντος
655 2485 907 2541 τοῦΘεοῦ
940 2487 1032 2540 δύο
1065 2487 1158 2539 δύο
1197 2487 1304 2540 ἀπὸ
1327 2487 1432 2541 τῶν
1473 2489 1800 2562 ἀκαθάρτων
1841 2493 1947 2545 εἱσ-

371 2579 624 2651 έρχεσθαι
674 2580 828 2644 ζώων
875 2579 955 2642 εἰς
1003 2579 1100 2650 τὴν
1155 2578 1406 2633 κιϐωτόν.
1465 2581 1525 2633 Εἰ
1559 2581 1613 2634 δὲ
1662 2583 1788 2654 χρὴ,
1858 2585 1950 2636 ἐπὶ

2064 564 2335 619 haereseos
2363 567 2554 635 magis,
2587 583 2746 636 quam
2770 569 2886 638 ejus
2914 586 3072 639 quam
3106 588 3133 626 a
3163 576 3423 644 magistro
3453 594 3636 639 susee-

2062 656 2159 722 pit,
2191 656 2461 710 inventor.
2505 655 2555 711 ls
2611 673 2740 728 ergo
2787 660 2914 713 dum
2947 665 3226 732 assignare
3252 667 3404 736 cupit
3430 671 3633 741 scripta

2059 744 2230 816 Moysi
2268 748 2405 800 nihil
2458 748 2509 800 in
2562 765 2618 802 se
2669 751 2863 805 divinae
2919 755 3215 822 sapientiae,
3250 760 3356 829 62
3387 761 3636 834 nihilque

2059 839 2243 906 Opet'is
2295 842 2472 893 sancti
2512 841 2748 909 Spiritus
2780 845 3082 910 continere,
3119 862 3413 918 exaggerat
3444 855 3634 919 hujus-

2061 931 2204 982 ntodi
2238 932 2403 997 dicta,
2457 944 2509 986 et
2544 934 2670 987 dicit
2716 935 2862 989 nullo
2901 938 3058 989 modo
3093 939 3208 993 fieri
3260 943 3524 1010 potuisse,
3573 953 3634 998 ut

2061 1031 2169 1075 tam
2207 1024 2370 1078 breve
2403 1026 2634 1093 spatium
2670 1036 2745 1081 tot
2779 1032 3084 1085 animalium
3112 1049 3306 1101 genera
3340 1051 3636 1105 eorumque

2059 1117 2231 1182 cibos,
2269 1117 2359 1184 qui
2395 1133 2489 1186 per
2523 1128 2688 1172 totum
2722 1136 2918 1176 annum
2957 1123 3286 1193 sufﬁcerent,
3318 1143 3510 1196 capere
3538 1145 3633 1197 po-

2059 1209 2270 1263 tuisset.
2311 1209 2446 1263 Cum
2497 1212 2640 1265 enim
2676 1214 2796 1267 bina
2834 1225 2887 1269 et
2921 1217 3045 1270 bina
3096 1233 3159 1272 ex
3197 1219 3488 1272 immundis
3515 1220 3636 1274 ani-

2059 1298 2312 1363 malibus,
2347 1301 2451 1354 hoc
2494 1310 2576 1355 est
2608 1303 2718 1356 bini
2753 1305 2974 1359 masculi
3011 1315 3066 1361 et
3095 1307 3234 1362 bina:
3264 1307 3476 1363 femina:
3507 1309 3635 1377 (hoc

2057 1391 2199 1443 enim
2232 1392 2435 1445 iudicat
2467 1408 2647 1447 sermo
2687 1397 2991 1466 repetitus,)
3027 1415 3092 1452 ex
3142 1402 3355 1454 mundis
3386 1416 3512 1454 vero
3544 1418 3634 1457 se—

2057 1487 2214 1545 ptena
2247 1491 2298 1533 et
2327 1486 2728 1552 septena,quod
2762 1495 2845 1539 est
2868 1488 3014 1554 paria
3043 1498 3264 1556 septena
3297 1489 3430 1561 (77),
3463 1493 3514 1545 in
3547 1509 3635 1545 ar-

2056 1585 2174 1623 cam
2228 1572 2482 1626 dicantur
2534 1575 2774 1640 inducta,
2825 1581 3115 1646 quomodo,
3162 1581 3356 1649 inquit,
3391 1584 3502 1636 fieri
3536 1599 3633 1653 po-

2059 1661 2162 1714 tuit
2209 1663 2350 1716 istud
2381 1665 2642 1732 spatium,
2676 1666 2820 1734 quod
2855 1669 3114 1738 scriptum
3147 1681 3250 1734 est,
3313 1683 3366 1725 ut
3396 1685 3634 1742 quatuor

2055 1757 2244 1810 saltem
2275 1756 2423 1810 solos
2451 1756 2769 1826 elephantes
2797 1775 2992 1829 capere
3021 1764 3294 1830 potuerit?
3323 1763 3386 1815 Et
3426 1775 3632 1833 postca-

2057 1865 2218 1918 quam
2265 1865 2364 1920 per
2410 1851 2649 1920 singulas
2706 1854 2915 1922 species
2964 1854 3065 1906 hoc
3109 1855 3267 1908 modo
3299 1855 3628 1925 refragatur,

2057 1942 2207 1994 addit
2237 1956 2400 2010 super
2432 1943 2612 1995 omnia
2647 1942 2731 1997 his
2771 1943 2950 1997 verbis
2985 1961 2998 1996 :
3034 1943 3259 1998 Constat
3287 1961 3416 2014 ergo
3447 1948 3628 2002 fictam

2056 2047 2176 2086 esse
2206 2031 2469 2086 fabulam.
2513 2032 2666 2099 Quod
2699 2033 2742 2086 si
2776 2043 2880 2095 est,
2921 2043 3134 2088 constat
3167 2051 3269 2090 non
3302 2052 3424 2092 esse
3452 2054 3482 2094 a
3518 2040 3629 2093 Deo

2056 2125 2195 2177 hanc
2244 2123 2591 2193 scripturam.
2637 2125 2742 2179 Sed
2775 2127 2840 2178 ad
2873 2127 2985 2180 lucc
3019 2141 3114 2179 nos
3146 2141 3264 2194 qua:
3291 2142 3318 2180 a
3357 2131 3632 2197 prudenti-

2056 2217 2157 2270 bus
2186 2215 2340 2277 viris,
2391 2225 2445 2270 et
2477 2216 2865 2271 llebraicarum
2921 2217 3266 2271 lraditionum
3297 2220 3500 2286 gnaris,
3545 2231 3630 2274 at-

2054 2323 2160 2377 que
2187 2324 2215 2361 a
2250 2309 2527 2364 veteribus
2557 2309 2830 2378 magistris
2881 2309 3184 2375 didicimus,
3225 2310 3290 2363 ad
3321 2310 3628 2366 auditorum

2057 2397 2306 2450 notitiam
2341 2396 2667 2452 deferemus.
2729 2398 2960 2452 Aiebant
3005 2414 3131 2468 ergo
3181 2399 3432 2466 majoies,
3485 2400 3628 2471 quod

2057 2491 2288 2558 Moyses,
2321 2492 2410 2558 qui
2444 2492 2526 2562 (ut
2564 2492 2630 2545 de
2661 2505 2724 2544 eo
2756 2489 3038 2559 Scriptura
3075 2493 3328 2562 testatur)
3356 2495 3502 2548 omni
3538 2512 3629 2549 sa-

2057 2586 2257 2655 pientia
2289 2584 2669 2654 IEgyptiorum
2704 2582 2876 2639 fuerat
2908 2584 3171 2650 eruditus,
3215 2589 3506 2641 secundum
3540 2602 3629 2642 ar-

1760 2728 2014 2785 VERSIO
2047 2730 2230 2786 NOVA
2243 2774 2256 2786 .

376 2838 645 2912 [ιιτιιίιιιιῃ⁸
670 2841 1008 2912 maximeque
1043 2842 1278 2911 Apelles,
1311 2843 1402 2912 qui
1441 2845 1579 2896 inter
1622 2843 1912 2899 familiares
1956 2843 2249 2900 Marcionis
2297 2844 2419 2909 fuit,
2472 2854 2525 2900 et
2580 2847 2803 2899 alterius
2861 2852 3052 2912 auctor
3095 2843 3387 2903 hmres'os.
3433 2843 3629 2901 Hic’ut

373 2909 952 2981 MoysisScripturam
989 2921 1046 2966 ut
1073 2909 1292 2966 minime
1322 2909 1565 2967 Sanctam
1602 2915 1932 2981 traduceret,
1970 2916 2049 2968 sic
2089 2915 2387 2969 dubitantis
2424 2929 2573 2969 more
2625 2915 2891 2970 inferebat
2925 2930 2938 2966 :
2968 2911 3089 2967 "mc
3121 2917 3363 2967 narratio
3397 2917 3627 2970 mendax

374 2990 428 3032 et
447 2979 702 3056 fabulosa
731 2991 832 3042 est,
861 2996 991 3048 ergo
1019 2984 1131 3056 haec
1165 2982 1446 3056 Scriptura
1478 2998 1584 3036 non
1615 2995 1697 3056 est
1719 2999 1784 3038 ex
1811 2979 1926 3056 Deo
1951 3003 1965 3038 :
1994 3000 2099 3038 non
2128 2985 2430 3056 intelligens
2461 2984 2614 3053 cujus
2644 2998 2911 3056 mensurae
2941 2985 3058 3037 illus
3084 2992 3354 3056 trecentos
3389 2986 3624 3050 cubitus,

375 3049 530 3122 cujus
561 3050 1183 3122 quinquagenos,tcnjus
1211 3054 1452 3106 tricenos
1481 3055 1844 3106 nominaverit
1885 3055 1934 3107 in
1965 3049 2373 3108 constructioite
2409 3049 2549 3108 arca}
2580 3055 2857 3122 Scriptura
2894 3068 3066 3107 sacra.
3113 3052 3218 3106 Nos
3260 3065 3435 3106 autem
3489 3049 3626 3109 did??-

374 3119 547 3172 cimus
577 3121 878 3190 aquopiant
908 3135 972 3172 ex
1010 3119 1355 3174 Hebraeorum
1389 3123 1737 3190 peritioribus
1770 3133 2046 3180 trecentos
2083 3126 2301 3180 cuhitos
2330 3125 2500 3178 dictos
2531 3119 2880 3190 fttisse'pares
2911 3124 3014 3175 illis
3044 3138 3178 3190 quos
3208 3136 3498 3190 geometrae
3529 3142 3625 3179 vo-

375 3199 524 3253 cant,
556 3189 634 3263 vis
665 3190 1080 3263 quadrangulia
1105 3189 1586 3263 tricesimoducti,
1620 3192 1693 3245 ita
1729 3193 1864 3246 utin
1899 3211 2004 3248 uno
2034 3195 2276 3250 tabulato
2311 3195 2512 3249 fuerint
2553 3189 2841 3263 nonaginta
2873 3193 3033 3263 millia
3065 3189 3368 3246 cubitorum
3404 3204 3622 3248 nostro-

375 3274 519 3320 rum,
557 3260 992 3331 sitniliterquetin
1027 3260 1311 3331 latitudine
1341 3261 1448 3314 duo
1481 3261 1624 3314 mille
1655 3263 1936 3330 quingenti
1969 3265 2136 3319 cubiti
2173 3276 2222 3317 et
2255 3267 2304 3320 in
2333 3265 2619 3318 altitudine
2649 3260 2923 3331 nongenti.
2968 3263 3430 3315 Ahsurdissitnum
3466 3279 3623 3316 nam-

375 3343 481 3404 que
507 3338 652 3404 esset
680 3345 800 3404 eum
833 3330 924 3398 qui
959 3331 1202 3404 eruditus
1239 3329 1514 3404 fucrat_in
1550 3334 1696 3384 onmi
1727 3329 1992 3399 sapientia
2023 3334 2404 3404 Egyptiorum
2437 3329 2784 3403 geometrica}
2815 3331 3288 3404 peritissintorum
3318 3332 3619 3396 hominum,

375 3397 574 3472 quique
608 3399 656 3449 in
682 3397 885 3472 :edihus
916 3400 1372 3472 regiisteducatus
1421 3401 1620 3462 fuerat,
1660 3418 1765 3455 non
1796 3397 1994 3458 vidisse
2024 3397 2296 3459 trecentos
2331 3397 2684 3472 longitudinis
2713 3397 2950 3466 cubitos,
2998 3401 3387 3469 quinquaginta
3427 3404 3621 3456 latitu-

374 3465 536 3544 dinis,
570 3477 622 3520 et
653 3469 875 3544 triginta
911 3465 1212 3544 altitudinis
1244 3471 1451 3544 vulgari
1495 3483 1946 3544 tuoretacceptos,
1996 3491 2062 3544 ne
2089 3483 2319 3542 quatuor
2358 3465 2575 3544 quidem
2608 3473 2930 3544 elephantos
2986 3465 3180 3544 capere
3215 3465 3458 3544 po'uistse
3494 3489 3616 3528 cum

374 3535 631 3612 alimento
663 3539 726 3590 ad
754 3554 965 3612 annum
995 3540 1281 3612 sutlicienti
1315 3535 2264 3612 {quandoquidem'praecepit'Deus
2297 3553 2353 3596 ιιι
2377 3535 2504 3596 bina
2524 3552 2578 3598 et
2596 3535 2798 3598 binae:
2858 3535 3153 3594 immundis
3197 3535 3521 3595 animalibus
3567 3545 3618 3596 in

374 3607 1007 3682 arcamingrederentur.
1049 3610 1200 3682 Quod
1231 3607 1953 3682 situt’clarius—intelligatur
1997 3607 2125 3667 illud
2166 3633 2177 3668 :
2213 3615 2275 3666 In
2307 3623 2586 3682 augustum
2626 3613 2816 3664 sensim
2860 3613 3059 3678 redige:
3090 3627 3289 3682 tit-cam,
3318 3613 3441 3682 etin
3475 3613 3622 3675 cubi-

375 3684 484 3752 tum
513 3678 741 3752 absolves
784 3679 952 3752 iitum,
1007 3681 1290 3752 architecti
1345 3696 1494 3734 more
1525 3696 1668 3735 arcae
1701 3681 1872 3734 forma
1903 3684 1972 3736 sit
2000 3685 2345 3750 exponenda,
2382 3678 2513 3752 ’age,
2558 3682 2634 3735 ita
2679 3695 3039 3748 exponamus.
3083 3678 3270 3752 C_0gita
3303 3680 3432 3735 mihi
3477 3699 3621 3737 arca:

377 3743 542 3798 imam
597 3745 1012 3816 longitudinem,
1065 3751 1361 3804 secundum
1409 3765 1571 3820 supra
1617 3762 1973 3806 memoratam
2029 3743 2136 3807 vim
2173 3769 2292 3808 esse
2329 3743 2699 3808 trec'entorum
2748 3743 3080 3812 cubitorum,
3116 3743 3463 3804 latitudinem
3494 3767 3622 3808 vero

443 3886 554 3958 (76)
597 3888 922 3958 Ἐμάθομεν
954 3929 968 3945 .
991 3931 1036 3946 ..
1073 3892 1454 3958 ἐννακοσίας.
1519 3891 1676 3948 Hunc
1717 3902 1936 3960 contex-

2054 3912 2140 3951 sas
2180 3895 2341 3950 fuisse
2385 3895 2452 3948 ab
2497 3891 2938 3947 amanuensibus.
3006 3889 3077 3944 Ea
3112 3888 3384 3960 enimttvis
3427 3899 3511 3944 est
3539 3893 3621 3944 vel

373 3964 488 4031 tum
520 3967 724 4031 attente
749 3957 818 4031 si,
842 3965 1156 4018 consideres
1185 3957 1544 4031 conferas-que
1573 3979 1694 4018 cum
1729 3957 1836 4018 alid
1869 3966 1944 4018 si-

374 4027 486 4079 mili
536 4028 789 4098 Qrigeuis
841 4041 1100 4085 contextu
1156 4047 1186 4086 e
1240 4033 1335 4084 lib.
1364 4048 1416 4085 tv
1459 4027 1667 4086 'Contra
1711 4032 1944 4098 Celsum,

375 4110 526 4173 nutu.
553 4096 654 4173 ΗΔ(
673 4113 796 4163 pag.
821 4098 970 4173 5§5L
999 4101 1088 4173 qui
1143 4101 1214 4153 ita
1249 4116 1306 4154 se
1361 4101 1520 4173 habet
1567 4119 1580 4154 :
1626 4103 1750 4166 Πῶς
1777 4096 1946 4173 δὀὐχὶ

375 4164 574 4236 μᾶλλον
609 4165 917 4247 Θαυμαστὸν
942 4164 1097 4289 {gi—10
1128 4169 1556 4241 κατασκεύασμα
1591 4173 1682 4224 καὶ
1715 4164 1946 4245 μεγίστῂ

375 4235 526 4288 πόλει.
575 4237 778 4289 ἐοικό;;
829 4239 917 4289 Τω
997 4237 1189 4289 υνάαει
1231 4237 1480 4289 λέγεσθαι
1523 4240 1588 4289 τὰ
1633 4243 1836 4289 ιιέτοαο
1871 4243 1945 4289 ὼε

371 4232 526 4312 πόλει
575 4232 778 4312 ἐοικός
829 4236 917 4308 Τῷ
966 4232 1189 4312 δυνάμει
1215 4232 1494 4312 ’λέγεσθαί
1523 4240 1590 4312 τά
1631 4232 1836 4312 μέτρα’ξ

374 4307 530 4360 ἐννέα
560 4307 661 4379 μὲν
706 4303 844 4379 εἶναι
879 4303 1152 4379 μυριάδων
1181 4307 1240 4360 τὸ
1271 4303 1441 4378 μῆκος
1466 4311 1606 4362 κατὰ
1631 4303 1744 4379 τὴν
1768 4303 1944 4378 βάσιν,

373 4379 515 4431 κατὰ
541 4379 597 4431 δὲ
621 4378 681 4430 τὸ
706 4377 904 4440 πλάτος
930 4377 1202 4448 δισχιλίων
1241 4377 1628 4431 πεντακοσίων.
1665 4377 1948 4446 (Quomo-

375 4448 445 4502 do
470 4464 574 4500 non
605 4448 918 4502 admiranda
972 4449 1149 4519 potius
1195 4458 1286 4519 est
1328 4448 1416 4502 illa
1447 4457 1722 4503 structura
1759 4448 1943 4519 (arcte)

375 4519 624 4572 maximae
654 4519 769 4572 urbi
803 4517 1032 4573 similiS?
1084 4517 1179 4573 Hic
1206 4518 1349 4572 enim
1399 4519 1458 4572 fit
1489 4533 1669 4571 sermo
1699 4517 1773 4573 de
1793 4517 1944 4572 meu-

377 4591 521 4639 suris
560 4589 737 4654 quoad
781 4597 1100 4657 potestatem
1153 4605 1166 4641 :
1218 4588 1292 4641 ita
1325 4598 1385 4642 ιιι
1418 4588 1560 4643 basis
1597 4589 1752 4657 longa
1784 4589 1947 4643 luerit

377 4658 664 4724 nonaginta
700 4660 862 4711 millia
893 4659 1222 4723 cubitorum,
1254 4658 1358 4710 lata
1390 4671 1570 4712 autem
1602 4659 1683 4712 bis
1719 4659 1864 4711 mille
1893 4668 1947 4712 et

375 4727 698 4798 quingentos
722 4729 954 4798 cubitus.
981 4729 1113 4797 »Ρζο
1133 4730 1215 4782 bis
1243 4731 1439 4792 verbis,
1468 4728 1696 4798 δύναμις
1715 4728 1809 4781 τοῦ
1837 4729 1946 4781 ἀπὸ

375 4793 820 4870 τοῦτριακοστοῦ
849 4793 1212 4870 τετραγώνου,
1245 4815 1263 4849 t
1291 4799 1369 4851 vis
1393 4793 1745 4870 tptadraitguli
1783 4816 1810 4870 ξι
1845 4801 1943 4870 tri:-

380 4863 580 4937 cesinio
611 4867 778 4937 ducti,
807 4886 825 4917 ι
863 4863 1138 4937 legendum
1196 4863 1666 4937 videtttr'ddvapte
1713 4867 1808 4920 106
1838 4867 1945 4921 ἀπὸ

379 4931 470 4984 106
504 4933 814 5006 τριακοσίου
842 4931 1202 5006 τετραγώνου,
1235 4955 1253 4988 ι
1283 4937 1362 4990 vis
1392 4931 1743 5005 quadranguli
1780 4953 1808 4989 ιι
1847 4947 1949 4992 tre-

379 5007 676 5078 centesimo
705 5005 874 5070 ducti,
901 5025 919 5058 »
942 5005 1064 5078 velt
1089 5006 1314 5078 δύναμις
1340 5007 1432 5059 τοῦ
1461 5006 1688 5078 d710_1o6
1725 5023 1947 5078 τριακο-

376 5072 512 5137 σίου,
562 5073 656 5149 καὶ
704 5075 1089 5149 πεντηκοστοῦ,
1149 5072 1244 5130 καὶ
1288 5075 1606 5149 τριακοστοῠ
1669 5072 1943 5146 τετραγώ-

375 5160 486 5206 νου,
529 5163 548 5195 ι
577 5145 656 5198 vis
702 5145 1052 5215 quadranguli
1104 5162 1132 5200 a
1181 5145 1582 5207 trecentesimo,
1623 5158 1677 5200 et
1720 5145 1944 5210 aquiu-

374 5217 902 5287 qttagesit_no,_atque
947 5234 975 5269 a
1028 5217 1308 5287 trigesimo
1345 5217 1678 5271 ducti.tCum
1708 5217 1851 5270 enim
1879 5233 1938 5270 ea

375 5298 528 5355 meus
580 5283 654 5336 sit
703 5283 1061 5355 Origenis,ut
1105 5283 1376 5340 incusum
1423 5302 1580 5350 arcte,
1617 5287 1804 5355 quales
1851 5289 1942 5341 de-

373 5354 687 5425 scribuntur
719 5355 768 5405 iu
801 5354 1015 5415 Genesi.
1075 5372 1181 5410 non
1239 5356 1532 5425 vulgariter
1561 5354 1656 5410 seu
1690 5358 1754 5408 ad
1793 5356 1939 5409 litte-

378 5439 511 5494 ram,
541 5423 634 5477 sed
658 5422 805 5488 juxta
832 5425 943 5494 vim
979 5425 1060 5477 vel
1095 5422 1416 5492 potestatem
1462 5425 1814 5494 quadranguli
1849 5443 1944 5478 ac-

373 5493 665 5559 cipiantur,
696 5495 776 5543 vel
829 5492 1110 5559 legendum
1142 5496 1248 5548 erit
1280 5492 1643 5562 τριακοσίου,
1691 5492 1829 5562 quod
1863 5504 1946 5548 est

376 5572 617 5634 potestas
647 5563 994 5631 longitudinis
1013 5576 1185 5634 arere,
1235 5566 1314 5616 vel
1352 5566 1405 5634 si
1429 5565 1622 5634 legeris
1653 5579 1934 5632 τριακοσ-

374 5629 503 5696 τοῦ,
539 5633 642 5685 erit
692 5629 1060 5684 taiitttnnnodo
1091 5641 1329 5696 potestas
1361 5629 1694 5699 altitudinis,
1727 5644 1782 5687 et
1813 5650 1941 5700 snp-

375 5703 676 5773 poneudum
725 5701 828 5752 erit
878 5715 1037 5773 voces
1074 5702 1396 5773 _1ptaxosiou
1427 5712 1502 5773 et
1546 5703 1936 5773 πεντηκοστοῦ,

375 5771 518 5837 quod
545 5781 623 5823 est
671 5781 911 5839 potestas
944 5770 1291 5839 longitudinis
1317 5782 1370 5823 et
1425 5770 1742 5838 latitudinis,
1771 5774 1938 5827 omis-

1977 5257 2020 5311 ι)
2051 5257 2338 5346 strati;

2054 3977 2293 4036 potestas
2323 3963 2700 4036 quadranguli,
2737 3963 2781 4036 si
2815 3961 3024 4014 numeri
3073 3959 3496 4036 multiplicemur
3526 3977 3622 4036 per

2053 4029 2394 4104 aemetipso's.
2457 4029 2626 4088 Porro
2655 4033 2702 4104 si
2739 4032 2817 4086 sic
2872 4029 3098 4084 trecenti
3130 4029 3296 4082 cubiti
3333 4029 3624 4097 longitudi-

2054 4107 2138 4159 nis
2181 4103 2320 4159 arca:
2369 4121 2466 4174 per
2511 4103 2760 4174 eumdem
2817 4115 3102 4174 numerum
3158 4105 3620 4162 trecentesimum,

2053 4185 2107 4230 et
2163 4170 2555 4244 quinquaginta
2611 4172 2789 4244 cubiti
2835 4170 3140 4244 latitudinis
3183 4183 3286 4244 pe_r_
3335 4185 3618 4244 numerum

2052 4238 2578 4314 quinquagesimum,
2627 4251 2681 4296 ct
2729 4240 3140 4314 trigititacubiti
3195 4238 3495 4314 aititudinis
3525 4254 3626 4314 per

2054 4308 2338 4367 numerum
2369 4314 2699 4378 trigesimum
2737 4310 3176 4378 multiplicantur,
3211 4308 3413 4360 dabunt
3446 4308 3622 4361 90000

2054 4382 2262 4438 cubitus
2309 4383 2677 4450 longitudinis,
2727 4381 2868 4434 2500
2917 4379 3327 4450 latittttlinis,‘et
3362 4378 3465 4430 900
3495 4379 3620 4450 alti-

2057 4451 2274 4514 tudinis,
2324 4445 2465 4520 quod
2523 4461 2706 4526 aperte
2757 4448 3193 4526 exprimitnipse
3236 4445 3528 4526 Qt‘fgettes__
3566 4448 3618 4526 in

2055 4530 2283 4588 utroque
2313 4516 2600 4575 cunfextu}
2631 4521 2725 4575 llis
2757 4516 3135 4587 ita'expositis,
3172 4516 3326 4571 facile
3347 4516 3620 4586 intelligi-

2054 4599 2141 4645 tur
2190 4593 2461 4660 quumodo
2515 4591 2712 4645 dixerit
2779 4591 3041 4659 Origenes
3100 4599 3240 4642 arcte
3289 4595 3621 4660 structuram

2026 4675 2030 4680 ·
2057 4657 2297 4715 maximae
2327 4662 2444 4714 urbi
2471 4661 2722 4714 similem.
2773 4657 3010 4714 lmo'uec
3040 4668 3146 4712 tam
3193 4657 3370 4724 ampla
3400 4657 3622 4725 quidem

2055 4747 2278 4800 usquam
2317 4730 2528 4784 exstitit
2581 4731 2730 4785 urbs.
2787 4729 2928 4800 Pone
2973 4729 3114 4783 enim
3143 4727 3384 4800 cubitum
3433 4742 3500 4779 cx
3531 4727 3624 4780 de-

2053 4797 2170 4855 cem
2219 4809 2278 4854 et
2309 4812 2433 4855 octo
2471 4809 2676 4853 tantum
2720 4799 3000 4868 pollicibus
3033 4807 3288 4852 cuustare
3317 4797 3504 4868 (quem
3537 4808 3621 4847 ta-

2053 4886 2177 4925 men
2230 4870 2294 4927 R.
2329 4873 2390 4925 P.
2423 4869 2576 4923 Lami
2629 4864 2818 4937 viginti
2878 4869 3163 4936 pollicibus
3211 4867 3350 4937 apud
3405 4864 3622 4919 Juda-os

2051 4942 2361 4996 constitisse
2391 4942 2591 5008 docet).
2627 4935 2802 4993 90000
2835 4935 3004 4992 cubiti
3037 4935 3383 5011 longitudinis
3413 4937 3621 5011 consti-

2056 5019 2208 5066 tuent
2239 5026 2420 5065 arcam
2448 5007 2655 5065 155000
2682 5013 2877 5079 pedum
2910 5018 3218 5062 nostrorum
3247 5007 3480 5079 longam,
3506 5007 3622 5057 sive

2051 5081 2228 5152 27000
2282 5097 2544 5152 passuum
2591 5075 3067 5152 geometricorum,
3103 5075 3377 5152 _videlicet
3429 5089 3620 5152 novem

2054 5148 2328 5206 leucaruin
2367 5167 2433 5206 ex
2481 5148 2654 5205 tribus
2690 5149 2927 5206 millibus
2970 5148 3222 5218 passibus
3271 5148 3620 5218 geometricis

2053 5227 2441 5276 constantimn.
2486 5222 2637 5286 Quod
2673 5236 2802 5276 sane
2838 5233 2903 5272 ne
2954 5216 3244 5270 verisimile
3265 5217 3480 5286 quidem
3510 5225 3618 5266 esu

2387 5285 2640 5346 habuisse
2691 5293 2902 5345 videtur
2953 5287 3217 5356 Origenes
3266 5289 3310 5338 si
3363 5285 3515 5338 Celso
3565 5292 3620 5336 et

2046 5362 2219 5428 Apelli
2277 5376 2460 5416 arcam
2512 5363 2869 5428 irridentibus
2921 5370 3192 5424 utcunque
3243 5363 3616 5428 respondete}-

2049 5421 2198 5501 tlanc
2225 5431 2662 5501 observationem
2701 5427 2853 5501 nobis
2900 5421 3308 5501 suppeditarunt
3336 5421 3473 5501 χιιιι.
3512 5421 3618 5501 Pl).

2046 5500 2338 5555 Societatis
2387 5499 2514 5554 Jesu
2552 5502 2603 5554 in
2660 5516 2759 5555 suo
2804 5495 3366 5552 Diurt‘biTrevoltiemt‘
3418 5495 3620 5546 mensis

2046 5571 2364 5644 Dec_e_mbt'is
2398 5571 2523 5624 anni
2556 5571 2710 5644 1740,
2745 5585 2868 5638 pag.
2894 5568 3111 5644 2555."
3377 5634 3387 5644 _

2118 5640 2230 5712 (77)
2269 5640 2421 5712 Quod
2445 5650 2543 5704 est,
2582 5633 3008 5712 paria-septena.
3071 5633 3194 5688 llaec
3228 5649 3346 5703 quae
3377 5634 3424 5685 in
3458 5640 3621 5687 autt‘a

2046 5709 2218 5763 editis
2241 5710 2443 5765 omissa
2479 5719 2628 5775 sunt,
2664 5709 2980 5778 supplentur
3006 5719 3036 5758 e
3065 5718 3196 5757 mss.
