4132 6422
492 381 592 439 167

1945 372 2269 429 ORIGENIS

3644 372 3743 432 tos

495 508 599 553 tem
626 497 1029 565 geometricam,
1062 509 1222 567 quam
1254 493 1525 563 prweipue
1561 492 1803 563 Egyptii
1845 494 2061 560 Calleul,

2172 494 2262 545 τοῦ
2283 495 2601 565 τρανότερον
2620 495 2809 565 νοῆσαι
2829 495 2909 560 τὸ,
2927 495 3307 566 ἐπισυνιὶγων
3333 496 3603 563 ποιήσεις
3630 499 3742 563 τὴν

490 590 796 641 cubitorum
828 599 1110 637 numerum
1149 586 1199 636 iu
1236 586 1338 637 hoe
1373 586 1489 637 loco
1517 586 1713 654 posuit.
1753 584 1909 653 Apud
1939 602 2067 654 geo-

492 686 695 732 metras
746 675 855 745 (78)
904 675 1047 727 enim
1095 676 1393 727 secundum
1440 692 1558 728 eam
1610 676 1898 737 rationem,
1949 692 2067 743 qua!

491 769 633 833 apud
662 783 756 821 eos
789 769 963 822 virtus
995 781 1247 832 voratur,
1277 784 1341 821 ex
1378 768 1551 821 solido
1585 777 1636 819 et
1685 768 1951 835 quadrato
1986 767 2065 819 vel

491 858 543 910 in
594 873 688 911 sex
723 859 936 912 cubitos
990 874 1129 910 unus
1176 858 1468 924 deputatur
1508 857 1551 909 si
1600 856 1944 923 generaliter,
1984 855 2067 908 vel

490 958 766 1002 trecentos
810 950 853 1001 si
889 948 1194 1001 minutatim
1232 948 1548 1000 deducatur.
1592 947 1720 1012 Qua:
1760 947 1940 1015 utique
1982 962 2069 997 ra-

491 1037 569 1093 tio
599 1040 644 1093 si
679 1041 1023 1101 observetur,
1056 1040 1105 1091 in
1139 1038 1299 1105 hujus
1332 1052 1472 1089 arca:
1501 1052 1752 1089 mensura
1791 1036 2066 1088 invenien-

494 1142 580 1185 tur
610 1141 664 1186 et
695 1132 1045 1199 longitudinis
1094 1139 1146 1183 et
1180 1130 1480 1184 latitudinis
1531 1139 1675 1182 tanta
1714 1129 1914 1196 spatia,
1948 1144 2066 1195 quze

492 1241 619 1279 vere
653 1228 817 1283 totius
854 1226 1037 1281 mundi
1078 1225 1374 1292 reparanda
1411 1222 1653 1292 germina
1688 1232 1741 1274 et
1788 1222 2067 1274 universo-

496 1332 614 1368 rum
667 1318 1027 1369 animantium
1076 1330 1272 1384 capere
1322 1314 1559 1366 rediviva
1610 1312 1717 1384 63
1767 1312 2063 1365 seminaria

494 1408 790 1473 potuerint.
859 1405 1003 1473 llaac,
1037 1415 1295 1473 quantum
1329 1404 1392 1455 ad
1426 1403 1661 1456 historia:
1707 1404 1943 1471 pertinet
1975 1416 2058 1453 ra-

495 1497 719 1561 tionem,
775 1499 1058 1550 adversum
1100 1510 1193 1547 eos
1245 1496 1384 1547 dicta
1424 1494 1552 1556 sint,
1605 1493 1695 1561 qui
1748 1493 2065 1562 impugnare

494 1587 794 1655 scripturas
847 1586 1056 1639 Veteris
1113 1584 1445 1637 Testamenti
1496 1584 1758 1648 nituntur,
1810 1593 2061 1652 tanquam

495 1678 849 1746 impossibilia
901 1678 1144 1746 quasdam
1212 1686 1265 1729 et
1318 1674 1713 1729 irrationabilia
1774 1676 2061 1733 continen-

496 1780 595 1822 tes.

2173 583 2439 645 κιϐωτὸν,
2469 586 2563 641 καὶ
2596 587 2681 649 εἷς
2714 585 2924 654 πῆχυν
2958 587 3346 650 συντελέσας
3374 585 3567 651 αὐτὴν
3595 584 3746 636 ἄνω-

2172 673 2296 734 οεν,
2316 672 2567 724 ἐκθέσθαι
2589 673 2677 725 τὸν
2694 676 2854 725 οἱονεὶ
2872 676 3306 744 ἁρχιτεκτονικὸν
3326 675 3560 745 περὶτῆς
3579 674 3741 725 κῑϐω⁴

2169 762 2263 813 τοῦ
2304 764 2478 831 λόγον,
2516 764 2668 833 φέρε,
2712 766 2785 827 ὡς
2821 766 3211 817 ὑποπέπτωκεν
3254 768 3403 835 ἡμῖν,
3448 765 3539 816 καὶ
3569 782 3742 834 μεμα-

2171 851 2438 921 θήκαμεν,
2471 854 2631 907 αὑτὸν
2664 855 2969 924 ὲκοώμεοα.
3012 857 3140 908 Νὸει
3170 874 3257 925 μοι
3282 856 3607 926 τριακοσίων
3637 855 3741 922 ni,-

2171 959 2310 1011 χεων
2354 944 2462 996 τῶν
2506 947 2808 1015 εἰρημένων
2839 947 2977 999 κατὰ
3022 947 3117 1017 τὴν
3152 949 3487 1018 καλουμένην
3517 947 3743 1016 δύναμιν

2171 1030 2307 1087 εἶναι
2352 1037 2647 1088 κατωτάτω
2693 1040 2753 1090 τὸ
2794 1040 2891 1108 τῆς
2918 1038 3144 1091 κιϐωτοῦ
3179 1040 3371 1109 μῆκος,
3420 1039 3515 1091 καὶ
3548 1040 3744 1107 πεντή-

2172 1142 2335 1177 κοντα
2370 1127 2568 1191 πλάτος
2589 1146 2600 1156 ·
2656 1125 2771 1181 εἶτα.
2820 1130 2958 1182 κατὰ
2986 1130 3164 1199 πῆχυν
3204 1128 3621 1197 ἐπισυνάτεσοαι
3649 1128 3742 1179 τοῦ

2176 1215 2275 1285 μὲν
2314 1216 2520 1284 μήκους
2564 1215 2694 1269 δέκα
2747 1221 2959 1287 πήχεις,
2991 1222 3083 1273 τοῦ
3138 1222 3194 1273 δὲ
3249 1222 3502 1284 πλάτους,
3532 1220 3628 1271 ἱνα
3669 1219 3746 1270 δί-

2172 1324 2360 1377 μοιρον
2388 1324 2403 1341 ο
2434 1310 2572 1361 ὥστε
2599 1309 2845 1375 γενέσθαι
2867 1312 2954 1363 τὸν
2989 1312 3304 1383 τριακοστὸν
3327 1312 3609 1380 τοῦβψους
3640 1310 3745 1378 πῆ-

2171 1416 2289 1466 χυν,
2319 1398 2449 1450 δέκα
2488 1401 2584 1468 μὲν
2611 1402 2703 1452 τοῦ
2747 1404 2975 1472 μήκους,
3010 1405 3123 1466 ἐνὸς
3160 1405 3213 1456 δὲ
3243 1405 3335 1457 κει)⁸
3377 1404 3616 1473 διμοίρου
3650 1404 3742 1454 τοῦ

2170 1488 2404 1552 πλάτους
2426 1507 2438 1517 ·
2471 1490 2588 1542 εἶτα
2640 1492 2775 1560 μετὰ
2818 1493 2976 1544 τοῦτο
3024 1493 3434 1565 συντελεσθῆναι
3460 1495 3537 1555 εἰς
3570 1493 3745 1561 πῆχυν

2168 1582 2265 1651 τὴν
2302 1583 2734 1653 ἐπισυναγωγὴν.
2777 1584 2839 1635 El
2874 1584 2927 1635 δέ
2958 1602 3033 1653 τῳ
3066 1585 3235 1653 βιαῑος
3264 1582 3400 1637 εἶναι
3435 1586 3559 1657 δόξῃ
3586 1585 3613 1634 ὁ
3643 1585 3745 1651 πῆ-

2168 1692 2265 1742 χυς
2305 1675 2620 1743 τριακοστὸς
2647 1674 2741 1738 ὢν,
2772 1676 2865 1727 καὶ
2892 1675 3103 1747 πρῶτος
3138 1676 3209 1729 ὢν
3236 1677 3327 1729 τοῦ
3360 1676 3543 1744 ὕψους,
3574 1691 3744 1744 προσ-

2169 1767 2337 1836 εχέτω
2359 1768 2423 1835 τῇ
2469 1766 2609 1831 λέξει
2641 1767 2891 1839 λεγούσῃ,
2929 1768 3025 1819 καὶ
3056 1768 3369 1835 τριάκοντα
3400 1767 3639 1836 πήχεων
3680 1766 3746 1816 τὸ

490 1858 648 1926 ὕψος
671 1854 875 1923 αὐτῆς,
906 1860 1289 1929 ἐπισυνάγων
1314 1859 1588 1925 ποιήσεις
1613 1857 1727 1925 τὴν
1761 1856 2030 1921 κιϐωτὸν,
2056 1855 2155 1910 καὶ
2186 1859 2273 1921 εἰς
2320 1855 2527 1923 πῆχυν
2542 1856 2934 1923 συντελέσας
2964 1858 3177 1924 αὑτήν.
3222 1855 3387 1928 uiuat
3412 1860 3518 1930 γὰρ
3541 1860 3744 1929 ἐμφαί-

491 1950 674 2001 νεσθαι
712 1948 849 2018 μετὰ
873 1950 953 2011 τὸ,
984 1950 1082 2001 καὶ
1136 1950 1447 2016 τριάκοντα
1497 1951 1737 2018 πήχεων
1790 1948 1856 1999 τὸ
1904 1948 2079 2015 ὕψος,
2130 1948 2219 1999 τὸν
2254 1947 2469 2017 πρῶτον
2498 1947 2607 2014 ,καὶ
2662 1950 2978 2017 τριακοστὸν
3013 1950 3207 2020 πῆχυν,
3253 1951 3340 2003 διὰ
3377 1952 3492 2015 τοῦ,
3526 1951 3621 2004 καὶ
3660 1954 3746 2015 εις

491 2044 694 2113 πῆχυν
721 2046 1111 2110 συντελέσας
1140 2046 1332 2113 αὐτὴν
1360 2046 1605 2101 ἄνωθεν.

1861 2109 2111 2165 VERSIO
2148 2109 2240 2165 NO
2250 2109 2356 2165 VA.

535 2208 934 2277 uinquaginta;
971 2206 1162 2261 deinde
1200 2222 1299 2276 per
1334 2206 1585 2277 singulos
1633 2206 1849 2277 cubitos
1888 2204 2395 2277 arcani_secuiid_uni
2427 2200 2819 2277 longitudinem
2864 2208 3030 2260 minui
3081 2209 3267 2263 decem
3298 2211 3517 2276 cubitis,
3550 2227 3744 2266 secun-

494 2227 934 2333 quinquaginta;
971 2227 1162 2261 neniae
1200 2227 1299 2276 per
1334 2227 1585 2277 Singulos
1633 2227 1849 2261 cunnus
1888 2227 2070 2256 :trt'aln
2102 2227 2395 2257 accurruum
2429 2227 2819 2271 mugituumcm
2864 2227 3030 2260 ltllnltl
3081 2227 3267 2263 necem
3298 2227 3517 2276 Cllllltls,
3550 2227 3743 2266 secun-

534 2295 622 2331 um
655 2278 993 2331 latitudinem
1027 2289 1229 2341 autem,
1275 2294 1381 2330 uno
1416 2278 1600 2330 cubito
1626 2285 1683 2330 et
1716 2276 1923 2328 duabus
1959 2274 2136 2327 tertiis
2175 2274 2441 2341 partibus,
2479 2273 2549 2325 ita
2584 2284 2642 2327 ut
2674 2276 2985 2331 tricesimus
3028 2280 3081 2332 in
3125 2282 3405 2333 cacumine
3432 2283 3645 2335 cubitus
3678 2299 3743 2335 ex

495 2350 685 2403 decem
712 2347 765 2400 iu
799 2347 1157 2416 longitudine,
1188 2357 1352 2414 atque
1388 2362 1455 2400 ex
1484 2362 1592 2400 uno
1625 2361 1687 2399 ac
1721 2344 1929 2398 duabus
1970 2343 2146 2416 tertiis
2178 2344 2423 2411 partibus
2446 2342 2497 2395 in
2535 2343 2819 2416 latitudine
2852 2346 2978 2410 ﬁat;
3006 2348 3200 2403 deinde
3237 2364 3363 2402 vero
3399 2352 3742 2404 imminutam

497 2421 578 2472 sic
623 2431 805 2489 arcam
840 2413 1182 2489 inicubituui
1216 2413 1485 2489 desinere.
1526 2416 1581 2489 Si
1609 2416 1693 2489 eui
1724 2423 1905 2489 autem
1928 2413 2203 2489 violenter
2239 2426 2534 2489 expressus
2568 2415 2779 2489 videtur
2827 2416 3139 2489 trigesimus
3170 2419 3383 2472 cubitus
3418 2420 3509 2489 qui
3561 2421 3611 2472 iu
3648 2435 3742 2473 ca-

495 2487 709 2542 cumine
738 2495 876 2548 erat,
913 2487 959 2558 is
994 2488 1233 2539 attendat
1255 2488 1395 2558 huic,
1418 2486 1636 2558 lectioni
1679 2507 1688 2558 ς
1727 2482 1791 2558 Et
1817 2484 2033 2558 triginta
2064 2483 2361 2558 cubitorum
2395 2482 2797 2558 altitudoejus;
2826 2482 3187 2558 inbuguuum
3212 2489 3401 2540 sensim
3434 2482 3630 2558 'rediges
3657 2506 3744 2540 at-

496 2573 637 2621 ram,
678 2567 727 2627 et
757 2558 811 2609 in
840 2557 1072 2627 cubitum
1118 2556 1349 2627 absolve:
1381 2556 1551 2627 illam.
1594 2555 1862 2608 Existimo
1887 2553 2032 2627 enim
2067 2551 2484 2627 declararinposl
2520 2553 2669 2627 illud,
2697 2563 2743 2604 et
2771 2551 2998 2627 triginta
3035 2558 3325 2627 cubitorum
3352 2551 3601 2624 altitudo,
3635 2562 3747 2627 pri-

496 2644 642 2680 mum
676 2626 824 2679 illum
856 2626 1099 2679 cubitum
1134 2626 1221 2691 qui
1269 2626 1583 2696 trigesimus
1614 2633 1755 2686 erat,
1784 2638 1879 2690 per
1916 2623 2031 2674 hate
2063 2622 2227 2675 verba
2268 2639 2281 2673 :
2319 2621 2388 2674 Et
2422 2623 2475 2674 in
2501 2622 2731 2674 cubitum
2763 2624 2994 2677 absolves
3035 2624 3181 2678 illam
3218 2629 3459 2695 desuper.

561 2720 615 2775 5.
650 2718 804 2772 Nune
833 2731 960 2772 vero
990 2716 1103 2784 jam
1132 2716 1484 2785 deprecantes
1530 2730 1654 2769 eum
1689 2714 1839 2783 prius
1860 2712 1952 2781 qui
1983 2725 2074 2765 so-
2106 2714 2151 2773 Β
2182 2721 2269 2765 tur
2299 2725 2430 2782 ergo
2461 2712 2689 2783 pepulus
2724 2714 2811 2767 hic
2839 2715 2931 2783 qui
2966 2714 3207 2771 salvatur
3248 2718 3299 2771 in
3338 2718 3596 2787 Ecclesia,
3636 2722 3742 2777 illis

494 2813 578 2867 lus
602 2820 781 2882 potest
822 2812 888 2865 de
934 2810 1165 2865 lectione
1196 2809 1407 2864 Veteris
1461 2808 1797 2864 Testamenti
1854 2805 2069 2860 auferre

496 2904 765 2963 velamen.
794 2913 1067 2956 tentemus
1118 2902 1399 2969 inquirere
1428 2899 1556 2968 quid
1602 2898 1761 2952 etiam
1808 2895 2071 2965 spiritalis

495 2992 875 3048 aediﬁcationis
899 2991 1176 3046 contineat
1199 2989 1485 3059 magniﬁca
1512 2988 1626 3041 haec
1650 3000 1788 3039 arca:
1819 2996 2074 3039 constru-

496 3086 623 3139 ctio.
654 3084 790 3140 Puto
822 3098 953 3152 ergo
987 3082 1089 3151 (ut
1121 3096 1221 3151 ego
1268 3096 1364 3151 pro
1415 3079 1684 3149 parvitate
1721 3092 1916 3132 sensus
1966 3076 2069 3131 mei

496 3176 713 3245 assequi
746 3173 998 3244 possum)
1033 3175 1175 3242 quod
1205 3172 1334 3227 illud
1376 3170 1661 3236 diluvium,
1692 3185 1800 3239 quo
1833 3183 1969 3237 pene
2008 3166 2073 3220 ﬁ-

498 3269 580 3323 nis
616 3277 739 3322 tune
784 3268 939 3322 datus
968 3275 1052 3320 est
1081 3265 1309 3331 mundo,
1345 3263 1575 3318 formam
1611 3271 1790 3317 teneat
1841 3260 1962 3317 linis
2010 3260 2072 3313 il-

496 3361 600 3414 lius
651 3359 741 3429 qui
791 3371 916 3411 vere
964 3358 1181 3411 futurus
1223 3364 1307 3417 est
1343 3356 1533 3415 mundi
1568 3354 1635 3409 ⁵³.
1664 3353 1817 3419 Quod
1865 3362 1918 3407 et
1956 3353 2072 3420 ipse

498 3449 763 3502 Dominus
782 3445 1153 3517 pronuntiavit
1183 3445 1372 3497 dicens
1407 3460 1421 3495 :
1458 3442 1605 3497 Sicut
1633 3442 1774 3496 enim
1804 3441 1857 3493 in
1886 3440 2068 3491 diebus

501 3537 618 3592 Noe
657 3540 917 3605 emebant,
953 3537 1263 3600 vendebant,
1312 3532 1673 3600 wdiﬁcabant,
1721 3532 1981 3583 nubebant
2022 3539 2070 3581 et

498 3642 717 3700 nuptum
751 3630 1054 3693 tradebant,
1084 3639 1130 3682 et
1157 3629 1290 3682 venit
1320 3627 1599 3689 diluvium,
1636 3635 1681 3679 et
1710 3625 1935 3694 perdidit
1960 3638 2072 3674 ont-

500 3738 611 3785 m,
639 3722 714 3775 ita
743 3721 845 3774 erit
875 3732 921 3772 et
961 3721 1212 3771 adventu:
1253 3717 1383 3771 Filii
1413 3718 1660 3771 hominis.
1706 3716 1764 3769 lu
1813 3730 1919 3783 quo
1957 3715 2072 3766 evi-

500 3816 691 3877 denter
748 3828 851 3867 uua
905 3812 1203 3879 cadentque
1251 3810 1424 3864 forma
1465 3809 1690 3874 diluvii,
1741 3807 1885 3877 quod
1930 3820 2072 3875 pra),-

498 3905 682 3967 cessit,
712 3913 772 3957 et
816 3902 939 3956 linis
977 3902 1163 3956 mundi
1210 3916 1369 3970 quem
1418 3909 1699 3953 venturum
1736 3899 1891 3963 dicit,
1925 3896 2072 3951 desi-

498 4005 714 4067 guatur.
746 3995 899 4049 Sicut
937 4006 1068 4062 ergo
1100 4002 1228 4046 tunc
1266 3992 1468 4051 dictum
1504 4000 1592 4047 est
1625 3991 1689 4053 ad
1740 3990 1886 4043 illum
1932 3986 2064 4053 Noe,

2174 2804 2449 2870 omnibus,
2480 2806 2594 2860 sive
2617 2806 2946 2870 hominibus,
2974 2808 3089 2863 sive
3120 2810 3465 2877 animalibus,
3494 2827 3612 2881 qua:
3634 2814 3739 2867 sal-

2174 2904 2297 2949 vata
2342 2898 2543 2951 suntin
2574 2913 2720 2953 arca.
2752 2900 2952 2953 Verum
2976 2903 3231 2969 quoniam
3262 2919 3363 2956 non
3394 2914 3477 2958 est
3499 2905 3740 2960 omnium

2178 3005 2342 3044 unum
2378 2992 2654 3058 meritum,
2684 3007 2781 3046 nec
2821 3008 2959 3047 unus
2993 2994 3043 3045 in
3080 2996 3181 3049 lide
3212 2995 3507 3063 profectus,
3541 2999 3742 3055 idcirco

2174 3088 2227 3134 et
2256 3095 2383 3133 arca
2415 3081 2501 3133 illa
2533 3096 2637 3135 non
2671 3098 2831 3136 uuam
2865 3083 3067 3152 praebet
3095 3086 3348 3141 omnibus
3378 3090 3741 3153 mansionem,

2173 3172 2270 3227 sed
2299 3172 2629 3227 bicamerata
2660 3184 2785 3229 sunt
2813 3176 3089 3243 inferiora,
3115 3187 3169 3232 et
3202 3179 3543 3234 tricamerata
3578 3198 3742 3253 supe-

2172 3263 2338 3325 riora,
2371 3273 2424 3317 et
2454 3265 2563 3318 uidi
2595 3266 2998 3336 distinguuntur
3020 3269 3073 3322 in
3102 3285 3162 3323 ea
3192 3286 3205 3323 :
3244 3279 3302 3323 ut
3327 3275 3577 3327 ostendat
3615 3277 3741 3343 quia

2169 3364 2225 3408 et
2256 3356 2311 3408 in
2343 3355 2580 3409 Ecclesia
2613 3357 2736 3410 licet
2757 3372 2943 3413 omnes
2971 3360 3112 3413 intra
3162 3377 3321 3417 uuam
3366 3363 3522 3419 ﬁdem
3561 3368 3742 3421 coati.

2176 3458 2433 3512 neantur,
2467 3458 2630 3514 atque
2677 3465 2783 3505 uno
2824 3449 3155 3520 baptismate
3184 3455 3484 3521 diluantur,
3519 3472 3625 3511 nou
3658 3469 3743 3510 ta-

2174 3554 2294 3593 men
2326 3555 2464 3594 unus
2512 3543 2765 3595 omnibus
2811 3555 2972 3613 atque
3009 3545 3148 3598 idem
3190 3547 3463 3615 prolectus
3497 3561 3602 3615 est,
3652 3553 3744 3603 sed

2168 3632 2546 3700 unusquisque
2589 3632 2641 3684 in
2675 3646 2772 3686 suo
2804 3634 3018 3688 ordine.
3048 3634 3110 3688 lli
3144 3637 3381 3704 quidem,
3412 3640 3503 3707 qui
3530 3655 3625 3708 per
3658 3658 3747 3693 ra.

2176 3720 2489 3775 tionabilem
2516 3722 2799 3776 scientiam
2834 3724 3026 3778 vivunt
3068 3734 3122 3778 et
3151 3727 3324 3780 idonei
3356 3739 3480 3783 sunt
3512 3746 3616 3784 non
3650 3746 3744 3784 so-

2174 3810 2281 3863 lum
2302 3812 2622 3880 semetipsos
2650 3829 2854 3883 regere,
2888 3819 2981 3869 sed
3005 3823 3059 3868 et
3080 3815 3215 3870 alios
3240 3818 3457 3882 docere,
3486 3820 3741 3887 quoniam

2172 3902 2328 3956 valde
2360 3904 2515 3972 pauci
2571 3904 2935 3970 inveniuntur,
2984 3920 3282 3975 paucorum
3319 3907 3431 3978 (79)
3473 3910 3565 3977 qui
3618 3925 3742 3964 cum

2175 3991 2294 4062 ipso
2327 3992 2436 4048 Noe
2484 3995 2784 4059 salvantur,
2837 4005 2890 4051 et
2942 3998 3187 4065 proxima
3232 4000 3283 4053 ei
3325 4002 3742 4070 propinquitate

500 4096 556 4141 ut
586 4088 797 4141 faceret
817 4100 1020 4149 aream,
1046 4093 1101 4138 et
1130 4083 1499 4138 introduceret
1530 4082 1580 4135 in
1603 4097 1721 4135 eam
1750 4095 1933 4133 secum
1958 4093 2064 4132 nou
2092 4080 2133 4136 C
2166 4084 2486 4154 junguntur,
2522 4099 2706 4142 tenent
2738 4091 2960 4158 ﬁguram
2993 4108 3005 4141 ε
3032 4092 3171 4145 sicut
3192 4100 3246 4145 ει
3279 4090 3537 4147 Dominus
3560 4106 3745 4148 nosler

498 4180 670 4235 solum
712 4177 873 4243 ﬁlios,
895 4186 950 4231 et
977 4178 1428 4247 proximossuos,
1458 4190 1645 4229 verum
1671 4174 1836 4227 etiam
1868 4173 2068 4227 diversi

498 4271 716 4343 generis
752 4270 1008 4327 animalia
1043 4284 1056 4322 :
1096 4270 1169 4325 ita
1208 4268 1380 4324 etiam
1416 4269 1482 4322 ad
1526 4277 1770 4321 nostrum
1813 4263 1947 4328 Noe,
1978 4263 2067 4332 qui

499 4377 628 4415 vere
663 4362 808 4417 solus
831 4362 1003 4429 justus
1030 4370 1085 4416 et
1110 4361 1257 4416 solus
1303 4359 1581 4430 perfectus
1618 4369 1724 4422 est,
1780 4357 2067 4411 Domiuuin

497 4450 680 4506 Iesum
708 4450 978 4505 Christum
1018 4452 1071 4504 in
1112 4452 1581 4506 consummatione
1622 4447 1939 4503 smeulorum
1986 4447 2069 4500 di-

501 4554 648 4600 ctum
674 4554 815 4599 esta
843 4543 1028 4608 Patre,
1063 4553 1121 4597 ut
1166 4544 1370 4598 faceret
1412 4543 1513 4598 sibi
1560 4557 1744 4595 aream
1796 4554 1862 4593 ex
1912 4538 2069 4607 lignis

501 4636 805 4706 quadratis,
832 4644 893 4689 et
916 4638 1213 4706 Lmensuras
1248 4636 1299 4687 ei
1340 4634 1493 4688 daret
1520 4630 1843 4685 coelestibus
1878 4643 2103 4683 saera--

502 4726 704 4781 mentis
761 4725 1016 4796 repletas.
1069 4723 1183 4778 Hoc
1226 4724 1371 4777 enim
1402 4722 1718 4785 designatur
1770 4718 1820 4771 in
1854 4715 2070 4769 Psalmo

467 4814 952 4877 lubidicit'ﬁl’ete
972 4834 1003 4871 α
1028 4833 1129 4881 me;
1148 4826 1198 4869 et
1225 4816 1360 4869 dabo
1393 4815 1485 4867 tibi
1511 4822 1684 4881 gentes
1710 4812 2069 4864 [nereditatem

499 4914 669 4971 tuam,
716 4913 766 4958 et
811 4906 1189 4972 possessionem
1223 4916 1369 4959 tuam
1412 4905 1657 4956 terminos
1701 4911 1875 4954 terrae.
1924 4899 2068 4955 Con-

499 4998 661 5051 struit
687 5012 819 5069 ergo
843 5013 1049 5063 arcam,
1075 5005 1131 5051 et
1154 4996 1283 5050 facit
1306 4996 1359 5048 in
1383 5009 1443 5047 ea
1473 4992 1646 5057 nidos,
1676 4994 1725 5047 id
1750 5001 1853 5056 est,
1886 5007 2069 5059 prom-

499 5086 711 5153 ptuaria
730 5087 977 5159 quaedam
1007 5088 1206 5156 quibus
1227 5087 1426 5143 diversi
1457 5087 1671 5156 generis
1700 5084 1952 5138 animalia
1979 5096 2067 5135 re-

499 5176 791 5242 cipiantur.
828 5178 904 5231 De
940 5179 1148 5246 quibus
1205 5178 1554 5248 etpropheta
1585 5176 1716 5232 dicit
1748 5174 1791 5205 ⁸⁸
1824 5191 1837 5226 :
1878 5172 2066 5241 Perge,

496 5269 720 5334 populus
761 5286 926 5331 meus,
959 5272 1102 5323 intra
1145 5274 1199 5324 in
1234 5270 1593 5340 promptuaria
1646 5278 1761 5329 tua,
1807 5263 2069 5318 absconde

497 5367 545 5411 te
570 5377 849 5429 parumper
880 5363 1042 5416 donec
1092 5373 1323 5423 transeat
1351 5363 1500 5431 [uror
1544 5362 1640 5414 ira:
1668 5374 1813 5412 ntere.
1839 5357 2056 5411 Confer-

570 5454 613 5487 ⁸³
638 5454 771 5511 Luc.
804 5473 939 5520 xvu,
966 5457 1059 5523 26,
1084 5460 1175 5513 27.
1252 5459 1556 5519 “1,831.”.
1591 5456 1643 5513 8.

568 5547 839 5619 (ἸξὶΑριιά
857 5563 1070 5619 geomet.
1089 5554 1173 5607 Cl'.
1194 5554 1287 5607 lib.
1304 5554 1793 5613 ivcontraCelsum,
1812 5565 1957 5604 unm.
1976 5548 2064 5607 Η.

571 5617 683 5693 (79)
714 5617 1033 5675 Paucorum.
1068 5624 1189 5677 Ha'c
1230 5639 1482 5693 v03,qua:
1527 5627 1577 5677 in
1610 5626 1768 5678 codd.
1802 5636 1930 5675 mss.
1981 5638 2067 5674 rc-

504 5700 731 5767 peritur,
765 5695 1278 5767 et_uecessar_ia_est,
1308 5695 1648 5767 desideratur
1681 5695 1730 5747 in
1761 5705 1917 5747 antea
1952 5695 2068 5743 edi-

500 5761 592 5819 tis,
618 5759 707 5813 ubi
739 5760 875 5814 male
902 5761 1065 5816 etiam
1096 5764 1231 5818 infra
1273 5775 1391 5833 post
1420 5764 1745 5834 junguntur,
1795 5764 2066 5831 sequitur,

1714 5457 1771 5487 λεδ
1788 5454 1898 5515 ις).
1920 5450 2170 5514 λλνι,20.

2172 4194 2335 4233 verus
2362 4180 2476 4234 Noe
2507 4180 2755 4236 Christus
2782 4180 2941 4237 Jesus
2990 4197 3191 4252 paucos
3238 4184 3401 4237 habet
3443 4187 3740 4254 proximos,

2171 4280 2372 4336 paucos
2410 4269 2552 4324 ﬁlios
2577 4278 2630 4329 et
2671 4270 3026 4339 propinquos,
3062 4270 3153 4339 qui
3186 4270 3335 4324 verbi
3371 4270 3489 4337 ejus
3516 4273 3743 4340 particio

2172 4370 2267 4424 pes
2295 4359 2419 4419 sint,
2452 4370 2508 4412 et
2556 4359 2839 4427 sapientia:
2873 4374 3125 4429 capaces.
3167 4358 3236 4412 Et
3267 4360 3301 4411 ii
3342 4368 3492 4423 sunt,
3543 4362 3632 4429 qui
3687 4362 3742 4413 iu

2171 4463 2386 4503 summo
2425 4450 2598 4517 gradu
2649 4451 2814 4519 positi
2863 4461 3012 4513 sunt,
3064 4460 3119 4505 et
3168 4452 3221 4505 in
3252 4452 3570 4505 summitate
3603 4466 3744 4505 arere

2172 4540 2529 4595 collocantur.
2562 4538 2827 4595 Caeterum
2876 4542 3159 4597 multitudo
3195 4542 3592 4597 irrationalium
3628 4542 3743 4595 ani-

2174 4630 2420 4695 malium,
2449 4631 2531 4685 vel
2559 4633 2720 4686 etiam
2756 4634 3051 4688 bestiarum
3101 4634 3155 4687 in
3207 4634 3554 4689 inferioribus
3604 4634 3745 4688 locis

2173 4722 2425 4785 habetur,
2461 4732 2514 4775 et
2543 4738 2728 4777 eorum
2760 4726 3014 4791 maxime,
3047 4740 3279 4794 quorum
3320 4725 3554 4779 feritatis
3584 4726 3743 4779 steri-

2174 4812 2305 4865 tiam
2360 4827 2458 4867 nec
2515 4813 2637 4867 lidei
2693 4814 2921 4870 dulcedo
2971 4816 3224 4870 mollivit.
3261 4815 3581 4885 Superiores
3613 4830 3745 4869 vero

2175 4903 2511 4970 aliquantulo
2537 4904 2603 4957 ab
2634 4904 2717 4959 his
2755 4916 2901 4971 sunt,
2934 4908 3023 4977 qui
3076 4907 3201 4961 licet
3257 4908 3435 4967 minus
3494 4908 3743 4972 rationis,

2174 4994 2467 5062 plurimum
2495 5004 2675 5051 tamen
2701 4998 3087 5068 simplicitatis,
3109 4998 3539 5068 innocentiaeque
3558 5010 3746 5053 custo-

2172 5084 2347 5138 diunt.
2383 5085 2447 5138 Et
2476 5086 2556 5141 sic
2588 5103 2685 5157 per
2712 5089 2953 5159 singulos
2980 5090 3375 5145 habitationum
3416 5092 3617 5159 gradus
3658 5106 3745 5145 as-

2172 5176 2530 5232 cendentibus
2560 5182 2879 5248 pervenitur
2930 5184 2997 5239 ad
3056 5184 3230 5251 ipsum
3271 5181 3401 5244 Noe,
3435 5184 3527 5251 qui
3578 5184 3747 5236 inter-

2172 5274 2419 5332 pretatur
2478 5269 2695 5337 requies
2715 5272 2759 5304 ⁵⁵
2786 5271 2917 5342 (80),
2946 5271 3029 5324 vel
3086 5272 3286 5340 justus,
3336 5272 3427 5340 qui
3474 5281 3557 5327 est
3586 5272 3744 5327 Jesus

2173 5355 2441 5413 Christus.
2475 5359 2661 5430 Neque
2690 5363 2837 5416 enim
2872 5363 2926 5415 iu
2967 5363 3117 5417 illum
3149 5363 3263 5420 Noe
3298 5367 3572 5432 convenit,
3600 5367 3748 5437 quod

2251 5452 2301 5484 “
2321 5452 2519 5510 Cenes.
2547 5474 2601 5523 v,
2626 5458 2715 5512 ‘29.
3076 5456 3083 5461 ’

2175 5554 2221 5596 et
2256 5560 2427 5604 tenent
2480 5554 2727 5621 ﬁgurant.
2762 5552 2894 5607 Nam
2931 5556 3241 5625 coniunctio
3288 5566 3338 5609 et
3390 5558 3750 5624 expungeuda

2174 5625 2518 5733 framuippe
2554 5639 2671 5691 qua:
2712 5641 2926 5679 sensum
2961 5630 3263 5696 perturbet,
3304 5641 3476 5695 neque
3525 5627 3747 5693 insuper

2198 5704 2385 5755 cgatur
2414 5710 2462 5744 111
2502 5708 2632 5745 mss.

2393 5732 2914 5834 Ᾱηῆέᾶωηηίεδτενρ.
