4132 6428
317 413 411 466 109

1498 412 1568 466 IN
1605 412 1902 468 GENESlM
1937 413 2218 468 HOMILIA
2258 414 2321 468 ll.

3447 430 3544 480 170

306 531 442 583 dicit
490 528 720 586 Lamech
779 541 934 601 pater
982 533 1096 601 ejus
1136 548 1148 584 :
1185 531 1284 586 llic
1318 533 1474 590 enim,
1499 533 1672 600 inquit
1696 535 1762 599 ⁵⁸,
1798 550 1876 586 re-
1907 536 1953 591 Α
1981 531 2151 584 emisit
2179 534 2247 584 ad
2276 532 2448 586 omnia
2481 533 2622 601 ligna
2662 537 2851 602 campi.
2889 535 3169 605 Propterea
3201 540 3430 594 uallata
3469 552 3546 596 est

303 625 476 689 quiem
511 625 656 677 dabit
685 627 831 679 nobis
883 626 945 678 ob
976 625 1214 695 operibus
1246 632 1441 678 nostris
1487 623 1595 694 (81)
1626 635 1672 678 et
1713 643 1744 677 a
1773 625 1873 677 tri-

307 715 471 768 stitiis
499 731 747 768 manuum
773 726 1095 777 nostrarum,
1123 725 1168 768 et
1195 732 1225 767 a
1248 724 1388 766 terra
1422 730 1576 783 quam
1602 714 1877 768 maledixit

310 804 566 859 Dominus
629 804 793 862 Deus.
858 807 1136 870 Quomodo
1195 805 1336 858 enim
1385 819 1564 856 verum
1602 805 1704 858 erit
1733 805 1872 873 quod

305 896 394 949 ille
432 895 547 949 Noe
581 897 822 964 requiem
865 897 1076 951 dederit
1117 895 1190 949 illi
1228 895 1485 958 Lamech,
1519 893 1601 948 vel
1652 894 1870 963 populo,

302 987 396 1054 qui
431 995 558 1040 tunc
586 986 888 1041 habebatur
919 988 968 1039 in
1002 986 1180 1048 terris,
1213 984 1294 1038 vel
1335 985 1605 1052 quomodo
1634 984 1870 1037 ablatum

302 1086 386 1129 est
417 1075 762 1129 maledictum
796 1085 973 1139 terrae,
1006 1077 1146 1144 quod
1188 1075 1410 1129 dederat
1466 1075 1744 1137 Dominus,
1779 1075 1870 1128 ubi

301 1168 488 1235 potius
530 1167 810 1220 iracundia
840 1168 1021 1219 divina
1053 1166 1229 1233 major
1261 1166 1584 1231 ostenditur,
1618 1176 1672 1219 et
1703 1166 1871 1220 refer-

306 1265 392 1306 tnr
421 1256 602 1308 dicere
633 1257 776 1310 Deus
819 1256 865 1288 ⁸⁷
904 1273 917 1309 :
953 1255 1173 1309 Paenitet
1205 1271 1284 1308 me
1315 1256 1451 1325 quod
1483 1257 1580 1322 feci
1611 1257 1872 1309 hominem

301 1362 460 1411 super
501 1347 743 1400 terram?
776 1347 839 1400 Et
875 1347 1068 1401 iterum
1101 1347 1233 1400 dicit
1267 1367 1278 1400 :
1317 1347 1504 1400 Delebo
1530 1363 1729 1400 omnem
1754 1364 1869 1400 car-

308 1451 424 1487 nem
452 1452 568 1504 qum
595 1445 670 1488 est
699 1448 1064 1504 superterram
1092 1437 1228 1505 (82).
1259 1435 1325 1489 Et
1349 1452 1509 1504 super
1527 1436 1706 1490 omnia
1729 1452 1873 1490 sum-

309 1541 409 1578 ma:
461 1525 679 1580 oifensae
710 1527 962 1581 indicium
999 1528 1245 1580 interitus
1289 1528 1583 1580 viventium
1612 1529 1789 1581 datur.
1815 1527 1870 1581 Si

315 1631 450 1669 vero
477 1617 734 1684 respicias
778 1617 843 1671 ad
897 1618 1180 1670 Dominum
1213 1629 1458 1672 nostrum
1490 1617 1672 1672 Jesum
1712 1617 1874 1672 Chri-

303 1717 468 1770 stum,
489 1706 554 1760 de
577 1723 679 1776 quo
697 1708 894 1762 dicitur
909 1709 953 1740 ⁸⁸
975 1727 987 1762 :
1011 1708 1142 1762 Ecce
1159 1711 1335 1777 Agnus
1363 1709 1474 1773 Dei,
1491 1726 1603 1761 ecce
1624 1710 1714 1778 qui
1738 1711 1871 1762 tollit

304 1808 519 1863 peccata
582 1799 820 1862 mundi;.
860 1801 1052 1853 iterum
1105 1801 1171 1852 de
1202 1814 1310 1868 quo
1338 1800 1534 1852 dicitur
1557 1801 1601 1831 ⁵⁸
1633 1818 1646 1852 :
1678 1798 1872 1854 Factus

300 1905 397 1958 pro
456 1890 602 1942 nobis
655 1891 1023 1955 maledictum,
1076 1901 1128 1944 ut
1176 1909 1266 1944 nos
1314 1890 1376 1943 de
1421 1890 1698 1945 maledicto
1741 1894 1866 1962 legis

303 1981 620 2043 redimeret;
666 1981 859 2034 iterum
899 1998 1017 2036 cum
1052 1981 1181 2036 dicit
1209 1982 1253 2013 ⁶⁰
1286 2001 1298 2034 :
1337 1980 1518 2035 Vertite
1537 1982 1603 2034 ad
1627 1999 1729 2048 me,
1760 1999 1869 2035 om-

304 2087 392 2124 nes
428 2071 538 2143 (85)
573 2073 660 2132 qui
691 2071 964 2136 laboratis,
1005 2081 1054 2125 et
1095 2073 1296 2124 onerati
1337 2073 1488 2136 estis,
1534 2083 1579 2126 et
1613 2089 1704 2140 ego
1751 2073 1871 2140 reﬁ-

302 2162 436 2215 ciam
486 2179 592 2226 vos,
640 2171 688 2215 et
738 2164 1004 2216 invenietis
1047 2165 1274 2232 requiem
1323 2164 1600 2216 animabus
1636 2165 1814 2218 vestris
1849 2182 1868 2218 :

302 2251 551 2307 invenies
590 2253 734 2305 hunc
763 2267 905 2310 esse.
945 2253 1034 2321 qui
1068 2270 1196 2308 vere
1231 2254 1470 2322 requiem
1505 2254 1650 2308 dedit
1693 2254 1869 2308 homi-

302 2343 483 2427 nibus,
525 2352 579 2398 et
608 2344 862 2398 liberavit
896 2353 1092 2398 terram
1125 2346 1190 2399 de
1223 2347 1531 2409 maledicto,
1569 2362 1676 2414 quo
1699 2347 1870 2401 malc-

301 2433 439 2486 dixit
492 2435 539 2487 ei
591 2434 850 2488 Dominus
907 2435 1065 2488 Deus.
1103 2435 1238 2490 Huic
1291 2451 1420 2504 ergo
1469 2435 1695 2503 spirit:in
1738 2434 1868 2501 Noe,

301 2523 394 2590 qui
439 2524 678 2592 requiem
746 2524 889 2578 dedit
943 2525 1277 2590 hominibus,
1328 2534 1383 2579 et
1437 2526 1558 2580 tulit
1589 2534 1869 2595 peccatum

301 2613 506 2677 mundi,
538 2613 736 2668 dicitur
763 2615 805 2646 “
840 2629 855 2669 :
888 2612 1076 2669 Facies
1117 2617 1209 2670 tibi
1235 2633 1415 2671 arcam
1452 2633 1516 2670 ex
1557 2616 1710 2687 lignis
1737 2633 1870 2688 qua-

298 2705 490 2757 dratis.

373 2794 428 2848 4.
465 2794 762 2849 Videamus
793 2811 921 2865 ergo
948 2812 1066 2867 qua:
1100 2798 1206 2851 sint
1233 2799 1497 2868 quadrata
1523 2799 1684 2870 ligna.
1726 2799 1871 2866 Qua-

299 2885 520 2939 dratum
558 2895 662 2947 est,
696 2888 836 2954 quod
866 2889 1010 2942 nulla
1043 2890 1260 2943 vacillat
1305 2907 1369 2944 ex
1413 2900 1584 2960 parte,
1621 2893 1715 2947 sed
1742 2907 1874 2963 quo-

301 2995 524 3048 cunque
578 2981 824 3046 verteris,
866 2982 968 3036 lida
1003 2993 1057 3038 et
1086 2985 1253 3038 solida
1284 2985 1578 3038 stabilitate
1603 2986 1870 3041 consistit.

307 3068 416 3122 Ista
452 3081 577 3124 sunt
629 3071 792 3141 ligna,
833 3089 954 3142 quas
996 3090 1154 3128 omne
1193 3076 1398 3143 pondus
1426 3075 1506 3130 vel
1561 3076 1872 3132 animalium

1978 619 2201 672 altitudo
2226 620 2338 688 ejus
2361 637 2516 687 super
2545 622 2719 674 omnia
2754 623 2894 691 ligna
2920 627 3107 693 campi.
3135 628 3197 679 Et
3226 637 3345 696 post
3374 646 3543 696 pauca

1977 709 2111 763 dicit
2147 728 2159 764 :
2194 711 2437 778 Cypressi
2467 711 2645 764 multa:
2677 711 2732 764 in
2760 716 3008 779 paradiso
3049 717 3159 778 Dei,
3202 727 3249 770 et
3284 719 3396 783 pini
3441 737 3543 773 non

1975 811 2095 852 sunt
2120 801 2315 854 similes
2344 803 2504 854 ramis
2531 802 2668 871 ejus,
2699 814 2744 856 et
2771 805 2962 858 abietes
2995 824 3097 861 non
3143 809 3357 876 fuerunt
3399 812 3539 864 simi-

1976 890 2048 941 les
2088 891 2154 941 ei.
2194 890 2358 944 Omne
2390 892 2585 960 lignum
2629 894 2682 946 in
2720 897 2969 960 paradiso
3003 897 3098 949 Dei
3130 916 3230 951 non
3274 903 3540 954 assimila-

1975 987 2082 1029 tum
2115 989 2190 1033 est
2217 982 2285 1041 ei,
2320 991 2366 1033 et
2401 980 2570 1034 zelata
2596 992 2714 1033 sunt
2754 999 2868 1034 eum
2911 987 3090 1038 omnia
3119 987 3263 1055 ligna
3307 991 3544 1054 paradisi

1975 1071 2282 1123 deliciarum
2309 1070 2425 1124 Dei.
2461 1072 2863 1126 Animadvertis
2904 1074 2969 1127 de
3007 1075 3202 1143 quibus
3238 1080 3320 1130 vel
3368 1082 3542 1148 quali-

1975 1160 2076 1213 bus
2106 1161 2264 1230 lignis
2292 1163 2435 1215 dicat
2477 1166 2737 1231 propheta
2767 1203 2783 1229 ,
2838 1167 3110 1233 quomodo
3153 1167 3422 1224 describat
3452 1186 3545 1242 cy-

1976 1264 2220 1316 pressum
2253 1249 2468 1315 Libani,
2503 1256 2591 1306 cui
2642 1254 2822 1306 omnia
2860 1254 2999 1324 l'gna
3031 1272 3151 1324 qum
3200 1259 3251 1311 in
3296 1261 3545 1327 paradiso

1975 1340 2069 1392 Dei
2109 1350 2254 1405 sunt,
2289 1345 2590 1412 comparari
2617 1360 2720 1398 non
2756 1347 3009 1414 possint?
3042 1347 3107 1400 Et
3140 1350 3343 1403 addidit
3379 1352 3542 1404 etiam

1977 1432 2075 1485 hoc
2102 1433 2165 1486 ad
2197 1435 2464 1497 ultimum,
2498 1437 2639 1503 quod
2664 1440 2844 1491 omnia
2871 1438 3036 1508 ligna,
3067 1455 3187 1508 qua:
3211 1451 3334 1494 sunt
3368 1443 3417 1494 in
3448 1459 3544 1510 pa-

1977 1523 2156 1576 radiso
2206 1525 2318 1591 Dei,
2366 1527 2540 1580 zelata
2581 1528 2689 1582 sint
2719 1544 2858 1592 eam,
2900 1532 3179 1586 evidenter
3216 1535 3533 1594 ostendens,

1975 1615 2270 1666 secundum
2338 1617 2639 1684 spiritalem
2697 1619 3134 1689 intelligentiam,
3198 1625 3540 1678 rationabilia

1978 1705 2086 1758 diei
2121 1705 2260 1772 ligna
2289 1721 2407 1775 quae
2437 1710 2486 1760 in
2515 1711 2766 1777 paradiso
2793 1710 2883 1765 Dei
2910 1722 3029 1766 sunt
3068 1737 3079 1768 :
3111 1716 3310 1784 quippe
3345 1718 3394 1769 in
3421 1717 3542 1784 qni-

1975 1793 2074 1848 bus
2107 1797 2504 1851 aemulationem
2547 1801 2840 1868 quamdam
2887 1801 3146 1857 describit
3183 1821 3302 1860 esse
3348 1807 3542 1860 advcr-

1974 1900 2092 1937 sum
2141 1901 2202 1940 ea
2252 1887 2391 1958 ligna
2437 1905 2554 1958 quae
2598 1899 2724 1944 sunt
2765 1893 2816 1945 in
2845 1893 3069 1948 Libano.
3105 1894 3253 1949 Unde
3287 1905 3413 1951 utet
3448 1912 3544 1952 ex-

1972 1989 2130 2028 Cursu
2165 1977 2325 2030 etiam
2382 1979 2485 2033 hoc
2529 1981 2794 2046 dicamus,
2847 1984 3128 2038 considera
3189 2001 3255 2038 ne
3307 1987 3445 2042 forte
3487 1999 3543 2041 et

1973 2066 2124 2131 illud,
2152 2067 2297 2135 quod
2341 2069 2602 2136 scriptum
2631 2079 2712 2122 est
2745 2071 2811 2134 ⁸³,
2849 2071 2978 2138 quia
3015 2072 3321 2126 maledictus
3363 2093 3394 2128 a
3437 2076 3542 2129 Deo

1973 2157 2137 2209 omnis
2169 2158 2258 2225 qui
2288 2158 2473 2226 pendet
2514 2160 2566 2210 in
2594 2158 2760 2227 ligno,
2799 2159 2878 2213 sic
2909 2162 3100 2216 debeat
3142 2162 3386 2231 intelligi,
3411 2180 3546 2232 quo-

1975 2247 2133 2300 modo
2167 2256 2220 2301 et
2249 2248 2376 2300 illud
2408 2249 2550 2317 quod
2585 2248 2713 2302 alibi
2745 2250 2947 2304 dictum
2989 2260 3073 2306 est
3100 2252 3145 2284 ⁸⁸
3177 2270 3190 2306 :
3224 2253 3542 2309 Maledictus

1972 2336 2125 2388 homo
2179 2339 2268 2407 qui
2300 2354 2442 2407 spem
2469 2339 2622 2392 habet
2664 2340 2720 2393 in
2747 2342 2977 2398 nomine.
3009 2342 3255 2399 Pendere
3300 2347 3444 2399 enim
3489 2347 3541 2401 in

1974 2425 2090 2479 solo
2123 2426 2230 2480 Deo
2257 2429 2540 2494 debemus,
2575 2437 2630 2483 et
2656 2430 2708 2484 in
2744 2431 2886 2484 nullo
2918 2431 3023 2485 alio
3051 2433 3214 2487 etiam
3266 2437 3308 2489 si
3347 2437 3414 2490 de
3450 2452 3545 2506 pa-

1975 2516 2159 2569 radiso
2201 2517 2292 2570 Dei
2325 2521 2618 2586 procedere
2645 2521 2766 2588 quis
2793 2521 3024 2584 dicatur,
3062 2524 3204 2578 sicut
3252 2537 3304 2579 et
3345 2525 3544 2580 Paulus

1977 2607 2108 2662 dicit
2134 2607 2178 2639 ⁸⁵
2207 2624 2222 2661 :
2250 2608 2424 2662 Etiam
2452 2610 2498 2663 si
2537 2627 2656 2675 nos,
2690 2621 2781 2664 aut
2824 2613 3041 2682 angelus
3083 2615 3146 2666 de
3175 2615 3301 2668 ctrlo
3327 2633 3548 2686 evange-

1976 2696 2215 2752 lizaverit
2261 2700 2403 2754 vobis
2454 2700 2610 2753 aliter
2660 2718 2818 2771 quam
2867 2705 3335 2772 euangelizavimus
3381 2711 3544 2771 vobis,

1978 2787 2258 2840 anathema
2316 2788 2406 2842 sit.
2450 2788 2556 2845 Sed
2595 2789 2709 2845 ha-c
2758 2791 2917 2844 alias.
2965 2791 3181 2847 Interim
3213 2797 3389 2850 vidisti
3426 2813 3547 2866 qua:

1977 2876 2084 2931 sint
2121 2879 2383 2946 quadrata
2446 2879 2589 2950 ligna
2643 2895 2764 2949 qua:
2797 2881 2942 2936 velut
2998 2898 3185 2937 murus
3234 2886 3451 2954 quidam
3491 2898 3548 2941 et

1978 2964 2221 3020 defensio
2262 2966 2348 3020 his
2383 2966 2475 3035 qui
2507 2977 2633 3020 sunt
2671 2968 3019 3036 intrinsecus,
3072 2986 3101 3024 a
3155 2971 3406 3028 ﬂuctibus
3454 2977 3544 3043 qui

1976 3058 2315 3112 extrinsecus
2348 3059 2736 3128 superveniunt
2787 3061 2923 3132 (85),
2961 3062 3294 3120 collocantur
3328 3069 3394 3122 ab
3440 3069 3548 3135 spi-

300 3161 653 3228 intrinsecus,
693 3165 776 3217 vel
835 3164 1086 3219 ﬂuctuum
1120 3167 1454 3222 extrinsecus
1505 3168 1699 3222 ierunt.
1729 3169 1871 3235 Quos

1979 3153 2122 3208 ritali
2160 3155 2315 3211 Noe:
2371 3170 2490 3224 quae
2526 3155 2668 3225 ligna
2723 3156 3064 3211 extrinsecus
3115 3167 3168 3212 et
3222 3161 3548 3215 intrinsecus

299 3265 400 3319 ego
429 3254 668 3308 arbitror
699 3255 949 3310 doctores
978 3256 1088 3328 64
1125 3271 1244 3311 esse
1294 3258 1346 3311 in
1380 3257 1644 3325 Ecclesia,
1676 3270 1728 3313 et
1756 3276 1870 3314 ma-

300 3343 500 3411 gistros
532 3355 691 3414 atque
718 3347 1066 3403 aemulatores
1115 3350 1262 3413 fidei,
1305 3349 1394 3417 qui
1440 3358 1495 3404 et
1533 3351 1754 3419 populos
1789 3353 1872 3405 in-

302 3433 571 3488 trinsecus
600 3436 805 3503 positos
846 3437 1011 3494 verbo
1037 3439 1496 3504 eommonitionis,
1531 3449 1584 3494 et
1615 3442 1871 3496 doctrina:

301 3523 478 3593 gratia
525 3525 899 3593 consolantur,
935 3537 989 3582 et
1038 3530 1483 3598 impugnantibus
1509 3530 1871 3599 extrinsecus,

300 3613 385 3666 vel
415 3615 723 3684 gentilibus,
752 3617 836 3672 vel
871 3620 1240 3690 haereticis,et
1279 3622 1635 3690 quaestionum
1677 3622 1872 3678 ﬂuctus

301 3721 364 3760 ac
414 3709 682 3776 procellas
729 3712 1088 3766 certaminum
1136 3714 1626 3781 eommoventihus,
1672 3716 1872 3771 virtute

303 3797 451 3850 verbi
506 3813 572 3852 ac
617 3801 881 3870 sapientia
952 3803 1176 3858 rationis
1223 3805 1512 3859 obsistunt.
1549 3807 1643 3860 Vis
1691 3816 1868 3861 autem

299 3889 484 3942 videre
511 3892 652 3958 quod
695 3892 841 3961 ligna
883 3894 1224 3949 rationabilia
1262 3897 1413 3950 novit
1461 3896 1743 3966 Scriptura
1793 3899 1874 3953 di-

300 3981 422 4033 vina
450 3983 474 4033 ?
504 3982 906 4038 Reeenseamus
937 3987 1065 4054 quid
1099 3986 1239 4050 apud
1272 3987 1607 4042 Ezechielem
1641 3991 1873 4058 prophe-

300 4079 412 4126 tam
447 4074 716 4141 scriptum
745 4082 828 4128 est
865 4092 878 4128 :
918 4075 984 4127 Et
1014 4077 1331 4142 (nominest,
1371 4077 1548 4146 inquit
1571 4080 1638 4142 δ’,
1668 4081 1722 4132 in
1775 4096 1874 4133 un-

299 4165 501 4218 decimo
538 4181 697 4230 anno,
727 4165 880 4218 tertio
916 4183 1107 4229 mense,
1147 4183 1250 4220 una
1283 4169 1368 4220 die
1414 4171 1628 4235 mensis,
1672 4172 1873 4239 factum

299 4266 371 4308 est
395 4257 602 4310 verbum
619 4255 831 4310 Domini
852 4257 920 4309 ad
946 4273 1025 4310 me
1046 4257 1222 4310 dicens
1247 4273 1264 4309 :
1296 4257 1402 4310 Fili
1434 4261 1777 4323 Itominis,dic
1803 4261 1872 4313 ad

303 4345 634 4401 Pharaonem
668 4364 834 4418 regem
867 4347 1107 4419 /Egypti,
1133 4357 1179 4401 et
1215 4349 1283 4400 ad
1309 4349 1685 4402 multitudinem
1713 4353 1825 4420 ejus
1853 4367 1872 4403 :

305 4437 399 4490 Cui
427 4449 476 4492 te
513 4439 736 4492 similem
774 4439 904 4506 facis
937 4439 990 4492 in
1036 4439 1350 4492 exultatione
1381 4449 1469 4491 tua
1490 4440 1515 4492 γ
1543 4438 1678 4492 Ecce
1707 4442 1876 4494 Assur

1977 3245 2241 3300 bitumine
2267 3244 2551 3300 liniuntur.
2584 3243 2711 3298 Vult
2740 3245 2885 3300 enim
2915 3254 2968 3302 te
2993 3247 3324 3302 architectus
3363 3249 3549 3304 Eccle-

1982 3338 2076 3390 sia:
2100 3337 2354 3392 Christus
2385 3352 2489 3390 non
2528 3351 2649 3390 esse
2705 3337 2888 3405 talem,
2941 3338 3128 3406 quales
3170 3350 3298 3393 sunt
3343 3341 3417 3394 illi
3457 3342 3546 3410 qui

1990 3427 2198 3482 deforis
2235 3428 2452 3497 quidem
2484 3437 2743 3498 apparent
2799 3429 3112 3483 hominibus
3154 3428 3306 3497 justi,
3336 3431 3548 3485 deintus

1979 3527 2158 3572 autem
2205 3524 2329 3572 sunt
2381 3517 2628 3587 sepulcra
2674 3526 3006 3574 mortuorum
3053 3520 3118 3574 ⁸⁸.
3174 3520 3280 3574 Sed
3335 3521 3447 3574 vult
3501 3531 3552 3575 te

1978 3619 2032 3663 et
2063 3624 2290 3678 corpore
2321 3621 2572 3665 sanctum
2610 3626 2730 3666 csse
2780 3612 3139 3679 extrinsecus,
3179 3621 3230 3665 et
3273 3613 3436 3666 corde
3471 3613 3551 3665 in—

1983 3702 2254 3755 trinsecus
2292 3718 2507 3770 purum,
2543 3712 2762 3756 cantum
2795 3702 3053 3772 undique,
3081 3712 3133 3755 et
3165 3703 3431 3757 castitatis
3469 3713 3552 3756 at-

1979 3806 2086 3860 que
2127 3792 2449 3847 innocentiae
2483 3793 2682 3845 virtute
2713 3793 3003 3858 munitum,
3054 3793 3156 3846 hoc
3199 3802 3280 3846 est
3325 3795 3467 3847 intus
3500 3802 3554 3846 ct

1982 3880 2114 3934 foris
2146 3879 2411 3933 bitumine
2441 3895 2564 3934 esse
2593 3881 2846 3934 oblittnn.

2050 3970 2102 4023 5.
2139 3970 2262 4023 Post
2313 3974 2424 4024 bare
2455 3975 2520 4025 de
2555 3971 2917 4042 longitudine,
2953 3981 3007 4026 et
3059 3971 3342 4026 latitudine
3389 3987 3552 4035 areae,

1980 4070 2034 4114 et
2068 4061 2133 4114 de
2163 4061 2448 4115 altitudine
2491 4073 2849 4127 memoratur,
2889 4071 2942 4116 et
2973 4063 3184 4116 numeri
3229 4063 3280 4115 in
3315 4062 3402 4115 his
3435 4062 3556 4130 qui-

1982 4151 2100 4204 dam
2136 4162 2405 4220 ponuntur
2436 4153 2748 4222 ingentibus
2779 4155 3052 4224 mysteriis
3081 4154 3408 4209 consecrati.
3447 4152 3555 4208 Sed

1982 4252 2273 4310 antequam
2321 4246 2384 4297 de
2414 4244 2653 4298 numeris
2685 4245 3046 4307 disseramus,
3094 4245 3198 4298 hoc
3246 4244 3386 4312 quod
3423 4241 3556 4296 dicit

1982 4331 2396 4402 loogitudinem,
2431 4343 2483 4386 et
2516 4332 2878 4396 latitudinem,
2916 4343 2969 4387 et
2997 4333 3361 4396 altitudinem,
3397 4333 3557 4401 quale

1985 4423 2060 4478 sit
2105 4422 2406 4477 videamus.
2464 4424 2755 4493 Apostolus
2798 4424 2848 4478 in
2889 4422 3120 4492 quodam
3160 4423 3296 4487 loco,
3328 4437 3450 4477 cum
3490 4423 3558 4476 de

305 4547 579 4599 typrem‘s
609 4531 660 4583 5,,
710 4529 930 4596 Libano,
980 4532 1242 4598 ερεεςοδηδ
1287 4531 1470 4592 "mu-5,
1515 4539 1563 4584 σε
1607 4533 1879 4587 condensis
1912 4525 1954 4579 ι)
1988 4511 2245 4582 mysterio
2278 4513 2456 4566 crucis
2493 4512 2762 4567 sacratius
2793 4514 3127 4582 loqueretur.
3161 4512 3232 4566 ita
3265 4513 3343 4565 ait
3371 4513 3415 4543 ⁸⁷
3447 4531 3459 4567 :
3489 4510 3557 4565 Ut

301 4620 642 4685 umbraculis,
703 4631 750 4673 et
794 4620 1026 4674 excelsus
1083 4620 1192 4691 (84)
1253 4622 1305 4672 in
1363 4619 1664 4674 altitudine.
1729 4621 1878 4676 Inter

302 4713 501 4764 medias
545 4713 702 4764 nubes
729 4713 929 4779 factum
958 4725 1029 4766 est
1059 4730 1308 4767 cacumen
1334 4713 1469 4781 ejus,
1504 4731 1641 4782 aqua
1669 4717 1875 4767 enutriv

303 4801 370 4852 rit
413 4816 554 4862 eum,
588 4810 633 4853 et
675 4805 890 4870 abyssus
932 4804 1178 4858 exultavit
1219 4821 1366 4869 eum,
1414 4815 1461 4857 et
1508 4806 1732 4857 adduxit
1764 4821 1876 4857 om-

307 4889 392 4941 nia
424 4889 642 4956 [Iuntina
674 4906 772 4942 sua
810 4892 947 4943 circa
990 4909 1126 4956 eum,
1174 4906 1219 4946 et
1276 4896 1703 4963 congregationes
1749 4911 1874 4948 suas

1985 4605 2164 4656 sciatis
2201 4620 2318 4674 qua:
2347 4606 2416 4658 sit
2441 4604 2738 4673 longitudo,
2773 4615 2820 4658 et
2854 4604 3106 4667 latitudo,
3137 4611 3186 4657 et
3221 4603 3472 4668 altitudo,
3510 4613 3558 4655 et

1982 4695 2326 4762 profundum.
2365 4696 2696 4750 Profundum
2731 4705 2912 4750 autem
2958 4705 3013 4749 ct
3043 4696 3271 4750 altitudo
3312 4695 3451 4750 idem
3481 4698 3558 4749 si-

1983 4787 2262 4852 gniticanl,
2319 4787 2423 4840 nisi
2464 4789 2606 4856 quod
2641 4789 2873 4843 altitudo
2906 4789 3142 4857 spatium
3178 4787 3245 4842 de
3291 4787 3562 4842 infcriori.

1983 4876 2083 4929 bus
2108 4877 2323 4932 videtur
2357 4879 2423 4932 ad
2475 4879 2754 4948 superoria
2800 4879 3002 4945 metiri,
3052 4877 3378 4948 profundum
3426 4892 3558 4933 vero

373 5049 421 5082 "
441 5049 632 5123 (ἔθυιεν.
667 5051 756 5105 29.
798 5051 841 5083 ⁵⁷
864 5050 1057 5123 Cenes.
1079 5069 1151 5114 vr,
1178 5053 1228 5117 6,
1253 5055 1302 5108 7.
1341 5055 1386 5087 ⁸⁸
1404 5055 1603 5114 Joana.
1624 5054 1714 5108 29.
1753 5056 1797 5087 ⁵³
1813 5055 1930 5111 Gal.
1953 5072 2032 5114 nt.
2054 5057 2137 5110 l3.
2174 5057 2217 5089 ⁶⁰
2231 5056 2421 5112 Matth.
2451 5059 2634 5123 v.28,
2657 5059 2746 5113 29.
2789 5060 2829 5092 ⁶¹
2851 5059 3046 5116 Cenes.
3065 5074 3137 5114 vt.
3165 5059 3253 5113 Η.
3294 5061 3337 5093 ⁶¹
3358 5059 3555 5114 Ezeeh.

302 5137 454 5185 xm,
480 5119 585 5184 1,2
618 5132 670 5174 et
700 5136 855 5191 seqq.
936 5120 981 5152 “³
1012 5122 1165 5178 Deut.
1190 5140 1303 5187 xu,
1338 5125 1428 5178 9.5.

371 5259 483 5333 (8i)
510 5259 744 5333 Nostris.
773 5259 924 5314 lianc
952 5273 1138 5314 vocem
1163 5257 1218 5311 in
1247 5259 1409 5312 editis
1432 5261 1688 5312 omissam
1719 5261 1874 5314 resti-

306 5327 462 5384 tuunt
490 5327 650 5380 codd.
679 5343 809 5382 mss.

368 5399 482 5470 (82,)
514 5395 713 5470 [latebo
754 5411 954 5470 omnem
976 5413 1202 5470 carnem
1249 5413 1365 5464 qua:
1414 5405 1510 5470 est,
1549 5407 1653 5470 etc.
1689 5397 1873 5470 Codex

299 5465 473 5522 sancti
530 5465 856 5535 Theoderici
906 5477 920 5516 :
967 5465 1156 5518 Delebo
1215 5481 1417 5518 omnem
1481 5466 1736 5520 hominem
1787 5469 1876 5535 qui

297 5551 396 5602 est,
428 5549 534 5590 etc.
568 5534 736 5587 Paulo
769 5541 891 5600 post
925 5541 1037 5587 tres
1062 5550 1195 5588 mss.
1236 5535 1452 5586 interitu
1480 5537 1756 5588 viventium
1780 5534 1879 5588 da-

299 5615 489 5755 miim}
527 5669 1057 5755 Vonontneshdecst
1109 5671 1165 5725 in
1199 5681 1361 5724 antea
1412 5672 1595 5736 editis,
1656 5674 1874 5730 tametsi

301 5739 608 5813 reperiatur
639 5743 689 5813 in
727 5739 980 5813 omnibus
1012 5756 1139 5794 mss.

373 5809 484 5883 (84)
521 5811 802 5876 Speciosus
843 5809 1007 5861 ramis
1038 5819 1086 5862 et
1123 5811 1396 5865 condensis
1444 5811 1783 5879 umbraculis,
1825 5819 1872 5864 et

577 5903 842 5962 Parrum“
884 5903 999 5962 Gn.
1043 5899 1185 5960 ΧΠ.

1509 5125 1554 5162 ⁸³
1582 5125 1694 5178 Jer.
1728 5141 1861 5191 xvn,
1896 5127 1949 5180 5.

2026 5127 2070 5158 ⁸⁸
2099 5127 2218 5181 Gal.
2251 5145 2293 5193 ι,
2323 5129 2378 5182 8.
2454 5128 2498 5159 ⁸⁵
2536 5121 2896 5195 Muttinxxm,
2931 5129 3023 5182 2-7.
3097 5129 3142 5160 ⁸⁷
3180 5129 3318 5198 Eph.
3352 5144 3435 5193 tn,
3469 5130 3553 5184 18.
3613 5121 3616 5124 ’

1977 5263 2237 5318 excelsus.
2288 5263 2384 5318 Sic
2445 5263 2644 5319 habent
2692 5280 2823 5319 mss.
2876 5265 2944 5318 At
2997 5263 3119 5317 libri
3173 5274 3331 5317 antea
3365 5263 3492 5318 editi
3539 5282 3553 5318 :

1979 5334 2243 5398 speciosus
2297 5349 2498 5401 ramus,
2551 5345 2599 5386 et
2653 5334 2944 5389 condensus
3003 5333 3350 5396 umbraculis,
3387 5334 3558 5386 excel-

1981 5418 2091 5456 ειη.

2052 5470 2164 5542 (85)
2193 5472 2232 5525 Α
2261 5472 2513 5543 ﬂuctibus
2546 5471 2994 5543 qttiAemtrinsecus
3034 5469 3557 5543 superveniunt._Sie

1982 5537 2154 5596 codd;
2183 5537 2316 5596 mss.
2364 5537 2580 5596 Belvac'.
2629 5540 2893 5596 Gcmclic.
2945 5540 3294 5605 Remigianns
3334 5549 3386 5591 et
3421 5537 3560 5589 δεῖμα

1983 5612 2376 5676 germanensis.
2425 5611 2570 5664 Libri
2615 5625 2745 5664 vero
2797 5620 2953 5664 antea
3004 5606 3133 5660 editi
3177 5621 3191 5657 :
3230 5607 3557 5660 obstaculuut

1984 5690 2158 5750 autem
2201 5691 2245 5734 et
2293 5680 2616 5750 impugnatio
2658 5679 2740 5732 Itis
2795 5679 2884 5750 qui
2944 5676 3272 5731 extrinsecus
3323 5693 3562 5745 super-re:

1986 5749 2157 5803 aiunt.

3212 5896 3250 5952 ϐ
