  <div class='ocr_page' id='page_1' title='image "/cluster/home/n/w/nwhite01/storage/ocr_20150623/12:no.2/coo.31924054873074/099.png"; bbox 0 0 4132 6430; ppageno 0'>
   <div class='ocr_carea' id='block_1_1' title="bbox 586 416 692 470">
    <p class='ocr_par' dir='ltr' id='par_1_1' title="bbox 586 416 692 470">
     <span class='ocr_line' id='line_1_1' title="bbox 586 416 692 470; baseline -0.019 0"><span class='ocrx_word' id='word_1_1' title='bbox 586 416 692 470; x_wconf 74' lang='grc'><strong>171</strong></span> 
     </span>
    </p>
   </div>
   <div class='ocr_carea' id='block_1_2' title="bbox 2071 407 2390 464">
    <p class='ocr_par' dir='ltr' id='par_1_2' title="bbox 2071 407 2390 464">
     <span class='ocr_line' id='line_1_2' title="bbox 2071 407 2390 464; baseline 0.006 -2"><span class='ocrx_word' id='word_1_2' title='bbox 2071 407 2390 464; x_wconf 71' lang='lat' dir='ltr'><strong>OlthENlS</strong></span> 
     </span>
    </p>
   </div>
   <div class='ocr_carea' id='block_1_3' title="bbox 3728 412 3829 468">
    <p class='ocr_par' dir='ltr' id='par_1_3' title="bbox 3728 412 3829 468">
     <span class='ocr_line' id='line_1_3' title="bbox 3728 412 3829 468; baseline 0.02 -2"><span class='ocrx_word' id='word_1_3' title='bbox 3728 412 3829 468; x_wconf 67' lang='lat' dir='ltr'><strong>l7!</strong></span> 
     </span>
    </p>
   </div>
   <div class='ocr_carea' id='block_1_4' title="bbox 595 525 3827 600">
    <p class='ocr_par' dir='ltr' id='par_1_4' title="bbox 595 525 3827 600">
     <span class='ocr_line' id='line_1_4' title="bbox 595 525 3827 600; baseline 0 -16"><span class='ocrx_word' id='word_1_4' title='bbox 595 533 663 585; x_wconf 90' lang='lat' dir='ltr'><strong>de</strong></span> <span class='ocrx_word' id='word_1_5' title='bbox 697 528 1060 599; x_wconf 75' lang='lat' dir='ltr'><strong>superioribus</strong></span> <span class='ocrx_word' id='word_1_6' title='bbox 1115 526 1371 596; x_wconf 83' lang='lat' dir='ltr'><strong>incipere,</strong></span> <span class='ocrx_word' id='word_1_7' title='bbox 1419 535 1473 580; x_wconf 87' lang='lat' dir='ltr'><strong>ct</strong></span> <span class='ocrx_word' id='word_1_8' title='bbox 1530 528 1595 581; x_wconf 90' lang='lat' dir='ltr'><strong>ad</strong></span> <span class='ocrx_word' id='word_1_9' title='bbox 1643 527 1899 581; x_wconf 80' lang='lat' dir='ltr'><strong>inferiora</strong></span> <span class='ocrx_word' id='word_1_10' title='bbox 1938 536 2162 582; x_wconf 90' lang='lat' dir='ltr'><strong>descen-</strong></span> <span class='ocrx_word' id='word_1_11' title='bbox 2194 534 2236 587; x_wconf 82' lang='grc' dir='ltr'>Α</span> <span class='ocrx_word' id='word_1_12' title='bbox 2270 529 2511 582; x_wconf 83' lang='lat' dir='ltr'><strong>invenies</strong></span> <span class='ocrx_word' id='word_1_13' title='bbox 2547 542 2859 595; x_wconf 83' lang='lat' dir='ltr'><strong>magnarum</strong></span> <span class='ocrx_word' id='word_1_14' title='bbox 2895 543 3072 584; x_wconf 88' lang='lat' dir='ltr'><strong>rerum</strong></span> <span class='ocrx_word' id='word_1_15' title='bbox 3098 539 3247 600; x_wconf 82' lang='lat' dir='ltr'><strong>gesta</strong></span> <span class='ocrx_word' id='word_1_16' title='bbox 3278 530 3376 586; x_wconf 84' lang='lat' dir='ltr'><strong>sub</strong></span> <span class='ocrx_word' id='word_1_17' title='bbox 3413 530 3709 585; x_wconf 84' lang='lat' dir='ltr'><strong>tricenario</strong></span> <span class='ocrx_word' id='word_1_18' title='bbox 3742 525 3827 584; x_wconf 81' lang='lat' dir='ltr'><strong>vel</strong></span> 
     </span>
    </p>
   </div>
   <div class='ocr_carea' id='block_1_5' title="bbox 592 616 2157 689">
    <p class='ocr_par' dir='ltr' id='par_1_5' title="bbox 592 616 2157 689">
     <span class='ocr_line' id='line_1_5' title="bbox 592 616 2157 689; baseline -0.003 -13"><span class='ocrx_word' id='word_1_19' title='bbox 592 626 748 676; x_wconf 83' lang='lat' dir='ltr'><strong>dere.</strong></span> <span class='ocrx_word' id='word_1_20' title='bbox 781 622 1190 686; x_wconf 80' lang='lat' dir='ltr'><strong>Cousequentcr</strong></span> <span class='ocrx_word' id='word_1_21' title='bbox 1225 619 1388 687; x_wconf 81' lang='lat' dir='ltr'><strong>igitur</strong></span> <span class='ocrx_word' id='word_1_22' title='bbox 1424 616 1658 686; x_wconf 87' lang='lat' dir='ltr'><strong>Spiritus</strong></span> <span class='ocrx_word' id='word_1_23' title='bbox 1685 620 1774 672; x_wconf 85' lang='lat' dir='ltr'><strong>Dei</strong></span> <span class='ocrx_word' id='word_1_24' title='bbox 1808 629 1859 671; x_wconf 88' lang='lat' dir='ltr'><strong>et</strong></span> <span class='ocrx_word' id='word_1_25' title='bbox 1890 635 1983 688; x_wconf 86' lang='lat' dir='ltr'><strong>per</strong></span> <span class='ocrx_word' id='word_1_26' title='bbox 2010 618 2157 689; x_wconf 74' lang='lat' dir='ltr'><strong>Moy-</strong></span> 
     </span>
    </p>
   </div>
   <div class='ocr_carea' id='block_1_6' title="bbox 593 711 2161 779">
    <p class='ocr_par' dir='ltr' id='par_1_6' title="bbox 593 711 2161 779">
     <span class='ocr_line' id='line_1_6' title="bbox 593 711 2161 779; baseline -0.003 -14"><span class='ocrx_word' id='word_1_27' title='bbox 593 729 709 775; x_wconf 88' lang='lat' dir='ltr'><strong>sen,</strong></span> <span class='ocrx_word' id='word_1_28' title='bbox 730 722 783 764; x_wconf 82' lang='lat' dir='ltr'><strong>et</strong></span> <span class='ocrx_word' id='word_1_29' title='bbox 815 727 911 779; x_wconf 88' lang='lat' dir='ltr'><strong>per</strong></span> <span class='ocrx_word' id='word_1_30' title='bbox 944 711 1165 763; x_wconf 83' lang='lat' dir='ltr'><strong>Paulum</strong></span> <span class='ocrx_word' id='word_1_31' title='bbox 1202 712 1497 779; x_wconf 77' lang='lat' dir='ltr'><strong>ingentium</strong></span> <span class='ocrx_word' id='word_1_32' title='bbox 1534 722 1994 765; x_wconf 87' lang='lat' dir='ltr'><strong>sacramentorum</strong></span> <span class='ocrx_word' id='word_1_33' title='bbox 2024 713 2161 779; x_wconf 81' lang='lat' dir='ltr'><strong>lign-</strong></span> 
     </span>
    </p>
   </div>
   <div class='ocr_carea' id='block_1_7' title="bbox 593 801 2160 868">
    <p class='ocr_par' dir='ltr' id='par_1_7' title="bbox 593 801 2160 868">
     <span class='ocr_line' id='line_1_7' title="bbox 593 801 2160 868; baseline 0.001 -14"><span class='ocrx_word' id='word_1_34' title='bbox 593 818 679 855; x_wconf 88' lang='lat' dir='ltr'><strong>ras</strong></span> <span class='ocrx_word' id='word_1_35' title='bbox 717 804 983 855; x_wconf 90' lang='lat' dir='ltr'><strong>enuntiat.</strong></span> <span class='ocrx_word' id='word_1_36' title='bbox 1044 801 1183 854; x_wconf 82' lang='lat' dir='ltr'><strong>Nam‘</strong></span> <span class='ocrx_word' id='word_1_37' title='bbox 1220 803 1440 864; x_wconf 79' lang='lat' dir='ltr'><strong>Papius,</strong></span> <span class='ocrx_word' id='word_1_38' title='bbox 1485 803 1740 868; x_wconf 89' lang='lat' dir='ltr'><strong>quoniam</strong></span> <span class='ocrx_word' id='word_1_39' title='bbox 1793 802 2160 855; x_wconf 85' lang='lat' dir='ltr'><strong>descensiouis</strong></span> 
     </span>
    </p>
   </div>
   <div class='ocr_carea' id='block_1_8' title="bbox 593 891 2161 962">
    <p class='ocr_par' dir='ltr' id='par_1_8' title="bbox 593 891 2161 962">
     <span class='ocr_line' id='line_1_8' title="bbox 593 891 2161 962; baseline -0.001 -16"><span class='ocrx_word' id='word_1_40' title='bbox 593 894 799 946; x_wconf 83' lang='lat' dir='ltr'><strong>Christi</strong></span> <span class='ocrx_word' id='word_1_41' title='bbox 833 893 1151 962; x_wconf 79' lang='lat' dir='ltr'><strong>mysterium</strong></span> <span class='ocrx_word' id='word_1_42' title='bbox 1184 893 1509 960; x_wconf 63' lang='lat' dir='ltr'><strong>praedicabat</strong></span> <span class='ocrx_word' id='word_1_43' title='bbox 1540 891 1676 961; x_wconf 77' lang='lat'><strong>(86),</strong></span> <span class='ocrx_word' id='word_1_44' title='bbox 1716 892 2036 959; x_wconf 87' lang='lat' dir='ltr'><strong>profundum</strong></span> <span class='ocrx_word' id='word_1_45' title='bbox 2066 907 2161 944; x_wconf 56' lang='lat' dir='ltr'><strong>no.</strong></span> 
     </span>
    </p>
   </div>
   <div class='ocr_carea' id='block_1_9' title="bbox 592 982 2159 1051">
    <p class='ocr_par' dir='ltr' id='par_1_9' title="bbox 592 982 2159 1051">
     <span class='ocr_line' id='line_1_9' title="bbox 592 982 2159 1051; baseline -0.003 -13"><span class='ocrx_word' id='word_1_46' title='bbox 592 986 840 1047; x_wconf 89' lang='lat' dir='ltr'><strong>miuavit,</strong></span> <span class='ocrx_word' id='word_1_47' title='bbox 874 984 1027 1051; x_wconf 86' lang='lat' dir='ltr'><strong>quasi</strong></span> <span class='ocrx_word' id='word_1_48' title='bbox 1059 984 1123 1035; x_wconf 89' lang='lat' dir='ltr'><strong>de</strong></span> <span class='ocrx_word' id='word_1_49' title='bbox 1149 983 1521 1050; x_wconf 86' lang='lat' dir='ltr'><strong>superioribus</strong></span> <span class='ocrx_word' id='word_1_50' title='bbox 1555 982 1620 1035; x_wconf 86' lang='lat' dir='ltr'><strong>ad</strong></span> <span class='ocrx_word' id='word_1_51' title='bbox 1652 983 2159 1036; x_wconf 71' lang='lat' dir='ltr'><strong>inferioravenieu-</strong></span> 
     </span>
    </p>
   </div>
   <div class='ocr_carea' id='block_1_10' title="bbox 590 1074 2157 1145">
    <p class='ocr_par' dir='ltr' id='par_1_10' title="bbox 590 1074 2157 1145">
     <span class='ocr_line' id='line_1_10' title="bbox 590 1074 2157 1145; baseline -0.002 -15"><span class='ocrx_word' id='word_1_52' title='bbox 590 1080 676 1131; x_wconf 87' lang='lat' dir='ltr'><strong>tis.</strong></span> <span class='ocrx_word' id='word_1_53' title='bbox 705 1077 915 1145; x_wconf 81' lang='lat' dir='ltr'><strong>Moyses</strong></span> <span class='ocrx_word' id='word_1_54' title='bbox 938 1076 1214 1140; x_wconf 87' lang='lat' dir='ltr'><strong>vero,quia</strong></span> <span class='ocrx_word' id='word_1_55' title='bbox 1258 1074 1653 1128; x_wconf 87' lang='lat' dir='ltr'><strong>restitutionem</strong></span> <span class='ocrx_word' id='word_1_56' title='bbox 1701 1074 1941 1141; x_wconf 81' lang='lat' dir='ltr'><strong>designat</strong></span> <span class='ocrx_word' id='word_1_57' title='bbox 1971 1089 2157 1127; x_wconf 90' lang='lat' dir='ltr'><strong>eorum</strong></span> 
     </span>
    </p>
   </div>
   <div class='ocr_carea' id='block_1_11' title="bbox 590 1163 2157 1234">
    <p class='ocr_par' dir='ltr' id='par_1_11' title="bbox 590 1163 2157 1234">
     <span class='ocr_line' id='line_1_11' title="bbox 590 1163 2157 1234; baseline -0.002 -14"><span class='ocrx_word' id='word_1_58' title='bbox 590 1168 679 1234; x_wconf 85' lang='lat' dir='ltr'><strong>qui</strong></span> <span class='ocrx_word' id='word_1_59' title='bbox 713 1182 808 1234; x_wconf 88' lang='lat' dir='ltr'><strong>per</strong></span> <span class='ocrx_word' id='word_1_60' title='bbox 832 1165 1109 1219; x_wconf 77' lang='lat' dir='ltr'><strong>Christum</strong></span> <span class='ocrx_word' id='word_1_61' title='bbox 1144 1164 1211 1217; x_wconf 88' lang='lat' dir='ltr'><strong>(le</strong></span> <span class='ocrx_word' id='word_1_62' title='bbox 1246 1163 1464 1216; x_wconf 88' lang='lat' dir='ltr'><strong>interitu</strong></span> <span class='ocrx_word' id='word_1_63' title='bbox 1515 1173 1570 1218; x_wconf 83' lang='lat' dir='ltr'><strong>et</strong></span> <span class='ocrx_word' id='word_1_64' title='bbox 1616 1166 1921 1233; x_wconf 81' lang='lat' dir='ltr'><strong>perditione</strong></span> <span class='ocrx_word' id='word_1_65' title='bbox 1972 1165 2157 1217; x_wconf 64' lang='lat' dir='ltr'><strong>smculi</strong></span> 
     </span>
    </p>
   </div>
   <div class='ocr_carea' id='block_1_12' title="bbox 594 1254 2156 1326">
    <p class='ocr_par' dir='ltr' id='par_1_12' title="bbox 594 1254 2156 1326">
     <span class='ocr_line' id='line_1_12' title="bbox 594 1254 2156 1326; baseline -0.001 -18"><span class='ocrx_word' id='word_1_66' title='bbox 594 1270 845 1326; x_wconf 86' lang='lat' dir='ltr'><strong>tanquam</strong></span> <span class='ocrx_word' id='word_1_67' title='bbox 872 1258 938 1309; x_wconf 89' lang='lat' dir='ltr'><strong>de</strong></span> <span class='ocrx_word' id='word_1_68' title='bbox 971 1270 1105 1308; x_wconf 89' lang='lat' dir='ltr'><strong>nece</strong></span> <span class='ocrx_word' id='word_1_69' title='bbox 1132 1254 1319 1307; x_wconf 81' lang='lat' dir='ltr'><strong>diluvii</strong></span> <span class='ocrx_word' id='word_1_70' title='bbox 1348 1270 1412 1307; x_wconf 82' lang='lat' dir='ltr'><strong>ex</strong></span> <span class='ocrx_word' id='word_1_71' title='bbox 1440 1254 1793 1309; x_wconf 86' lang='lat' dir='ltr'><strong>inferioribus</strong></span> <span class='ocrx_word' id='word_1_72' title='bbox 1827 1256 1894 1307; x_wconf 89' lang='lat' dir='ltr'><strong>ad</strong></span> <span class='ocrx_word' id='word_1_73' title='bbox 1922 1271 2156 1323; x_wconf 88' lang='lat' dir='ltr'><strong>superna</strong></span> 
     </span>
    </p>
   </div>
   <div class='ocr_carea' id='block_1_13' title="bbox 590 1345 2149 1413">
    <p class='ocr_par' dir='ltr' id='par_1_13' title="bbox 590 1345 2149 1413">
     <span class='ocr_line' id='line_1_13' title="bbox 590 1345 2149 1413; baseline -0.003 -10"><span class='ocrx_word' id='word_1_74' title='bbox 590 1360 643 1403; x_wconf 89' lang='lat' dir='ltr'><strong>et</strong></span> <span class='ocrx_word' id='word_1_75' title='bbox 676 1349 919 1402; x_wconf 74' lang='lat' dir='ltr'><strong>cccleStia</strong></span> <span class='ocrx_word' id='word_1_76' title='bbox 953 1355 1297 1407; x_wconf 88' lang='lat' dir='ltr'><strong>revocantur,</strong></span> <span class='ocrx_word' id='word_1_77' title='bbox 1338 1345 1389 1397; x_wconf 92' lang='lat' dir='ltr'><strong>in</strong></span> <span class='ocrx_word' id='word_1_78' title='bbox 1434 1361 1680 1398; x_wconf 89' lang='lat' dir='ltr'><strong>mensura</strong></span> <span class='ocrx_word' id='word_1_79' title='bbox 1716 1361 1856 1399; x_wconf 73' lang='lat' dir='ltr'><strong>arcte</strong></span> <span class='ocrx_word' id='word_1_80' title='bbox 1891 1363 1993 1399; x_wconf 92' lang='lat' dir='ltr'><strong>non</strong></span> <span class='ocrx_word' id='word_1_81' title='bbox 2031 1361 2149 1413; x_wconf 83' lang='lat' dir='ltr'><strong>pto-</strong></span> 
     </span>
    </p>
   </div>
   <div class='ocr_carea' id='block_1_14' title="bbox 590 1436 2157 1503">
    <p class='ocr_par' dir='ltr' id='par_1_14' title="bbox 590 1436 2157 1503">
     <span class='ocr_line' id='line_1_14' title="bbox 590 1436 2157 1503; baseline -0.002 -11"><span class='ocrx_word' id='word_1_82' title='bbox 590 1442 814 1493; x_wconf 88' lang='lat' dir='ltr'><strong>lundmn</strong></span> <span class='ocrx_word' id='word_1_83' title='bbox 853 1445 1140 1498; x_wconf 85' lang='lat' dir='ltr'><strong>memorat,</strong></span> <span class='ocrx_word' id='word_1_84' title='bbox 1178 1437 1271 1489; x_wconf 89' lang='lat' dir='ltr'><strong>sed</strong></span> <span class='ocrx_word' id='word_1_85' title='bbox 1305 1436 1493 1497; x_wconf 91' lang='lat' dir='ltr'><strong>altum,</strong></span> <span class='ocrx_word' id='word_1_86' title='bbox 1540 1446 1794 1503; x_wconf 90' lang='lat' dir='ltr'><strong>tanquam</strong></span> <span class='ocrx_word' id='word_1_87' title='bbox 1830 1438 1914 1489; x_wconf 93' lang='lat' dir='ltr'><strong>ubi</strong></span> <span class='ocrx_word' id='word_1_88' title='bbox 1945 1438 2009 1490; x_wconf 90' lang='lat' dir='ltr'><strong>de</strong></span> <span class='ocrx_word' id='word_1_89' title='bbox 2051 1449 2157 1490; x_wconf 84' lang='lat' dir='ltr'><strong>ter-</strong></span> 
     </span>
    </p>
   </div>
   <div class='ocr_carea' id='block_1_15' title="bbox 592 1526 2157 1585">
    <p class='ocr_par' dir='ltr' id='par_1_15' title="bbox 592 1526 2157 1585">
     <span class='ocr_line' id='line_1_15' title="bbox 592 1526 2157 1585; baseline -0.002 -2"><span class='ocrx_word' id='word_1_90' title='bbox 592 1532 736 1585; x_wconf 90' lang='lat' dir='ltr'><strong>renis</strong></span> <span class='ocrx_word' id='word_1_91' title='bbox 769 1542 821 1583; x_wconf 89' lang='lat' dir='ltr'><strong>et</strong></span> <span class='ocrx_word' id='word_1_92' title='bbox 847 1530 1140 1583; x_wconf 83' lang='lat' dir='ltr'><strong>humilibus</strong></span> <span class='ocrx_word' id='word_1_93' title='bbox 1170 1528 1233 1579; x_wconf 89' lang='lat' dir='ltr'><strong>ad</strong></span> <span class='ocrx_word' id='word_1_94' title='bbox 1264 1526 1505 1579; x_wconf 69' lang='lat' dir='ltr'><strong>cmlesda</strong></span> <span class='ocrx_word' id='word_1_95' title='bbox 1551 1536 1605 1580; x_wconf 85' lang='lat' dir='ltr'><strong>et</strong></span> <span class='ocrx_word' id='word_1_96' title='bbox 1633 1529 1845 1581; x_wconf 78' lang='lat' dir='ltr'><strong>excelsa</strong></span> <span class='ocrx_word' id='word_1_97' title='bbox 1899 1544 2157 1581; x_wconf 86' lang='lat' dir='ltr'><strong>conscen-</strong></span> 
     </span>
    </p>
   </div>
   <div class='ocr_carea' id='block_1_16' title="bbox 589 1618 2155 1685">
    <p class='ocr_par' dir='ltr' id='par_1_16' title="bbox 589 1618 2155 1685">
     <span class='ocr_line' id='line_1_16' title="bbox 589 1618 2155 1685; baseline 0.001 -15"><span class='ocrx_word' id='word_1_98' title='bbox 589 1623 752 1673; x_wconf 77' lang='lat' dir='ltr'><strong>ditur.</strong></span> <span class='ocrx_word' id='word_1_99' title='bbox 800 1618 1022 1671; x_wconf 86' lang='lat' dir='ltr'><strong>Numeri</strong></span> <span class='ocrx_word' id='word_1_100' title='bbox 1076 1632 1290 1685; x_wconf 86' lang='lat' dir='ltr'><strong>quoque</strong></span> <span class='ocrx_word' id='word_1_101' title='bbox 1349 1625 1644 1685; x_wconf 90' lang='lat' dir='ltr'><strong>ponuntur,</strong></span> <span class='ocrx_word' id='word_1_102' title='bbox 1701 1618 1930 1670; x_wconf 88' lang='lat' dir='ltr'><strong>trecenti</strong></span> <span class='ocrx_word' id='word_1_103' title='bbox 1990 1618 2155 1671; x_wconf 84' lang='lat' dir='ltr'><strong>cubiti</strong></span> 
     </span>
    </p>
   </div>
   <div class='ocr_carea' id='block_1_17' title="bbox 588 1706 2154 1781">
    <p class='ocr_par' dir='ltr' id='par_1_17' title="bbox 588 1706 2154 1781">
     <span class='ocr_line' id='line_1_17' title="bbox 588 1706 2154 1781; baseline -0.001 -20"><span class='ocrx_word' id='word_1_104' title='bbox 588 1708 1382 1781; x_wconf 83' lang='lat' dir='ltr'><strong>longitudinis.quinquaginta</strong></span> <span class='ocrx_word' id='word_1_105' title='bbox 1420 1706 1741 1771; x_wconf 81' lang='lat' dir='ltr'><strong>latitudinis,</strong></span> <span class='ocrx_word' id='word_1_106' title='bbox 1773 1709 2001 1777; x_wconf 76' lang='lat' dir='ltr'><strong>triginta</strong></span> <span class='ocrx_word' id='word_1_107' title='bbox 2032 1710 2154 1761; x_wconf 77' lang='lat' dir='ltr'><strong>ulti-</strong></span> 
     </span>
    </p>
   </div>
   <div class='ocr_carea' id='block_1_18' title="bbox 588 1799 2146 1864">
    <p class='ocr_par' dir='ltr' id='par_1_18' title="bbox 588 1799 2146 1864">
     <span class='ocr_line' id='line_1_18' title="bbox 588 1799 2146 1864; baseline 0.001 -12"><span class='ocrx_word' id='word_1_108' title='bbox 588 1802 809 1853; x_wconf 86' lang='lat' dir='ltr'><strong>tudinis.</strong></span> <span class='ocrx_word' id='word_1_109' title='bbox 842 1799 1112 1864; x_wconf 86' lang='lat' dir='ltr'><strong>Trecenti,</strong></span> <span class='ocrx_word' id='word_1_110' title='bbox 1146 1800 1442 1852; x_wconf 87' lang='lat' dir='ltr'><strong>terceuteni</strong></span> <span class='ocrx_word' id='word_1_111' title='bbox 1479 1809 1626 1852; x_wconf 89' lang='lat' dir='ltr'><strong>sunt.</strong></span> <span class='ocrx_word' id='word_1_112' title='bbox 1665 1799 2017 1853; x_wconf 88' lang='lat' dir='ltr'><strong>Centenarius</strong></span> <span class='ocrx_word' id='word_1_113' title='bbox 2050 1815 2146 1853; x_wconf 84' lang='lat' dir='ltr'><strong>au-</strong></span> 
     </span>
    </p>
   </div>
   <div class='ocr_carea' id='block_1_19' title="bbox 586 1889 2150 1958">
    <p class='ocr_par' dir='ltr' id='par_1_19' title="bbox 586 1889 2150 1958">
     <span class='ocr_line' id='line_1_19' title="bbox 586 1889 2150 1958; baseline -0.001 -14"><span class='ocrx_word' id='word_1_114' title='bbox 586 1903 689 1944; x_wconf 90' lang='lat' dir='ltr'><strong>tem</strong></span> <span class='ocrx_word' id='word_1_115' title='bbox 718 1904 997 1951; x_wconf 86' lang='lat' dir='ltr'><strong>numerus,</strong></span> <span class='ocrx_word' id='word_1_116' title='bbox 1027 1890 1216 1956; x_wconf 88' lang='lat' dir='ltr'><strong>plenus</strong></span> <span class='ocrx_word' id='word_1_117' title='bbox 1243 1889 1293 1939; x_wconf 85' lang='lat' dir='ltr'><strong>in</strong></span> <span class='ocrx_word' id='word_1_118' title='bbox 1317 1891 1570 1943; x_wconf 88' lang='lat' dir='ltr'><strong>omnibus</strong></span> <span class='ocrx_word' id='word_1_119' title='bbox 1596 1900 1651 1944; x_wconf 86' lang='lat' dir='ltr'><strong>et</strong></span> <span class='ocrx_word' id='word_1_120' title='bbox 1673 1892 1943 1958; x_wconf 81' lang='lat' dir='ltr'><strong>perlectus</strong></span> <span class='ocrx_word' id='word_1_121' title='bbox 1966 1900 2150 1945; x_wconf 84' lang='lat' dir='ltr'><strong>osten-</strong></span> 
     </span>
    </p>
   </div>
   <div class='ocr_carea' id='block_1_20' title="bbox 581 1980 2152 2045">
    <p class='ocr_par' dir='ltr' id='par_1_20' title="bbox 581 1980 2152 2045">
     <span class='ocr_line' id='line_1_20' title="bbox 581 1980 2152 2045; baseline 0 -10"><span class='ocrx_word' id='word_1_122' title='bbox 581 1985 728 2035; x_wconf 80' lang='lat' dir='ltr'><strong>ditur</strong></span> <span class='ocrx_word' id='word_1_123' title='bbox 758 2023 772 2045; x_wconf 93' lang='lat'><strong>,</strong></span> <span class='ocrx_word' id='word_1_124' title='bbox 808 1990 862 2035; x_wconf 89' lang='lat' dir='ltr'><strong>et</strong></span> <span class='ocrx_word' id='word_1_125' title='bbox 896 1981 1062 2034; x_wconf 84' lang='lat' dir='ltr'><strong>totius</strong></span> <span class='ocrx_word' id='word_1_126' title='bbox 1112 1980 1393 2033; x_wconf 81' lang='lat' dir='ltr'><strong>rationalis</strong></span> <span class='ocrx_word' id='word_1_127' title='bbox 1428 1992 1691 2036; x_wconf 78' lang='lat' dir='ltr'><strong>creatura:</strong></span> <span class='ocrx_word' id='word_1_128' title='bbox 1737 1983 2025 2036; x_wconf 86' lang='lat' dir='ltr'><strong>continens</strong></span> <span class='ocrx_word' id='word_1_129' title='bbox 2064 1998 2152 2037; x_wconf 90' lang='lat' dir='ltr'><strong>sa-</strong></span> 
     </span>
    </p>
   </div>
   <div class='ocr_carea' id='block_1_21' title="bbox 578 2071 2150 2142">
    <p class='ocr_par' dir='ltr' id='par_1_21' title="bbox 578 2071 2150 2142">
     <span class='ocr_line' id='line_1_21' title="bbox 578 2071 2150 2142; baseline -0.001 -14"><span class='ocrx_word' id='word_1_130' title='bbox 578 2080 921 2128; x_wconf 86' lang='lat' dir='ltr'><strong>cramentum</strong></span> <span class='ocrx_word' id='word_1_131' title='bbox 976 2072 1166 2125; x_wconf 79' lang='lat' dir='ltr'><strong>:siCut</strong></span> <span class='ocrx_word' id='word_1_132' title='bbox 1236 2074 1288 2124; x_wconf 91' lang='lat' dir='ltr'><strong>in</strong></span> <span class='ocrx_word' id='word_1_133' title='bbox 1340 2071 1651 2142; x_wconf 80' lang='lat' dir='ltr'><strong>Evangeliis</strong></span> <span class='ocrx_word' id='word_1_134' title='bbox 1708 2072 1935 2142; x_wconf 83' lang='lat' dir='ltr'><strong>legimus</strong></span> <span class='ocrx_word' id='word_1_135' title='bbox 1966 2072 2031 2135; x_wconf 74' lang='grc'><strong>⁸⁸,</strong></span> <span class='ocrx_word' id='word_1_136' title='bbox 2061 2072 2150 2126; x_wconf 91' lang='lat' dir='ltr'><strong>ubi</strong></span> 
     </span>
    </p>
   </div>
   <div class='ocr_carea' id='block_1_22' title="bbox 583 2163 2149 2231">
    <p class='ocr_par' dir='ltr' id='par_1_22' title="bbox 583 2163 2149 2231">
     <span class='ocr_line' id='line_1_22' title="bbox 583 2163 2149 2231; baseline 0.001 -16"><span class='ocrx_word' id='word_1_137' title='bbox 583 2165 714 2217; x_wconf 76' lang='lat' dir='ltr'><strong>dicit</strong></span> <span class='ocrx_word' id='word_1_138' title='bbox 742 2163 868 2231; x_wconf 84' lang='lat' dir='ltr'><strong>quia</strong></span> <span class='ocrx_word' id='word_1_139' title='bbox 900 2163 1106 2216; x_wconf 87' lang='lat' dir='ltr'><strong>habens</strong></span> <span class='ocrx_word' id='word_1_140' title='bbox 1132 2163 1252 2230; x_wconf 84' lang='lat' dir='ltr'><strong>quis</strong></span> <span class='ocrx_word' id='word_1_141' title='bbox 1277 2173 1495 2215; x_wconf 89' lang='lat' dir='ltr'><strong>centum</strong></span> <span class='ocrx_word' id='word_1_142' title='bbox 1534 2178 1682 2228; x_wconf 88' lang='lat' dir='ltr'><strong>oves,</strong></span> <span class='ocrx_word' id='word_1_143' title='bbox 1715 2179 1779 2217; x_wconf 79' lang='lat' dir='ltr'><strong>ex</strong></span> <span class='ocrx_word' id='word_1_144' title='bbox 1807 2165 2001 2231; x_wconf 90' lang='lat' dir='ltr'><strong>quibus</strong></span> <span class='ocrx_word' id='word_1_145' title='bbox 2028 2178 2149 2217; x_wconf 89' lang='lat' dir='ltr'><strong>cum</strong></span> 
     </span>
    </p>
   </div>
   <div class='ocr_carea' id='block_1_23' title="bbox 585 2253 2147 2324">
    <p class='ocr_par' dir='ltr' id='par_1_23' title="bbox 585 2253 2147 2324">
     <span class='ocr_line' id='line_1_23' title="bbox 585 2253 2147 2324; baseline -0.001 -16"><span class='ocrx_word' id='word_1_146' title='bbox 585 2257 815 2324; x_wconf 89' lang='lat' dir='ltr'><strong>perisset</strong></span> <span class='ocrx_word' id='word_1_147' title='bbox 846 2268 972 2319; x_wconf 88' lang='lat' dir='ltr'><strong>una,</strong></span> <span class='ocrx_word' id='word_1_148' title='bbox 997 2253 1198 2306; x_wconf 88' lang='lat' dir='ltr'><strong>relictis</strong></span> <span class='ocrx_word' id='word_1_149' title='bbox 1230 2256 1520 2323; x_wconf 83' lang='lat' dir='ltr'><strong>nonaginta</strong></span> <span class='ocrx_word' id='word_1_150' title='bbox 1552 2270 1743 2307; x_wconf 88' lang='lat' dir='ltr'><strong>novem</strong></span> <span class='ocrx_word' id='word_1_151' title='bbox 1772 2255 1822 2307; x_wconf 93' lang='lat' dir='ltr'><strong>in</strong></span> <span class='ocrx_word' id='word_1_152' title='bbox 1852 2254 2147 2315; x_wconf 90' lang='lat' dir='ltr'><strong>montibus,</strong></span> 
     </span>
    </p>
   </div>
   <div class='ocr_carea' id='block_1_24' title="bbox 585 2345 2151 2413">
    <p class='ocr_par' dir='ltr' id='par_1_24' title="bbox 585 2345 2151 2413">
     <span class='ocr_line' id='line_1_24' title="bbox 585 2345 2151 2413; baseline -0.003 -14"><span class='ocrx_word' id='word_1_153' title='bbox 585 2347 865 2401; x_wconf 84' lang='lat' dir='ltr'><strong>descendit</strong></span> <span class='ocrx_word' id='word_1_154' title='bbox 902 2358 1142 2412; x_wconf 70' lang='lat' dir='ltr'><strong>quaerere</strong></span> <span class='ocrx_word' id='word_1_155' title='bbox 1196 2358 1313 2397; x_wconf 88' lang='lat' dir='ltr'><strong>eam</strong></span> <span class='ocrx_word' id='word_1_156' title='bbox 1363 2359 1485 2413; x_wconf 70' lang='lat' dir='ltr'><strong>quae</strong></span> <span class='ocrx_word' id='word_1_157' title='bbox 1538 2346 1802 2413; x_wconf 88' lang='lat' dir='ltr'><strong>perierat,</strong></span> <span class='ocrx_word' id='word_1_158' title='bbox 1867 2353 1923 2398; x_wconf 90' lang='lat' dir='ltr'><strong>et</strong></span> <span class='ocrx_word' id='word_1_159' title='bbox 1970 2345 2151 2413; x_wconf 85' lang='lat' dir='ltr'><strong>posuit</strong></span> 
     </span>
    </p>
   </div>
   <div class='ocr_carea' id='block_1_25' title="bbox 585 2434 2150 2506">
    <p class='ocr_par' dir='ltr' id='par_1_25' title="bbox 585 2434 2150 2506">
     <span class='ocr_line' id='line_1_25' title="bbox 585 2434 2150 2506; baseline -0.003 -14"><span class='ocrx_word' id='word_1_160' title='bbox 585 2455 706 2493; x_wconf 90' lang='lat' dir='ltr'><strong>cum</strong></span> <span class='ocrx_word' id='word_1_161' title='bbox 738 2439 843 2493; x_wconf 88' lang='lat' dir='ltr'><strong>illis</strong></span> <span class='ocrx_word' id='word_1_162' title='bbox 877 2439 1168 2506; x_wconf 72' lang='lat' dir='ltr'><strong>nonaginta</strong></span> <span class='ocrx_word' id='word_1_163' title='bbox 1199 2452 1392 2490; x_wconf 83' lang='lat' dir='ltr'><strong>novem</strong></span> <span class='ocrx_word' id='word_1_164' title='bbox 1448 2450 1565 2501; x_wconf 64' lang='lat' dir='ltr'><strong>qua:</strong></span> <span class='ocrx_word' id='word_1_165' title='bbox 1594 2451 1697 2488; x_wconf 92' lang='lat' dir='ltr'><strong>non</strong></span> <span class='ocrx_word' id='word_1_166' title='bbox 1724 2436 2013 2505; x_wconf 82' lang='lat' dir='ltr'><strong>perierant.</strong></span> <span class='ocrx_word' id='word_1_167' title='bbox 2052 2434 2150 2488; x_wconf 83' lang='lat' dir='ltr'><strong>Hic</strong></span> 
     </span>
    </p>
   </div>
   <div class='ocr_carea' id='block_1_26' title="bbox 582 2525 2143 2600">
    <p class='ocr_par' dir='ltr' id='par_1_26' title="bbox 582 2525 2143 2600">
     <span class='ocr_line' id='line_1_26' title="bbox 582 2525 2143 2600; baseline -0.005 -15"><span class='ocrx_word' id='word_1_168' title='bbox 582 2531 1078 2600; x_wconf 82' lang='lat' dir='ltr'><strong>crgoccnteuarius</strong></span> <span class='ocrx_word' id='word_1_169' title='bbox 1109 2530 1271 2581; x_wconf 88' lang='lat' dir='ltr'><strong>totius</strong></span> <span class='ocrx_word' id='word_1_170' title='bbox 1307 2538 1571 2581; x_wconf 75' lang='lat' dir='ltr'><strong>creatura:</strong></span> <span class='ocrx_word' id='word_1_171' title='bbox 1624 2525 1905 2578; x_wconf 84' lang='lat' dir='ltr'><strong>rationalis</strong></span> <span class='ocrx_word' id='word_1_172' title='bbox 1959 2539 2143 2578; x_wconf 84' lang='lat' dir='ltr'><strong>nume-</strong></span> 
     </span>
    </p>
   </div>
   <div class='ocr_carea' id='block_1_27' title="bbox 587 2614 2148 2687">
    <p class='ocr_par' dir='ltr' id='par_1_27' title="bbox 587 2614 2148 2687">
     <span class='ocr_line' id='line_1_27' title="bbox 587 2614 2148 2687; baseline -0.003 -16"><span class='ocrx_word' id='word_1_173' title='bbox 587 2636 698 2683; x_wconf 85' lang='lat' dir='ltr'><strong>rus,</strong></span> <span class='ocrx_word' id='word_1_174' title='bbox 737 2620 993 2687; x_wconf 85' lang='lat' dir='ltr'><strong>quoniam</strong></span> <span class='ocrx_word' id='word_1_175' title='bbox 1047 2633 1148 2672; x_wconf 92' lang='lat' dir='ltr'><strong>non</strong></span> <span class='ocrx_word' id='word_1_176' title='bbox 1205 2633 1267 2671; x_wconf 83' lang='lat' dir='ltr'><strong>cx</strong></span> <span class='ocrx_word' id='word_1_177' title='bbox 1305 2616 1601 2683; x_wconf 87' lang='lat' dir='ltr'><strong>semetipso</strong></span> <span class='ocrx_word' id='word_1_178' title='bbox 1625 2615 1895 2677; x_wconf 81' lang='lat' dir='ltr'><strong>subsistit,</strong></span> <span class='ocrx_word' id='word_1_179' title='bbox 1932 2614 2026 2667; x_wconf 89' lang='lat' dir='ltr'><strong>sed</strong></span> <span class='ocrx_word' id='word_1_180' title='bbox 2080 2628 2148 2667; x_wconf 78' lang='lat' dir='ltr'><strong>ex</strong></span> 
     </span>
    </p>
   </div>
   <div class='ocr_carea' id='block_1_28' title="bbox 584 2705 2149 2776">
    <p class='ocr_par' dir='ltr' id='par_1_28' title="bbox 584 2705 2149 2776">
     <span class='ocr_line' id='line_1_28' title="bbox 584 2705 2149 2776; baseline -0.003 -13"><span class='ocrx_word' id='word_1_181' title='bbox 584 2710 851 2764; x_wconf 88' lang='lat' dir='ltr'><strong>Triuitate</strong></span> <span class='ocrx_word' id='word_1_182' title='bbox 897 2710 1201 2773; x_wconf 87' lang='lat' dir='ltr'><strong>descendit,</strong></span> <span class='ocrx_word' id='word_1_183' title='bbox 1225 2718 1279 2762; x_wconf 87' lang='lat' dir='ltr'><strong>et</strong></span> <span class='ocrx_word' id='word_1_184' title='bbox 1310 2708 1698 2776; x_wconf 78' lang='lat' dir='ltr'><strong>longitudinem</strong></span> <span class='ocrx_word' id='word_1_185' title='bbox 1725 2708 1871 2769; x_wconf 65' lang='lat' dir='ltr'><strong>vita},</strong></span> <span class='ocrx_word' id='word_1_186' title='bbox 1906 2705 2006 2759; x_wconf 89' lang='lat' dir='ltr'><strong>hoc</strong></span> <span class='ocrx_word' id='word_1_187' title='bbox 2063 2714 2149 2759; x_wconf 86' lang='lat' dir='ltr'><strong>est</strong></span> 
     </span>
    </p>
   </div>
   <div class='ocr_carea' id='block_1_29' title="bbox 584 2796 2150 2869">
    <p class='ocr_par' dir='ltr' id='par_1_29' title="bbox 584 2796 2150 2869">
     <span class='ocr_line' id='line_1_29' title="bbox 584 2796 2150 2869; baseline -0.003 -15"><span class='ocrx_word' id='word_1_188' title='bbox 584 2801 1007 2854; x_wconf 87' lang='lat' dir='ltr'><strong>immortalitatis</strong></span> <span class='ocrx_word' id='word_1_189' title='bbox 1058 2800 1313 2869; x_wconf 75' lang='lat' dir='ltr'><strong>gratiam,</strong></span> <span class='ocrx_word' id='word_1_190' title='bbox 1366 2814 1432 2851; x_wconf 79' lang='lat' dir='ltr'><strong>ex</strong></span> <span class='ocrx_word' id='word_1_191' title='bbox 1466 2797 1628 2851; x_wconf 86' lang='lat' dir='ltr'><strong>Patre</strong></span> <span class='ocrx_word' id='word_1_192' title='bbox 1688 2813 1783 2866; x_wconf 92' lang='lat' dir='ltr'><strong>per</strong></span> <span class='ocrx_word' id='word_1_193' title='bbox 1840 2796 2035 2850; x_wconf 84' lang='lat' dir='ltr'><strong>Filium</strong></span> <span class='ocrx_word' id='word_1_194' title='bbox 2084 2811 2150 2851; x_wconf 89' lang='lat' dir='ltr'><strong>ac</strong></span> 
     </span>
    </p>
   </div>
   <div class='ocr_carea' id='block_1_30' title="bbox 583 2888 2147 2960">
    <p class='ocr_par' dir='ltr' id='par_1_30' title="bbox 583 2888 2147 2960">
     <span class='ocr_line' id='line_1_30' title="bbox 583 2888 2147 2960; baseline -0.003 -14"><span class='ocrx_word' id='word_1_195' title='bbox 583 2890 844 2960; x_wconf 87' lang='lat' dir='ltr'><strong>Spiritum</strong></span> <span class='ocrx_word' id='word_1_196' title='bbox 874 2901 1120 2945; x_wconf 88' lang='lat' dir='ltr'><strong>sanctum</strong></span> <span class='ocrx_word' id='word_1_197' title='bbox 1168 2889 1438 2955; x_wconf 88' lang='lat' dir='ltr'><strong>suscepit,</strong></span> <span class='ocrx_word' id='word_1_198' title='bbox 1478 2888 1678 2943; x_wconf 89' lang='lat' dir='ltr'><strong>idcirco</strong></span> <span class='ocrx_word' id='word_1_199' title='bbox 1712 2888 2013 2957; x_wconf 87' lang='lat' dir='ltr'><strong>triplicatus</strong></span> <span class='ocrx_word' id='word_1_200' title='bbox 2048 2903 2147 2957; x_wconf 59' lang='lat' dir='ltr'><strong>po-</strong></span> 
     </span>
    </p>
   </div>
   <div class='ocr_carea' id='block_1_31' title="bbox 582 2978 2150 3052">
    <p class='ocr_par' dir='ltr' id='par_1_31' title="bbox 582 2978 2150 3052">
     <span class='ocr_line' id='line_1_31' title="bbox 582 2978 2150 3052; baseline -0.002 -16"><span class='ocrx_word' id='word_1_201' title='bbox 582 2987 729 3038; x_wconf 90' lang='lat' dir='ltr'><strong>nitur</strong></span> <span class='ocrx_word' id='word_1_202' title='bbox 762 3002 775 3038; x_wconf 89' lang='lat'><strong>:</strong></span> <span class='ocrx_word' id='word_1_203' title='bbox 809 2994 989 3052; x_wconf 89' lang='lat' dir='ltr'><strong>utpote</strong></span> <span class='ocrx_word' id='word_1_204' title='bbox 1022 2982 1111 3050; x_wconf 87' lang='lat' dir='ltr'><strong>qui</strong></span> <span class='ocrx_word' id='word_1_205' title='bbox 1148 2982 1212 3034; x_wconf 88' lang='lat' dir='ltr'><strong>ad</strong></span> <span class='ocrx_word' id='word_1_206' title='bbox 1239 2979 1624 3048; x_wconf 87' lang='lat' dir='ltr'><strong>perfectionem</strong></span> <span class='ocrx_word' id='word_1_207' title='bbox 1656 2993 1753 3047; x_wconf 89' lang='lat' dir='ltr'><strong>per</strong></span> <span class='ocrx_word' id='word_1_208' title='bbox 1776 2978 2003 3048; x_wconf 88' lang='lat' dir='ltr'><strong>gratiam</strong></span> <span class='ocrx_word' id='word_1_209' title='bbox 2029 2978 2150 3033; x_wconf 86' lang='lat' dir='ltr'><strong>Tri-</strong></span> 
     </span>
    </p>
   </div>
   <div class='ocr_carea' id='block_1_32' title="bbox 583 3070 2147 3145">
    <p class='ocr_par' dir='ltr' id='par_1_32' title="bbox 583 3070 2147 3145">
     <span class='ocr_line' id='line_1_32' title="bbox 583 3070 2147 3145; baseline -0.002 -17"><span class='ocrx_word' id='word_1_210' title='bbox 583 3078 769 3131; x_wconf 85' lang='lat' dir='ltr'><strong>nitatis</strong></span> <span class='ocrx_word' id='word_1_211' title='bbox 800 3084 1052 3145; x_wconf 86' lang='lat' dir='ltr'><strong>augetur,</strong></span> <span class='ocrx_word' id='word_1_212' title='bbox 1094 3084 1147 3128; x_wconf 87' lang='lat' dir='ltr'><strong>et</strong></span> <span class='ocrx_word' id='word_1_213' title='bbox 1175 3072 1265 3143; x_wconf 90' lang='lat' dir='ltr'><strong>qui</strong></span> <span class='ocrx_word' id='word_1_214' title='bbox 1308 3086 1369 3125; x_wconf 82' lang='lat' dir='ltr'><strong>ex</strong></span> <span class='ocrx_word' id='word_1_215' title='bbox 1399 3070 1716 3125; x_wconf 87' lang='lat' dir='ltr'><strong>centenario</strong></span> <span class='ocrx_word' id='word_1_216' title='bbox 1750 3084 1847 3139; x_wconf 91' lang='lat' dir='ltr'><strong>per</strong></span> <span class='ocrx_word' id='word_1_217' title='bbox 1895 3070 2147 3140; x_wconf 85' lang='lat' dir='ltr'><strong>ignoran-</strong></span> 
     </span>
    </p>
   </div>
   <div class='ocr_carea' id='block_1_33' title="bbox 583 3162 2217 3238">
    <p class='ocr_par' dir='ltr' id='par_1_33' title="bbox 583 3162 2217 3238">
     <span class='ocr_line' id='line_1_33' title="bbox 583 3162 2217 3238; baseline -0.002 -17"><span class='ocrx_word' id='word_1_218' title='bbox 583 3172 711 3222; x_wconf 86' lang='lat' dir='ltr'><strong>tiam</strong></span> <span class='ocrx_word' id='word_1_219' title='bbox 746 3170 979 3237; x_wconf 86' lang='lat' dir='ltr'><strong>lapsum,</strong></span> <span class='ocrx_word' id='word_1_220' title='bbox 1015 3182 1111 3236; x_wconf 89' lang='lat' dir='ltr'><strong>per</strong></span> <span class='ocrx_word' id='word_1_221' title='bbox 1137 3164 1468 3234; x_wconf 84' lang='lat' dir='ltr'><strong>agnitionem</strong></span> <span class='ocrx_word' id='word_1_222' title='bbox 1502 3162 1781 3217; x_wconf 86' lang='lat' dir='ltr'><strong>Trinitatis</strong></span> <span class='ocrx_word' id='word_1_223' title='bbox 1814 3164 2064 3219; x_wconf 87' lang='lat' dir='ltr'><strong>restituat</strong></span> <span class='ocrx_word' id='word_1_224' title='bbox 2090 3165 2142 3218; x_wconf 90' lang='lat' dir='ltr'><strong>in</strong></span> <span class='ocrx_word' id='word_1_225' title='bbox 2170 3174 2217 3238; x_wconf 74' lang='grc' dir='ltr'>ο</span> 
     </span>
    </p>
   </div>
   <div class='ocr_carea' id='block_1_34' title="bbox 583 3254 2147 3324">
    <p class='ocr_par' dir='ltr' id='par_1_34' title="bbox 583 3254 2147 3324">
     <span class='ocr_line' id='line_1_34' title="bbox 583 3254 2147 3324; baseline -0.003 -9"><span class='ocrx_word' id='word_1_226' title='bbox 583 3272 875 3315; x_wconf 87' lang='lat' dir='ltr'><strong>trecentos.</strong></span> <span class='ocrx_word' id='word_1_227' title='bbox 908 3257 1164 3312; x_wconf 88' lang='lat' dir='ltr'><strong>Latitudo</strong></span> <span class='ocrx_word' id='word_1_228' title='bbox 1190 3254 1718 3324; x_wconf 84' lang='lat' dir='ltr'><strong>quinquagenarium</strong></span> <span class='ocrx_word' id='word_1_229' title='bbox 1750 3267 2035 3309; x_wconf 89' lang='lat' dir='ltr'><strong>numerum</strong></span> <span class='ocrx_word' id='word_1_230' title='bbox 2071 3265 2147 3310; x_wconf 90' lang='lat' dir='ltr'><strong>te-</strong></span> 
     </span>
    </p>
   </div>
   <div class='ocr_carea' id='block_1_35' title="bbox 580 3346 2145 3419">
    <p class='ocr_par' dir='ltr' id='par_1_35' title="bbox 580 3346 2145 3419">
     <span class='ocr_line' id='line_1_35' title="bbox 580 3346 2145 3419; baseline -0.004 -13"><span class='ocrx_word' id='word_1_231' title='bbox 580 3364 690 3407; x_wconf 91' lang='lat' dir='ltr'><strong>net.</strong></span> <span class='ocrx_word' id='word_1_232' title='bbox 718 3351 817 3419; x_wconf 87' lang='lat' dir='ltr'><strong>Qui</strong></span> <span class='ocrx_word' id='word_1_233' title='bbox 848 3362 1103 3403; x_wconf 85' lang='lat' dir='ltr'><strong>numerus</strong></span> <span class='ocrx_word' id='word_1_234' title='bbox 1132 3346 1439 3399; x_wconf 87' lang='lat' dir='ltr'><strong>remissioni</strong></span> <span class='ocrx_word' id='word_1_235' title='bbox 1474 3354 1529 3399; x_wconf 90' lang='lat' dir='ltr'><strong>et</strong></span> <span class='ocrx_word' id='word_1_236' title='bbox 1574 3346 1921 3414; x_wconf 82' lang='lat' dir='ltr'><strong>indulgentiae</strong></span> <span class='ocrx_word' id='word_1_237' title='bbox 1953 3359 2145 3401; x_wconf 83' lang='lat' dir='ltr'><strong>conse-</strong></span> 
     </span>
    </p>
   </div>
   <div class='ocr_carea' id='block_1_36' title="bbox 578 3435 2145 3505">
    <p class='ocr_par' dir='ltr' id='par_1_36' title="bbox 578 3435 2145 3505">
     <span class='ocr_line' id='line_1_36' title="bbox 578 3435 2145 3505; baseline -0.003 -8"><span class='ocrx_word' id='word_1_238' title='bbox 578 3452 765 3497; x_wconf 80' lang='lat' dir='ltr'><strong>crauis</strong></span> <span class='ocrx_word' id='word_1_239' title='bbox 793 3449 896 3495; x_wconf 89' lang='lat' dir='ltr'><strong>est.</strong></span> <span class='ocrx_word' id='word_1_240' title='bbox 934 3436 1242 3492; x_wconf 88' lang='lat' dir='ltr'><strong>Secmnlum</strong></span> <span class='ocrx_word' id='word_1_241' title='bbox 1297 3435 1470 3504; x_wconf 79' lang='lat' dir='ltr'><strong>legero</strong></span> <span class='ocrx_word' id='word_1_242' title='bbox 1511 3437 1654 3490; x_wconf 91' lang='lat' dir='ltr'><strong>enim</strong></span> <span class='ocrx_word' id='word_1_243' title='bbox 1691 3437 2145 3505; x_wconf 86' lang='lat' dir='ltr'><strong>quinquagesimo</strong></span> 
     </span>
    </p>
   </div>
   <div class='ocr_carea' id='block_1_37' title="bbox 579 3526 2146 3597">
    <p class='ocr_par' dir='ltr' id='par_1_37' title="bbox 579 3526 2146 3597">
     <span class='ocr_line' id='line_1_37' title="bbox 579 3526 2146 3597; baseline -0.005 -8"><span class='ocrx_word' id='word_1_244' title='bbox 579 3550 721 3589; x_wconf 87' lang='lat' dir='ltr'><strong>anno</strong></span> <span class='ocrx_word' id='word_1_245' title='bbox 766 3531 1014 3587; x_wconf 83' lang='lat' dir='ltr'><strong>remissio</strong></span> <span class='ocrx_word' id='word_1_246' title='bbox 1043 3536 1181 3589; x_wconf 88' lang='lat' dir='ltr'><strong>erat,</strong></span> <span class='ocrx_word' id='word_1_247' title='bbox 1224 3526 1275 3579; x_wconf 92' lang='lat' dir='ltr'><strong>id</strong></span> <span class='ocrx_word' id='word_1_248' title='bbox 1309 3534 1391 3580; x_wconf 90' lang='lat' dir='ltr'><strong>est</strong></span> <span class='ocrx_word' id='word_1_249' title='bbox 1452 3534 1512 3580; x_wconf 93' lang='lat' dir='ltr'><strong>ut</strong></span> <span class='ocrx_word' id='word_1_250' title='bbox 1562 3526 1606 3580; x_wconf 89' lang='lat' dir='ltr'><strong>si</strong></span> <span class='ocrx_word' id='word_1_251' title='bbox 1640 3528 1761 3597; x_wconf 88' lang='lat' dir='ltr'><strong>quis</strong></span> <span class='ocrx_word' id='word_1_252' title='bbox 1803 3528 2146 3581; x_wconf 76' lang='lat' dir='ltr'><strong>distraxisset</strong></span> 
     </span>
    </p>
   </div>
   <div class='ocr_carea' id='block_1_38' title="bbox 580 3618 2146 3695">
    <p class='ocr_par' dir='ltr' id='par_1_38' title="bbox 580 3618 2146 3695">
     <span class='ocr_line' id='line_1_38' title="bbox 580 3618 2146 3695; baseline -0.004 -18"><span class='ocrx_word' id='word_1_253' title='bbox 580 3624 1003 3695; x_wconf 85' lang='lat' dir='ltr'><strong>possessionem,</strong></span> <span class='ocrx_word' id='word_1_254' title='bbox 1032 3620 1302 3686; x_wconf 89' lang='lat' dir='ltr'><strong>reciperet</strong></span> <span class='ocrx_word' id='word_1_255' title='bbox 1328 3635 1343 3682; x_wconf 88' lang='lat'><strong>;</strong></span> <span class='ocrx_word' id='word_1_256' title='bbox 1375 3618 1419 3671; x_wconf 86' lang='lat' dir='ltr'><strong>si</strong></span> <span class='ocrx_word' id='word_1_257' title='bbox 1466 3618 1600 3672; x_wconf 86' lang='lat' dir='ltr'><strong>liber</strong></span> <span class='ocrx_word' id='word_1_258' title='bbox 1630 3619 1682 3671; x_wconf 94' lang='lat' dir='ltr'><strong>in</strong></span> <span class='ocrx_word' id='word_1_259' title='bbox 1713 3619 2028 3671; x_wconf 88' lang='lat' dir='ltr'><strong>servitutem</strong></span> <span class='ocrx_word' id='word_1_260' title='bbox 2055 3633 2146 3671; x_wconf 83' lang='lat' dir='ltr'><strong>ve-</strong></span> 
     </span>
    </p>
   </div>
   <div class='ocr_carea' id='block_1_39' title="bbox 581 3707 2149 3781">
    <p class='ocr_par' dir='ltr' id='par_1_39' title="bbox 581 3707 2149 3781">
     <span class='ocr_line' id='line_1_39' title="bbox 581 3707 2149 3781; baseline -0.006 -13"><span class='ocrx_word' id='word_1_261' title='bbox 581 3717 767 3779; x_wconf 89' lang='lat' dir='ltr'><strong>nisset,</strong></span> <span class='ocrx_word' id='word_1_262' title='bbox 802 3714 1062 3781; x_wconf 85' lang='lat' dir='ltr'><strong>reciperet</strong></span> <span class='ocrx_word' id='word_1_263' title='bbox 1120 3709 1421 3761; x_wconf 86' lang='lat' dir='ltr'><strong>libertatem</strong></span> <span class='ocrx_word' id='word_1_264' title='bbox 1447 3747 1462 3770; x_wconf 94' lang='lat'><strong>,</strong></span> <span class='ocrx_word' id='word_1_265' title='bbox 1515 3708 1896 3777; x_wconf 78' lang='lat' dir='ltr'><strong>indulgentiam</strong></span> <span class='ocrx_word' id='word_1_266' title='bbox 1930 3707 2149 3761; x_wconf 83' lang='lat' dir='ltr'><strong>debitor</strong></span> 
     </span>
    </p>
   </div>
   <div class='ocr_carea' id='block_1_40' title="bbox 581 3796 2145 3869">
    <p class='ocr_par' dir='ltr' id='par_1_40' title="bbox 581 3796 2145 3869">
     <span class='ocr_line' id='line_1_40' title="bbox 581 3796 2145 3869; baseline -0.004 -15"><span class='ocrx_word' id='word_1_267' title='bbox 581 3803 891 3869; x_wconf 85' lang='lat' dir='ltr'><strong>acciperet,</strong></span> <span class='ocrx_word' id='word_1_268' title='bbox 923 3798 1074 3853; x_wconf 78' lang='lat' dir='ltr'><strong>exsul</strong></span> <span class='ocrx_word' id='word_1_269' title='bbox 1110 3797 1309 3850; x_wconf 89' lang='lat' dir='ltr'><strong>rediret</strong></span> <span class='ocrx_word' id='word_1_270' title='bbox 1335 3798 1398 3849; x_wconf 88' lang='lat' dir='ltr'><strong>ad</strong></span> <span class='ocrx_word' id='word_1_271' title='bbox 1425 3797 1679 3863; x_wconf 84' lang='lat' dir='ltr'><strong>patriam.</strong></span> <span class='ocrx_word' id='word_1_272' title='bbox 1711 3796 1984 3865; x_wconf 87' lang='lat' dir='ltr'><strong>Spiritalis</strong></span> <span class='ocrx_word' id='word_1_273' title='bbox 2015 3810 2145 3864; x_wconf 82' lang='lat' dir='ltr'><strong>ergo</strong></span> 
     </span>
    </p>
   </div>
   <div class='ocr_carea' id='block_1_41' title="bbox 578 3889 2135 3965">
    <p class='ocr_par' dir='ltr' id='par_1_41' title="bbox 578 3889 2135 3965">
     <span class='ocr_line' id='line_1_41' title="bbox 578 3889 2135 3965; baseline -0.005 -19"><span class='ocrx_word' id='word_1_274' title='bbox 578 3894 686 3965; x_wconf 78' lang='lat'><strong>6&#39;5</strong></span> <span class='ocrx_word' id='word_1_275' title='bbox 738 3892 843 3945; x_wconf 76' lang='lat' dir='ltr'><strong>Noe</strong></span> <span class='ocrx_word' id='word_1_276' title='bbox 873 3892 1122 3945; x_wconf 81' lang='lat' dir='ltr'><strong>Christus</strong></span> <span class='ocrx_word' id='word_1_277' title='bbox 1175 3892 1226 3943; x_wconf 94' lang='lat' dir='ltr'><strong>iu</strong></span> <span class='ocrx_word' id='word_1_278' title='bbox 1262 3904 1384 3942; x_wconf 86' lang='lat' dir='ltr'><strong>arca</strong></span> <span class='ocrx_word' id='word_1_279' title='bbox 1425 3903 1545 3949; x_wconf 86' lang='lat' dir='ltr'><strong>sua,</strong></span> <span class='ocrx_word' id='word_1_280' title='bbox 1614 3889 1663 3941; x_wconf 92' lang='lat' dir='ltr'><strong>in</strong></span> <span class='ocrx_word' id='word_1_281' title='bbox 1698 3903 1801 3956; x_wconf 92' lang='lat' dir='ltr'><strong>qua</strong></span> <span class='ocrx_word' id='word_1_282' title='bbox 1839 3889 2135 3941; x_wconf 82' lang='lat' dir='ltr'><strong>humanum</strong></span> 
     </span>
    </p>
   </div>
   <div class='ocr_carea' id='block_1_42' title="bbox 580 3978 2142 4054">
    <p class='ocr_par' dir='ltr' id='par_1_42' title="bbox 580 3978 2142 4054">
     <span class='ocr_line' id='line_1_42' title="bbox 580 3978 2142 4054; baseline -0.006 -18"><span class='ocrx_word' id='word_1_283' title='bbox 580 4000 750 4054; x_wconf 82' lang='lat' dir='ltr'><strong>genus</strong></span> <span class='ocrx_word' id='word_1_284' title='bbox 780 3985 844 4037; x_wconf 91' lang='lat' dir='ltr'><strong>de</strong></span> <span class='ocrx_word' id='word_1_285' title='bbox 878 3984 1099 4035; x_wconf 89' lang='lat' dir='ltr'><strong>interitu</strong></span> <span class='ocrx_word' id='word_1_286' title='bbox 1158 3981 1378 4043; x_wconf 87' lang='lat' dir='ltr'><strong>liberat,</strong></span> <span class='ocrx_word' id='word_1_287' title='bbox 1413 3979 1464 4034; x_wconf 90' lang='lat' dir='ltr'><strong>id</strong></span> <span class='ocrx_word' id='word_1_288' title='bbox 1511 3988 1595 4033; x_wconf 85' lang='lat' dir='ltr'><strong>est</strong></span> <span class='ocrx_word' id='word_1_289' title='bbox 1630 3978 1680 4031; x_wconf 90' lang='lat' dir='ltr'><strong>iu</strong></span> <span class='ocrx_word' id='word_1_290' title='bbox 1718 3979 1965 4031; x_wconf 84' lang='lat' dir='ltr'><strong>Ecclesia</strong></span> <span class='ocrx_word' id='word_1_291' title='bbox 2025 3994 2142 4040; x_wconf 88' lang='lat' dir='ltr'><strong>sua,</strong></span> 
     </span>
    </p>
   </div>
   <div class='ocr_carea' id='block_1_43' title="bbox 584 4069 2141 4143">
    <p class='ocr_par' dir='ltr' id='par_1_43' title="bbox 584 4069 2141 4143">
     <span class='ocr_line' id='line_1_43' title="bbox 584 4069 2141 4143; baseline -0.004 -15"><span class='ocrx_word' id='word_1_292' title='bbox 584 4079 729 4128; x_wconf 92' lang='lat' dir='ltr'><strong>hunc</strong></span> <span class='ocrx_word' id='word_1_293' title='bbox 783 4073 1308 4143; x_wconf 80' lang='lat' dir='ltr'><strong>quinquagenarium</strong></span> <span class='ocrx_word' id='word_1_294' title='bbox 1371 4070 1708 4125; x_wconf 89' lang='lat' dir='ltr'><strong>remissionis</strong></span> <span class='ocrx_word' id='word_1_295' title='bbox 1762 4085 2046 4121; x_wconf 90' lang='lat' dir='ltr'><strong>numerum</strong></span> <span class='ocrx_word' id='word_1_296' title='bbox 2091 4069 2141 4121; x_wconf 92' lang='lat' dir='ltr'><strong>in</strong></span> 
     </span>
    </p>
   </div>
   <div class='ocr_carea' id='block_1_44' title="bbox 580 4161 2143 4227">
    <p class='ocr_par' dir='ltr' id='par_1_44' title="bbox 580 4161 2143 4227">
     <span class='ocr_line' id='line_1_44' title="bbox 580 4161 2143 4227; baseline -0.005 -8"><span class='ocrx_word' id='word_1_297' title='bbox 580 4166 864 4219; x_wconf 74' lang='lat' dir='ltr'><strong>latitudine</strong></span> <span class='ocrx_word' id='word_1_298' title='bbox 898 4164 1203 4217; x_wconf 82' lang='lat' dir='ltr'><strong>collocavit.</strong></span> <span class='ocrx_word' id='word_1_299' title='bbox 1242 4162 1352 4216; x_wconf 83' lang='lat' dir='ltr'><strong>Nisi</strong></span> <span class='ocrx_word' id='word_1_300' title='bbox 1381 4164 1524 4215; x_wconf 90' lang='lat' dir='ltr'><strong>enim</strong></span> <span class='ocrx_word' id='word_1_301' title='bbox 1556 4161 1929 4215; x_wconf 86' lang='lat' dir='ltr'><strong>remissionem</strong></span> <span class='ocrx_word' id='word_1_302' title='bbox 1959 4173 2143 4227; x_wconf 85' lang='lat' dir='ltr'><strong>pecca-</strong></span> 
     </span>
    </p>
   </div>
   <div class='ocr_carea' id='block_1_45' title="bbox 581 4248 2140 4315">
    <p class='ocr_par' dir='ltr' id='par_1_45' title="bbox 581 4248 2140 4315">
     <span class='ocr_line' id='line_1_45' title="bbox 581 4248 2140 4315; baseline -0.003 -9"><span class='ocrx_word' id='word_1_303' title='bbox 581 4262 753 4306; x_wconf 88' lang='lat' dir='ltr'><strong>torum</strong></span> <span class='ocrx_word' id='word_1_304' title='bbox 786 4253 1038 4305; x_wconf 87' lang='lat' dir='ltr'><strong>donasset</strong></span> <span class='ocrx_word' id='word_1_305' title='bbox 1067 4250 1435 4311; x_wconf 79' lang='lat' dir='ltr'><strong>credentibus,</strong></span> <span class='ocrx_word' id='word_1_306' title='bbox 1466 4266 1571 4303; x_wconf 92' lang='lat' dir='ltr'><strong>non</strong></span> <span class='ocrx_word' id='word_1_307' title='bbox 1608 4248 1800 4301; x_wconf 79' lang='lat' dir='ltr'><strong>{uisset</strong></span> <span class='ocrx_word' id='word_1_308' title='bbox 1828 4263 1925 4315; x_wconf 87' lang='lat' dir='ltr'><strong>per</strong></span> <span class='ocrx_word' id='word_1_309' title='bbox 1950 4249 2140 4302; x_wconf 88' lang='lat' dir='ltr'><strong>orbem</strong></span> 
     </span>
    </p>
   </div>
   <div class='ocr_carea' id='block_1_46' title="bbox 576 4338 2140 4408">
    <p class='ocr_par' dir='ltr' id='par_1_46' title="bbox 576 4338 2140 4408">
     <span class='ocr_line' id='line_1_46' title="bbox 576 4338 2140 4408; baseline -0.006 -10"><span class='ocrx_word' id='word_1_310' title='bbox 576 4353 736 4399; x_wconf 65' lang='lat' dir='ltr'><strong>terra!</strong></span> <span class='ocrx_word' id='word_1_311' title='bbox 765 4343 1021 4397; x_wconf 72' lang='lat' dir='ltr'><strong>Ecclesiae</strong></span> <span class='ocrx_word' id='word_1_312' title='bbox 1058 4340 1287 4395; x_wconf 90' lang='lat' dir='ltr'><strong>latitudo</strong></span> <span class='ocrx_word' id='word_1_313' title='bbox 1318 4338 1528 4394; x_wconf 83' lang='lat' dir='ltr'><strong>diifusa.</strong></span> <span class='ocrx_word' id='word_1_314' title='bbox 1574 4339 1817 4408; x_wconf 81' lang='lat' dir='ltr'><strong>Triginta</strong></span> <span class='ocrx_word' id='word_1_315' title='bbox 1845 4347 2029 4391; x_wconf 85' lang='lat' dir='ltr'><strong>autent</strong></span> <span class='ocrx_word' id='word_1_316' title='bbox 2060 4338 2140 4390; x_wconf 89' lang='lat' dir='ltr'><strong>al-</strong></span> 
     </span>
    </p>
   </div>
   <div class='ocr_carea' id='block_1_47' title="bbox 577 4432 2140 4493">
    <p class='ocr_par' dir='ltr' id='par_1_47' title="bbox 577 4432 2140 4493">
     <span class='ocr_line' id='line_1_47' title="bbox 577 4432 2140 4493; baseline -0.008 0"><span class='ocrx_word' id='word_1_317' title='bbox 577 4439 819 4493; x_wconf 89' lang='lat' dir='ltr'><strong>titudinis</strong></span> <span class='ocrx_word' id='word_1_318' title='bbox 849 4451 1106 4490; x_wconf 88' lang='lat' dir='ltr'><strong>numerus</strong></span> <span class='ocrx_word' id='word_1_319' title='bbox 1135 4434 1309 4488; x_wconf 89' lang='lat' dir='ltr'><strong>simile</strong></span> <span class='ocrx_word' id='word_1_320' title='bbox 1331 4443 1387 4486; x_wconf 92' lang='lat' dir='ltr'><strong>ut</strong></span> <span class='ocrx_word' id='word_1_321' title='bbox 1421 4434 1648 4487; x_wconf 88' lang='lat' dir='ltr'><strong>trecenti</strong></span> <span class='ocrx_word' id='word_1_322' title='bbox 1685 4432 1928 4485; x_wconf 90' lang='lat' dir='ltr'><strong>continet</strong></span> <span class='ocrx_word' id='word_1_323' title='bbox 1956 4444 2140 4484; x_wconf 85' lang='lat' dir='ltr'><strong>sacra-</strong></span> 
     </span>
    </p>
   </div>
   <div class='ocr_carea' id='block_1_48' title="bbox 2264 622 3822 693">
    <p class='ocr_par' dir='ltr' id='par_1_48' title="bbox 2264 622 3822 693">
     <span class='ocr_line' id='line_1_48' title="bbox 2264 622 3822 693; baseline 0.004 -24"><span class='ocrx_word' id='word_1_324' title='bbox 2264 622 2729 687; x_wconf 80' lang='lat' dir='ltr'><strong>quinquagenario</strong></span> <span class='ocrx_word' id='word_1_325' title='bbox 2761 636 2986 675; x_wconf 90' lang='lat' dir='ltr'><strong>numero</strong></span> <span class='ocrx_word' id='word_1_326' title='bbox 3008 622 3296 679; x_wconf 83' lang='lat' dir='ltr'><strong>contineri.</strong></span> <span class='ocrx_word' id='word_1_327' title='bbox 3350 623 3594 693; x_wconf 80' lang='lat' dir='ltr'><strong>Triginta</strong></span> <span class='ocrx_word' id='word_1_328' title='bbox 3648 638 3822 676; x_wconf 84' lang='lat' dir='ltr'><strong>anno-</strong></span> 
     </span>
    </p>
   </div>
   <div class='ocr_carea' id='block_1_49' title="bbox 2267 708 3825 782">
    <p class='ocr_par' dir='ltr' id='par_1_49' title="bbox 2267 708 3825 782">
     <span class='ocr_line' id='line_1_49' title="bbox 2267 708 3825 782; baseline 0.005 -23"><span class='ocrx_word' id='word_1_329' title='bbox 2267 724 2382 760; x_wconf 89' lang='lat' dir='ltr'><strong>rum</strong></span> <span class='ocrx_word' id='word_1_330' title='bbox 2412 708 2613 776; x_wconf 86' lang='lat' dir='ltr'><strong>Joseph</strong></span> <span class='ocrx_word' id='word_1_331' title='bbox 2644 710 2894 763; x_wconf 86' lang='lat' dir='ltr'><strong>educitur</strong></span> <span class='ocrx_word' id='word_1_332' title='bbox 2924 711 2991 764; x_wconf 88' lang='lat' dir='ltr'><strong>de</strong></span> <span class='ocrx_word' id='word_1_333' title='bbox 3020 714 3323 777; x_wconf 85' lang='lat' dir='ltr'><strong>carcere&quot;,</strong></span> <span class='ocrx_word' id='word_1_334' title='bbox 3348 724 3401 765; x_wconf 87' lang='lat' dir='ltr'><strong>et</strong></span> <span class='ocrx_word' id='word_1_335' title='bbox 3423 713 3587 767; x_wconf 84' lang='lat' dir='ltr'><strong>tetius</strong></span> <span class='ocrx_word' id='word_1_336' title='bbox 3603 711 3825 782; x_wconf 65' lang='lat' dir='ltr'><strong>Egyle</strong></span> 
     </span>
    </p>
   </div>
   <div class='ocr_carea' id='block_1_50' title="bbox 2262 799 3820 873">
    <p class='ocr_par' dir='ltr' id='par_1_50' title="bbox 2262 799 3820 873">
     <span class='ocr_line' id='line_1_50' title="bbox 2262 799 3820 873; baseline 0.005 -21"><span class='ocrx_word' id='word_1_337' title='bbox 2262 799 2487 866; x_wconf 71' lang='lat' dir='ltr'><strong>Suscipit</strong></span> <span class='ocrx_word' id='word_1_338' title='bbox 2547 801 2900 869; x_wconf 81' lang='lat' dir='ltr'><strong>principatum</strong></span> <span class='ocrx_word' id='word_1_339' title='bbox 2934 841 2948 865; x_wconf 89' lang='lat'><strong>,</strong></span> <span class='ocrx_word' id='word_1_340' title='bbox 3026 811 3081 855; x_wconf 92' lang='lat' dir='ltr'><strong>ut</strong></span> <span class='ocrx_word' id='word_1_341' title='bbox 3130 802 3462 857; x_wconf 84' lang='lat' dir='ltr'><strong>imminentis</strong></span> <span class='ocrx_word' id='word_1_342' title='bbox 3519 808 3820 873; x_wconf 84' lang='lat' dir='ltr'><strong>perniciem</strong></span> 
     </span>
    </p>
   </div>
   <div class='ocr_carea' id='block_1_51' title="bbox 2264 888 3823 959">
    <p class='ocr_par' dir='ltr' id='par_1_51' title="bbox 2264 888 3823 959">
     <span class='ocr_line' id='line_1_51' title="bbox 2264 888 3823 959; baseline 0.008 -21"><span class='ocrx_word' id='word_1_343' title='bbox 2264 888 2421 940; x_wconf 71' lang='lat' dir='ltr'><strong>{atriis</strong></span> <span class='ocrx_word' id='word_1_344' title='bbox 2453 889 2630 940; x_wconf 73' lang='lat' dir='ltr'><strong>divina</strong></span> <span class='ocrx_word' id='word_1_345' title='bbox 2668 891 2971 957; x_wconf 72' lang='lat' dir='ltr'><strong>provisione</strong></span> <span class='ocrx_word' id='word_1_346' title='bbox 3003 891 3256 958; x_wconf 84' lang='lat' dir='ltr'><strong>depellat.</strong></span> <span class='ocrx_word' id='word_1_347' title='bbox 3280 891 3525 959; x_wconf 79' lang='lat' dir='ltr'><strong>Triginta</strong></span> <span class='ocrx_word' id='word_1_348' title='bbox 3557 911 3823 951; x_wconf 85' lang='lat' dir='ltr'><strong>annorum</strong></span> 
     </span>
    </p>
   </div>
   <div class='ocr_carea' id='block_1_52' title="bbox 2264 977 3823 1052">
    <p class='ocr_par' dir='ltr' id='par_1_52' title="bbox 2264 977 3823 1052">
     <span class='ocr_line' id='line_1_52' title="bbox 2264 977 3823 1052; baseline 0.008 -23"><span class='ocrx_word' id='word_1_349' title='bbox 2264 978 2495 1030; x_wconf 75' lang='lat' dir='ltr'><strong>refertur</strong></span> <span class='ocrx_word' id='word_1_350' title='bbox 2519 977 2676 1031; x_wconf 83' lang='lat' dir='ltr'><strong>Jesus</strong></span> <span class='ocrx_word' id='word_1_351' title='bbox 2702 980 2767 1043; x_wconf 73' lang='grc' dir='ltr'><strong>τ’,</strong></span> <span class='ocrx_word' id='word_1_352' title='bbox 2803 998 2922 1033; x_wconf 85' lang='lat' dir='ltr'><strong>cum</strong></span> <span class='ocrx_word' id='word_1_353' title='bbox 2956 984 3103 1035; x_wconf 89' lang='lat' dir='ltr'><strong>venit</strong></span> <span class='ocrx_word' id='word_1_354' title='bbox 3126 984 3190 1036; x_wconf 89' lang='lat' dir='ltr'><strong>ad</strong></span> <span class='ocrx_word' id='word_1_355' title='bbox 3227 986 3572 1052; x_wconf 87' lang='lat' dir='ltr'><strong>baptismum.</strong></span> <span class='ocrx_word' id='word_1_356' title='bbox 3605 996 3663 1040; x_wconf 86' lang='lat' dir='ltr'><strong>et</strong></span> <span class='ocrx_word' id='word_1_357' title='bbox 3694 989 3823 1042; x_wconf 87' lang='lat' dir='ltr'><strong>vidit</strong></span> 
     </span>
    </p>
   </div>
   <div class='ocr_carea' id='block_1_53' title="bbox 2260 1069 3825 1147">
    <p class='ocr_par' dir='ltr' id='par_1_53' title="bbox 2260 1069 3825 1147">
     <span class='ocr_line' id='line_1_53' title="bbox 2260 1069 3825 1147; baseline 0.009 -27"><span class='ocrx_word' id='word_1_358' title='bbox 2260 1069 2428 1123; x_wconf 73' lang='lat' dir='ltr'><strong>ctelos</strong></span> <span class='ocrx_word' id='word_1_359' title='bbox 2456 1070 2679 1133; x_wconf 90' lang='lat' dir='ltr'><strong>divisos,</strong></span> <span class='ocrx_word' id='word_1_360' title='bbox 2708 1081 2761 1125; x_wconf 89' lang='lat' dir='ltr'><strong>et</strong></span> <span class='ocrx_word' id='word_1_361' title='bbox 2792 1073 3053 1139; x_wconf 77' lang='lat' dir='ltr'><strong>Spiritum</strong></span> <span class='ocrx_word' id='word_1_362' title='bbox 3094 1074 3186 1128; x_wconf 88' lang='lat' dir='ltr'><strong>Dei</strong></span> <span class='ocrx_word' id='word_1_363' title='bbox 3231 1076 3283 1127; x_wconf 91' lang='lat' dir='ltr'><strong>in</strong></span> <span class='ocrx_word' id='word_1_364' title='bbox 3344 1077 3606 1131; x_wconf 68' lang='lat' dir='ltr'><strong>columbae</strong></span> <span class='ocrx_word' id='word_1_365' title='bbox 3645 1082 3825 1147; x_wconf 82' lang='lat' dir='ltr'><strong>specie</strong></span> 
     </span>
    </p>
   </div>
   <div class='ocr_carea' id='block_1_54' title="bbox 2264 1161 3820 1239">
    <p class='ocr_par' dir='ltr' id='par_1_54' title="bbox 2264 1161 3820 1239">
     <span class='ocr_line' id='line_1_54' title="bbox 2264 1161 3820 1239; baseline 0.009 -29"><span class='ocrx_word' id='word_1_366' title='bbox 2264 1161 2563 1214; x_wconf 81' lang='lat' dir='ltr'><strong>venientem</strong></span> <span class='ocrx_word' id='word_1_367' title='bbox 2608 1178 2766 1230; x_wconf 88' lang='lat' dir='ltr'><strong>super</strong></span> <span class='ocrx_word' id='word_1_368' title='bbox 2817 1179 2874 1216; x_wconf 90' lang='lat' dir='ltr'><strong>se</strong></span> <span class='ocrx_word' id='word_1_369' title='bbox 2912 1181 2925 1215; x_wconf 89' lang='lat'><strong>:</strong></span> <span class='ocrx_word' id='word_1_370' title='bbox 2978 1164 3063 1216; x_wconf 93' lang='lat' dir='ltr'><strong>ubi</strong></span> <span class='ocrx_word' id='word_1_371' title='bbox 3091 1174 3144 1219; x_wconf 88' lang='lat' dir='ltr'><strong>et</strong></span> <span class='ocrx_word' id='word_1_372' title='bbox 3171 1166 3407 1233; x_wconf 87' lang='lat' dir='ltr'><strong>primum</strong></span> <span class='ocrx_word' id='word_1_373' title='bbox 3443 1172 3605 1239; x_wconf 76' lang='lat' dir='ltr'><strong>cmpit</strong></span> <span class='ocrx_word' id='word_1_374' title='bbox 3633 1185 3820 1225; x_wconf 82' lang='lat' dir='ltr'><strong>sacra-</strong></span> 
     </span>
    </p>
   </div>
   <div class='ocr_carea' id='block_1_55' title="bbox 2263 1256 3820 1320">
    <p class='ocr_par' dir='ltr' id='par_1_55' title="bbox 2263 1256 3820 1320">
     <span class='ocr_line' id='line_1_55' title="bbox 2263 1256 3820 1320; baseline 0.008 -17"><span class='ocrx_word' id='word_1_375' title='bbox 2263 1262 2497 1304; x_wconf 86' lang='lat' dir='ltr'><strong>mentum</strong></span> <span class='ocrx_word' id='word_1_376' title='bbox 2542 1264 2818 1320; x_wconf 82' lang='lat' dir='ltr'><strong>patescere</strong></span> <span class='ocrx_word' id='word_1_377' title='bbox 2854 1256 3152 1320; x_wconf 82' lang='lat' dir='ltr'><strong>Trinitatis,</strong></span> <span class='ocrx_word' id='word_1_378' title='bbox 3198 1268 3251 1309; x_wconf 91' lang='lat' dir='ltr'><strong>et</strong></span> <span class='ocrx_word' id='word_1_379' title='bbox 3286 1259 3448 1310; x_wconf 85' lang='lat' dir='ltr'><strong>multa</strong></span> <span class='ocrx_word' id='word_1_380' title='bbox 3482 1261 3566 1313; x_wconf 91' lang='lat' dir='ltr'><strong>his</strong></span> <span class='ocrx_word' id='word_1_381' title='bbox 3622 1261 3820 1315; x_wconf 85' lang='lat' dir='ltr'><strong>similia</strong></span> 
     </span>
    </p>
   </div>
   <div class='ocr_carea' id='block_1_56' title="bbox 2264 1342 3821 1417">
    <p class='ocr_par' dir='ltr' id='par_1_56' title="bbox 2264 1342 3821 1417">
     <span class='ocr_line' id='line_1_56' title="bbox 2264 1342 3821 1417; baseline 0.008 -24"><span class='ocrx_word' id='word_1_382' title='bbox 2264 1342 2527 1398; x_wconf 80' lang='lat' dir='ltr'><strong>invenies.</strong></span> <span class='ocrx_word' id='word_1_383' title='bbox 2574 1343 2678 1397; x_wconf 86' lang='lat' dir='ltr'><strong>Sed</strong></span> <span class='ocrx_word' id='word_1_384' title='bbox 2732 1356 2785 1399; x_wconf 85' lang='lat' dir='ltr'><strong>et</strong></span> <span class='ocrx_word' id='word_1_385' title='bbox 2838 1347 3339 1416; x_wconf 85' lang='lat' dir='ltr'><strong>quinquagesimum</strong></span> <span class='ocrx_word' id='word_1_386' title='bbox 3390 1351 3531 1402; x_wconf 89' lang='lat' dir='ltr'><strong>diem</strong></span> <span class='ocrx_word' id='word_1_387' title='bbox 3576 1353 3773 1405; x_wconf 81' lang='lat' dir='ltr'><strong>festum</strong></span> <span class='ocrx_word' id='word_1_388' title='bbox 3802 1391 3821 1417; x_wconf 89' lang='lat'><strong>,</strong></span> 
     </span>
    </p>
   </div>
   <div class='ocr_carea' id='block_1_57' title="bbox 2261 1432 3822 1510">
    <p class='ocr_par' dir='ltr' id='par_1_57' title="bbox 2261 1432 3822 1510">
     <span class='ocr_line' id='line_1_57' title="bbox 2261 1432 3822 1510; baseline 0.008 -27"><span class='ocrx_word' id='word_1_389' title='bbox 2261 1432 2310 1483; x_wconf 90' lang='lat' dir='ltr'><strong>in</strong></span> <span class='ocrx_word' id='word_1_390' title='bbox 2352 1448 2614 1486; x_wconf 81' lang='lat' dir='ltr'><strong>nm&#39;arum</strong></span> <span class='ocrx_word' id='word_1_391' title='bbox 2652 1434 2860 1505; x_wconf 80' lang='lat' dir='ltr'><strong>frugum</strong></span> <span class='ocrx_word' id='word_1_392' title='bbox 2924 1440 3332 1493; x_wconf 84' lang='lat' dir='ltr'><strong>consecratione</strong></span> <span class='ocrx_word' id='word_1_393' title='bbox 3390 1443 3633 1510; x_wconf 83' lang='lat' dir='ltr'><strong>reperies</strong></span> <span class='ocrx_word' id='word_1_394' title='bbox 3657 1442 3726 1506; x_wconf 81' lang='grc'><strong>⁷³,</strong></span> <span class='ocrx_word' id='word_1_395' title='bbox 3766 1456 3822 1495; x_wconf 84' lang='lat' dir='ltr'><strong>et</strong></span> 
     </span>
    </p>
   </div>
   <div class='ocr_carea' id='block_1_58' title="bbox 2259 1525 3816 1602">
    <p class='ocr_par' dir='ltr' id='par_1_58' title="bbox 2259 1525 3816 1602">
     <span class='ocr_line' id='line_1_58' title="bbox 2259 1525 3816 1602; baseline 0.006 -24"><span class='ocrx_word' id='word_1_396' title='bbox 2259 1525 2323 1578; x_wconf 85' lang='lat' dir='ltr'><strong>de</strong></span> <span class='ocrx_word' id='word_1_397' title='bbox 2347 1525 2754 1579; x_wconf 78' lang='lat' dir='ltr'><strong>Madianitarum</strong></span> <span class='ocrx_word' id='word_1_398' title='bbox 2782 1528 2893 1597; x_wconf 83' lang='lat'><strong>(87)</strong></span> <span class='ocrx_word' id='word_1_399' title='bbox 2920 1530 3105 1595; x_wconf 76' lang='lat' dir='ltr'><strong>spoliis</strong></span> <span class='ocrx_word' id='word_1_400' title='bbox 3130 1530 3352 1583; x_wconf 88' lang='lat' dir='ltr'><strong>Domino</strong></span> <span class='ocrx_word' id='word_1_401' title='bbox 3373 1534 3816 1602; x_wconf 75' lang='lat' dir='ltr'><strong>quinquagesima</strong></span> 
     </span>
    </p>
   </div>
   <div class='ocr_carea' id='block_1_59' title="bbox 2259 1616 3817 1678">
    <p class='ocr_par' dir='ltr' id='par_1_59' title="bbox 2259 1616 3817 1678">
     <span class='ocr_line' id='line_1_59' title="bbox 2259 1616 3817 1678; baseline 0.006 -9"><span class='ocrx_word' id='word_1_402' title='bbox 2259 1616 2605 1670; x_wconf 82' lang='lat' dir='ltr'><strong>delibatur“.</strong></span> <span class='ocrx_word' id='word_1_403' title='bbox 2632 1620 2762 1672; x_wconf 88' lang='lat' dir='ltr'><strong>Cum</strong></span> <span class='ocrx_word' id='word_1_404' title='bbox 2786 1622 3041 1674; x_wconf 89' lang='lat' dir='ltr'><strong>trecentis</strong></span> <span class='ocrx_word' id='word_1_405' title='bbox 3066 1623 3451 1675; x_wconf 80' lang='lat' dir='ltr'><strong>veroinvcnies</strong></span> <span class='ocrx_word' id='word_1_406' title='bbox 3469 1633 3521 1676; x_wconf 90' lang='lat' dir='ltr'><strong>ct</strong></span> <span class='ocrx_word' id='word_1_407' title='bbox 3544 1624 3817 1678; x_wconf 82' lang='lat' dir='ltr'><strong>Abraham</strong></span> 
     </span>
    </p>
   </div>
   <div class='ocr_carea' id='block_1_60' title="bbox 2258 1704 3817 1773">
    <p class='ocr_par' dir='ltr' id='par_1_60' title="bbox 2258 1704 3817 1773">
     <span class='ocr_line' id='line_1_60' title="bbox 2258 1704 3817 1773; baseline 0.008 -20"><span class='ocrx_word' id='word_1_408' title='bbox 2258 1704 2556 1757; x_wconf 85' lang='lat' dir='ltr'><strong>vincentem</strong></span> <span class='ocrx_word' id='word_1_409' title='bbox 2590 1706 2897 1763; x_wconf 83' lang='lat' dir='ltr'><strong>Sodomitas</strong></span> <span class='ocrx_word' id='word_1_410' title='bbox 2929 1710 2998 1773; x_wconf 80' lang='grc'><strong>⁷⁵,</strong></span> <span class='ocrx_word' id='word_1_411' title='bbox 3043 1718 3097 1760; x_wconf 90' lang='lat' dir='ltr'><strong>et</strong></span> <span class='ocrx_word' id='word_1_412' title='bbox 3122 1708 3362 1763; x_wconf 80' lang='lat' dir='ltr'><strong>Gedeon</strong></span> <span class='ocrx_word' id='word_1_413' title='bbox 3409 1726 3532 1764; x_wconf 91' lang='lat' dir='ltr'><strong>cum</strong></span> <span class='ocrx_word' id='word_1_414' title='bbox 3563 1714 3817 1766; x_wconf 88' lang='lat' dir='ltr'><strong>trecentis</strong></span> 
     </span>
    </p>
   </div>
   <div class='ocr_carea' id='block_1_61' title="bbox 2257 1791 3813 1873">
    <p class='ocr_par' dir='ltr' id='par_1_61' title="bbox 2257 1791 3813 1873">
     <span class='ocr_line' id='line_1_61' title="bbox 2257 1791 3813 1873; baseline 0.01 -31"><span class='ocrx_word' id='word_1_415' title='bbox 2257 1791 2433 1861; x_wconf 88' lang='lat' dir='ltr'><strong>lingua</strong></span> <span class='ocrx_word' id='word_1_416' title='bbox 2458 1809 2651 1862; x_wconf 88' lang='lat' dir='ltr'><strong>aquam</strong></span> <span class='ocrx_word' id='word_1_417' title='bbox 2674 1797 3031 1851; x_wconf 89' lang='lat' dir='ltr'><strong>lambentibus</strong></span> <span class='ocrx_word' id='word_1_418' title='bbox 3044 1796 3364 1852; x_wconf 71' lang='lat' dir='ltr'><strong>Madianitas</strong></span> <span class='ocrx_word' id='word_1_419' title='bbox 3385 1815 3599 1868; x_wconf 88' lang='lat' dir='ltr'><strong>superat</strong></span> <span class='ocrx_word' id='word_1_420' title='bbox 3618 1802 3813 1873; x_wconf 68' lang='lat'><strong>(88)&quot;.</strong></span> 
     </span>
    </p>
   </div>
   <div class='ocr_carea' id='block_1_62' title="bbox 2253 1885 3815 1963">
    <p class='ocr_par' dir='ltr' id='par_1_62' title="bbox 2253 1885 3815 1963">
     <span class='ocr_line' id='line_1_62' title="bbox 2253 1885 3815 1963; baseline 0.006 -25"><span class='ocrx_word' id='word_1_421' title='bbox 2253 1885 2460 1939; x_wconf 80' lang='lat' dir='ltr'><strong>Ostium</strong></span> <span class='ocrx_word' id='word_1_422' title='bbox 2491 1902 2639 1950; x_wconf 88' lang='lat' dir='ltr'><strong>sane,</strong></span> <span class='ocrx_word' id='word_1_423' title='bbox 2696 1890 2835 1954; x_wconf 90' lang='lat' dir='ltr'><strong>quod</strong></span> <span class='ocrx_word' id='word_1_424' title='bbox 2874 1905 2976 1942; x_wconf 91' lang='lat' dir='ltr'><strong>non</strong></span> <span class='ocrx_word' id='word_1_425' title='bbox 3012 1906 3038 1941; x_wconf 91' lang='lat' dir='ltr'><strong>a</strong></span> <span class='ocrx_word' id='word_1_426' title='bbox 3070 1891 3270 1955; x_wconf 88' lang='lat' dir='ltr'><strong>fronte,</strong></span> <span class='ocrx_word' id='word_1_427' title='bbox 3306 1909 3405 1946; x_wconf 81' lang='lat' dir='ltr'><strong>nec</strong></span> <span class='ocrx_word' id='word_1_428' title='bbox 3436 1896 3691 1963; x_wconf 81' lang='lat' dir='ltr'><strong>desuper,</strong></span> <span class='ocrx_word' id='word_1_429' title='bbox 3722 1896 3815 1948; x_wconf 85' lang='lat' dir='ltr'><strong>sed</strong></span> 
     </span>
    </p>
   </div>
   <div class='ocr_carea' id='block_1_63' title="bbox 2252 1980 3814 2051">
    <p class='ocr_par' dir='ltr' id='par_1_63' title="bbox 2252 1980 3814 2051">
     <span class='ocr_line' id='line_1_63' title="bbox 2252 1980 3814 2051; baseline 0.005 -21"><span class='ocrx_word' id='word_1_430' title='bbox 2252 1993 2283 2030; x_wconf 92' lang='lat' dir='ltr'><strong>e</strong></span> <span class='ocrx_word' id='word_1_431' title='bbox 2309 1980 2475 2032; x_wconf 79' lang='lat' dir='ltr'><strong>latere</strong></span> <span class='ocrx_word' id='word_1_432' title='bbox 2498 1994 2563 2032; x_wconf 83' lang='lat' dir='ltr'><strong>ex</strong></span> <span class='ocrx_word' id='word_1_433' title='bbox 2598 1990 2909 2033; x_wconf 83' lang='lat' dir='ltr'><strong>transverso</strong></span> <span class='ocrx_word' id='word_1_434' title='bbox 2933 1980 3245 2043; x_wconf 89' lang='lat' dir='ltr'><strong>collocatur,</strong></span> <span class='ocrx_word' id='word_1_435' title='bbox 3278 1986 3534 2051; x_wconf 87' lang='lat' dir='ltr'><strong>quoniam</strong></span> <span class='ocrx_word' id='word_1_436' title='bbox 3559 1985 3652 2038; x_wconf 75' lang='lat' dir='ltr'><strong>inc</strong></span> <span class='ocrx_word' id='word_1_437' title='bbox 3673 1987 3814 2039; x_wconf 58' lang='lat' dir='ltr'><strong>divi.</strong></span> 
     </span>
    </p>
   </div>
   <div class='ocr_carea' id='block_1_64' title="bbox 2254 2070 3814 2138">
    <p class='ocr_par' dir='ltr' id='par_1_64' title="bbox 2254 2070 3814 2138">
     <span class='ocr_line' id='line_1_64' title="bbox 2254 2070 3814 2138; baseline 0.005 -18"><span class='ocrx_word' id='word_1_438' title='bbox 2254 2084 2335 2121; x_wconf 71' lang='lat' dir='ltr'><strong>na:</strong></span> <span class='ocrx_word' id='word_1_439' title='bbox 2392 2078 2602 2129; x_wconf 84' lang='lat' dir='ltr'><strong>tempus</strong></span> <span class='ocrx_word' id='word_1_440' title='bbox 2656 2078 2790 2123; x_wconf 85' lang='lat' dir='ltr'><strong>est:</strong></span> <span class='ocrx_word' id='word_1_441' title='bbox 2834 2070 2955 2123; x_wconf 88' lang='lat' dir='ltr'><strong>Dies</strong></span> <span class='ocrx_word' id='word_1_442' title='bbox 3008 2073 3142 2124; x_wconf 84' lang='lat' dir='ltr'><strong>enim</strong></span> <span class='ocrx_word' id='word_1_443' title='bbox 3201 2072 3431 2138; x_wconf 81' lang='lat' dir='ltr'><strong>Domini,</strong></span> <span class='ocrx_word' id='word_1_444' title='bbox 3482 2077 3589 2127; x_wconf 83' lang='lat' dir='ltr'><strong>dies</strong></span> <span class='ocrx_word' id='word_1_445' title='bbox 3626 2078 3719 2128; x_wconf 81' lang='lat' dir='ltr'><strong>inc</strong></span> <span class='ocrx_word' id='word_1_446' title='bbox 3766 2086 3814 2128; x_wconf 85' lang='lat' dir='ltr'><strong>et</strong></span> 
     </span>
    </p>
   </div>
   <div class='ocr_carea' id='block_1_65' title="bbox 2254 2158 3817 2225">
    <p class='ocr_par' dir='ltr' id='par_1_65' title="bbox 2254 2158 3817 2225">
     <span class='ocr_line' id='line_1_65' title="bbox 2254 2158 3817 2225; baseline 0.008 -18"><span class='ocrx_word' id='word_1_447' title='bbox 2254 2158 2469 2223; x_wconf 77' lang='lat' dir='ltr'><strong>furoris,</strong></span> <span class='ocrx_word' id='word_1_448' title='bbox 2507 2159 2647 2211; x_wconf 80' lang='lat' dir='ltr'><strong>sicut</strong></span> <span class='ocrx_word' id='word_1_449' title='bbox 2676 2159 2934 2225; x_wconf 86' lang='lat' dir='ltr'><strong>scriptum</strong></span> <span class='ocrx_word' id='word_1_450' title='bbox 2968 2170 3048 2214; x_wconf 88' lang='lat' dir='ltr'><strong>est</strong></span> <span class='ocrx_word' id='word_1_451' title='bbox 3078 2162 3122 2193; x_wconf 86' lang='grc'><strong>⁷⁷</strong></span> <span class='ocrx_word' id='word_1_452' title='bbox 3152 2176 3164 2212; x_wconf 93' lang='lat'>:</span> <span class='ocrx_word' id='word_1_453' title='bbox 3200 2163 3326 2217; x_wconf 84' lang='lat' dir='ltr'><strong>licet</strong></span> <span class='ocrx_word' id='word_1_454' title='bbox 3353 2166 3495 2216; x_wconf 86' lang='lat' dir='ltr'><strong>enim</strong></span> <span class='ocrx_word' id='word_1_455' title='bbox 3534 2166 3817 2219; x_wconf 82' lang='lat' dir='ltr'><strong>vidcantur</strong></span> 
     </span>
    </p>
   </div>
   <div class='ocr_carea' id='block_1_66' title="bbox 2253 2248 3812 2321">
    <p class='ocr_par' dir='ltr' id='par_1_66' title="bbox 2253 2248 3812 2321">
     <span class='ocr_line' id='line_1_66' title="bbox 2253 2248 3812 2321; baseline 0.005 -20"><span class='ocrx_word' id='word_1_456' title='bbox 2253 2248 2417 2317; x_wconf 86' lang='lat' dir='ltr'><strong>aliqui</strong></span> <span class='ocrx_word' id='word_1_457' title='bbox 2451 2248 2669 2311; x_wconf 84' lang='lat' dir='ltr'><strong>salvari,</strong></span> <span class='ocrx_word' id='word_1_458' title='bbox 2696 2250 2848 2303; x_wconf 80' lang='lat' dir='ltr'><strong>multi</strong></span> <span class='ocrx_word' id='word_1_459' title='bbox 2879 2261 3081 2316; x_wconf 89' lang='lat' dir='ltr'><strong>tamen,</strong></span> <span class='ocrx_word' id='word_1_460' title='bbox 3116 2269 3250 2321; x_wconf 85' lang='lat' dir='ltr'><strong>quos</strong></span> <span class='ocrx_word' id='word_1_461' title='bbox 3287 2256 3473 2307; x_wconf 84' lang='lat' dir='ltr'><strong>merita</strong></span> <span class='ocrx_word' id='word_1_462' title='bbox 3499 2270 3592 2307; x_wconf 76' lang='lat' dir='ltr'><strong>sua</strong></span> <span class='ocrx_word' id='word_1_463' title='bbox 3622 2271 3812 2317; x_wconf 76' lang='lat' dir='ltr'><strong>repro-</strong></span> 
     </span>
    </p>
   </div>
   <div class='ocr_carea' id='block_1_67' title="bbox 2252 2338 3812 2409">
    <p class='ocr_par' dir='ltr' id='par_1_67' title="bbox 2252 2338 3812 2409">
     <span class='ocr_line' id='line_1_67' title="bbox 2252 2338 3812 2409; baseline 0.003 -16"><span class='ocrx_word' id='word_1_464' title='bbox 2252 2340 2403 2401; x_wconf 90' lang='lat' dir='ltr'><strong>bant,</strong></span> <span class='ocrx_word' id='word_1_465' title='bbox 2433 2338 2678 2392; x_wconf 86' lang='lat' dir='ltr'><strong>delentur</strong></span> <span class='ocrx_word' id='word_1_466' title='bbox 2723 2349 2777 2392; x_wconf 88' lang='lat' dir='ltr'><strong>et</strong></span> <span class='ocrx_word' id='word_1_467' title='bbox 2810 2353 3034 2409; x_wconf 82' lang='lat' dir='ltr'><strong>pereunt</strong></span> <span class='ocrx_word' id='word_1_468' title='bbox 3070 2359 3083 2394; x_wconf 90' lang='lat'>:</span> <span class='ocrx_word' id='word_1_469' title='bbox 3140 2359 3204 2396; x_wconf 76' lang='lat' dir='ltr'><strong>ex</strong></span> <span class='ocrx_word' id='word_1_470' title='bbox 3252 2354 3562 2396; x_wconf 84' lang='lat' dir='ltr'><strong>transverso</strong></span> <span class='ocrx_word' id='word_1_471' title='bbox 3609 2346 3812 2398; x_wconf 86' lang='lat' dir='ltr'><strong>ostium</strong></span> 
     </span>
    </p>
   </div>
   <div class='ocr_carea' id='block_1_68' title="bbox 2251 2430 3813 2504">
    <p class='ocr_par' dir='ltr' id='par_1_68' title="bbox 2251 2430 3813 2504">
     <span class='ocr_line' id='line_1_68' title="bbox 2251 2430 3813 2504; baseline 0.004 -22"><span class='ocrx_word' id='word_1_472' title='bbox 2251 2430 2490 2498; x_wconf 90' lang='lat' dir='ltr'><strong>ponitur,</strong></span> <span class='ocrx_word' id='word_1_473' title='bbox 2524 2439 2583 2482; x_wconf 88' lang='lat' dir='ltr'><strong>ut</strong></span> <span class='ocrx_word' id='word_1_474' title='bbox 2642 2431 2769 2483; x_wconf 88' lang='lat' dir='ltr'><strong>illud</strong></span> <span class='ocrx_word' id='word_1_475' title='bbox 2800 2433 3137 2497; x_wconf 82' lang='lat' dir='ltr'><strong>ostendatur,</strong></span> <span class='ocrx_word' id='word_1_476' title='bbox 3198 2437 3338 2501; x_wconf 89' lang='lat' dir='ltr'><strong>quod</strong></span> <span class='ocrx_word' id='word_1_477' title='bbox 3372 2449 3467 2501; x_wconf 90' lang='lat' dir='ltr'><strong>per</strong></span> <span class='ocrx_word' id='word_1_478' title='bbox 3497 2435 3813 2504; x_wconf 84' lang='lat' dir='ltr'><strong>prephetam</strong></span> 
     </span>
    </p>
   </div>
   <div class='ocr_carea' id='block_1_69' title="bbox 2250 2520 3813 2596">
    <p class='ocr_par' dir='ltr' id='par_1_69' title="bbox 2250 2520 3813 2596">
     <span class='ocr_line' id='line_1_69' title="bbox 2250 2520 3813 2596; baseline 0.005 -23"><span class='ocrx_word' id='word_1_479' title='bbox 2250 2520 2467 2587; x_wconf 85' lang='lat' dir='ltr'><strong>dicitur,</strong></span> <span class='ocrx_word' id='word_1_480' title='bbox 2500 2522 2624 2589; x_wconf 86' lang='lat' dir='ltr'><strong>quia</strong></span> <span class='ocrx_word' id='word_1_481' title='bbox 2656 2521 2701 2573; x_wconf 84' lang='lat' dir='ltr'><strong>si</strong></span> <span class='ocrx_word' id='word_1_482' title='bbox 2738 2521 3056 2577; x_wconf 80' lang='lat' dir='ltr'><strong>incesseritis</strong></span> <span class='ocrx_word' id='word_1_483' title='bbox 3091 2540 3289 2577; x_wconf 83' lang='lat' dir='ltr'><strong>mecum</strong></span> <span class='ocrx_word' id='word_1_484' title='bbox 3328 2528 3589 2592; x_wconf 78' lang='lat' dir='ltr'><strong>perversi,</strong></span> <span class='ocrx_word' id='word_1_485' title='bbox 3634 2538 3681 2580; x_wconf 86' lang='lat' dir='ltr'><strong>et</strong></span> <span class='ocrx_word' id='word_1_486' title='bbox 3720 2544 3813 2596; x_wconf 78' lang='lat' dir='ltr'><strong>ego</strong></span> 
     </span>
    </p>
   </div>
   <div class='ocr_carea' id='block_1_70' title="bbox 2257 2613 3815 2683">
    <p class='ocr_par' dir='ltr' id='par_1_70' title="bbox 2257 2613 3815 2683">
     <span class='ocr_line' id='line_1_70' title="bbox 2257 2613 3815 2683; baseline 0.004 -18"><span class='ocrx_word' id='word_1_487' title='bbox 2257 2613 2487 2665; x_wconf 75' lang='lat' dir='ltr'><strong>&#39;ncedam</strong></span> <span class='ocrx_word' id='word_1_488' title='bbox 2541 2613 2798 2666; x_wconf 79' lang='lat' dir='ltr'><strong>vobiscum</strong></span> <span class='ocrx_word' id='word_1_489' title='bbox 2847 2615 2902 2668; x_wconf 83' lang='lat' dir='ltr'><strong>in</strong></span> <span class='ocrx_word' id='word_1_490' title='bbox 2950 2616 3031 2668; x_wconf 83' lang='lat' dir='ltr'><strong>ira</strong></span> <span class='ocrx_word' id='word_1_491' title='bbox 3058 2633 3294 2683; x_wconf 77' lang='lat' dir='ltr'><strong>perversa</strong></span> <span class='ocrx_word' id='word_1_492' title='bbox 3330 2617 3392 2669; x_wconf 82' lang='grc'><strong>⁷⁸.</strong></span> <span class='ocrx_word' id='word_1_493' title='bbox 3436 2617 3563 2671; x_wconf 80' lang='lat' dir='ltr'><strong>Post</strong></span> <span class='ocrx_word' id='word_1_494' title='bbox 3594 2620 3703 2673; x_wconf 74' lang='lat' dir='ltr'><strong>lucc</strong></span> <span class='ocrx_word' id='word_1_495' title='bbox 3732 2621 3815 2672; x_wconf 83' lang='lat' dir='ltr'><strong>vi-</strong></span> 
     </span>
    </p>
   </div>
   <div class='ocr_carea' id='block_1_71' title="bbox 2252 2702 3807 2773">
    <p class='ocr_par' dir='ltr' id='par_1_71' title="bbox 2252 2702 3807 2773">
     <span class='ocr_line' id='line_1_71' title="bbox 2252 2702 3807 2773; baseline 0.005 -19"><span class='ocrx_word' id='word_1_496' title='bbox 2252 2702 2472 2755; x_wconf 89' lang='lat' dir='ltr'><strong>deamus</strong></span> <span class='ocrx_word' id='word_1_497' title='bbox 2501 2712 2555 2755; x_wconf 93' lang='lat' dir='ltr'><strong>et</strong></span> <span class='ocrx_word' id='word_1_498' title='bbox 2579 2704 2644 2757; x_wconf 88' lang='lat' dir='ltr'><strong>de</strong></span> <span class='ocrx_word' id='word_1_499' title='bbox 2673 2720 2736 2758; x_wconf 90' lang='lat' dir='ltr'><strong>co</strong></span> <span class='ocrx_word' id='word_1_500' title='bbox 2771 2707 2910 2772; x_wconf 89' lang='lat' dir='ltr'><strong>quod</strong></span> <span class='ocrx_word' id='word_1_501' title='bbox 2935 2706 3066 2760; x_wconf 90' lang='lat' dir='ltr'><strong>dicit</strong></span> <span class='ocrx_word' id='word_1_502' title='bbox 3098 2708 3390 2773; x_wconf 89' lang='lat' dir='ltr'><strong>separatim</strong></span> <span class='ocrx_word' id='word_1_503' title='bbox 3433 2707 3691 2761; x_wconf 84' lang='lat' dir='ltr'><strong>inferiora</strong></span> <span class='ocrx_word' id='word_1_504' title='bbox 3725 2709 3807 2762; x_wconf 88' lang='lat' dir='ltr'><strong>bi-</strong></span> 
     </span>
    </p>
   </div>
   <div class='ocr_carea' id='block_1_72' title="bbox 2249 2797 3814 2863">
    <p class='ocr_par' dir='ltr' id='par_1_72' title="bbox 2249 2797 3814 2863">
     <span class='ocr_line' id='line_1_72' title="bbox 2249 2797 3814 2863; baseline 0.004 -16"><span class='ocrx_word' id='word_1_505' title='bbox 2249 2802 2550 2856; x_wconf 81' lang='lat' dir='ltr'><strong>camerata,</strong></span> <span class='ocrx_word' id='word_1_506' title='bbox 2576 2805 2629 2847; x_wconf 90' lang='lat' dir='ltr'><strong>et</strong></span> <span class='ocrx_word' id='word_1_507' title='bbox 2660 2798 2940 2863; x_wconf 88' lang='lat' dir='ltr'><strong>superiora</strong></span> <span class='ocrx_word' id='word_1_508' title='bbox 2975 2797 3321 2850; x_wconf 80' lang='lat' dir='ltr'><strong>tricamerata</strong></span> <span class='ocrx_word' id='word_1_509' title='bbox 3352 2814 3364 2850; x_wconf 93' lang='lat'>:</span> <span class='ocrx_word' id='word_1_510' title='bbox 3399 2813 3467 2852; x_wconf 91' lang='lat' dir='ltr'><strong>ne</strong></span> <span class='ocrx_word' id='word_1_511' title='bbox 3506 2799 3643 2853; x_wconf 86' lang='lat' dir='ltr'><strong>forte</strong></span> <span class='ocrx_word' id='word_1_512' title='bbox 3676 2800 3814 2853; x_wconf 80' lang='lat' dir='ltr'><strong>iudi-</strong></span> 
     </span>
    </p>
   </div>
   <div class='ocr_carea' id='block_1_73' title="bbox 2250 2885 3814 2957">
    <p class='ocr_par' dir='ltr' id='par_1_73' title="bbox 2250 2885 3814 2957">
     <span class='ocr_line' id='line_1_73' title="bbox 2250 2885 3814 2957; baseline 0.003 -19"><span class='ocrx_word' id='word_1_513' title='bbox 2250 2893 2404 2938; x_wconf 91' lang='lat' dir='ltr'><strong>cetur</strong></span> <span class='ocrx_word' id='word_1_514' title='bbox 2426 2899 2521 2952; x_wconf 89' lang='lat' dir='ltr'><strong>per</strong></span> <span class='ocrx_word' id='word_1_515' title='bbox 2538 2885 2671 2950; x_wconf 68' lang='lat' dir='ltr'><strong>hsce,</strong></span> <span class='ocrx_word' id='word_1_516' title='bbox 2704 2887 2843 2953; x_wconf 88' lang='lat' dir='ltr'><strong>quod</strong></span> <span class='ocrx_word' id='word_1_517' title='bbox 2866 2888 3162 2954; x_wconf 86' lang='lat' dir='ltr'><strong>Apostolus</strong></span> <span class='ocrx_word' id='word_1_518' title='bbox 3190 2888 3343 2950; x_wconf 77' lang='lat' dir='ltr'><strong>dixit,</strong></span> <span class='ocrx_word' id='word_1_519' title='bbox 3372 2888 3496 2957; x_wconf 86' lang='lat' dir='ltr'><strong>quia</strong></span> <span class='ocrx_word' id='word_1_520' title='bbox 3526 2889 3578 2941; x_wconf 86' lang='lat' dir='ltr'><strong>in</strong></span> <span class='ocrx_word' id='word_1_521' title='bbox 3604 2890 3814 2943; x_wconf 75' lang='lat' dir='ltr'><strong>nomine</strong></span> 
     </span>
    </p>
   </div>
   <div class='ocr_carea' id='block_1_74' title="bbox 2248 2972 3812 3043">
    <p class='ocr_par' dir='ltr' id='par_1_74' title="bbox 2248 2972 3812 3043">
     <span class='ocr_line' id='line_1_74' title="bbox 2248 2972 3812 3043; baseline 0.006 -18"><span class='ocrx_word' id='word_1_522' title='bbox 2248 2972 2377 3026; x_wconf 79' lang='lat' dir='ltr'><strong>Jesu</strong></span> <span class='ocrx_word' id='word_1_523' title='bbox 2412 2990 2561 3028; x_wconf 85' lang='lat' dir='ltr'><strong>omne</strong></span> <span class='ocrx_word' id='word_1_524' title='bbox 2599 2992 2729 3041; x_wconf 69' lang='lat' dir='ltr'><strong>gem:</strong></span> <span class='ocrx_word' id='word_1_525' title='bbox 2766 2978 3020 3043; x_wconf 81' lang='lat' dir='ltr'><strong>ﬂectetur,</strong></span> <span class='ocrx_word' id='word_1_526' title='bbox 3068 2982 3372 3042; x_wconf 74' lang='lat' dir='ltr'><strong>cwtestium,</strong></span> <span class='ocrx_word' id='word_1_527' title='bbox 3407 2982 3731 3035; x_wconf 65' lang='lat' dir='ltr'><strong>terrestrium</strong></span> <span class='ocrx_word' id='word_1_528' title='bbox 3764 2994 3812 3035; x_wconf 78' lang='lat' dir='ltr'><strong>et</strong></span> 
     </span>
    </p>
   </div>
   <div class='ocr_carea' id='block_1_75' title="bbox 2249 3058 3813 3139">
    <p class='ocr_par' dir='ltr' id='par_1_75' title="bbox 2249 3058 3813 3139">
     <span class='ocr_line' id='line_1_75' title="bbox 2249 3058 3813 3139; baseline 0.008 -29"><span class='ocrx_word' id='word_1_529' title='bbox 2249 3058 2577 3125; x_wconf 79' lang='lat' dir='ltr'><strong>infernarum</strong></span> <span class='ocrx_word' id='word_1_530' title='bbox 2602 3062 2680 3125; x_wconf 69' lang='lat'><strong>7&#39;;</strong></span> <span class='ocrx_word' id='word_1_531' title='bbox 2715 3072 2767 3114; x_wconf 89' lang='lat' dir='ltr'><strong>et</strong></span> <span class='ocrx_word' id='word_1_532' title='bbox 2800 3064 2851 3115; x_wconf 92' lang='lat' dir='ltr'><strong>in</strong></span> <span class='ocrx_word' id='word_1_533' title='bbox 2882 3078 3008 3115; x_wconf 87' lang='lat' dir='ltr'><strong>area</strong></span> <span class='ocrx_word' id='word_1_534' title='bbox 3044 3066 3383 3134; x_wconf 81' lang='lat' dir='ltr'><strong>significetur</strong></span> <span class='ocrx_word' id='word_1_535' title='bbox 3421 3070 3663 3122; x_wconf 81' lang='lat' dir='ltr'><strong>omnium</strong></span> <span class='ocrx_word' id='word_1_536' title='bbox 3690 3074 3813 3139; x_wconf 84' lang='lat' dir='ltr'><strong>qni-</strong></span> 
     </span>
    </p>
   </div>
   <div class='ocr_carea' id='block_1_76' title="bbox 2248 3147 3814 3224">
    <p class='ocr_par' dir='ltr' id='par_1_76' title="bbox 2248 3147 3814 3224">
     <span class='ocr_line' id='line_1_76' title="bbox 2248 3147 3814 3224; baseline 0.009 -24"><span class='ocrx_word' id='word_1_537' title='bbox 2248 3147 2370 3202; x_wconf 90' lang='lat' dir='ltr'><strong>dem</strong></span> <span class='ocrx_word' id='word_1_538' title='bbox 2404 3150 2655 3204; x_wconf 87' lang='lat' dir='ltr'><strong>inferiora</strong></span> <span class='ocrx_word' id='word_1_539' title='bbox 2691 3152 2807 3220; x_wconf 87' lang='lat' dir='ltr'><strong>ipsa</strong></span> <span class='ocrx_word' id='word_1_540' title='bbox 2836 3169 2956 3207; x_wconf 89' lang='lat' dir='ltr'><strong>esse</strong></span> <span class='ocrx_word' id='word_1_541' title='bbox 3008 3171 3127 3224; x_wconf 76' lang='lat' dir='ltr'><strong>qua:</strong></span> <span class='ocrx_word' id='word_1_542' title='bbox 3153 3158 3441 3224; x_wconf 80' lang='lat' dir='ltr'><strong>Apostolus</strong></span> <span class='ocrx_word' id='word_1_543' title='bbox 3488 3160 3618 3213; x_wconf 90' lang='lat' dir='ltr'><strong>dicit</strong></span> <span class='ocrx_word' id='word_1_544' title='bbox 3654 3161 3814 3214; x_wconf 76' lang='lat' dir='ltr'><strong>infer-</strong></span> 
     </span>
    </p>
   </div>
   <div class='ocr_carea' id='block_1_77' title="bbox 2249 3239 3813 3315">
    <p class='ocr_par' dir='ltr' id='par_1_77' title="bbox 2249 3239 3813 3315">
     <span class='ocr_line' id='line_1_77' title="bbox 2249 3239 3813 3315; baseline 0.007 -24"><span class='ocrx_word' id='word_1_545' title='bbox 2249 3253 2342 3303; x_wconf 84' lang='lat' dir='ltr'><strong>na,</strong></span> <span class='ocrx_word' id='word_1_546' title='bbox 2376 3239 2565 3293; x_wconf 92' lang='lat' dir='ltr'><strong>horum</strong></span> <span class='ocrx_word' id='word_1_547' title='bbox 2592 3250 2772 3294; x_wconf 85' lang='lat' dir='ltr'><strong>autem</strong></span> <span class='ocrx_word' id='word_1_548' title='bbox 2800 3243 3053 3313; x_wconf 84' lang='lat' dir='ltr'><strong>contigua</strong></span> <span class='ocrx_word' id='word_1_549' title='bbox 3087 3247 3371 3312; x_wconf 83' lang='lat' dir='ltr'><strong>superiora</strong></span> <span class='ocrx_word' id='word_1_550' title='bbox 3395 3247 3509 3315; x_wconf 87' lang='lat' dir='ltr'><strong>ipsa</strong></span> <span class='ocrx_word' id='word_1_551' title='bbox 3539 3263 3662 3303; x_wconf 89' lang='lat' dir='ltr'><strong>esse</strong></span> <span class='ocrx_word' id='word_1_552' title='bbox 3706 3258 3813 3303; x_wconf 89' lang='lat' dir='ltr'><strong>Ier-</strong></span> 
     </span>
    </p>
   </div>
   <div class='ocr_carea' id='block_1_78' title="bbox 2248 3331 3813 3405">
    <p class='ocr_par' dir='ltr' id='par_1_78' title="bbox 2248 3331 3813 3405">
     <span class='ocr_line' id='line_1_78' title="bbox 2248 3331 3813 3405; baseline 0.006 -22"><span class='ocrx_word' id='word_1_553' title='bbox 2248 3331 2463 3394; x_wconf 88' lang='lat' dir='ltr'><strong>restria,</strong></span> <span class='ocrx_word' id='word_1_554' title='bbox 2498 3332 2844 3386; x_wconf 89' lang='lat' dir='ltr'><strong>tricamerata</strong></span> <span class='ocrx_word' id='word_1_555' title='bbox 2872 3348 3003 3389; x_wconf 89' lang='lat' dir='ltr'><strong>vero</strong></span> <span class='ocrx_word' id='word_1_556' title='bbox 3033 3338 3316 3403; x_wconf 88' lang='lat' dir='ltr'><strong>superiora</strong></span> <span class='ocrx_word' id='word_1_557' title='bbox 3346 3352 3466 3405; x_wconf 67' lang='lat' dir='ltr'><strong>qua:</strong></span> <span class='ocrx_word' id='word_1_558' title='bbox 3496 3339 3628 3393; x_wconf 88' lang='lat' dir='ltr'><strong>dicit</strong></span> <span class='ocrx_word' id='word_1_559' title='bbox 3651 3340 3813 3393; x_wconf 80' lang='lat' dir='ltr'><strong>simul</strong></span> 
     </span>
    </p>
   </div>
   <div class='ocr_carea' id='block_1_79' title="bbox 2246 3421 3813 3487">
    <p class='ocr_par' dir='ltr' id='par_1_79' title="bbox 2246 3421 3813 3487">
     <span class='ocr_line' id='line_1_79' title="bbox 2246 3421 3813 3487; baseline 0.008 -15"><span class='ocrx_word' id='word_1_560' title='bbox 2246 3421 2426 3473; x_wconf 85' lang='lat' dir='ltr'><strong>omnia</strong></span> <span class='ocrx_word' id='word_1_561' title='bbox 2454 3436 2574 3476; x_wconf 89' lang='lat' dir='ltr'><strong>esse</strong></span> <span class='ocrx_word' id='word_1_562' title='bbox 2596 3422 2858 3487; x_wconf 67' lang='lat' dir='ltr'><strong>caelestia,</strong></span> <span class='ocrx_word' id='word_1_563' title='bbox 2881 3426 2973 3477; x_wconf 88' lang='lat' dir='ltr'><strong>sed</strong></span> <span class='ocrx_word' id='word_1_564' title='bbox 3008 3426 3059 3479; x_wconf 92' lang='lat' dir='ltr'><strong>in</strong></span> <span class='ocrx_word' id='word_1_565' title='bbox 3082 3427 3164 3480; x_wconf 92' lang='lat' dir='ltr'><strong>his</strong></span> <span class='ocrx_word' id='word_1_566' title='bbox 3185 3443 3372 3483; x_wconf 88' lang='lat' dir='ltr'><strong>eorum</strong></span> <span class='ocrx_word' id='word_1_567' title='bbox 3398 3430 3590 3483; x_wconf 86' lang='lat' dir='ltr'><strong>merita</strong></span> <span class='ocrx_word' id='word_1_568' title='bbox 3618 3430 3813 3485; x_wconf 85' lang='lat' dir='ltr'><strong>distin-</strong></span> 
     </span>
    </p>
   </div>
   <div class='ocr_carea' id='block_1_80' title="bbox 2248 3513 3814 3589">
    <p class='ocr_par' dir='ltr' id='par_1_80' title="bbox 2248 3513 3814 3589">
     <span class='ocr_line' id='line_1_80' title="bbox 2248 3513 3814 3589; baseline 0.008 -28"><span class='ocrx_word' id='word_1_569' title='bbox 2248 3513 2360 3579; x_wconf 84' lang='lat' dir='ltr'><strong>gui,</strong></span> <span class='ocrx_word' id='word_1_570' title='bbox 2386 3514 2476 3580; x_wconf 89' lang='lat' dir='ltr'><strong>qui</strong></span> <span class='ocrx_word' id='word_1_571' title='bbox 2506 3524 2733 3579; x_wconf 87' lang='lat' dir='ltr'><strong>possunt</strong></span> <span class='ocrx_word' id='word_1_572' title='bbox 2756 3517 3049 3570; x_wconf 87' lang='lat' dir='ltr'><strong>secundum</strong></span> <span class='ocrx_word' id='word_1_573' title='bbox 3069 3518 3371 3586; x_wconf 79' lang='lat' dir='ltr'><strong>apostolum</strong></span> <span class='ocrx_word' id='word_1_574' title='bbox 3389 3519 3615 3574; x_wconf 84' lang='lat' dir='ltr'><strong>Paulum</strong></span> <span class='ocrx_word' id='word_1_575' title='bbox 3640 3537 3814 3589; x_wconf 88' lang='lat' dir='ltr'><strong>usque</strong></span> 
     </span>
    </p>
   </div>
   <div class='ocr_carea' id='block_1_81' title="bbox 2249 3602 3810 3674">
    <p class='ocr_par' dir='ltr' id='par_1_81' title="bbox 2249 3602 3810 3674">
     <span class='ocr_line' id='line_1_81' title="bbox 2249 3602 3810 3674; baseline 0.006 -21"><span class='ocrx_word' id='word_1_576' title='bbox 2249 3603 2315 3653; x_wconf 91' lang='lat' dir='ltr'><strong>ad</strong></span> <span class='ocrx_word' id='word_1_577' title='bbox 2349 3602 2566 3655; x_wconf 88' lang='lat' dir='ltr'><strong>tertium</strong></span> <span class='ocrx_word' id='word_1_578' title='bbox 2607 3603 2805 3657; x_wconf 71' lang='lat' dir='ltr'><strong>coelum</strong></span> <span class='ocrx_word' id='word_1_579' title='bbox 2839 3610 3222 3662; x_wconf 86' lang='lat' dir='ltr'><strong>conscendere.</strong></span> <span class='ocrx_word' id='word_1_580' title='bbox 3257 3608 3378 3662; x_wconf 86' lang='lat' dir='ltr'><strong>Nidi</strong></span> <span class='ocrx_word' id='word_1_581' title='bbox 3412 3625 3541 3664; x_wconf 79' lang='lat' dir='ltr'><strong>vero</strong></span> <span class='ocrx_word' id='word_1_582' title='bbox 3592 3620 3646 3663; x_wconf 84' lang='lat' dir='ltr'><strong>et</strong></span> <span class='ocrx_word' id='word_1_583' title='bbox 3676 3611 3810 3674; x_wconf 90' lang='lat' dir='ltr'><strong>nidi,</strong></span> 
     </span>
    </p>
   </div>
   <div class='ocr_carea' id='block_1_82' title="bbox 2247 3692 3811 3768">
    <p class='ocr_par' dir='ltr' id='par_1_82' title="bbox 2247 3692 3811 3768">
     <span class='ocr_line' id='line_1_82' title="bbox 2247 3692 3811 3768; baseline 0.008 -27"><span class='ocrx_word' id='word_1_584' title='bbox 2247 3693 2371 3759; x_wconf 84' lang='lat' dir='ltr'><strong>quin</strong></span> <span class='ocrx_word' id='word_1_585' title='bbox 2409 3692 2557 3745; x_wconf 91' lang='lat' dir='ltr'><strong>multi</strong></span> <span class='ocrx_word' id='word_1_586' title='bbox 2593 3704 2720 3747; x_wconf 91' lang='lat' dir='ltr'><strong>sunt</strong></span> <span class='ocrx_word' id='word_1_587' title='bbox 2747 3694 2799 3748; x_wconf 90' lang='lat' dir='ltr'><strong>in</strong></span> <span class='ocrx_word' id='word_1_588' title='bbox 2832 3710 2984 3761; x_wconf 86' lang='lat' dir='ltr'><strong>arca,</strong></span> <span class='ocrx_word' id='word_1_589' title='bbox 3024 3696 3224 3752; x_wconf 89' lang='lat' dir='ltr'><strong>multas</strong></span> <span class='ocrx_word' id='word_1_590' title='bbox 3255 3714 3378 3754; x_wconf 88' lang='lat' dir='ltr'><strong>esse</strong></span> <span class='ocrx_word' id='word_1_591' title='bbox 3418 3700 3556 3768; x_wconf 82' lang='lat' dir='ltr'><strong>apud</strong></span> <span class='ocrx_word' id='word_1_592' title='bbox 3593 3698 3811 3753; x_wconf 84' lang='lat' dir='ltr'><strong>Patrem</strong></span> 
     </span>
    </p>
   </div>
   <div class='ocr_carea' id='block_1_83' title="bbox 2250 3783 3809 3854">
    <p class='ocr_par' dir='ltr' id='par_1_83' title="bbox 2250 3783 3809 3854">
     <span class='ocr_line' id='line_1_83' title="bbox 2250 3783 3809 3854; baseline 0.006 -20"><span class='ocrx_word' id='word_1_593' title='bbox 2250 3783 2490 3836; x_wconf 86' lang='lat' dir='ltr'><strong>iudicant</strong></span> <span class='ocrx_word' id='word_1_594' title='bbox 2515 3786 2845 3841; x_wconf 82' lang='lat' dir='ltr'><strong>mansiones.</strong></span> <span class='ocrx_word' id='word_1_595' title='bbox 2879 3789 2952 3841; x_wconf 87' lang='lat' dir='ltr'><strong>De</strong></span> <span class='ocrx_word' id='word_1_596' title='bbox 2977 3789 3305 3844; x_wconf 85' lang='lat' dir='ltr'><strong>animalibus</strong></span> <span class='ocrx_word' id='word_1_597' title='bbox 3335 3805 3487 3854; x_wconf 89' lang='lat' dir='ltr'><strong>vero,</strong></span> <span class='ocrx_word' id='word_1_598' title='bbox 3520 3800 3576 3845; x_wconf 91' lang='lat' dir='ltr'><strong>et</strong></span> <span class='ocrx_word' id='word_1_599' title='bbox 3599 3790 3809 3852; x_wconf 81' lang='lat' dir='ltr'><strong>bestiis,</strong></span> 
     </span>
    </p>
   </div>
   <div class='ocr_carea' id='block_1_84' title="bbox 2251 3875 3811 3947">
    <p class='ocr_par' dir='ltr' id='par_1_84' title="bbox 2251 3875 3811 3947">
     <span class='ocr_line' id='line_1_84' title="bbox 2251 3875 3811 3947; baseline 0.005 -22"><span class='ocrx_word' id='word_1_600' title='bbox 2251 3887 2314 3925; x_wconf 88' lang='lat' dir='ltr'><strong>ac</strong></span> <span class='ocrx_word' id='word_1_601' title='bbox 2382 3875 2670 3940; x_wconf 85' lang='lat' dir='ltr'><strong>pecoribus</strong></span> <span class='ocrx_word' id='word_1_602' title='bbox 2726 3878 3049 3947; x_wconf 74' lang='lat' dir='ltr'><strong>cazterisque</strong></span> <span class='ocrx_word' id='word_1_603' title='bbox 3125 3880 3359 3935; x_wconf 77' lang='lat' dir='ltr'><strong>diversis</strong></span> <span class='ocrx_word' id='word_1_604' title='bbox 3416 3880 3811 3943; x_wconf 84' lang='lat' dir='ltr'><strong>animantibus,</strong></span> 
     </span>
    </p>
   </div>
   <div class='ocr_carea' id='block_1_85' title="bbox 2249 3964 3813 4037">
    <p class='ocr_par' dir='ltr' id='par_1_85' title="bbox 2249 3964 3813 4037">
     <span class='ocr_line' id='line_1_85' title="bbox 2249 3964 3813 4037; baseline 0.007 -25"><span class='ocrx_word' id='word_1_605' title='bbox 2249 3979 2368 4029; x_wconf 71' lang='lat' dir='ltr'><strong>quae</strong></span> <span class='ocrx_word' id='word_1_606' title='bbox 2395 3966 2547 4018; x_wconf 87' lang='lat' dir='ltr'><strong>nobis</strong></span> <span class='ocrx_word' id='word_1_607' title='bbox 2576 3964 2679 4017; x_wconf 88' lang='lat' dir='ltr'><strong>alia</strong></span> <span class='ocrx_word' id='word_1_608' title='bbox 2711 3966 2879 4034; x_wconf 83' lang='lat' dir='ltr'><strong>figura</strong></span> <span class='ocrx_word' id='word_1_609' title='bbox 2916 3969 3184 4021; x_wconf 85' lang='lat' dir='ltr'><strong>servanda</strong></span> <span class='ocrx_word' id='word_1_610' title='bbox 3211 3978 3316 4033; x_wconf 89' lang='lat' dir='ltr'><strong>est,</strong></span> <span class='ocrx_word' id='word_1_611' title='bbox 3372 3970 3474 4023; x_wconf 86' lang='lat' dir='ltr'><strong>nisi</strong></span> <span class='ocrx_word' id='word_1_612' title='bbox 3534 3984 3695 4037; x_wconf 87' lang='lat' dir='ltr'><strong>quam</strong></span> <span class='ocrx_word' id='word_1_613' title='bbox 3729 3970 3813 4023; x_wconf 88' lang='lat' dir='ltr'><strong>vel</strong></span> 
     </span>
    </p>
   </div>
   <div class='ocr_carea' id='block_1_86' title="bbox 2249 4054 3811 4128">
    <p class='ocr_par' dir='ltr' id='par_1_86' title="bbox 2249 4054 3811 4128">
     <span class='ocr_line' id='line_1_86' title="bbox 2249 4054 3811 4128; baseline 0.005 -22"><span class='ocrx_word' id='word_1_614' title='bbox 2249 4055 2412 4107; x_wconf 73' lang='lat' dir='ltr'><strong>Isaias</strong></span> <span class='ocrx_word' id='word_1_615' title='bbox 2445 4056 2682 4108; x_wconf 80' lang='lat' dir='ltr'><strong>ostendit</strong></span> <span class='ocrx_word' id='word_1_616' title='bbox 2711 4054 2778 4120; x_wconf 62' lang='lat'><strong>3°,</strong></span> <span class='ocrx_word' id='word_1_617' title='bbox 2836 4071 2958 4111; x_wconf 88' lang='lat' dir='ltr'><strong>cum</strong></span> <span class='ocrx_word' id='word_1_618' title='bbox 2993 4057 3155 4121; x_wconf 81' lang='lat' dir='ltr'><strong>dicit,</strong></span> <span class='ocrx_word' id='word_1_619' title='bbox 3183 4058 3233 4110; x_wconf 92' lang='lat' dir='ltr'><strong>in</strong></span> <span class='ocrx_word' id='word_1_620' title='bbox 3294 4073 3460 4128; x_wconf 86' lang='lat' dir='ltr'><strong>regno</strong></span> <span class='ocrx_word' id='word_1_621' title='bbox 3490 4059 3692 4114; x_wconf 83' lang='lat' dir='ltr'><strong>Christi</strong></span> <span class='ocrx_word' id='word_1_622' title='bbox 3725 4059 3811 4114; x_wconf 85' lang='lat' dir='ltr'><strong>lu-</strong></span> 
     </span>
    </p>
   </div>
   <div class='ocr_carea' id='block_1_87' title="bbox 2245 4148 3814 4215">
    <p class='ocr_par' dir='ltr' id='par_1_87' title="bbox 2245 4148 3814 4215">
     <span class='ocr_line' id='line_1_87' title="bbox 2245 4148 3814 4215; baseline 0.007 -20"><span class='ocrx_word' id='word_1_623' title='bbox 2245 4160 2369 4213; x_wconf 88' lang='lat' dir='ltr'><strong>pum</strong></span> <span class='ocrx_word' id='word_1_624' title='bbox 2394 4162 2514 4199; x_wconf 88' lang='lat' dir='ltr'><strong>cunt</strong></span> <span class='ocrx_word' id='word_1_625' title='bbox 2547 4162 2703 4214; x_wconf 78' lang='lat' dir='ltr'><strong>agno,</strong></span> <span class='ocrx_word' id='word_1_626' title='bbox 2738 4148 2962 4215; x_wconf 89' lang='lat' dir='ltr'><strong>pardum</strong></span> <span class='ocrx_word' id='word_1_627' title='bbox 2998 4163 3121 4201; x_wconf 90' lang='lat' dir='ltr'><strong>cum</strong></span> <span class='ocrx_word' id='word_1_628' title='bbox 3160 4148 3331 4213; x_wconf 73' lang='lat' dir='ltr'><strong>hredo,</strong></span> <span class='ocrx_word' id='word_1_629' title='bbox 3375 4149 3583 4204; x_wconf 85' lang='lat' dir='ltr'><strong>leonem</strong></span> <span class='ocrx_word' id='word_1_630' title='bbox 3632 4160 3692 4205; x_wconf 87' lang='lat' dir='ltr'><strong>et</strong></span> <span class='ocrx_word' id='word_1_631' title='bbox 3720 4154 3814 4206; x_wconf 80' lang='lat' dir='ltr'><strong>bo-</strong></span> 
     </span>
    </p>
   </div>
   <div class='ocr_carea' id='block_1_88' title="bbox 2245 4237 3812 4309">
    <p class='ocr_par' dir='ltr' id='par_1_88' title="bbox 2245 4237 3812 4309">
     <span class='ocr_line' id='line_1_88' title="bbox 2245 4237 3812 4309; baseline 0.006 -22"><span class='ocrx_word' id='word_1_632' title='bbox 2245 4251 2361 4290; x_wconf 89' lang='lat' dir='ltr'><strong>vem</strong></span> <span class='ocrx_word' id='word_1_633' title='bbox 2402 4237 2562 4290; x_wconf 82' lang='lat' dir='ltr'><strong>simul</strong></span> <span class='ocrx_word' id='word_1_634' title='bbox 2588 4237 2667 4291; x_wconf 89' lang='lat' dir='ltr'><strong>ire</strong></span> <span class='ocrx_word' id='word_1_635' title='bbox 2696 4239 2762 4290; x_wconf 86' lang='lat' dir='ltr'><strong>ad</strong></span> <span class='ocrx_word' id='word_1_636' title='bbox 2799 4254 3018 4306; x_wconf 85' lang='lat' dir='ltr'><strong>pascua,</strong></span> <span class='ocrx_word' id='word_1_637' title='bbox 3081 4250 3377 4309; x_wconf 82' lang='lat' dir='ltr'><strong>eorumque</strong></span> <span class='ocrx_word' id='word_1_638' title='bbox 3436 4242 3577 4296; x_wconf 86' lang='lat' dir='ltr'><strong>letus</strong></span> <span class='ocrx_word' id='word_1_639' title='bbox 3650 4243 3812 4297; x_wconf 86' lang='lat' dir='ltr'><strong>simul</strong></span> 
     </span>
    </p>
   </div>
   <div class='ocr_carea' id='block_1_89' title="bbox 2245 4326 3810 4400">
    <p class='ocr_par' dir='ltr' id='par_1_89' title="bbox 2245 4326 3810 4400">
     <span class='ocr_line' id='line_1_89' title="bbox 2245 4326 3810 4400; baseline 0.005 -21"><span class='ocrx_word' id='word_1_640' title='bbox 2245 4326 2413 4396; x_wconf 89' lang='lat' dir='ltr'><strong>paleis</strong></span> <span class='ocrx_word' id='word_1_641' title='bbox 2448 4329 2617 4393; x_wconf 88' lang='lat' dir='ltr'><strong>vesci,</strong></span> <span class='ocrx_word' id='word_1_642' title='bbox 2678 4329 2898 4396; x_wconf 87' lang='lat' dir='ltr'><strong>insuper</strong></span> <span class='ocrx_word' id='word_1_643' title='bbox 2940 4331 3107 4383; x_wconf 86' lang='lat' dir='ltr'><strong>etiam</strong></span> <span class='ocrx_word' id='word_1_644' title='bbox 3170 4330 3221 4383; x_wconf 92' lang='lat' dir='ltr'><strong>in</strong></span> <span class='ocrx_word' id='word_1_645' title='bbox 3267 4333 3517 4398; x_wconf 85' lang='lat' dir='ltr'><strong>aspidum</strong></span> <span class='ocrx_word' id='word_1_646' title='bbox 3549 4348 3810 4400; x_wconf 84' lang='lat' dir='ltr'><strong>caverna,</strong></span> 
     </span>
    </p>
   </div>
   <div class='ocr_carea' id='block_1_90' title="bbox 2245 4420 3813 4491">
    <p class='ocr_par' dir='ltr' id='par_1_90' title="bbox 2245 4420 3813 4491">
     <span class='ocr_line' id='line_1_90' title="bbox 2245 4420 3813 4491; baseline 0.006 -20"><span class='ocrx_word' id='word_1_647' title='bbox 2245 4435 2471 4488; x_wconf 91' lang='lat' dir='ltr'><strong>parvum</strong></span> <span class='ocrx_word' id='word_1_648' title='bbox 2495 4436 2721 4490; x_wconf 88' lang='lat' dir='ltr'><strong>puerum</strong></span> <span class='ocrx_word' id='word_1_649' title='bbox 2752 4420 2935 4491; x_wconf 86' lang='lat' dir='ltr'><strong>(talem</strong></span> <span class='ocrx_word' id='word_1_650' title='bbox 2964 4422 3083 4474; x_wconf 89' lang='lat' dir='ltr'><strong>sine</strong></span> <span class='ocrx_word' id='word_1_651' title='bbox 3113 4421 3303 4485; x_wconf 85' lang='lat' dir='ltr'><strong>dubio,</strong></span> <span class='ocrx_word' id='word_1_652' title='bbox 3360 4424 3573 4490; x_wconf 80' lang='lat' dir='ltr'><strong>qualem</strong></span> <span class='ocrx_word' id='word_1_653' title='bbox 3597 4426 3813 4481; x_wconf 85' lang='lat' dir='ltr'><strong>dicebat</strong></span> 
     </span>
    </p>
   </div>
   <div class='ocr_carea' id='block_1_91' title="bbox 578 4502 3814 4591">
    <p class='ocr_par' dir='ltr' id='par_1_91' title="bbox 578 4502 3814 4591">
     <span class='ocr_line' id='line_1_91' title="bbox 578 4502 3814 4591; baseline -0.002 -8"><span class='ocrx_word' id='word_1_654' title='bbox 578 4540 845 4583; x_wconf 87' lang='lat' dir='ltr'><strong>mentum.</strong></span> <span class='ocrx_word' id='word_1_655' title='bbox 882 4526 1035 4591; x_wconf 78' lang='lat' dir='ltr'><strong>Quod</strong></span> <span class='ocrx_word' id='word_1_656' title='bbox 1065 4525 1205 4578; x_wconf 88' lang='lat' dir='ltr'><strong>enim</strong></span> <span class='ocrx_word' id='word_1_657' title='bbox 1239 4525 1310 4577; x_wconf 89' lang='lat' dir='ltr'><strong>ibi</strong></span> <span class='ocrx_word' id='word_1_658' title='bbox 1336 4524 1573 4586; x_wconf 85' lang='lat' dir='ltr'><strong>centeni,</strong></span> <span class='ocrx_word' id='word_1_659' title='bbox 1622 4523 1720 4575; x_wconf 89' lang='lat' dir='ltr'><strong>hoc</strong></span> <span class='ocrx_word' id='word_1_660' title='bbox 1754 4523 1841 4574; x_wconf 91' lang='lat' dir='ltr'><strong>hic</strong></span> <span class='ocrx_word' id='word_1_661' title='bbox 1872 4522 1990 4574; x_wconf 89' lang='lat' dir='ltr'><strong>deni</strong></span> <span class='ocrx_word' id='word_1_662' title='bbox 2028 4530 2135 4574; x_wconf 87' lang='lat' dir='ltr'><strong>ter-</strong></span> <span class='ocrx_word' id='word_1_663' title='bbox 2172 4502 2217 4558; x_wconf 68' lang='grc' dir='ltr'><strong>θ</strong></span> <span class='ocrx_word' id='word_1_664' title='bbox 2249 4514 2497 4568; x_wconf 62' lang='lat' dir='ltr'><strong>Salvam?</strong></span> <span class='ocrx_word' id='word_1_665' title='bbox 2518 4514 2584 4578; x_wconf 60' lang='grc' dir='ltr'><strong>θ’,</strong></span> <span class='ocrx_word' id='word_1_666' title='bbox 2613 4511 2731 4565; x_wconf 51' lang='lat' dir='ltr'><strong>Ni“</strong></span> <span class='ocrx_word' id='word_1_667' title='bbox 2761 4513 2994 4566; x_wconf 72' lang='grc' dir='ltr'><strong>εοηῑένδί</strong></span> <span class='ocrx_word' id='word_1_668' title='bbox 3020 4513 3227 4580; x_wconf 60' lang='lat' dir='ltr'><strong>fuerim</strong></span> <span class='ocrx_word' id='word_1_669' title='bbox 3256 4526 3301 4567; x_wconf 79' lang='grc' dir='ltr'>ει</span> <span class='ocrx_word' id='word_1_670' title='bbox 3326 4516 3495 4583; x_wconf 68' lang='grc' dir='ltr'><strong>επεειε</strong></span> <span class='ocrx_word' id='word_1_671' title='bbox 3523 4518 3656 4570; x_wconf 65' lang='grc' dir='ltr'><strong>δέεαι</strong></span> <span class='ocrx_word' id='word_1_672' title='bbox 3685 4532 3814 4585; x_wconf 67' lang='grc' dir='ltr'><strong>ραν</strong></span> 
     </span>
    </p>
   </div>
   <div class='ocr_carea' id='block_1_92' title="bbox 574 4611 2135 4684">
    <p class='ocr_par' dir='ltr' id='par_1_92' title="bbox 574 4611 2135 4684">
     <span class='ocr_line' id='line_1_92' title="bbox 574 4611 2135 4684; baseline -0.008 -11"><span class='ocrx_word' id='word_1_673' title='bbox 574 4621 649 4673; x_wconf 87' lang='lat' dir='ltr'><strong>tio</strong></span> <span class='ocrx_word' id='word_1_674' title='bbox 678 4616 1010 4684; x_wconf 87' lang='lat' dir='ltr'><strong>multiplicati</strong></span> <span class='ocrx_word' id='word_1_675' title='bbox 1046 4614 1267 4667; x_wconf 79' lang='lat' dir='ltr'><strong>faciunt.</strong></span> <span class='ocrx_word' id='word_1_676' title='bbox 1294 4612 1372 4664; x_wconf 72' lang='lat' dir='ltr'><strong>Ad</strong></span> <span class='ocrx_word' id='word_1_677' title='bbox 1395 4627 1558 4664; x_wconf 88' lang='lat' dir='ltr'><strong>unum</strong></span> <span class='ocrx_word' id='word_1_678' title='bbox 1599 4624 1775 4664; x_wconf 87' lang='lat' dir='ltr'><strong>autem</strong></span> <span class='ocrx_word' id='word_1_679' title='bbox 1805 4611 1967 4663; x_wconf 86' lang='lat' dir='ltr'><strong>totius</strong></span> <span class='ocrx_word' id='word_1_680' title='bbox 2004 4626 2135 4663; x_wconf 87' lang='lat' dir='ltr'><strong>con-</strong></span> 
     </span>
    </p>
   </div>
   <div class='ocr_carea' id='block_1_93' title="bbox 576 4701 2138 4768">
    <p class='ocr_par' dir='ltr' id='par_1_93' title="bbox 576 4701 2138 4768">
     <span class='ocr_line' id='line_1_93' title="bbox 576 4701 2138 4768; baseline -0.008 -2"><span class='ocrx_word' id='word_1_681' title='bbox 576 4710 891 4766; x_wconf 83' lang='lat' dir='ltr'><strong>structiouis</strong></span> <span class='ocrx_word' id='word_1_682' title='bbox 918 4723 1198 4761; x_wconf 79' lang='lat' dir='ltr'><strong>numerum</strong></span> <span class='ocrx_word' id='word_1_683' title='bbox 1235 4719 1444 4758; x_wconf 87' lang='lat' dir='ltr'><strong>summa</strong></span> <span class='ocrx_word' id='word_1_684' title='bbox 1477 4712 1789 4761; x_wconf 83' lang='lat' dir='ltr'><strong>revocatur,</strong></span> <span class='ocrx_word' id='word_1_685' title='bbox 1820 4701 1945 4768; x_wconf 89' lang='lat' dir='ltr'><strong>quia</strong></span> <span class='ocrx_word' id='word_1_686' title='bbox 2005 4715 2138 4753; x_wconf 83' lang='lat' dir='ltr'><strong>unus</strong></span> 
     </span>
    </p>
   </div>
   <div class='ocr_carea' id='block_1_94' title="bbox 577 4791 2139 4865">
    <p class='ocr_par' dir='ltr' id='par_1_94' title="bbox 577 4791 2139 4865">
     <span class='ocr_line' id='line_1_94' title="bbox 577 4791 2139 4865; baseline -0.008 -9"><span class='ocrx_word' id='word_1_687' title='bbox 577 4804 715 4856; x_wconf 74' lang='lat' dir='ltr'><strong>Deus</strong></span> <span class='ocrx_word' id='word_1_688' title='bbox 752 4801 913 4853; x_wconf 82' lang='lat' dir='ltr'><strong>Pater</strong></span> <span class='ocrx_word' id='word_1_689' title='bbox 966 4814 1030 4852; x_wconf 78' lang='lat' dir='ltr'><strong>ex</strong></span> <span class='ocrx_word' id='word_1_690' title='bbox 1066 4812 1167 4865; x_wconf 82' lang='lat' dir='ltr'><strong>quo</strong></span> <span class='ocrx_word' id='word_1_691' title='bbox 1205 4797 1382 4848; x_wconf 82' lang='lat' dir='ltr'><strong>omnia</strong></span> <span class='ocrx_word' id='word_1_692' title='bbox 1410 4796 1474 4855; x_wconf 78' lang='lat'><strong>&quot;,</strong></span> <span class='ocrx_word' id='word_1_693' title='bbox 1530 4804 1739 4848; x_wconf 80' lang='lat' dir='ltr'><strong>ctunus</strong></span> <span class='ocrx_word' id='word_1_694' title='bbox 1767 4791 2042 4854; x_wconf 84' lang='lat' dir='ltr'><strong>Dominus,</strong></span> <span class='ocrx_word' id='word_1_695' title='bbox 2085 4800 2139 4844; x_wconf 84' lang='lat' dir='ltr'><strong>et</strong></span> 
     </span>
    </p>
   </div>
   <div class='ocr_carea' id='block_1_95' title="bbox 574 4885 2138 4956">
    <p class='ocr_par' dir='ltr' id='par_1_95' title="bbox 574 4885 2138 4956">
     <span class='ocr_line' id='line_1_95' title="bbox 574 4885 2138 4956; baseline -0.007 -11"><span class='ocrx_word' id='word_1_696' title='bbox 574 4910 678 4945; x_wconf 82' lang='lat' dir='ltr'><strong>una</strong></span> <span class='ocrx_word' id='word_1_697' title='bbox 713 4891 966 4945; x_wconf 71' lang='lat' dir='ltr'><strong>Ecclesia!</strong></span> <span class='ocrx_word' id='word_1_698' title='bbox 996 4888 1126 4956; x_wconf 80' lang='lat' dir='ltr'><strong>ﬁdes</strong></span> <span class='ocrx_word' id='word_1_699' title='bbox 1158 4895 1261 4949; x_wconf 84' lang='lat' dir='ltr'><strong>est,</strong></span> <span class='ocrx_word' id='word_1_700' title='bbox 1294 4902 1457 4940; x_wconf 85' lang='lat' dir='ltr'><strong>unum</strong></span> <span class='ocrx_word' id='word_1_701' title='bbox 1487 4885 1767 4953; x_wconf 82' lang='lat' dir='ltr'><strong>baptisma,</strong></span> <span class='ocrx_word' id='word_1_702' title='bbox 1833 4900 1991 4935; x_wconf 83' lang='lat' dir='ltr'><strong>unum</strong></span> <span class='ocrx_word' id='word_1_703' title='bbox 2023 4898 2138 4935; x_wconf 83' lang='lat' dir='ltr'><strong>cor-</strong></span> 
     </span>
    </p>
   </div>
   <div class='ocr_carea' id='block_1_96' title="bbox 574 4971 2139 5048">
    <p class='ocr_par' dir='ltr' id='par_1_96' title="bbox 574 4971 2139 5048">
     <span class='ocr_line' id='line_1_96' title="bbox 574 4971 2139 5048; baseline -0.004 -19"><span class='ocrx_word' id='word_1_704' title='bbox 574 4997 689 5048; x_wconf 79' lang='lat' dir='ltr'><strong>pus,</strong></span> <span class='ocrx_word' id='word_1_705' title='bbox 722 4989 767 5031; x_wconf 79' lang='lat' dir='ltr'><strong>et</strong></span> <span class='ocrx_word' id='word_1_706' title='bbox 817 4994 953 5030; x_wconf 84' lang='lat' dir='ltr'><strong>unus</strong></span> <span class='ocrx_word' id='word_1_707' title='bbox 984 4977 1201 5044; x_wconf 80' lang='lat' dir='ltr'><strong>spiritus</strong></span> <span class='ocrx_word' id='word_1_708' title='bbox 1254 4975 1322 5036; x_wconf 78' lang='grc' dir='ltr'><strong>το,</strong></span> <span class='ocrx_word' id='word_1_709' title='bbox 1384 4984 1436 5026; x_wconf 88' lang='lat' dir='ltr'><strong>et</strong></span> <span class='ocrx_word' id='word_1_710' title='bbox 1469 4973 1535 5026; x_wconf 89' lang='lat' dir='ltr'><strong>ad</strong></span> <span class='ocrx_word' id='word_1_711' title='bbox 1570 4988 1731 5025; x_wconf 92' lang='lat' dir='ltr'><strong>unum</strong></span> <span class='ocrx_word' id='word_1_712' title='bbox 1789 4971 2139 5039; x_wconf 78' lang='lat' dir='ltr'><strong>perfectionis</strong></span> 
     </span>
    </p>
   </div>
   <div class='ocr_carea' id='block_1_97' title="bbox 574 5060 2133 5129">
    <p class='ocr_par' dir='ltr' id='par_1_97' title="bbox 574 5060 2133 5129">
     <span class='ocr_line' id='line_1_97' title="bbox 574 5060 2133 5129; baseline -0.008 -9"><span class='ocrx_word' id='word_1_713' title='bbox 574 5067 667 5120; x_wconf 88' lang='lat' dir='ltr'><strong>Dei</strong></span> <span class='ocrx_word' id='word_1_714' title='bbox 702 5066 862 5118; x_wconf 88' lang='lat' dir='ltr'><strong>finem</strong></span> <span class='ocrx_word' id='word_1_715' title='bbox 896 5073 1090 5119; x_wconf 79' lang='lat' dir='ltr'><strong>cuncta</strong></span> <span class='ocrx_word' id='word_1_716' title='bbox 1118 5063 1396 5115; x_wconf 79' lang='lat' dir='ltr'><strong>festinant.</strong></span> <span class='ocrx_word' id='word_1_717' title='bbox 1425 5061 1531 5114; x_wconf 85' lang='lat' dir='ltr'><strong>Sed</strong></span> <span class='ocrx_word' id='word_1_718' title='bbox 1570 5072 1623 5114; x_wconf 91' lang='lat' dir='ltr'><strong>et</strong></span> <span class='ocrx_word' id='word_1_719' title='bbox 1661 5070 1712 5113; x_wconf 88' lang='lat' dir='ltr'><strong>tu</strong></span> <span class='ocrx_word' id='word_1_720' title='bbox 1741 5060 1832 5129; x_wconf 90' lang='lat' dir='ltr'><strong>qui</strong></span> <span class='ocrx_word' id='word_1_721' title='bbox 1889 5061 2002 5112; x_wconf 66' lang='lat' dir='ltr'><strong>hsce</strong></span> <span class='ocrx_word' id='word_1_722' title='bbox 2037 5076 2133 5111; x_wconf 84' lang='lat' dir='ltr'><strong>an-</strong></span> 
     </span>
    </p>
   </div>
   <div class='ocr_carea' id='block_1_98' title="bbox 572 5153 2133 5227">
    <p class='ocr_par' dir='ltr' id='par_1_98' title="bbox 572 5153 2133 5227">
     <span class='ocr_line' id='line_1_98' title="bbox 572 5153 2133 5227; baseline -0.006 -13"><span class='ocrx_word' id='word_1_723' title='bbox 572 5161 679 5227; x_wconf 84' lang='lat' dir='ltr'><strong>dis,</strong></span> <span class='ocrx_word' id='word_1_724' title='bbox 706 5160 749 5213; x_wconf 88' lang='lat' dir='ltr'><strong>si</strong></span> <span class='ocrx_word' id='word_1_725' title='bbox 780 5158 1075 5226; x_wconf 88' lang='lat' dir='ltr'><strong>Scripturis</strong></span> <span class='ocrx_word' id='word_1_726' title='bbox 1099 5156 1302 5209; x_wconf 88' lang='lat' dir='ltr'><strong>sanctis</strong></span> <span class='ocrx_word' id='word_1_727' title='bbox 1339 5154 1584 5207; x_wconf 86' lang='lat' dir='ltr'><strong>intendas</strong></span> <span class='ocrx_word' id='word_1_728' title='bbox 1615 5169 1678 5206; x_wconf 78' lang='lat' dir='ltr'><strong>cx</strong></span> <span class='ocrx_word' id='word_1_729' title='bbox 1711 5153 1842 5214; x_wconf 89' lang='lat' dir='ltr'><strong>otio,</strong></span> <span class='ocrx_word' id='word_1_730' title='bbox 1869 5153 2133 5219; x_wconf 88' lang='lat' dir='ltr'><strong>permulta</strong></span> 
     </span>
    </p>
   </div>
   <div class='ocr_carea' id='block_1_99' title="bbox 643 5337 2032 5409">
    <p class='ocr_par' dir='ltr' id='par_1_99' title="bbox 643 5337 2032 5409">
     <span class='ocr_line' id='line_1_99' title="bbox 643 5337 2032 5409; baseline -0.008 -9"><span class='ocrx_word' id='word_1_731' title='bbox 643 5348 689 5380; x_wconf 78' lang='grc'><strong>⁸³</strong></span> <span class='ocrx_word' id='word_1_732' title='bbox 719 5345 848 5399; x_wconf 89' lang='lat' dir='ltr'><strong>Luc.</strong></span> <span class='ocrx_word' id='word_1_733' title='bbox 885 5360 973 5407; x_wconf 79' lang='lat' dir='ltr'><strong>xv,</strong></span> <span class='ocrx_word' id='word_1_734' title='bbox 1012 5343 1044 5395; x_wconf 71' lang='grc'><strong>4</strong></span> <span class='ocrx_word' id='word_1_735' title='bbox 1091 5352 1145 5394; x_wconf 84' lang='lat' dir='ltr'><strong>et</strong></span> <span class='ocrx_word' id='word_1_736' title='bbox 1193 5355 1343 5409; x_wconf 76' lang='lat' dir='ltr'><strong>seqq.</strong></span> <span class='ocrx_word' id='word_1_737' title='bbox 1472 5339 1515 5369; x_wconf 82' lang='grc'><strong>⁸⁰</strong></span> <span class='ocrx_word' id='word_1_738' title='bbox 1550 5339 1589 5409; x_wconf 14' lang='lat' dir='ltr'><strong>l7</strong></span> <span class='ocrx_word' id='word_1_739' title='bbox 1626 5338 1750 5393; x_wconf 88' lang='lat' dir='ltr'><strong>Cor.</strong></span> <span class='ocrx_word' id='word_1_740' title='bbox 1811 5353 1926 5409; x_wconf 81' lang='lat' dir='ltr'><strong>vin,</strong></span> <span class='ocrx_word' id='word_1_741' title='bbox 1980 5337 2032 5389; x_wconf 87' lang='lat'><strong>6.</strong></span> 
     </span>
    </p>
   </div>
   <div class='ocr_carea' id='block_1_100' title="bbox 572 5408 1666 5472">
    <p class='ocr_par' dir='ltr' id='par_1_100' title="bbox 572 5408 1666 5472">
     <span class='ocr_line' id='line_1_100' title="bbox 572 5408 1666 5472; baseline -0.009 0"><span class='ocrx_word' id='word_1_742' title='bbox 572 5418 619 5449; x_wconf 80' lang='lat'><strong>&quot;</strong></span> <span class='ocrx_word' id='word_1_743' title='bbox 650 5420 803 5471; x_wconf 84' lang='lat' dir='ltr'><strong>Deut.</strong></span> <span class='ocrx_word' id='word_1_744' title='bbox 842 5431 953 5471; x_wconf 71' lang='lat' dir='ltr'><strong>xw.</strong></span> <span class='ocrx_word' id='word_1_745' title='bbox 986 5414 1037 5467; x_wconf 89' lang='lat'><strong>9.</strong></span> <span class='ocrx_word' id='word_1_746' title='bbox 1114 5413 1160 5442; x_wconf 66' lang='grc'><strong>⁷³</strong></span> <span class='ocrx_word' id='word_1_747' title='bbox 1194 5408 1350 5463; x_wconf 71' lang='lat' dir='ltr'><strong>nm...</strong></span> <span class='ocrx_word' id='word_1_748' title='bbox 1386 5425 1537 5472; x_wconf 64' lang='lat' dir='ltr'><strong>uxr,</strong></span> <span class='ocrx_word' id='word_1_749' title='bbox 1577 5408 1666 5462; x_wconf 83' lang='grc'><strong>50.</strong></span> 
     </span>
    </p>
   </div>
   <div class='ocr_carea' id='block_1_101' title="bbox 573 5477 1861 5550">
    <p class='ocr_par' dir='ltr' id='par_1_101' title="bbox 573 5477 1861 5550">
     <span class='ocr_line' id='line_1_101' title="bbox 573 5477 1861 5550; baseline -0.008 -10"><span class='ocrx_word' id='word_1_750' title='bbox 573 5486 660 5548; x_wconf 76' lang='lat' dir='ltr'><strong>Sl&#39;i,</strong></span> <span class='ocrx_word' id='word_1_751' title='bbox 690 5488 782 5538; x_wconf 68' lang='lat'><strong>28.</strong></span> <span class='ocrx_word' id='word_1_752' title='bbox 862 5485 905 5514; x_wconf 72' lang='grc'>⁷⁸</span> <span class='ocrx_word' id='word_1_753' title='bbox 937 5484 1129 5550; x_wconf 88' lang='lat' dir='ltr'><strong>Philip.</strong></span> <span class='ocrx_word' id='word_1_754' title='bbox 1161 5497 1220 5543; x_wconf 92' lang='grc' dir='ltr'><strong>ιι,</strong></span> <span class='ocrx_word' id='word_1_755' title='bbox 1256 5482 1338 5534; x_wconf 86' lang='lat' dir='ltr'><strong>lU.</strong></span> <span class='ocrx_word' id='word_1_756' title='bbox 1416 5480 1460 5509; x_wconf 80' lang='grc' dir='ltr'><strong>⁸ο</strong></span> <span class='ocrx_word' id='word_1_757' title='bbox 1496 5477 1597 5531; x_wconf 88' lang='lat' dir='ltr'><strong>lsa.</strong></span> <span class='ocrx_word' id='word_1_758' title='bbox 1643 5492 1717 5542; x_wconf 74' lang='grc' dir='ltr'>ιιι,</span> <span class='ocrx_word' id='word_1_759' title='bbox 1746 5478 1861 5530; x_wconf 84' lang='grc'>6-8.</span> 
     </span>
    </p>
   </div>
   <div class='ocr_carea' id='block_1_102' title="bbox 645 5568 2136 5648">
    <p class='ocr_par' dir='ltr' id='par_1_102' title="bbox 645 5568 2136 5648">
     <span class='ocr_line' id='line_1_102' title="bbox 645 5568 2136 5648; baseline -0.003 -18"><span class='ocrx_word' id='word_1_760' title='bbox 645 5576 752 5648; x_wconf 74' lang='lat'><strong>(86)</strong></span> <span class='ocrx_word' id='word_1_761' title='bbox 786 5577 894 5630; x_wconf 76' lang='lat' dir='ltr'><strong>Sex</strong></span> <span class='ocrx_word' id='word_1_762' title='bbox 939 5591 1069 5631; x_wconf 86' lang='lat' dir='ltr'><strong>mss.</strong></span> <span class='ocrx_word' id='word_1_763' title='bbox 1126 5575 1352 5639; x_wconf 86' lang='lat' dir='ltr'><strong>habent,</strong></span> <span class='ocrx_word' id='word_1_764' title='bbox 1409 5574 1765 5643; x_wconf 75' lang='lat' dir='ltr'><strong>prtrdicabat;</strong></span> <span class='ocrx_word' id='word_1_765' title='bbox 1794 5568 1921 5624; x_wconf 87' lang='lat' dir='ltr'><strong>libb.</strong></span> <span class='ocrx_word' id='word_1_766' title='bbox 1960 5572 2089 5626; x_wconf 89' lang='lat' dir='ltr'><strong>editi</strong></span> <span class='ocrx_word' id='word_1_767' title='bbox 2123 5590 2136 5626; x_wconf 91' lang='lat'>:</span> 
     </span>
    </p>
   </div>
   <div class='ocr_carea' id='block_1_103' title="bbox 572 5647 2132 5784">
    <p class='ocr_par' dir='ltr' id='par_1_103' title="bbox 572 5647 2132 5784">
     <span class='ocr_line' id='line_1_103' title="bbox 572 5647 2132 5784; baseline -0.005 -15"><span class='ocrx_word' id='word_1_768' title='bbox 572 5647 1222 5784; x_wconf 44' lang='lat' dir='ltr'><strong>prfgiftiiindianitarum.</strong></span> <span class='ocrx_word' id='word_1_769' title='bbox 1263 5712 1352 5765; x_wconf 79' lang='lat' dir='ltr'><strong>Sic</strong></span> <span class='ocrx_word' id='word_1_770' title='bbox 1378 5712 1579 5767; x_wconf 87' lang='lat' dir='ltr'><strong>habent</strong></span> <span class='ocrx_word' id='word_1_771' title='bbox 1611 5727 1797 5766; x_wconf 78' lang='lat' dir='ltr'><strong>omnes</strong></span> <span class='ocrx_word' id='word_1_772' title='bbox 1828 5726 1983 5776; x_wconf 81' lang='lat' dir='ltr'><strong>mss.,</strong></span> <span class='ocrx_word' id='word_1_773' title='bbox 2011 5709 2132 5765; x_wconf 86' lang='lat' dir='ltr'><strong>libri</strong></span> 
     </span>
    </p>
   </div>
   <div class='ocr_carea' id='block_1_104' title="bbox 577 5785 1358 5852">
    <p class='ocr_par' dir='ltr' id='par_1_104' title="bbox 577 5785 1358 5852">
     <span class='ocr_line' id='line_1_104' title="bbox 577 5785 1358 5852; baseline -0.004 -14"><span class='ocrx_word' id='word_1_774' title='bbox 577 5802 700 5841; x_wconf 89' lang='lat' dir='ltr'><strong>vero</strong></span> <span class='ocrx_word' id='word_1_775' title='bbox 733 5785 882 5852; x_wconf 76' lang='lat' dir='ltr'><strong>editi,</strong></span> <span class='ocrx_word' id='word_1_776' title='bbox 922 5785 1358 5838; x_wconf 81' lang='lat' dir='ltr'><strong>Ammonitarum.</strong></span> 
     </span>
    </p>
   </div>
   <div class='ocr_carea' id='block_1_105' title="bbox 2142 5337 2680 5408">
    <p class='ocr_par' dir='ltr' id='par_1_105' title="bbox 2142 5337 2680 5408">
     <span class='ocr_line' id='line_1_105' title="bbox 2142 5337 2680 5408; baseline -0.007 -14"><span class='ocrx_word' id='word_1_777' title='bbox 2142 5342 2185 5370; x_wconf 73' lang='lat'><strong>7&quot;</strong></span> <span class='ocrx_word' id='word_1_778' title='bbox 2225 5341 2357 5408; x_wconf 78' lang='lat' dir='ltr'><strong>Eph.</strong></span> <span class='ocrx_word' id='word_1_779' title='bbox 2416 5356 2491 5401; x_wconf 84' lang='lat' dir='ltr'><strong>tv,</strong></span> <span class='ocrx_word' id='word_1_780' title='bbox 2540 5337 2593 5396; x_wconf 69' lang='grc'><strong>4.</strong></span> <span class='ocrx_word' id='word_1_781' title='bbox 2632 5337 2680 5408; x_wconf 68' lang='grc'>5.</span> 
     </span>
    </p>
   </div>
   <div class='ocr_carea' id='block_1_106' title="bbox 1741 5408 2211 5471">
    <p class='ocr_par' dir='ltr' id='par_1_106' title="bbox 1741 5408 2211 5471">
     <span class='ocr_line' id='line_1_106' title="bbox 1741 5408 2211 5471; baseline 0.002 -10"><span class='ocrx_word' id='word_1_782' title='bbox 1741 5409 1785 5437; x_wconf 80' lang='grc'><strong>⁷⁸</strong></span> <span class='ocrx_word' id='word_1_783' title='bbox 1815 5408 1947 5461; x_wconf 84' lang='lat' dir='ltr'><strong>Gen.</strong></span> <span class='ocrx_word' id='word_1_784' title='bbox 1984 5423 2091 5471; x_wconf 70' lang='lat' dir='ltr'><strong>xlv,</strong></span> <span class='ocrx_word' id='word_1_785' title='bbox 2126 5411 2211 5465; x_wconf 76' lang='grc' dir='ltr'>Μ.</span> 
     </span>
    </p>
   </div>
   <div class='ocr_carea' id='block_1_107' title="bbox 1937 5478 2474 5539">
    <p class='ocr_par' dir='ltr' id='par_1_107' title="bbox 1937 5478 2474 5539">
     <span class='ocr_line' id='line_1_107' title="bbox 1937 5478 2474 5539; baseline 0 -10"><span class='ocrx_word' id='word_1_786' title='bbox 1937 5478 1979 5509; x_wconf 71' lang='grc' dir='ltr'>ει</span> <span class='ocrx_word' id='word_1_787' title='bbox 2014 5478 2204 5534; x_wconf 74' lang='lat' dir='ltr'><strong>Matth.</strong></span> <span class='ocrx_word' id='word_1_788' title='bbox 2232 5493 2385 5539; x_wconf 76' lang='lat' dir='ltr'><strong>xviii,</strong></span> <span class='ocrx_word' id='word_1_789' title='bbox 2421 5478 2474 5529; x_wconf 83' lang='grc'>5.</span> 
     </span>
    </p>
   </div>
   <div class='ocr_carea' id='block_1_108' title="bbox 2245 4607 3815 4677">
    <p class='ocr_par' dir='ltr' id='par_1_108' title="bbox 2245 4607 3815 4677">
     <span class='ocr_line' id='line_1_108' title="bbox 2245 4607 3815 4677; baseline 0.003 -19"><span class='ocrx_word' id='word_1_790' title='bbox 2245 4608 2477 4671; x_wconf 79' lang='lat' dir='ltr'><strong>Itic,non</strong></span> <span class='ocrx_word' id='word_1_791' title='bbox 2507 4607 2791 4659; x_wconf 81' lang='lat' dir='ltr'><strong>introibitis</strong></span> <span class='ocrx_word' id='word_1_792' title='bbox 2817 4610 2873 4660; x_wconf 84' lang='lat' dir='ltr'><strong>in</strong></span> <span class='ocrx_word' id='word_1_793' title='bbox 2916 4622 3130 4674; x_wconf 80' lang='lat' dir='ltr'><strong>regnum</strong></span> <span class='ocrx_word' id='word_1_794' title='bbox 3179 4607 3293 4677; x_wconf 82' lang='lat' dir='ltr'><strong>Dei)</strong></span> <span class='ocrx_word' id='word_1_795' title='bbox 3352 4609 3643 4663; x_wconf 77' lang='lat' dir='ltr'><strong>missurum</strong></span> <span class='ocrx_word' id='word_1_796' title='bbox 3692 4623 3815 4663; x_wconf 87' lang='lat' dir='ltr'><strong>esse</strong></span> 
     </span>
    </p>
   </div>
   <div class='ocr_carea' id='block_1_109' title="bbox 2246 4698 3811 4769">
    <p class='ocr_par' dir='ltr' id='par_1_109' title="bbox 2246 4698 3811 4769">
     <span class='ocr_line' id='line_1_109' title="bbox 2246 4698 3811 4769; baseline 0.001 -18"><span class='ocrx_word' id='word_1_797' title='bbox 2246 4714 2487 4758; x_wconf 86' lang='lat' dir='ltr'><strong>tnanum.</strong></span> <span class='ocrx_word' id='word_1_798' title='bbox 2516 4707 2570 4750; x_wconf 89' lang='lat' dir='ltr'><strong>et</strong></span> <span class='ocrx_word' id='word_1_799' title='bbox 2600 4698 2730 4751; x_wconf 90' lang='lat' dir='ltr'><strong>nihil</strong></span> <span class='ocrx_word' id='word_1_800' title='bbox 2760 4699 3057 4754; x_wconf 63' lang='lat' dir='ltr'><strong>laedendum</strong></span> <span class='ocrx_word' id='word_1_801' title='bbox 3084 4718 3099 4765; x_wconf 88' lang='lat'><strong>;</strong></span> <span class='ocrx_word' id='word_1_802' title='bbox 3135 4700 3223 4753; x_wconf 84' lang='lat' dir='ltr'><strong>vel</strong></span> <span class='ocrx_word' id='word_1_803' title='bbox 3272 4701 3433 4753; x_wconf 88' lang='lat' dir='ltr'><strong>etiam</strong></span> <span class='ocrx_word' id='word_1_804' title='bbox 3477 4700 3566 4753; x_wconf 76' lang='lat' dir='ltr'><strong>illa</strong></span> <span class='ocrx_word' id='word_1_805' title='bbox 3617 4702 3811 4769; x_wconf 83' lang='lat' dir='ltr'><strong>figura,</strong></span> 
     </span>
    </p>
   </div>
   <div class='ocr_carea' id='block_1_110' title="bbox 2242 4788 3811 4857">
    <p class='ocr_par' dir='ltr' id='par_1_110' title="bbox 2242 4788 3811 4857">
     <span class='ocr_line' id='line_1_110' title="bbox 2242 4788 3811 4857; baseline 0.001 -17"><span class='ocrx_word' id='word_1_806' title='bbox 2242 4804 2403 4857; x_wconf 79' lang='lat' dir='ltr'><strong>quam</strong></span> <span class='ocrx_word' id='word_1_807' title='bbox 2460 4789 2649 4842; x_wconf 81' lang='lat' dir='ltr'><strong>Petrus</strong></span> <span class='ocrx_word' id='word_1_808' title='bbox 2680 4788 2787 4856; x_wconf 88' lang='lat' dir='ltr'><strong>jam</strong></span> <span class='ocrx_word' id='word_1_809' title='bbox 2820 4806 2962 4843; x_wconf 91' lang='lat' dir='ltr'><strong>nunc</strong></span> <span class='ocrx_word' id='word_1_810' title='bbox 2990 4792 3040 4843; x_wconf 92' lang='lat' dir='ltr'><strong>in</strong></span> <span class='ocrx_word' id='word_1_811' title='bbox 3081 4790 3325 4844; x_wconf 82' lang='lat' dir='ltr'><strong>Ecclesia</strong></span> <span class='ocrx_word' id='word_1_812' title='bbox 3387 4790 3571 4843; x_wconf 81' lang='lat' dir='ltr'><strong>haberi</strong></span> <span class='ocrx_word' id='word_1_813' title='bbox 3634 4794 3811 4854; x_wconf 87' lang='lat' dir='ltr'><strong>docet,</strong></span> 
     </span>
    </p>
   </div>
   <div class='ocr_carea' id='block_1_111' title="bbox 2243 4882 3810 4950">
    <p class='ocr_par' dir='ltr' id='par_1_111' title="bbox 2243 4882 3810 4950">
     <span class='ocr_line' id='line_1_111' title="bbox 2243 4882 3810 4950; baseline 0.002 -17"><span class='ocrx_word' id='word_1_814' title='bbox 2243 4896 2364 4934; x_wconf 91' lang='lat' dir='ltr'><strong>cum</strong></span> <span class='ocrx_word' id='word_1_815' title='bbox 2417 4882 2581 4935; x_wconf 88' lang='lat' dir='ltr'><strong>refert</strong></span> <span class='ocrx_word' id='word_1_816' title='bbox 2618 4897 2676 4935; x_wconf 88' lang='lat' dir='ltr'><strong>se</strong></span> <span class='ocrx_word' id='word_1_817' title='bbox 2734 4884 2998 4936; x_wconf 90' lang='lat' dir='ltr'><strong>visionem</strong></span> <span class='ocrx_word' id='word_1_818' title='bbox 3050 4882 3249 4935; x_wconf 84' lang='lat' dir='ltr'><strong>vidisse</strong></span> <span class='ocrx_word' id='word_1_819' title='bbox 3289 4882 3358 4945; x_wconf 72' lang='grc' dir='ltr'><strong>δ’,</strong></span> <span class='ocrx_word' id='word_1_820' title='bbox 3389 4883 3441 4935; x_wconf 91' lang='lat' dir='ltr'><strong>in</strong></span> <span class='ocrx_word' id='word_1_821' title='bbox 3492 4897 3594 4950; x_wconf 86' lang='lat' dir='ltr'><strong>qua</strong></span> <span class='ocrx_word' id='word_1_822' title='bbox 3628 4884 3810 4936; x_wconf 78' lang='lat' dir='ltr'><strong>omnia</strong></span> 
     </span>
    </p>
   </div>
   <div class='ocr_carea' id='block_1_112' title="bbox 2248 4972 3812 5040">
    <p class='ocr_par' dir='ltr' id='par_1_112' title="bbox 2248 4972 3812 5040">
     <span class='ocr_line' id='line_1_112' title="bbox 2248 4972 3812 5040; baseline 0.003 -19"><span class='ocrx_word' id='word_1_823' title='bbox 2248 4973 2637 5040; x_wconf 88' lang='lat' dir='ltr'><strong>quadrupedia,</strong></span> <span class='ocrx_word' id='word_1_824' title='bbox 2668 4983 2720 5026; x_wconf 88' lang='lat' dir='ltr'><strong>et</strong></span> <span class='ocrx_word' id='word_1_825' title='bbox 2748 4974 2934 5026; x_wconf 72' lang='lat' dir='ltr'><strong>bestia:</strong></span> <span class='ocrx_word' id='word_1_826' title='bbox 2962 4984 3141 5035; x_wconf 66' lang='lat' dir='ltr'><strong>terrae,</strong></span> <span class='ocrx_word' id='word_1_827' title='bbox 3169 4988 3231 5026; x_wconf 89' lang='lat' dir='ltr'><strong>ac</strong></span> <span class='ocrx_word' id='word_1_828' title='bbox 3260 4972 3499 5026; x_wconf 88' lang='lat' dir='ltr'><strong>volatilia</strong></span> <span class='ocrx_word' id='word_1_829' title='bbox 3528 4972 3650 5026; x_wconf 73' lang='lat' dir='ltr'><strong>cmli</strong></span> <span class='ocrx_word' id='word_1_830' title='bbox 3672 4973 3812 5026; x_wconf 84' lang='lat' dir='ltr'><strong>intra</strong></span> 
     </span>
    </p>
   </div>
   <div class='ocr_carea' id='block_1_113' title="bbox 2248 5062 3814 5131">
    <p class='ocr_par' dir='ltr' id='par_1_113' title="bbox 2248 5062 3814 5131">
     <span class='ocr_line' id='line_1_113' title="bbox 2248 5062 3814 5131; baseline 0.003 -18"><span class='ocrx_word' id='word_1_831' title='bbox 2248 5078 2415 5114; x_wconf 88' lang='lat' dir='ltr'><strong>Illlllln</strong></span> <span class='ocrx_word' id='word_1_832' title='bbox 2467 5063 2589 5116; x_wconf 88' lang='lat' dir='ltr'><strong>lidei</strong></span> <span class='ocrx_word' id='word_1_833' title='bbox 2642 5064 2867 5115; x_wconf 91' lang='lat' dir='ltr'><strong>linteum</strong></span> <span class='ocrx_word' id='word_1_834' title='bbox 2910 5062 3345 5125; x_wconf 89' lang='lat' dir='ltr'><strong>continebantur,</strong></span> <span class='ocrx_word' id='word_1_835' title='bbox 3380 5073 3613 5131; x_wconf 88' lang='lat' dir='ltr'><strong>quatuor</strong></span> <span class='ocrx_word' id='word_1_836' title='bbox 3641 5062 3814 5117; x_wconf 82' lang='lat' dir='ltr'><strong>Evan-</strong></span> 
     </span>
    </p>
   </div>
   <div class='ocr_carea' id='block_1_114' title="bbox 2247 5152 3078 5222">
    <p class='ocr_par' dir='ltr' id='par_1_114' title="bbox 2247 5152 3078 5222">
     <span class='ocr_line' id='line_1_114' title="bbox 2247 5152 3078 5222; baseline -0.001 -18"><span class='ocrx_word' id='word_1_837' title='bbox 2247 5156 2507 5222; x_wconf 81' lang='lat' dir='ltr'><strong>geliorum</strong></span> <span class='ocrx_word' id='word_1_838' title='bbox 2549 5154 2715 5207; x_wconf 87' lang='lat' dir='ltr'><strong>initiis</strong></span> <span class='ocrx_word' id='word_1_839' title='bbox 2755 5152 3078 5222; x_wconf 81' lang='lat' dir='ltr'><strong>alligatum?</strong></span> 
     </span>
    </p>
   </div>
   <div class='ocr_carea' id='block_1_115' title="bbox 3371 5335 3811 5399">
    <p class='ocr_par' dir='ltr' id='par_1_115' title="bbox 3371 5335 3811 5399">
     <span class='ocr_line' id='line_1_115' title="bbox 3371 5335 3811 5399; baseline 0.016 -13"><span class='ocrx_word' id='word_1_840' title='bbox 3371 5338 3414 5366; x_wconf 83' lang='lat'><strong>&quot;&#39;</strong></span> <span class='ocrx_word' id='word_1_841' title='bbox 3452 5335 3578 5389; x_wconf 85' lang='lat' dir='ltr'><strong>Luc.</strong></span> <span class='ocrx_word' id='word_1_842' title='bbox 3605 5351 3685 5399; x_wconf 89' lang='grc' dir='ltr'>ιιι,</span> <span class='ocrx_word' id='word_1_843' title='bbox 3717 5336 3811 5393; x_wconf 74' lang='lat'><strong>25.</strong></span> 
     </span>
    </p>
   </div>
   <div class='ocr_carea' id='block_1_116' title="bbox 3393 5406 3811 5471">
    <p class='ocr_par' dir='ltr' id='par_1_116' title="bbox 3393 5406 3811 5471">
     <span class='ocr_line' id='line_1_116' title="bbox 3393 5406 3811 5471; baseline 0.007 -13"><span class='ocrx_word' id='word_1_844' title='bbox 3393 5408 3437 5439; x_wconf 76' lang='grc'><strong>⁷³</strong></span> <span class='ocrx_word' id='word_1_845' title='bbox 3462 5406 3633 5461; x_wconf 84' lang='lat' dir='ltr'><strong>Levit.</strong></span> <span class='ocrx_word' id='word_1_846' title='bbox 3662 5422 3811 5471; x_wconf 74' lang='grc' dir='ltr'>ιινι,</span> 
     </span>
    </p>
   </div>
   <div class='ocr_carea' id='block_1_117' title="bbox 2786 5334 3268 5399">
    <p class='ocr_par' dir='ltr' id='par_1_117' title="bbox 2786 5334 3268 5399">
     <span class='ocr_line' id='line_1_117' title="bbox 2786 5334 3268 5399; baseline 0 -10"><span class='ocrx_word' id='word_1_847' title='bbox 2786 5339 2824 5366; x_wconf 85' lang='lat'><strong>&quot;</strong></span> <span class='ocrx_word' id='word_1_848' title='bbox 2854 5336 2986 5389; x_wconf 76' lang='lat' dir='ltr'><strong>Gen.</strong></span> <span class='ocrx_word' id='word_1_849' title='bbox 3030 5352 3138 5399; x_wconf 76' lang='lat' dir='ltr'><strong>xu,</strong></span> <span class='ocrx_word' id='word_1_850' title='bbox 3180 5334 3268 5389; x_wconf 65' lang='grc'><strong>66.</strong></span> 
     </span>
    </p>
   </div>
   <div class='ocr_carea' id='block_1_118' title="bbox 2288 5406 3315 5473">
    <p class='ocr_par' dir='ltr' id='par_1_118' title="bbox 2288 5406 3315 5473">
     <span class='ocr_line' id='line_1_118' title="bbox 2288 5406 3315 5473; baseline -0.004 -11"><span class='ocrx_word' id='word_1_851' title='bbox 2288 5410 2333 5440; x_wconf 80' lang='grc'><strong>⁷⁸</strong></span> <span class='ocrx_word' id='word_1_852' title='bbox 2365 5408 2488 5462; x_wconf 81' lang='lat' dir='ltr'><strong>.lud.</strong></span> <span class='ocrx_word' id='word_1_853' title='bbox 2525 5422 2622 5469; x_wconf 86' lang='lat' dir='ltr'><strong>vn,</strong></span> <span class='ocrx_word' id='word_1_854' title='bbox 2655 5406 2707 5458; x_wconf 84' lang='lat'><strong>6.</strong></span> <span class='ocrx_word' id='word_1_855' title='bbox 2778 5407 2829 5436; x_wconf 86' lang='lat'><strong><em>&quot;&quot;</em></strong></span> <span class='ocrx_word' id='word_1_856' title='bbox 2867 5406 3102 5473; x_wconf 82' lang='lat' dir='ltr'><strong>SOphon.</strong></span> <span class='ocrx_word' id='word_1_857' title='bbox 3153 5422 3190 5473; x_wconf 89' lang='grc' dir='ltr'><strong>ι,</strong></span> <span class='ocrx_word' id='word_1_858' title='bbox 3232 5407 3315 5459; x_wconf 84' lang='grc'><strong>15.</strong></span> 
     </span>
    </p>
   </div>
   <div class='ocr_carea' id='block_1_119' title="bbox 2551 5475 3081 5540">
    <p class='ocr_par' dir='ltr' id='par_1_119' title="bbox 2551 5475 3081 5540">
     <span class='ocr_line' id='line_1_119' title="bbox 2551 5475 3081 5540; baseline 0.004 -12"><span class='ocrx_word' id='word_1_859' title='bbox 2551 5477 2596 5506; x_wconf 74' lang='grc' dir='ltr'><strong>θ’</strong></span> <span class='ocrx_word' id='word_1_860' title='bbox 2626 5479 2746 5529; x_wconf 78' lang='lat' dir='ltr'><strong>Act.</strong></span> <span class='ocrx_word' id='word_1_861' title='bbox 2778 5491 2832 5539; x_wconf 78' lang='grc' dir='ltr'><strong>ιι,</strong></span> <span class='ocrx_word' id='word_1_862' title='bbox 2864 5476 2948 5540; x_wconf 81' lang='lat' dir='ltr'><strong>ll,</strong></span> <span class='ocrx_word' id='word_1_863' title='bbox 2997 5475 3081 5530; x_wconf 62' lang='grc' dir='ltr'>Ν.</span> 
     </span>
    </p>
   </div>
   <div class='ocr_carea' id='block_1_120' title="bbox 2322 5568 3818 5642">
    <p class='ocr_par' dir='ltr' id='par_1_120' title="bbox 2322 5568 3818 5642">
     <span class='ocr_line' id='line_1_120' title="bbox 2322 5568 3818 5642; baseline 0 -16"><span class='ocrx_word' id='word_1_864' title='bbox 2322 5572 2433 5642; x_wconf 81' lang='grc'><strong>(88)</strong></span> <span class='ocrx_word' id='word_1_865' title='bbox 2461 5570 2786 5623; x_wconf 79' lang='lat' dir='ltr'><strong>Madiuuitas</strong></span> <span class='ocrx_word' id='word_1_866' title='bbox 2843 5583 3069 5638; x_wconf 67' lang='lat' dir='ltr'><strong>superat.</strong></span> <span class='ocrx_word' id='word_1_867' title='bbox 3104 5568 3179 5625; x_wconf 82' lang='lat' dir='ltr'><strong>ita</strong></span> <span class='ocrx_word' id='word_1_868' title='bbox 3232 5572 3390 5625; x_wconf 84' lang='lat' dir='ltr'><strong>codd.</strong></span> <span class='ocrx_word' id='word_1_869' title='bbox 3447 5570 3731 5642; x_wconf 74' lang='lat' dir='ltr'><strong>Centetic.</strong></span> <span class='ocrx_word' id='word_1_870' title='bbox 3761 5582 3818 5626; x_wconf 77' lang='lat' dir='ltr'><strong>et</strong></span> 
     </span>
    </p>
   </div>
   <div class='ocr_carea' id='block_1_121' title="bbox 2250 5639 3816 5723">
    <p class='ocr_par' dir='ltr' id='par_1_121' title="bbox 2250 5639 3816 5723">
     <span class='ocr_line' id='line_1_121' title="bbox 2250 5639 3816 5723; baseline -0.001 -27"><span class='ocrx_word' id='word_1_871' title='bbox 2250 5639 2759 5723; x_wconf 78' lang='lat' dir='ltr'><strong>saugermancusis,</strong></span> <span class='ocrx_word' id='word_1_872' title='bbox 2794 5642 2914 5696; x_wconf 90' lang='lat' dir='ltr'><strong>libri</strong></span> <span class='ocrx_word' id='word_1_873' title='bbox 2945 5652 3125 5697; x_wconf 76' lang='lat' dir='ltr'><strong>autem</strong></span> <span class='ocrx_word' id='word_1_874' title='bbox 3157 5641 3286 5697; x_wconf 83' lang='lat' dir='ltr'><strong>editi</strong></span> <span class='ocrx_word' id='word_1_875' title='bbox 3313 5642 3573 5696; x_wconf 83' lang='lat' dir='ltr'><strong>otuittunt</strong></span> <span class='ocrx_word' id='word_1_876' title='bbox 3607 5639 3816 5695; x_wconf 72' lang='lat' dir='ltr'><strong>Modiu-</strong></span> 
     </span>
    </p>
   </div>
   <div class='ocr_carea' id='block_1_122' title="bbox 2247 5724 2409 5766">
    <p class='ocr_par' dir='ltr' id='par_1_122' title="bbox 2247 5724 2409 5766">
     <span class='ocr_line' id='line_1_122' title="bbox 2247 5724 2409 5766; baseline 0 -2"><span class='ocrx_word' id='word_1_877' title='bbox 2247 5724 2409 5766; x_wconf 78' lang='lat' dir='ltr'><strong>mtas.</strong></span> 
     </span>
    </p>
   </div>
  </div>
