4132 6408
380 458 478 512 173

1572 458 1640 511 ιΝ
1675 457 1973 514 GENESIM
2010 459 2295 516 IlOMlLlA
2330 464 2396 518 ll.

3520 477 3622 529 174

448 576 502 630 6.
534 576 726 630 verum
771 576 1019 646 quaniam
1084 590 1209 632 area
1245 590 1403 647 quam
1432 578 1741 636 describere
1776 597 1942 637 conao
1975 587 2020 641 Α
2052 582 2223 638 tinent
2249 585 2437 646 vitam,
2461 594 2512 638 et
2534 600 2597 638 ex
2618 587 2764 640 omni
2794 596 2946 656 parte
2975 589 3243 646 libratam.
3272 591 3405 648 Nam
3438 607 3624 652 aucto-

379 686 515 734 mur,
541 685 646 723 non
678 670 851 723 solum
905 671 1263 735 bieamerata,
1298 671 1389 723 sed
1427 679 1479 724 et
1531 671 1882 726 tricamerata
1915 687 1942 725 a

379 762 491 815 Deo
532 764 774 815 construi
819 761 1061 829 jubetur,
1116 776 1336 829 operam
1398 761 1585 815 demus
1641 771 1695 816 et
1748 778 1849 818 nos
1878 765 1945 818 ad

378 856 515 907 hanc
548 851 816 921 duplicem
846 868 964 921 quae
994 853 1272 921 praecessit
1309 854 1703 920 expositionem
1746 869 1944 909 secun-

374 947 496 999 dum
535 954 856 1014 precceptum
904 944 996 997 Dei
1040 945 1202 997 etiam
1256 944 1737 1012 tertiamjungere.
1766 942 1943 997 Prima

372 1036 511 1089 enim
567 1049 686 1101 quzc
727 1036 1020 1100 praecessit,
1058 1034 1317 1088 historica
1352 1042 1456 1098 est,
1516 1034 1681 1087 veluti
1740 1033 1940 1087 funda-

371 1136 609 1180 tuentum
635 1127 902 1194 quoddam
941 1126 992 1178 in
1027 1125 1381 1179 inferioribus
1433 1127 1631 1193 posita.
1693 1125 1941 1180 Secunda

369 1218 480 1271 luce
516 1220 769 1287 mystica,
796 1217 1049 1286 superior
1078 1225 1132 1271 et
1161 1216 1432 1271 excelsior
1459 1216 1579 1270 fuit.
1622 1214 1867 1271 Tertiam
1897 1216 1939 1270 si

369 1323 655 1376 possumus
684 1308 941 1361 moralem
978 1316 1247 1361 tentemus
1282 1306 1519 1373 adjicere
1548 1322 1562 1359 :
1589 1307 1836 1376 quamvis
1887 1314 1943 1360 et

372 1400 470 1451 hoc
506 1400 680 1467 ipsum
713 1399 856 1465 quod
886 1412 1059 1465 neque
1087 1397 1477 1451 bicameratam
1507 1400 1683 1452 solum
1726 1397 1863 1451 dixit
1886 1404 1940 1449 et

366 1490 535 1551 siluit,
571 1503 742 1555 neque
770 1489 1170 1542 tricameratam
1218 1498 1423 1542 tantum
1476 1496 1527 1540 et
1556 1487 1816 1551 cessavit,
1846 1484 1937 1539 sed

368 1591 487 1627 cum
523 1576 749 1629 dixisset
799 1573 1214 1642 bieameratam,
1251 1576 1460 1628 addidit
1507 1584 1561 1629 et
1616 1576 1935 1629 trieautera-

370 1675 495 1729 tam,
526 1680 623 1719 nec
649 1666 849 1734 absque
875 1667 1035 1735 hujus
1062 1667 1230 1734 ipsius
1264 1665 1629 1735 expositionis
1650 1678 1807 1731 quam
1835 1664 1935 1716 ha-

366 1754 554 1809 bemus
608 1757 657 1809 in
712 1757 961 1811 manibus
1000 1758 1249 1810 videatur
1297 1771 1420 1811 esse
1480 1756 1758 1825 mysterio.
1799 1754 1933 1808 Nam

367 1848 711 1899 tricamerata
745 1847 1013 1915 triplicem
1038 1847 1177 1903 hane
1197 1847 1592 1916 expositionem
1625 1846 1931 1913 designant.

2052 689 2138 729 res
2165 674 2500 729 szncularium
2526 675 2790 731 librorum
2824 691 3047 748 possunt
3076 684 3295 752 quidem
3327 686 3433 741 dici
3469 688 3613 757 ligna

2047 766 2281 828 excelsa,
2314 777 2367 821 et
2394 767 2535 835 ligna
2590 770 2865 824 umbrosa.
2904 770 3017 826 Sub
3068 776 3212 830 omni
3271 779 3418 831 enim
3472 778 3619 848 ligno

2048 855 2264 908 excelso
2313 863 2367 907 et.
2444 871 2733 911 nemoroso
2794 873 3085 916 accusatur
3140 863 3439 922 fornicatus
3490 885 3619 925 esse

2046 943 2208 997 Israel
2242 945 2288 975 ⁸⁷
2321 962 2333 995 :
2365 946 2488 1013 quia
2547 945 2620 998 illi
2657 946 2955 1014 loquuntur
3005 951 3223 1018 quidem
3275 956 3512 1020 excelsa,
3563 968 3620 1012 et

2046 1034 2233 1088 ﬂorida
2264 1044 2492 1089 utuntttr
2520 1036 2828 1105 eloquentia
2861 1056 3004 1095 :uou
3047 1051 3223 1097 tamen
3261 1045 3332 1099 ita
3364 1060 3614 1115 egerunt,

2044 1132 2103 1177 ut
2129 1124 2291 1178 locuti
2339 1135 2466 1179 sunt
2500 1145 2512 1179 :
2546 1135 2599 1181 et
2629 1128 2750 1183 ideo
2778 1143 2882 1183 non
2922 1141 3146 1198 possunt
3196 1134 3338 1204 ligna
3379 1136 3618 1205 quadra-

2046 1224 2097 1268 ta
2125 1215 2413 1280 nominari,
2443 1218 2585 1286 quod
2614 1220 2666 1272 in
2698 1221 2777 1274 eis
2819 1235 3158 1291 nequaquam
3193 1226 3301 1278 vita
3351 1236 3406 1280 et
3437 1242 3616 1284 sermo

2043 1305 2311 1361 collibret.
2350 1305 2428 1359 Tu
2454 1320 2582 1377 ergo
2619 1310 2664 1363 si
2710 1312 2844 1366 facis
2903 1328 3113 1381 arcam,
3152 1315 3195 1369 si
3227 1316 3613 1373 bibliothecam

2043 1412 2361 1467 congregas,
2387 1414 2451 1454 ex
2477 1404 2820 1457 sermonibus
2843 1405 3177 1473 propheticis
3209 1416 3265 1461 et
3301 1409 3615 1477 apostolicis

2040 1488 2123 1540 vel
2163 1502 2350 1543 eorum
2386 1491 2478 1559 qui
2519 1506 2614 1546 eos
2665 1496 2828 1549 rectis
2887 1495 3007 1549 fidei
3056 1497 3211 1552 lineis
3268 1501 3440 1554 secuti
3492 1512 3618 1555 sunt

2040 1592 2343 1649 congrega,
2428 1582 2813 1638 bicameratam
2876 1596 2930 1641 et
2989 1588 3394 1644 trieameratam
3448 1589 3616 1645 facito

2039 1680 2181 1729 eam,
2210 1682 2273 1721 ex
2310 1670 2421 1736 ipsa
2449 1675 2787 1726 narrationes
2840 1673 3133 1730 historicas
3160 1677 3342 1740 disce,
3400 1694 3466 1733 ex
3498 1680 3611 1749 ipsa

2040 1758 2358 1825 mysterium
2388 1774 2641 1829 magnum
2668 1762 2810 1828 quod
2844 1761 2898 1815 in
2948 1761 3169 1818 Christo
3196 1773 3251 1819 et
3281 1768 3333 1818 in
3363 1766 3611 1822 Ecclesia

2040 1844 2296 1912 impletur
2343 1862 2596 1915 agnosce.
2626 1849 2703 1903 Ex
2739 1850 2853 1919 ipsa
2884 1853 3049 1906 etiam
3077 1855 3369 1909 emendare
3409 1871 3611 1921 mores,

367 1936 472 1990 Sed
504 1937 630 2005 quia
699 1950 803 1991 non
824 1914 831 1915 ί
852 1952 1065 2003 semper
1097 1936 1149 1989 in
1208 1935 1505 2004 Scripturis
1534 1934 1732 1988 divinis
1762 1934 1938 1988 histo—
1967 1914 2008 1968 Β
2040 1949 2286 1989 resecare
2311 1936 2463 2003 vitia,
2494 1952 2730 2008 purgare
2755 1940 3013 2007 animam,
3052 1950 3213 2010 atque
3254 1956 3458 1997 exuere
3487 1957 3608 1998 eam

366 2032 516 2085 rialis
545 2032 936 2100 consequentia
969 2042 1115 2086 stare
1137 2040 1340 2100 potest,
1395 2033 1490 2085 sed
1547 2044 1934 2099 nonnunquam

361 2123 559 2185 deficit,
582 2131 656 2183 ut,
693 2123 841 2175 verbi
879 2137 1065 2185 causa,
1094 2138 1215 2177 cum
1264 2122 1466 2176 dicitur
1491 2121 1536 2152 ⁸³
1574 2137 1587 2173 :
1621 2120 1799 2181 Spinw
1836 2137 1935 2173 na-

358 2221 568 2266 scentur
594 2212 648 2265 in
671 2227 831 2265 manu
852 2213 1043 2265 ebriosi
1071 2252 1082 2265 .
1115 2222 1170 2265 et
1224 2227 1345 2266 cum
1379 2211 1430 2264 in
1464 2212 1665 2279 templo
1696 2226 1725 2264 a
1783 2210 1937 2265 Salo-

360 2317 517 2356 mone
543 2310 853 2355 constructo
888 2300 1158 2354 dicitur“
1198 2319 1212 2355 :
1253 2300 1367 2355 Vox
1412 2300 1588 2354 mallei
1634 2308 1684 2354 et
1738 2301 1933 2353 securis

358 2409 461 2446 non
494 2401 571 2446 est
601 2393 783 2445 audita
816 2393 871 2444 in
921 2392 1076 2445 domo
1106 2393 1203 2447 Dei
1249 2412 1266 2449 :
1305 2401 1358 2447 et
1386 2394 1583 2447 iterum
1629 2392 1680 2445 in
1730 2391 1932 2443 Leviti-

354 2497 420 2537 co
443 2482 510 2555 ἕξ,
531 2498 651 2537 eum
676 2480 820 2549 lepra
879 2483 1101 2550 parietis
1158 2492 1212 2538 et
1252 2483 1535 2552 pelliculae,
1567 2491 1623 2536 et
1673 2481 1927 2537 staminis

357 2577 547 2646 inspici
579 2576 801 2645 jubctur
831 2590 857 2627 a
884 2576 1258 2631 sacerdotibus
1311 2586 1365 2629 et
1410 2576 1631 2645 purgari
1662 2594 1677 2631 :
1709 2583 1927 2644 propter

356 2667 471 2720 haec
494 2680 625 2735 ergo
648 2675 702 2719 et
726 2665 810 2719 his
829 2665 1023 2719 similia
1053 2680 1159 2719 non
1186 2666 1360 2720 solum
1413 2666 1785 2730 lrieamerata,
1829 2666 1923 2719 sed

354 2768 407 2813 et
441 2758 774 2812 bicamerata
809 2772 935 2811 area
965 2759 1295 2823 contexitur,
1330 2766 1383 2811 ut
1414 2758 1649 2812 sciamus
1685 2757 1738 2809 in
1772 2754 1922 2810 Scri-

352 2849 525 2917 pturis
551 2848 747 2902 divinis
777 2864 883 2903 non
920 2863 1138 2916 semper
1161 2849 1449 2916 triplicem,
1493 2848 1618 2915 quia
1649 2860 1754 2900 non
1783 2859 1925 2900 sem-

351 2954 448 3007 per
483 2956 581 2995 nos
619 2940 841 2995 historia
909 2940 1178 3008 sequitur,
1230 2938 1324 2992 sed
1373 2939 1640 2992 interdum
1695 2937 1922 3005 duplicis

350 3032 719 3085 tantummodo
750 3045 973 3084 sensum
996 3029 1363 3098 expositionis
1404 3030 1688 3083 insertum.
1724 3026 1922 3083 'I‘ente—

347 3135 464 3175 mus
500 3120 664 3191 igitur
688 3128 742 3174 et
790 3120 1007 3173 tertiam
1040 3120 1437 3186 expositionem
1483 3119 1777 3185 disserere,
1834 3133 1920 3174 se-

346 3215 581 3270 cundum
613 3213 869 3267 moralem
894 3212 1093 3265 locum.
1126 3209 1182 3264 Si
1225 3211 1348 3279 quis
1373 3220 1479 3277 est,
1524 3211 1616 3280 qui
1664 3226 1919 3267 erescen-
1946 3239 1989 3297 ο

344 3304 489 3358 tibus
518 3303 694 3366 malis,
752 3309 805 3356 et
856 3301 1249 3354 inundantibus
1294 3301 1442 3355 vitiis
1498 3312 1824 3359 convertere
1855 3318 1915 3358 se

343 3401 525 3464 potest
551 3408 579 3445 a
606 3394 767 3447 rebus
798 3391 956 3446 ﬂuxis
1002 3399 1056 3446 et
1086 3392 1438 3460 pereuntibus
1465 3400 1521 3448 et
1574 3393 1817 3460 caducis,
1860 3403 1915 3449 et

340 3486 529 3539 audire
557 3485 779 3540 verbum
810 3485 923 3547 Dei,
952 3499 1015 3539 ac
1055 3494 1322 3553 prtecepta
1369 3484 1614 3539 caelestia
1646 3502 1660 3538 :
1700 3485 1787 3541 hic
1831 3487 1915 3540 in-

342 3584 422 3627 tra
453 3589 549 3628 cor
579 3588 733 3627 suum
760 3588 942 3627 arcam
982 3573 1175 3628 salutis
1205 3575 1460 3637 ardilicat,
1514 3583 1570 3628 et
1624 3574 1913 3631 bibliothe-

340 3679 479 3729 cam,
520 3672 577 3717 ut
603 3664 674 3716 ita
699 3664 898 3726 dicam,
930 3664 1068 3717 intra
1102 3680 1159 3718 se
1193 3665 1359 3718 divini
1393 3674 1682 3720 consecrat
1735 3666 1909 3731 verbi,

344 3752 729 3827 longitudinem
761 3753 811 3805 in
840 3768 924 3816 ea,
959 3764 1012 3806 et
1040 3753 1406 3820 latitudinem,
1456 3764 1512 3809 et
1544 3754 1909 3819 altitudinem,

340 3844 520 3906 iidem,
547 3858 716 3911 spem,
747 3844 1179 3913 eharitatemquc
1214 3845 1462 3900 collocat.
1507 3845 1693 3899 Fidem
1728 3847 1910 3901 Trini-

341 3936 468 3991 tatis
495 3934 609 4003 (89)
635 3938 700 3989 ad
731 3936 1121 4007 longitudinem
1175 3941 1297 3992 vita:
1339 3939 1911 4009 immortalitatetuqne

334 4026 614 4081 distendit.
646 4028 757 4097 66
784 4028 1147 4081 Latitudinem
1204 4030 1507 4096 charitatis,
1556 4032 1909 4101 indulgentia:

336 4126 391 4172 et
422 4118 771 4187 benignitatis
800 4117 991 4171 fundat
1025 4117 1246 4173 aﬂeclu.
1286 4121 1589 4175 Altitudine
1619 4124 1730 4190 Spei
1758 4136 1816 4176 se
1840 4125 1906 4175 ad

335 4209 578 4263 coelestia
612 4209 772 4278 erigit
806 4218 857 4262 et
888 4209 1118 4263 excelsa.
1167 4210 1344 4277 Super
1378 4223 1582 4265 terram
1618 4216 1763 4267 enim
1793 4229 1908 4266 am-

334 4299 546 4361 bulans,
589 4300 641 4352 in
686 4299 840 4354 caelis
897 4298 1061 4353 habet
1089 4302 1582 4355 conversationem.
1628 4304 1902 4357 Summam

334 4382 461 4445 vero
493 4399 708 4445 actuum
756 4407 975 4445 suorum
1023 4392 1190 4447 refert
1222 4393 1287 4445 ad
1344 4410 1536 4447 unum.
1589 4394 1703 4449 Scit
1758 4395 1903 4449 enim

333 4480 456 4549 quia
482 4498 655 4534 omnes
693 4482 900 4551 quidem
933 4492 1185 4544 currunt;
1232 4483 1323 4535 sed
1378 4500 1511 4536 unus
1543 4485 1733 4552 accipit
1787 4484 1905 4551 pal-

2038 2026 2183 2078 omni
2211 2026 2428 2081 vinculo
2458 2030 2787 2097 captivitatis
2834 2032 3096 2101 intellige,
3135 2034 3290 2088 nidos
3344 2035 3397 2088 in
3431 2050 3515 2097 ea,
3550 2048 3609 2090 et

2039 2118 2195 2172 nidos
2232 2119 2573 2174 diversarum
2627 2122 2886 2176 virtutum
2944 2132 2999 2177 et
3047 2123 3389 2193 profectuum
3448 2126 3613 2182 collo-

2036 2221 2183 2262 cans.
2247 2210 2475 2266 Deintus
2525 2226 2658 2266 sane
2705 2220 2759 2267 et
2811 2212 3013 2267 deforis
3050 2214 3401 2270 bituminabis
3458 2230 3607 2280 eam,

2037 2297 2202 2351 corde
2229 2298 2387 2352 [idem
2442 2315 2659 2368 gerens,
2687 2316 2785 2356 ore
2835 2302 3237 2357 confessionem
3276 2305 3560 2374 proferens
3588 2322 3605 2359 :

2034 2386 2179 2439 intus
2216 2385 2502 2440 scientiam
2531 2427 2545 2452 ,
2606 2388 2741 2443 foris
2769 2404 2932 2458 opera
2984 2392 3191 2447 habens
3217 2394 3390 2448 :intus
3436 2398 3610 2449 corde

2032 2478 2283 2543 mundus,
2310 2476 2441 2531 foris
2463 2485 2644 2533 castus
2673 2494 2900 2547 corpore
2923 2482 3206 2536 incedens.
3238 2483 3291 2536 ln
3318 2484 3456 2539 hanc
3479 2501 3610 2557 ergo

2031 2581 2237 2635 aream,
2271 2567 2385 2622 sive
2409 2582 2528 2622 eam
2578 2570 2963 2625 bibliothecam
2995 2573 3298 2627 divinorum
3346 2574 3605 2630 librorum

2030 2655 2144 2710 sive
2170 2655 2407 2709 animam
2447 2658 2659 2713 ﬁdelem
2720 2662 3015 2715 secundum
3070 2663 3328 2719 moralem
3383 2665 3602 2721 interim

2029 2744 2204 2799 locum
2233 2760 2521 2814 ponamus,
2572 2748 2916 2805 introducere
2946 2752 3110 2807 debes
3150 2753 3315 2807 etiam
3344 2756 3599 2810 animaiia

2027 2850 2092 2891 ex
2114 2837 2265 2890 omni
2294 2852 2513 2907 genere,
2543 2854 2647 2894 non
2676 2839 2849 2894 solum
2882 2843 3106 2907 munda,
3146 2845 3241 2898 sed
3284 2853 3339 2898 et
3373 2847 3605 2901 immun-

2025 2928 2113 2984 da.
2163 2929 2269 2985 Sed
2300 2931 2498 2985 munda
2554 2932 2771 3001 quidem
2822 2934 3074 2989 animalia
3120 2935 3276 2991 facile
3314 2953 3605 3006 possumus

2025 3020 2232 3087 dicere,
2256 3023 2399 3091 quod
2437 3025 2718 3087 memoria,
2747 3026 3005 3091 eruditio,
3032 3027 3361 3092 intellectus,
3397 3032 3603 3085 examio

2025 3113 2176 3168 natio
2227 3122 2281 3169 et
2304 3115 2566 3185 judicium
2594 3133 2783 3173 eorum
2812 3135 2933 3189 quas
2972 3120 3224 3189 legimus,
3262 3123 3482 3193 aliaque
3518 3126 3604 3180 his

2026 3204 2224 3259 similia
2276 3206 2503 3276 intelligi
2533 3218 2780 3276 possunt.
2832 3211 2906 3264 De
2963 3212 3258 3267 immundis
3310 3229 3439 3269 vero
3462 3230 3599 3285 ,pro-

2023 3295 2276 3350 nuntiare
2312 3295 2525 3351 diﬂleilc
2550 3307 2653 3363 est,
2687 3314 2807 3369 quae
2833 3308 2889 3353 et
2914 3300 3037 3354 bina
3069 3310 3126 3355 et
3157 3301 3281 3356 bina
3314 3305 3601 3359 nominan-

2027 3392 2131 3439 tur.
2163 3386 2549 3444 Vcrumtameu
2583 3398 2845 3458 quantum
2880 3390 2932 3444 in
2975 3399 3084 3444 tam
3123 3391 3433 3449 diliicilibus
3464 3394 3598 3451 locis

2021 3478 2224 3532 audere
2254 3494 2558 3546 possumus,
2592 3491 2722 3549 puto
2754 3482 2899 3551 quod
2929 3483 3369 3553 concupiscentia
3400 3496 3453 3541 et
3488 3488 3594 3553 ira,

2021 3569 2147 3637 quia
2178 3569 2359 3623 insunt
2378 3571 2489 3641 (90)
2514 3575 2658 3625 omni
2686 3574 2899 3637 animae,
2934 3577 3376 3633 necessarioistte
3399 3593 3601 3635 secun-

2020 3658 2146 3712 dum
2190 3662 2293 3716 hoe
2351 3663 2491 3729 quod
2532 3663 2596 3716 ad
2635 3664 2965 3730 peccandum
2998 3666 3201 3721 homini
3243 3667 3595 3736 famulantur,

2022 3749 2311 3803 immundae
2362 3752 2647 3815 dicuntur,
2702 3755 3001 3808 secundum
3031 3754 3135 3810 hoc
3165 3770 3295 3810 vero
3326 3759 3467 3826 quod
3498 3776 3596 3814 ne-

2020 3855 2126 3909 que
2162 3843 2493 3909 posteritatis
2535 3845 2655 3898 siue
2692 3846 3129 3913 concupiscentia
3183 3849 3460 3905 successio
3510 3866 3595 3905 re-

2016 3940 2258 4007 paratur,
2296 3947 2468 4001 neque
2495 3933 2807 3988 emendatio
2860 3935 2966 3989 ulla
2998 3936 3116 3991 sine
3146 3937 3229 3991 ira
3281 3948 3456 4007 potest
3508 3954 3604 3995 ne-

2016 4003 2120 4093 que
2162 4026 2443 4094 disciplina
2483 4037 2756 4093 constare,
2787 4032 3104 4084 necessariae
3129 4041 3181 4085 et
3206 4033 3594 4086 conservanda:

2019 4114 2290 4168 dicuntur.
2321 4115 2384 4167 Et
2415 4119 2663 4185 quamvis
2699 4120 2811 4172 haec
2837 4118 2946 4187 jam
2987 4135 3091 4174 non
3128 4121 3345 4185 morali,
3371 4122 3464 4176 sed
3493 4139 3593 4176 na-

2017 4204 2173 4258 turali
2224 4206 2433 4259 ratione
2476 4208 2721 4262 diseussa
2782 4209 3095 4274 videantur,
3153 4220 3330 4263 tamen
3382 4226 3502 4278 qua:
3523 4214 3590 4264 ad

2014 4312 2253 4367 praesens
2286 4312 2577 4351 occurrere
2602 4310 2917 4367 potuerunt,
2950 4316 3048 4368 pro
3086 4302 3448 4356 :editicationc
3479 4311 3592 4355 tra-

2014 4389 2304 4443 ctavimus.
2333 4387 2388 4442 Si
2419 4388 2540 4456 quis
2571 4404 2705 4443 sane
2750 4391 2988 4457 potuerit
3022 4405 3087 4444 ex
3120 4391 3231 4457 otio
3283 4390 3456 4459 ipsam
3485 4390 3587 4443 sibi

2011 4479 2264 4536 conferre
2293 4489 2343 4534 et
2366 4495 2687 4548 comparare
2715 4479 3049 4549 Scripturam
3077 4481 3309 4535 divinam
3342 4489 3396 4535 et
3428 4483 3589 4551 spiri-

331 4588 469 4625 mam
499 4572 564 4639 3°,
596 4573 807 4627 scilicet
844 4573 933 4642 qui
966 4574 1360 4642 cogitationum
1398 4575 1662 4629 varietate
1727 4587 1779 4629 ct
1820 4576 1904 4628 iu-
1938 4588 1983 4641 ι)
2011 4572 2208 4627 talibus
2231 4572 2491 4641 spiritalia
2518 4581 2796 4640 coaptare,
2850 4587 2949 4627 nec
2976 4588 3074 4628 nos
3103 4573 3235 4627 latet
3259 4573 3399 4642 quod
3435 4574 3587 4641 plura

329 4664 624 4719 stabilitate
652 4666 846 4718 mentis
872 4681 975 4719 non
1004 4665 1163 4719 fuerit
1193 4666 1496 4734 multiplex.
1527 4668 1630 4721 Sed
1654 4667 1791 4721 hanc
1818 4668 1902 4720 hi-

328 4754 655 4808 bliothecam
692 4770 795 4808 non
833 4771 900 4808 ex
955 4758 1265 4826 agrestibus
1299 4768 1353 4811 et
1380 4758 1659 4826 impolitis,
1699 4759 1791 4812 sed
1833 4774 1899 4812 ex

327 4846 607 4912 quadratis
654 4855 709 4899 ct
764 4848 1057 4901 secundum
1110 4851 1385 4917 :equitatis
1440 4848 1640 4903 lineam
1682 4849 1903 4903 directis

240 4938 244 4940 ‘
328 4936 593 4986 construit
650 4936 828 5001 lignis,
867 4936 918 4990 id
946 4947 1028 4991 est
1059 4955 1162 4992 non
1213 4940 1550 4993 smeularium
1598 4950 1903 5005 auctorum,

332 5026 427 5079 sed
470 5040 530 5079 ex
564 5028 902 5096 propheticis
953 5040 1113 5098 atque
1149 5032 1461 5100 apostoliris
1518 5030 1898 5084 voluminibus.

307 5117 428 5188 .lpsi
453 5118 597 5172 enim
626 5127 771 5182 sunt,
815 5120 904 5189 q:;i
949 5121 1182 5176 diversis
1235 5122 1627 5175 teutationibus
1666 5120 1898 5184 cdolati,

322 5208 584 5262 resecatis
613 5209 866 5263 omnibus
904 5210 1048 5264 vitiis
1077 5218 1131 5264 et
1171 5210 1395 5273 excisis,
1422 5214 1736 5276 quadratam
1772 5222 1903 5262 cou-

394 5389 440 5421 ⁸³
472 5390 724 5445 Proverb.
756 5407 903 5459 xxvt,
936 5393 990 5447 9.

394 5524 506 5595 (89)
534 5523 676 5577 Libri
706 5532 876 5595 antea
907 5523 1063 5595 editi,
1093 5524 1198 5592 ﬁde
1228 5524 1510 5595 Trinitatis
1549 5525 1617 5576 ad
1674 5524 1907 5591 longitu-

322 5593 497 5662 dinem
530 5595 644 5645 vitae
698 5593 1255 5662 intmorlnlitatemque
1315 5594 1610 5654 descendit,
1661 5603 1717 5646 at
1772 5608 1903 5645 mss.

323 5660 689 5722 Belvacensis,
724 5660 1075 5729 Remigiauus
1102 5671 1153 5714 et
1170 5660 1293 5716 tres
1327 5662 1678 5716 Tttronenses
1727 5672 1784 5714 ut.
1840 5663 1892 5713 in

327 5738 516 5784 tiostro
555 5742 724 5785 textu.
754 5729 933 5783 Codex
961 5730 1390 5785 Gemeticensis:
1426 5732 1582 5799 ﬁdem
1614 5731 1891 5783 Trinitatis

320 5817 388 5854 ex
416 5800 740 5870 longitudine
768 5800 885 5853 vita:
912 5799 1404 5867 immortalitateque
1444 5801 1716 5855 distendit.
1776 5799 1895 5853 Mox

1085 5391 1216 5447 “Ill
1240 5392 1371 5463 Reg.
1398 5408 1471 5458 vt,
1498 5393 1547 5446 7.
1623 5391 1669 5423 ⁸⁵
1700 5390 1871 5445 Levit.
1902 5405 2020 5444 xm.

2005 4662 2059 4716 in
2096 4664 2198 4716 hoc
2226 4662 2344 4716 loco
2369 4662 2621 4731 profundi
2648 4673 2701 4715 et
2733 4664 2917 4717 arcani
2966 4664 3211 4735 mysterii
3247 4674 3461 4718 secreta
3494 4679 3583 4718 re~

2003 4757 2198 4822 periet,
2231 4769 2349 4822 qua:
2385 4769 2526 4807 nunc
2558 4769 2657 4808 nos
2688 4754 2957 4809 adducere
2982 4756 3033 4808 in
3077 4755 3337 4820 medium,
3379 4754 3463 4809 vel
3489 4771 3587 4824 pro

2015 4845 2289 4898 brevitate
2320 4846 2595 4911 temporis,
2627 4844 2707 4898 vel
2758 4859 2855 4912 pro
2900 4845 3202 4897 auditorum
3242 4844 3426 4898 labore
3478 4861 3585 4899 nou

2007 4948 2312 5001 possumus.
2350 4934 2748 5003 Omnipotentis
2790 4944 2966 4987 tamen
3018 4934 3109 4987 Dei
3143 4936 3579 4989 misericordiam

2010 5027 2388 5093 deprecemur,
2425 5026 2514 5093 qui
2548 5041 2645 5078 nos
2680 5040 2785 5077 non
2822 5024 2993 5077 solum
3028 5026 3303 5079 auditores
3329 5028 3475 5080 verbi
3502 5028 3583 5081 Stti

2012 5114 2197 5178 faciat,
2227 5116 2320 5169 sed
2361 5126 2413 5170 et
2439 5116 2675 5170 factores
2700 5116 2745 5147 ⁸⁸
2777 5133 2789 5168 :
2823 5125 2879 5169 et
2924 5115 3146 5168 inducat
3179 5130 3345 5184 super
3367 5126 3584 5171 nostras

2008 5220 2223 5274 quoque
2263 5206 2473 5260 animas
2503 5207 2762 5259 diluvium
2792 5222 2943 5276 aqua:
2964 5222 3094 5271 sate,
3121 5216 3178 5261 et
3201 5207 3375 5262 deleat
3398 5209 3448 5262 in
3484 5226 3582 5262 nu-

2096 5387 2183 5441 “I
2212 5388 2341 5443 Cor.
2374 5406 2453 5456 tx,
2475 5390 2569 5444 24.
2677 5389 2762 5443 ⁸⁷1
2800 5388 2935 5456 Reg.
2962 5405 3092 5443 xvtt.
3198 5390 3247 5423 ⁸⁸
3274 5389 3388 5442 Jac.
3422 5404 3463 5452 ι,
3489 5389 3580 5444 9:2.

2016 5521 2148 5575 libb.
2180 5531 2345 5576 antea
2367 5523 2494 5577 editi
2528 5539 2538 5574 :
2574 5524 2854 5576 latitudine
2901 5523 3195 5585 citat-italis,
3237 5519 3581 5589 indulgentia:

2015 5600 2062 5643 et
2101 5592 2435 5661 benignitatis
2497 5592 2687 5661 fundat
2748 5593 3017 5659 a/fectum.
3058 5591 3348 5642 Altitudim
3369 5591 3477 5659 spei
3510 5592 3579 5643 ad

2004 5660 2464 5730 accelestiagerigit;
2498 5664 2589 5714 sed
2614 5676 2744 5714 mss.
2777 5671 2836 5713 ut
2857 5662 3128 5730 ingnostro
3156 5666 3325 5715 textu.

2076 5730 2186 5801 (90)
2220 5728 2368 5794 Mss,
2398 5731 2613 5794 insunt;
2637 5731 2767 5785 libb.
2804 5728 2960 5796 editi,
2995 5728 3146 5783 inest.

2677 5390 2720 5419 "’
2745 5389 2762 5443 Ι
2800 5388 2935 5459 Reg.
2962 5405 3092 5443 xvtt.
