4132 6474
524 464 628 518 175

1980 461 2297 520 ΟΠΙΩΕΜΒ

3659 472 3763 530 Πϐ

522 584 605 636 bis
631 597 750 651 quae
781 583 882 634 scit
936 595 1055 634 esse
1088 580 1336 642 delenda,
1365 590 1416 634 et
1451 581 1686 636 viviilcet
1737 599 1858 651 qua:
1884 583 2087 653 judieal
2118 589 2161 644 Α
2194 585 2376 652 ligitnr
2399 585 2645 642 voluntas
2673 587 2765 644 Dei
2799 589 3090 654 contineri,
3125 588 3226 642 nisi
3262 603 3323 642 ea
3366 589 3578 643 loeutus
3612 591 3763 646 dica-

521 688 640 726 esse
668 672 1009 732 v-iviticanda,
1053 687 1147 736 per
1194 672 1472 726 Christum
1507 673 1787 726 Dominum
1825 683 2087 738 nostrum,

518 775 571 818 et
595 780 689 831 per
713 763 972 833 Spiritum
995 778 1153 816 suum
1182 772 1448 816 sanctum.
1475 762 1578 831 lpsi
1619 763 1790 832 gloria
1819 765 1868 817 itt
1893 773 2090 819 aeterna

519 856 712 909 saecula
742 853 1084 910 saeculorum.
1119 854 1156 906 Α
1169 869 1313 906 men.

1110 949 1387 1003 llOMlLlA
1436 946 1519 1005 ΙΙΙ.

883 1041 980 1094 .De
1008 1042 1406 1094 circumcisione
1447 1042 1694 1094 A‘trahw.

592 1139 642 1190 1.
696 1134 960 1200 Quoniam
1003 1135 1052 1186 in
1106 1134 1290 1187 tttullis
1349 1134 1543 1187 divina:
1594 1134 1892 1202 Seriphum
1953 1133 2088 1188 locis

523 1228 688 1282 heu-nt
721 1227 946 1295 legimus
970 1226 1034 1278 ad
1055 1225 1312 1278 homines
1347 1225 1510 1293 loqui,
1536 1234 1590 1278 et
1620 1235 1842 1292 propter
1865 1227 1964 1278 hoc
1991 1224 2086 1280 Ju-

521 1320 618 1371 dzei
645 1318 882 1385 quidem,
906 1317 997 1370 sed
1023 1327 1079 1369 et
1105 1328 1414 1370 nostrorum
1447 1316 1710 1380 nonnulli,
1738 1317 1904 1371 Deum
1931 1317 2084 1384 quasi

524 1410 792 1462 hominem
826 1407 1232 1476 intelligendum
1267 1417 1612 1475 putaverunt,
1656 1409 1706 1462 id
1765 1418 1848 1462 cst
1899 1409 2084 1462 buma-

520 1501 603 1552 nis
627 1499 885 1553 membris
927 1500 1217 1568 babituque
1265 1499 1604 1562 distinctum,
1641 1499 1932 1568 philosophi
1960 1515 2085 1552 vero

523 1592 671 1644 veittt
703 1591 948 1644 fabulosa
977 1592 1166 1645 llaec-et
1195 1592 1258 1643 ad
1311 1593 1643 1660 poeticorum
1672 1591 2081 1646 sitttililudinem

518 1685 890 1747 ﬂgmentorum
917 1680 1142 1734 formata
1203 1683 1550 1750 despiciunt:
1585 1683 1798 1736 videtur
1848 1683 1979 1737 mihi
2015 1684 2082 1739 de

519 1772 600 1824 his
623 1771 800 1838 primo
853 1771 1044 1838 paucis
1094 1772 1596 1837 sermocinandum,
1637 1782 1688 1827 et
1737 1781 1861 1828 tunc
1913 1777 1979 1829 ad
2019 1790 2081 1827 ea

513 1873 630 1922 qua:
664 1857 888 1910 recitata
922 1869 1049 1911 sunt
1099 1859 1674 1914 veniendumuPt-itno
1717 1875 1846 1930 ergo
1879 1862 1944 1914 ad
1987 1877 2081 1916 eos

2195 688 2307 744 tur,
2362 681 2488 748 quia
2517 695 2612 733 nec
2646 682 2897 746 sentitur,
2937 696 3033 736 nec
3068 681 3382 748 intelligitur
3419 683 3564 737 inter
3589 683 3760 738 homi-

2193 783 2286 820 nes
2320 767 2544 822 indicari
2586 785 2820 838 unquam
2863 784 3017 837 posse
3059 784 3154 838 per
3191 770 3468 825 silentium
3513 773 3759 826 volunta-

2191 869 2318 914 lem.
2359 858 2463 913 Sed
2510 861 2624 914 hiI'C
2655 876 2873 914 l'lll‘Sllll)
2917 877 3021 914 non
3062 863 3358 916 secundum
3393 877 3630 916 errorem
3660 860 3757 918 Jll-

2191 951 2454 1013 daeorum,
2509 951 2590 1004 vel
2628 951 2793 1004 etiam
2841 967 2905 1006 ex-
2951 953 3151 1006 noslris
3199 953 3612 1016 nonnullorum,
3666 953 3756 1024 qui

2190 1057 2311 1096 cum
2367 1043 2474 1096 illis
2529 1052 2752 1104 errant,
2805 1055 3027 1097 eatenus
3075 1044 3334 1105 dicimus,
3387 1054 3440 1098 ul
3498 1048 3758 1114 quoniam

2189 1135 2425 1186 humana
2460 1132 2725 1202 fragilitas
2755 1134 2916 1187 aliter
2947 1135 3134 1186 audire
3167 1136 3231 1187 de
3275 1136 3379 1188 Deo
3410 1151 3515 1189 non
3555 1148 3758 1204 putt-5',

2190 1224 2289 1276 nisi
2321 1235 2379 1277 ut
2427 1224 2528 1278 sibi
2565 1238 2652 1279 res
2679 1225 2792 1292 ipsa
2833 1234 2886 1278 et
2924 1223 3180 1278 vocabula
3219 1235 3340 1277 nota
3375 1236 3518 1288 sont,
3552 1226 3755 1280 ideirco

2187 1315 2354 1367 etiam
2402 1312 2656 1368 membris
2709 1315 2822 1367 haec
2880 1315 3082 1366 nostris
3134 1311 3422 1377 similibus,
3465 1322 3518 1366 et
3566 1313 3752 1367 habitu

2191 1405 2430 1458 humano
2487 1401 2653 1456 Deum
2698 1417 2859 1471 agere
2891 1403 3212 1455 sentiamus.
3254 1402 3498 1456 Alienum
3537 1404 3637 1457 hoc
3670 1414 3752 1456 est

2187 1498 2254 1552 ab
2294 1496 2543 1550 Ecclesia:
2603 1493 2706 1548 fide
2751 1493 2852 1560 (91
2878 1493 2917 1559 ).
2979 1489 3082 1545 Sed
3135 1494 3236 1546 hoc
3277 1493 3447 1559 ipsum
3486 1495 3626 1562 quod
3668 1494 3749 1546 vel

2187 1588 2390 1657 aspirat
2458 1588 2510 1640 in
2569 1586 2736 1640 corde
2785 1581 3214 1650 ltttiuscujtnque
3263 1592 3570 1635 sanctottttn
3600 1625 3614 1644 ,
3668 1582 3752 1635 vel

2185 1693 2377 1732 sonum
2415 1678 2563 1731 vocis
2598 1677 2882 1744 pervenire
2909 1676 2974 1726 ad
3011 1688 3170 1726 aures
3197 1673 3314 1740 ejus
3353 1671 3503 1732 facit,
3539 1671 3750 1726 locutus

2186 1771 2389 1825 homini
2429 1770 2566 1825 Deus
2599 1769 2816 1822 dit-itur.
2851 1768 2940 1822 Sic
2963 1775 3014 1821 et
3041 1764 3161 1819 cum
3192 1773 3314 1816 nota
3341 1763 3440 1817 sibi
3471 1778 3588 1817 esse
3613 1760 3751 1816 iudi-

2185 1875 2267 1916 cat
2308 1877 2426 1930 qua:
2455 1863 2825 1929 unusquisque
2857 1859 2934 1911 vel
2970 1859 3230 1927 loquitur,
3261 1857 3338 1906 vel
3371 1857 3500 1924 agit.
3533 1853 3754 1908 audisse

513 1949 583 2001 sit
635 1962 815 2000 sermo
871 1947 956 2015 qui
1013 1948 1146 2002 foris
1171 1949 1327 2017 positi
1360 1959 1678 2019 arroganter
1716 1966 1813 2004 nos
1840 1951 2075 2006 eireum-
2112 1938 2150 1994 Β
2181 1969 2240 2010 se
2273 1955 2440 2008 dicit:
2469 1963 2522 2008 et
2547 1970 2663 2006 eum
2702 1954 2900 2021 aliquid
2934 1951 3186 2021 injustunt
3225 1950 3333 2019 geri
3367 1963 3395 2001 a
3428 1948 3579 2002 nobis
3611 1945 3754 2000 indi-

513 2046 783 2106 strepunt,
815 2038 1057 2092 dicentes
1089 2039 1304 2093 exeelso
1333 2039 1408 2092 illi
1445 2050 1501 2094 et
1526 2039 1780 2094 invisibili
1810 2050 1970 2108 atque
1999 2042 2078 2094 itt-

515 2142 778 2196 corporeo
815 2128 923 2182 Deo
955 2145 1058 2182 non
1088 2131 1396 2193 convenire,
1460 2140 1517 2184 ttt
1576 2130 1836 2184 humanis
1898 2141 2079 2185 utatur

512 2217 794 2274 affectibus
818 2220 952 2290 (9|).
995 2220 1052 2274 Si
1077 2221 1216 2274 enim
1256 2221 1527 2290 loquendi,
1593 2222 1865 2292 inquiunt.
1901 2223 1949 2276 ei
1985 2224 2080 2275 da-

515 2311 584 2363 tis
618 2327 795 2375 usmtt,
838 2312 954 2366 sine
981 2312 1142 2366 dubio
1164 2312 1359 2366 dabitis
1382 2323 1432 2366 et
1468 2328 1546 2377 os,
1581 2323 1634 2367 et
1661 2313 1949 2382 linguam,
1973 2329 2078 2366 eteo-

515 2411 739 2469 teraque
772 2404 1010 2455 membra
1043 2403 1239 2471 quibus
1271 2403 1522 2471 loquendi
1549 2402 2074 2473 expleturoﬂieium.

512 2492 666 2558 Quod
697 2493 740 2547 si
769 2494 860 2556 sit,
901 2509 1172 2548 recessum
1207 2504 1290 2549 est
1325 2499 1390 2548 ah
1421 2497 1682 2550 invisibili
1717 2506 1770 2550 et
1824 2497 2078 2562 incorpo-

512 2603 604 2643 reo
633 2589 741 2642 Deo
774 2601 788 2640 :
816 2596 871 2641 et
927 2587 1090 2640 multa
1124 2585 1209 2640 his
1260 2586 1454 2640 similia
1488 2597 1764 2640 nectenles
1812 2601 1908 2639 nos
1954 2585 2076 2638 fati-

512 2689 641 2750 gant
668 2678 799 2750 (92).
833 2677 914 2732 Ad
960 2678 1076 2732 haec
1106 2691 1260 2745 ergo,
1297 2676 1340 2731 si
1388 2677 1643 2745 precibus
1694 2677 1888 2730 vestris
1921 2675 2076 2745 jnte-

512 2785 650 2833 mur,
676 2777 834 2837 prout
863 2767 1124 2822 Dominus
1153 2766 1385 2831 dederit,
1421 2767 1661 2820 breviter
1699 2779 2070 2819 occurremus.

579 2860 633 2913 2.
658 2857 767 2914 Nos
797 2858 938 2914 sicut
963 2859 1344 2927 incorporeum
1378 2871 1499 2911 esse
1531 2856 1722 2921 Deum,
1746 2865 1801 2910 et
1830 2856 2075 2925 omnipo-

507 2957 732 3014 tentem,
759 2959 814 3005 et
841 2947 1163 3003 invisibiletn
1199 2946 1539 3015 profitentur,
1601 2945 1842 2999 ila-eum
1881 2961 2074 3002 curare

507 3039 781 3102 mortalia,
839 3046 894 3093 et
947 3037 1084 3092 nihil
1119 3038 1328 3105 absque
1386 3036 1504 3106 ejus
1551 3035 1895 3105 providentia
1933 3035 2069 3102 geri,

509 3143 684 3198 neque
720 3130 770 3183 in
805 3129 967 3193 coelo,
1003 3141 1178 3198 neque
1219 3129 1272 3181 in
1338 3127 1522 3189 terris,
1548 3134 1698 3180 certo
1729 3135 1783 3180 et
1811 3125 2070 3180 immobili

508 3221 760 3288 dogmate
788 3219 1112 3274 conﬁtemur
1155 3217 1290 3288 (9'5).
1345 3216 1612 3272 Memento
1641 3217 1765 3287 quia
1793 3216 1924 3270 nihil
1951 3217 2071 3272 sine

508 3311 848 3377 providentia
879 3310 994 3378 ejus
1023 3310 1134 3379 geri
1165 3309 1423 3375 diximus,
1476 3323 1581 3362 non
1612 3309 1730 3363 sine
1765 3307 2066 3363 voluntate.

509 3401 669 3456 .‘lulta
699 3402 841 3455 enim
869 3400 988 3454 sine
1015 3399 1287 3452 voluntate
1314 3399 1431 3468 ejus
1456 3407 1737 3464 geruntur,
1795 3397 1925 3451 nihil
1951 3398 2073 3453 sine

513 3490 872 3558 providentia.
926 3488 1268 3542 Providentia
1307 3502 1538 3556 namque
1561 3496 1639 3541 est
1667 3501 1769 3556 qua
1797 3495 2073 3556 procurat,

505 3597 559 3638 et
579 3586 873 3654 dispensat,
899 3593 950 3636 et
975 3583 1220 3652 providet
1244 3596 1362 3650 qua:
1385 3591 1666 3651 geruntur.
1684 3579 1960 3635 Voluntas
1982 3597 2074 3634 ve-

506 3692 566 3730 ro
591 3686 806 3742 est,qua
832 3673 943 3726 vult
967 3673 1168 3742 aliquid
1193 3682 1284 3726 aut
1311 3688 1413 3727 non
1441 3673 1573 3725 vult.
1594 3672 1700 3726 Sed
1719 3673 1892 3726 dehis
1915 3672 2070 3726 alias.

506 3767 741 3835 Longior
767 3764 908 3818 enim
941 3772 1025 3818 est
1055 3774 1110 3817 et
1135 3764 1376 3817 diﬂusior
1411 3764 1512 3818 iste
1547 3773 1829 3817 tractatus.
1859 3763 2071 3818 Secun-

503 3864 630 3910 dum
655 3859 756 3910 hoc
779 3869 907 3925 ergo
927 3855 1068 3922 quod
1092 3853 1423 3922 provisorem
1445 3854 1777 3920 omnium,ct
1799 3853 2070 3922 dispensa-

416 3998 422 4004 .
507 3961 679 4001 torem
729 3946 1047 4014 profitemur
1099 3945 1293 4010 Deum,
1346 3959 1689 4014 consequens
1734 3953 1821 3999 est
1857 3955 1913 3997 ttt
1943 3945 2070 4013 quid

502 4037 608 4107 67
649 4035 796 4098 velit,
831 4033 911 4088 vel
938 4034 1063 4101 qttid
1105 4034 1420 4088 hominibus
1448 4033 1697 4102 expediat
1730 4034 1954 4088 indicet.
2012 4034 2068 4089 Si

507 4129 651 4181 enim
690 4141 796 4181 non
841 4127 1067 4188 indicet,
1107 4141 1205 4180 nec
1246 4127 1350 4180 erit
1389 4127 1633 4194 provisor
1675 4127 1926 4191 hominis,
1973 4142 2069 4181 nec

505 4217 746 4272 t-reditttr
799 4216 1321 4271 euraremorlalia.
1391 4216 1639 4270 Itnlicans
1704 4217 1865 4284 igitur
1931 4218 2068 4271 Deus

502 4309 810 4362 hominibus
844 4324 963 4382 qua:
1021 4323 1114 4362 eos
1167 4324 1328 4377 agere
1378 4308 1520 4371 vult,
1573 4324 1680 4376 quo
1723 4310 2065 4378 potissimum

501 4400 691 4455 :tll'ectu
728 4401 987 4452 dicendus
1022 4409 1104 4452 est
1129 4399 1407 4453 iudicare?
1445 4399 1630 4452 Nonne
1669 4415 1734 4452 eo
1773 4403 1864 4468 qui
1894 4399 2067 4452 homi-

503 4492 658 4543 nibus
699 4492 752 4543 itt
810 4504 906 4542 usu
940 4499 994 4541 et
1033 4491 1223 4541 notitia
1255 4490 1387 4543 est?
1414 4489 1468 4542 Si
1507 4491 1672 4556 enim,
1700 4491 1849 4542 verbi
1880 4504 2063 4554 causa,

2183 2056 2291 2112 cal,
2344 2046 2504 2100 irasci
2544 2061 2602 2100 se
2654 2046 2784 2098 dicit
2815 2063 2826 2101 :
2857 2059 2978 2096 cum
3031 2041 3307 2096 benelieiis
3362 2040 3474 2092 suis
3509 2038 3750 2106 ingratos

2184 2153 2281 2191 nos
2331 2137 2532 2205 arguit,
2595 2137 2862 2205 pcenilcre
2916 2149 2972 2188 se
3019 2133 3190 2188 dicit:
3227 2132 3468 2186 indicans
3529 2129 3750 2198 quidem

2181 2231 2294 2284 ha-c
2324 2229 2410 2282 his
2437 2227 2721 2282 adfectibus
2761 2228 2849 2296 qui
2878 2225 3186 2280 hominibus
3238 2225 3288 2281 in
3325 2239 3422 2276 usu
3459 2230 3605 2284 sunt,
3642 2236 3747 2275 non

2184 2331 2362 2373 tamen
2393 2319 2478 2374 his
2510 2318 2767 2373 membris
2789 2333 2854 2371 ea
2895 2317 3212 2370 ministrans
3239 2329 3357 2382 qum
3385 2322 3590 2369 natura:
3628 2329 3749 2367 cor-

2181 2428 2357 2482 parete
2386 2422 2512 2466 sunt
2544 2409 2714 2482 (93).
2744 2410 2979 2478 Simplex
3015 2421 3247 2476 namque
3278 2414 3360 2459 est
3386 2404 3468 2458 illa
3499 2405 3752 2458 substan-

2182 2506 2273 2564 tia,
2317 2512 2370 2557 et
2416 2516 2590 2570 neque
2620 2500 2876 2554 membris
2909 2498 3050 2559 ullis,
3091 2509 3265 2562 neque
3335 2492 3749 2562 compaginihus

2181 2594 2570 2662 alfectibusqne
2596 2590 2916 2660 composita,
2947 2587 3042 2642 sed
3083 2586 3336 2656 quidquid
3359 2584 3554 2638 divinis
3578 2583 3746 2636 vir'u-

2180 2687 2322 2739 tibus
2355 2685 2584 2754 geritur,
2618 2683 2718 2737 hoc
2752 2692 2809 2735 llt
2859 2681 3105 2735 homines
3151 2687 3371 2746 possent
3422 2671 3743 2745 intelligere,

2177 2785 2272 2830 aut
2313 2775 2672 2830 humanorum
2714 2771 3077 2826 membrorum
3121 2767 3482 2837 appellatione
3523 2766 3744 2837 profer-

2183 2879 2288 2933 tur,
2313 2877 2404 2922 ant
2432 2865 2810 2921 communibus
2832 2871 2886 2918 et
2915 2862 3055 2916 notis
3090 2859 3404 2914 enuntiatur
3429 2858 3447 2929 (
3474 2858 3574 2929 96)
3616 2856 3744 2910 all'e-

2178 2956 2379 3011 ctibus.
2411 2955 2478 3008 Et
2517 2955 2617 3008 hoc
2645 2954 2802 3006 modo
2835 2951 2915 3006 vel
2945 2950 3127 3012 irasci,
3157 2948 3240 3003 vel
3269 2947 3478 3014 audire,
3499 2947 3576 3001 vel
3601 2946 3740 3016 loqui

2176 3047 2376 3102 dicitur
2405 3045 2562 3100 Deus.
2594 3043 2727 3099 Nam
2753 3044 2794 3099 si
2824 3058 2930 3097 vox
2965 3042 3197 3096 humana
3228 3055 3323 3095 aer
3362 3040 3522 3104 ictus,
3555 3038 3606 3092 id
3652 3046 3742 3092 est

2176 3136 2353 3205 lingua
2389 3149 2735 3204 repercussus
2762 3134 3036 3196 delinitur,
3071 3138 3246 3200 potest
3279 3138 3334 3185 et
3366 3145 3467 3184 vox
3507 3129 3597 3183 Dei
3631 3129 3740 3182 dici

2175 3240 2268 3278 aer
2300 3227 2439 3280 ictus
2459 3264 2475 3290 ,
2513 3222 2597 3278 vel
2625 3224 2700 3287 vi,
2739 3223 2820 3276 vel
2851 3221 3126 3276 voluntate
3156 3220 3356 3274 divina.
3408 3219 3472 3272 Et
3512 3219 3634 3272 inde
3659 3226 3742 3272 est

2173 3315 2317 3384 quod
2363 3315 2408 3370 si
2444 3314 2662 3385 quando
2706 3328 2808 3366 vox
2839 3311 3099 3366 divinitus
3132 3311 3314 3377 datur,
3358 3324 3464 3364 nun
3505 3309 3570 3361 ad
3621 3324 3740 3362 om-

2175 3407 2322 3461 nium
2345 3419 2526 3469 aures,
2563 3405 2656 3458 sed
2704 3403 2770 3456 ad
2817 3418 3055 3472 quorum
3089 3401 3340 3465 interest,
3371 3401 3588 3456 auditus
3613 3400 3743 3454 alla-

2175 3495 2340 3558 hitur,
2379 3501 2436 3546 ut
2468 3507 2732 3558 agnoscas
2764 3493 2998 3545 sonitum
3041 3506 3144 3544 non
3179 3489 3372 3560 lingua:
3405 3491 3560 3559 pulsu
3615 3490 3742 3542 red-

2176 3583 2343 3638 ditum
2364 3581 2619 3653 (alioquin
2646 3581 2797 3635 fieret
2817 3579 3118 3634 communis
3142 3577 3504 3647 anditus),sed
3524 3577 3739 3645 ευρστιιί

2180 3682 2342 3727 nutus
2373 3672 2745 3726 moderamine
2777 3671 3162 3740 gubernatum.
3190 3669 3504 3737 Quanquam
3535 3680 3586 3721 et
3617 3683 3744 3736 pro-

2175 3762 2353 3830 phetis
2375 3775 2516 3830 saepe
2545 3771 2599 3814 et
2634 3761 2964 3830 patriarcltis
2987 3802 3001 3825 ,
3051 3760 3372 3826 ueterisque
3403 3767 3738 3820 sanctorum,

2173 3852 2335 3905 etiam
2390 3853 2506 3906 sine
2547 3851 2700 3905 vocis
2756 3865 2892 3903 sono
2942 3843 3171 3903 'verbtttn
3229 3849 3322 3902 Dei
3378 3847 3740 3902 factumesse

2176 3943 2464 4006 referatur,
2542 3943 2686 3996 sicut
2731 3957 2795 3995 ex
2853 3941 3104 3993 omnibus
3153 3939 3324 3994 sacris
3378 3939 3740 3992 voluminibus

2173 4034 2508 4086 abundanter
2552 4033 2824 4087 docentur.
2881 4029 2939 4084 In
2974 4047 3103 4101 quo,
3149 4040 3204 4082 ttt
3251 4030 3488 4084 breviter
3537 4032 3737 4092 dicam,

2172 4122 2469 4175 illuminata
2525 4136 2676 4175 ntetts
2718 4137 2818 4191 per
2865 4120 3126 4190 Spiritum
3200 4120 3290 4174 Dei
3354 4119 3618 4174 formatur
3683 4119 3736 4173 in

2169 4213 2354 4266 verba.
2388 4213 2449 4264 Et
2480 4212 2600 4265 ideo
2624 4213 2735 4265 sive
2771 4213 2892 4273 hoc.
2929 4212 3041 4264 sive
3074 4211 3161 4264 illo
3185 4227 3291 4281 quo
3316 4227 3476 4282 supra
3501 4214 3738 4268 diximus

2171 4304 2350 4366 modo,
2384 4317 2505 4354 cum
2537 4302 2866 4356 voluntatem
2911 4317 3062 4355 suam
3098 4302 3319 4366 indicat,
3366 4303 3577 4357 loculus
3614 4320 3734 4358 esse

2167 4395 2365 4446 dicitur
2403 4393 2560 4446 Deus.
2597 4393 2905 4448 Secundum
2955 4397 3099 4450 hunc
3129 4412 3258 4464 ergo
3291 4410 3510 4448 sensum
3553 4395 3732 4466 aliqua

2170 4484 2302 4555 (97)
2332 4483 2442 4549 jant
2475 4499 2538 4536 ex
2567 4485 2650 4536 his
2679 4501 2798 4552 quae
2830 4487 2965 4537 lecta
2996 4495 3140 4550 sunt,
3170 4486 3519 4539 disseramus.

502 4581 750 4634 dicamus
791 4579 916 4646 quia
967 4579 1092 4632 silet
1139 4581 1297 4642 Deus,
1344 4581 1490 4646 quod
1527 4589 1733 4632 natura:
1762 4581 1833 4633 illi
1866 4595 2065 4634 conve-
2099 4585 2142 4638 ι)
2239 4578 2290 4627 '5.
2327 4575 2484 4627 Multa
2536 4591 2793 4643 responsa
2845 4577 3042 4628 dantur
3087 4593 3113 4628 a
3176 4579 3283 4630 Deo
3333 4578 3398 4629 ad
3431 4577 3729 4637 Abraham.

503 4671 656 4724 niens
677 4669 939 4734 creditur,
980 4671 1250 4738 quomodo
1276 4670 1574 4722 indicatum
1606 4685 1728 4724 esse
1754 4670 1954 4739 aliquid
1996 4672 2063 4725 ab

501 4776 567 4813 eo
600 4761 876 4830 pulabitnr
914 4774 1009 4828 per
1055 4759 1371 4812 silentium?
1434 4759 1588 4812 Nunc
1636 4771 1813 4814 autem
1862 4761 2064 4816 idcirco

503 4852 714 4905 locutus
757 4849 986 4913 dicitur,
1039 4860 1099 4902 ttt
1149 4851 1383 4903 scientes
1433 4850 1677 4903 homines
1737 4851 1836 4904 hoc
1902 4851 2063 4905 mini-

515 4941 681 4991 sterio
715 4937 1041 4991 voluntatem
1076 4937 1300 4991 alterius
1330 4939 1483 4992 alteri
1515 4939 1876 4996 innotescere.
1899 4956 2062 5010 agno-

503 5039 658 5081 scant
690 5043 752 5081 ea
785 5043 911 5095 quae
953 5028 1053 5081 sibi
1110 5043 1206 5094 per
1247 5030 1541 5097 prophetas
1589 5028 1908 5082 deferttntur
1971 5032 2059 5084 Dei

499 5134 620 5173 esse
658 5119 949 5172 voluntatis
981 5117 1200 5172 indicia.
1234 5119 1294 5172 lu
1329 5121 1527 5187 quibus
1561 5120 1748 5190 ttlique
1777 5134 1879 5172 non
1906 5121 2062 5175 intel-

575 5231 617 5267 "
661 5233 798 5287 Gen.
828 5248 925 5296 xtl,
952 5233 1000 5284 1.

575 5324 682 5397 till)
715 5325 1023 5398 Affectibus.
1063 5323 1238 5377 Codex
1285 5327 1459 5380 sancti
1495 5327 1842 5392 Theodorici,
1873 5331 2048 5398 aﬁ‘ati-

496 5393 616 5456 ὑμέ,
654 5393 765 5448 ιίοη
791 5393 949 5449 male.

567 5467 678 5533 (92)
710 5467 954 5528 Quatuor
985 5478 1139 5526 mss.,
1174 5481 1263 5516 nos
1293 5464 1552 5533 fatigant;
1584 5468 1713 5524 libb.
1745 5480 1904 5525 antea
1945 5469 2060 5522 edi-

499 5536 557 5592 ti.
594 5545 798 5587 nostros
823 5533 1070 5601 fatigant.

569 5602 968 5674 (93)_Dogntate
986 5602 1318 5674 conﬁtemur,
1345 5615 1451 5661 etc.
1485 5605 1576 5662 Sic
1609 5623 1774 5674 tttss.;
1814 5607 1935 5662 libri
1970 5623 2061 5660 ve-

501 5685 561 5724 ro
583 5671 734 5732 editi,
752 5673 1018 5739 dogmate
1037 5672 1364 5736 proﬁtentur.

565 5739 707 5813 (974)
747 5737 872 5813 uss.
901 5740 964 5795 ab
1000 5737 1250 5796 Ecclesia:
1271 5742 1396 5809 (ide.
1433 5742 1586 5799 Libb.
1618 5745 1773 5813 editi,
1806 5746 1870 5800 ab
1903 5743 2060 5797 eccle-

496 5809 709 5864 siastica
734 5809 862 5876 ﬁde.

2172 4665 2263 4719 sed
2313 4681 2417 4720 non
2467 4668 2642 4720 omnia
2688 4669 2756 4720 ad
2807 4683 2971 4721 unum
3004 4669 3362 4738 euutdeutque
3399 4667 3726 4722 referuntur.

2172 4758 2423 4823 Qua-dam
2456 4761 2597 4812 enim
2629 4762 2693 4813 ad
2724 4761 2957 4827 Abram,
2983 4762 3230 4830 qua‘datn
3261 4765 3326 4813 ad
3351 4761 3648 4820 Abraham,
3681 4761 3731 4812 id

2170 4857 2252 4902 est
2291 4850 2392 4902 alia
2437 4859 2555 4920 post
2594 4854 3018 4906 immutationem
3071 4853 3326 4918 nominis,
3380 4861 3434 4905 et
3477 4851 3576 4904 alia
3609 4866 3728 4904 eum

2170 4941 2347 4995 adhuc
2388 4944 2623 5011 genuino
2677 4944 2941 4997 vocabulo
2981 4955 3318 4997 censeretur.
3381 4943 3444 4996 Et
3499 4943 3728 5008 primum

2167 5032 2379 5098 quidem
2408 5048 2436 5086 a
2475 5033 2580 5086 Deo
2615 5033 2681 5085 ad
2716 5035 2917 5088 Abram
2944 5042 3069 5088 ante
3091 5033 3520 5086 itttnttttationcm
3553 5033 3726 5086 nomi-

2170 5122 2251 5174 nis
2285 5120 2411 5173 illud
2453 5121 2695 5175 defertur
2735 5122 3036 5186 oraculum,
3075 5137 3181 5192 quo
3226 5123 3357 5176 dixit
3396 5122 3439 5153 ”
3473 5139 3486 5175 :
3520 5122 3622 5175 Exi
3667 5128 3731 5174 de

2231 5331 2366 5402 (95)
2403 5334 2521 5384 Non
2560 5342 2732 5384 tamen
2759 5333 2840 5384 Itis
2885 5330 3126 5402 membris
3166 5347 3227 5382 ea
3268 5331 3583 5402 ministram
3613 5348 3726 5400 quae

2150 5401 2361 5455 natura:
2391 5403 2668 5466 corpora:
2701 5413 2842 5454 sunt.
2897 5401 3018 5454 llaec
3064 5401 3117 5452 itt
3159 5410 3314 5453 antea
3366 5402 3528 5454 editis
3573 5401 3726 5455 lituus

2155 5472 2353 5524 omissa
2384 5471 2703 5536 supplentur
2741 5484 2770 5522 e
2808 5486 2934 5522 mss.

2225 5539 2361 5610 (96)
2411 5541 2539 5610 Mss.
2577 5542 2903 5591 enuntiatur.
2939 5537 3092 5590 Libl).
3137 5538 3264 5591 editi
3292 5579 3306 5602 ,
3348 5539 3719 5610 nititurnititur.

2157 5607 2320 5659 Paulo
2344 5606 2476 5675 post
2507 5609 2670 5660 iidem
2711 5624 2864 5669 mss.,
2897 5623 3228 5676 repercussus
3262 5608 3530 5676 deﬁnitur.
3563 5606 3721 5661 Libh.

2155 5678 2305 5738 editi,
2338 5693 2670 5741 repercussus
2699 5677 2910 5729 dicitur.

2230 5745 2369 5813 (97)
2428 5747 2597 5799 Codd.
2651 5745 2884 5816 Belvac.,
2933 5745 3201 5800 Gentetic.
3247 5755 3300 5800 et
3351 5745 3720 5816 ltemigianus,

2165 5818 2376 5884 aliqua;
2415 5816 2541 5870 libb.
2579 5816 2731 5881 editi,
2765 5814 2984 5886 reliqua.
