4132 6412
376 377 476 434 l‘l"

378 513 519 556 terra
561 506 650 548 tua
673 534 688 556 ,
740 500 786 546 et
821 492 884 544 de
929 488 1082 541 domo
1115 484 1279 553 patris
1316 479 1414 540 tui,

377 599 495 652 tua,
521 595 626 638 etc.
653 555 758 636 Sed
799 578 928 633 nihil
955 579 1007 630 in
1035 575 1136 628 hoc
1177 572 1242 625 de
1280 575 1604 623 testamento
1639 561 1766 620 Dei,
1817 555 1949 608 nihil

380 681 448 732 de
493 673 905 730 circumcisione
960 663 1290 738 praecipitur.
1341 656 1456 712 Non
1511 653 1654 708 enim
1695 659 1950 738 poterat,

383 785 507 822 eum
565 767 740 819 adhuc
791 770 935 816 esset
963 735 1184 811 'Abram
1270 757 1323 802 et
1373 743 1609 800 carnalis
1656 735 1954 794 nativitatis

383 857 707 914 vocabulum
733 856 921 915 ferret,
949 845 1229 916 suscipere
1260 850 1314 896 et
1338 846 1727 893 testamentum
1769 831 1860 884 Dei
1901 837 1988 888 et,

380 947 814 1006 circumcisionis
839 944 1071 1016 insigne.
1099 941 1234 996 Cum
1269 953 1399 994 vero
1421 936 1550 991 exiit
1575 935 1642 988 de
1674 943 1815 988 terra
1845 947 1961 994 sua,

384 1054 442 1098 et
470 1043 536 1097 de
567 1039 887 1112 cognatione
912 1053 1038 1098 sua,
1081 1043 1210 1089 tunc
1255 1031 1322 1086 ad
1365 1045 1489 1084 eum
1535 1025 1822 1081 sacratiora
1856 1025 1966 1093 jam

390 1147 650 1202 responsa
692 1130 1033 1185 deferuntur.
1064 1125 1130 1179 Et
1168 1123 1344 1194 primo
1387 1119 1582 1176 dicitur
1709 1117 1833 1185 quia
1867 1129 1972 1168 non

392 1223 658 1278 vocaberis
689 1220 905 1280 Abram,
934 1221 1023 1271 sed
1054 1215 1317 1269 Abraham
1349 1213 1447 1265 erit
1485 1225 1670 1262 nomen
1713 1217 1859 1260 tuum
1899 1204 1966 1259 '°.

397 1313 552 1368 Tunc
601 1313 712 1381 jam
761 1319 814 1364 et
862 1315 1244 1362 testamentum
1297 1301 1395 1355 Dei
1452 1298 1691 1367 suscepit
1731 1297 1873 1366 (98),
1917 1303 1974 1349 et

394 1403 732 1476 signaculum
790 1400 920 1454 ﬁdei
978 1397 1194 1467 accepit
1249 1390 1754 1452 circumcisioncnt,
1811 1402 1972 1455 quam

396 1513 506 1551 non
555 1495 731 1565 potuit
781 1491 1066 1561 accipere,
1115 1488 1243 1542 dum
1292 1491 1436 1538 esset
1477 1481 1530 1534 in
1572 1481 1732 1534 domo
1773 1477 1973 1546 patris,

395 1599 454 1642 ct
493 1587 546 1641 in
585 1582 1050 1655 consanguinitate
1079 1577 1302 1639 carnali,
1335 1584 1389 1628 et
1419 1589 1542 1628 cum
1572 1571 1749 1624 adhuc
1776 1567 1978 1622 Abram

399 1685 704 1732 vocaretur.
766 1675 871 1729 Sed
944 1688 1119 1742 neque
1182 1669 1464 1740 presbyter
1529 1662 1828 1733 appellatus
1895 1668 1981 1713 est

401 1770 557 1840 ipse,
615 1777 670 1822 et
716 1783 851 1820 uxor
885 1781 1000 1829 sua,
1053 1764 1227 1817 donec
1273 1767 1419 1812 esset
1468 1756 1521 1808 in
1572 1755 1733 1808 domo
1792 1750 1978 1820 patris,

401 1871 458 1915 et
510 1859 660 1914 carni
713 1857 1052 1912 cohabitaret
1105 1869 1168 1907 ac
1219 1848 1462 1921 sanguini
1507 1864 1519 1900 :
1561 1845 1655 1900 sed
1698 1851 1983 1914 postquam

405 1961 528 2016 inde
558 1957 833 2029 profectus
863 1961 965 2017 cst,
1010 1964 1066 2006 et
1118 1949 1394 2005 Abraham
1429 1943 1609 2000 vocari
1652 1954 1708 1996 et
1751 1937 1974 2009 presby-

407 2063 490 2107 ter
527 2049 725 2105 meruit
757 2065 770 2102 :
803 2046 970 2099 Erant
1000 2045 1160 2107 enim,
1187 2040 1362 2110 inquit
1388 2040 1456 2104 9‘,
1487 2035 1639 2089 ambo
1665 2031 1972 2102 presbyteri,

405 2143 458 2196 id
489 2151 578 2196 est
630 2154 808 2202 senes,
842 2137 1118 2190 Abraham
1151 2133 1385 2196 scilicet,
1409 2138 1460 2183 et
1490 2127 1811 2181 admiranda
1840 2138 1976 2176 uxor

404 2233 548 2301 eius,
578 2238 626 2283 et
661 2227 893 2296 provecti
927 2225 982 2277 in
1019 2226 1203 2278 diebus
1252 2222 1386 2278 suis.
1454 2217 1653 2285 Quanti
1698 2226 1824 2270 ante
1881 2229 1978 2266 eos

409 2319 747 2390 longioribus
771 2332 1033 2370 annorum
1058 2313 1253 2381 spatiis
1284 2313 1448 2364 vitam
1491 2310 1979 2371 duxere,uougen—

413 2412 482 2466 tis
525 2421 580 2464 et
613 2425 678 2465 eo
721 2409 951 2479 amplius
999 2407 1178 2470 anuis,
1213 2403 1380 2473 aliqui
1414 2417 1520 2455 non
1580 2399 1752 2453 multo
1798 2397 1983 2450 minus

415 2517 585 2572 usque
619 2502 685 2556 ad
719 2501 980 2555 diluvium
1012 2499 1198 2551 vixere
1228 2513 1242 2548 :
1275 2503 1330 2548 et
1363 2492 1495 2546 nulli
1527 2507 1593 2546 ex
1627 2490 1715 2544 his
1758 2487 1985 2557 presby-

417 2594 515 2648 teri
540 2591 790 2662 appellati
822 2598 968 2645 sunt.
1008 2587 1122 2643 Non
1151 2589 1294 2642 enim
1325 2587 1430 2640 hoc
1464 2585 1684 2639 nomine
1719 2581 1770 2635 iu
1810 2580 1987 2635 Abra-

418 2686 544 2739 ham
573 2693 790 2738 senecta
821 2683 1068 2750 corporis
1094 2722 1109 2746 ,
1150 2683 1242 2737 sed
1274 2680 1455 2734 cordis
1478 2677 1768 2731 maturitas
1797 2672 1982 2742 appel-

418 2775 523 2830 lata
551 2786 655 2830 est.
683 2774 772 2830 Sic
804 2783 857 2830 et
889 2773 955 2828 ad
982 2771 1199 2844 Moysen
1237 2771 1497 2826 Dominus
1527 2767 1664 2823 dixit
1701 2768 1746 2799 "
1790 2782 1804 2819 :
1837 2764 1989 2834 Elige

424 2874 518 2926 tibi
565 2873 920 2943 presbyteros,
953 2887 1080 2940 quos
1121 2879 1174 2922 tu
1215 2867 1325 2938 ipse
1363 2867 1462 2920 scis
1505 2866 1828 2936 presbyteros
1870 2883 1997 2922 esse.

425 2965 742 3020 lntueamur
769 2978 897 3034 ergo
923 2961 1233 3031 diligentius
1268 2956 1481 3012 Domini
1507 2972 1716 3021 vocem,
1744 2957 1872 3027 quid
1901 2957 2004 3013 sibi

425 3056 555 3109 velit
578 3055 678 3109 ista
706 3053 938 3120 adjectio
969 3067 1074 3121 qua
1104 3051 1197 3113 ait,
1231 3065 1356 3116 quos
1391 3056 1446 3101 tu
1478 3047 1589 3116 ipse
1616 3049 1716 3102 scis
1744 3065 1852 3103 esse
1884 3065 2007 3119 prc—

1567 347 1632 402 iN
1670 339 1968 401 GENESIM
2010 330 2292 391 HOMlLlA
2332 330 2418 383 Ill.

1459 481 1506 528 et
1544 472 1606 524 de
1640 465 1949 538 cognatione
1981 462 2022 517 Α
2054 452 2405 506 masculinum
2457 457 2702 511 uestrum,
2742 457 2788 502 et
2826 442 3212 498 circumcidens-
3235 459 3444 496 carnem
3491 461 3626 508 pra»-

2056 542 2187 612 putii
2212 539 2388 592 vestri.

3528 321 3627 373 ΠΒ

2128 619 2183 672 4.
2236 617 2399 687 Igitur
2465 616 2901 686 quandoquidem
2965 617 3016 670 in
3091 617 3238 669 hunc
3302 613 3630 666 devenimus

2061 709 2272 772 locum,
2322 707 2602 776 requirere
2656 707 2777 761 volo
2823 708 2866 760 si
2911 708 3251 775 omnipotens
3303 701 3488 768 Deus,
3540 704 3631 772 qui

2063 800 2186 855 ραιιί
2234 814 2299 853 ac
2355 807 2515 851 terrae
2549 798 2882 851 dominatum
2921 807 3085 856 tcuct,
3111 798 3301 850 volens
3334 805 3634 849 testamen-

2066 900 2176 944 tum
2204 905 2405 959 ponere
2436 905 2558 943 cum
2603 888 2720 942 viro
2749 899 2961 951 sanetu,
2995 890 3047 941 iu
3074 889 3176 940 hoc
3203 901 3468 940 summam
3497 883 3632 937 tanti

2066 980 2270 1050 negotii
2321 977 2670 1042 collocabat,
2711 987 2771 1031 ut
2813 977 3134 1046 prmputimu
3174 977 3357 1030 carnis
3415 975 3530 1044 ejus
3572 988 3636 1025 ac

2067 1074 2260 1126 futura:
2295 1085 2362 1125 ex
2395 1085 2459 1124 eo
2499 1069 2700 1123 sobolis
2741 1068 3254 1141 circumcideretnr.
3320 1065 3432 1118 Erit
3475 1065 3635 1127 enim,

2069 1162 2283 1230 inquit,
2345 1170 2716 1215 testamentum
2774 1174 2943 1211 meum
3007 1173 3161 1224 super
3215 1171 3426 1209 carnem
3468 1165 3636 1207 tuam.

2071 1255 2307 1310 Eloccine
2350 1262 2470 1306 erat
2545 1253 2690 1322 quod
2761 1248 2886 1304 (tt-li
2939 1263 3003 1302 ac
3047 1258 3206 1302 terra:
3255 1247 3535 1311 Dominus,
3590 1247 3640 1299 ei

2069 1361 2230 1414 quem
2267 1360 2298 1399 e
2327 1342 2541 1398 cunctis
2575 1341 2898 1394 tnortalibus
2931 1339 3102 1393 solum
3135 1339 3432 1405 delegerat,
3455 1338 3641 1391 aeterni

2075 1437 2384 1492 testamenti
2439 1448 2664 1488 munere
2721 1431 3087 1486 conferebat?
3141 1429 3267 1484 lltec
3312 1430 3458 1482 enim
3519 1437 3646 1482 sunt

2073 1530 2204 1590 sola,
2246 1530 2297 1582 iu
2322 1527 2519 1597 quibus
2550 1525 2790 1592 magistri
2815 1535 2870 1578 et
2908 1523 3160 1576 doctores
3189 1520 3489 1592 Syuagnga:
3520 1535 3647 1573 san.

2074 1632 2285 1676 etorum
2316 1618 2546 1688 gloriam
2579 1625 2806 1686 ponunt.
2843 1614 3088 1668 Ecclesia
3123 1627 3250 1666 vero
3279 1611 3506 1674 Christi,
3529 1625 3648 1677 quas

2075 1728 2170 1783 per
2195 1712 2517 1780 Prophetam
2541 1709 2755 1762 dixerat
2783 1708 2827 1738 ’⁵
2861 1723 2872 1758 :
2912 1705 3043 1760 Mihi
3072 1715 3242 1759 autem
3272 1705 3403 1758 satis
3435 1703 3652 1755 honori-

2074 1806 2216 1875 [icati
2260 1813 2382 1858 sunt
2417 1803 2574 1856 amici
2605 1803 2706 1867 tui,
2747 1800 2905 1866 Deus,
2939 1799 3211 1868 quomodo
3240 1799 3471 1851 honoret
3513 1794 3652 1849 ami-

2077 1912 2169 1953 cos
2203 1897 2389 1965 sponsi
2442 1895 2548 1960 sui,
2590 1901 2646 1948 et
2685 1901 2943 1961 quantam
2992 1891 3073 1945 eis
3112 1889 3339 1959 gloriam
3379 1885 3648 1952 conferat,

2075 2003 2199 2044 cum
2248 1996 2398 2057 gesta
2445 1999 2634 2040 eorum
2665 1982 2911 2048 revolvit,
2958 1983 3200 2045 veniant,
3239 1982 3283 2035 si
3311 1980 3552 2039 videtur,
3596 1986 3656 2032 et

2079 2080 2330 2132 audiant.
2383 2077 2489 2130 Nos
2525 2091 2657 2146 ergo
2704 2074 2894 2128 imbuti
2943 2087 3040 2143 per
3081 2072 3386 2141 apostolum
3425 2069 3652 2124 Paulum

2079 2171 2313 2226 dicimus
2343 2170 2466 2238 quia
2487 2169 2630 2222 sicut
2660 2166 2825 2220 multa
2855 2164 2958 2218 alia
2979 2165 3032 2218 iu
3065 2164 3236 2231 ﬁgura
3265 2172 3318 2218 et
3342 2163 3394 2216 in
3423 2160 3656 2231 imagine

2081 2261 2274 2316 futurae
2336 2261 2584 2314 veritatis
2641 2259 2870 2322 liebaut,
2943 2256 3016 2310 ita
3069 2266 3124 2310 et
3180 2252 3524 2312 circumcisio
3567 2251 3654 2304 illa

2083 2351 2318 2408 carnalis
2368 2349 2810 2405 circumcisiouis
2838 2346 3137 2416 spiritualis
3160 2345 3386 2399 formam
3415 2342 3656 2412 gerebat.

2085 2445 2158 2500 De
2191 2459 2296 2513 qua
2327 2451 2382 2498 et.
2420 2443 2642 2512 dignum
2665 2450 2806 2506 erat,
2833 2448 2888 2494 et
2940 2439 3175 2494 decebat
3209 2437 3374 2491 Deum
3401 2435 3658 2504 majesta-

2087 2540 2156 2593 tis
2193 2544 2464 2606 praecepta
2517 2532 2844 2588 mortalibus
2893 2530 3048 2584 dare.
3109 2529 3311 2582 Audite
3355 2541 3486 2597 ergo
3527 2539 3662 2595 quo-

2088 2631 2250 2685 modo
2275 2627 2480 2681 Paulus
2513 2626 2705 2680 doctor
2730 2624 2973 2693 gentium
3013 2622 3064 2676 in
3098 2621 3203 2676 lide
3229 2629 3283 2674 et
3324 2620 3561 2674 veritate
3598 2618 3666 2671 de

2087 2717 2518 2774 circnmcisionis
2569 2713 2832 2784 mysterio
2878 2712 3080 2767 Christi
3139 2710 3440 2766 Ecclesiam
3477 2710 3659 2763 docet.

2097 2809 2301 2877 Videte,
2325 2811 2502 2881 inquit
2520 2811 2588 2874 ",
2620 2806 3078 2862 circumcisione":
3103 2806 3190 2872 (de
3212 2803 3415 2859 Judaeis
3439 2803 3666 2872 loquens

2090 2903 2181 2972 qui
2210 2901 2678 2958 circumciduntur
2713 2899 2765 2952 in
2795 2897 3004 2966 carne).
3031 2893 3143 2950 Nos
3173 2896 3310 2949 enim
3340 2910 3541 2960 sumus,
3567 2893 3664 2957 ait,

2093 2993 2450 3057 circumcisio,
2494 2991 2587 3062 qui
2643 2990 2843 3058 spiritu.
2885 2987 2991 3042 Dro
3043 2989 3320 3050 servimus,
3369 2996 3416 3039 et
3454 3000 3558 3037 non
3612 2983 3671 3035 in

2093 3101 2252 3141 carne
2284 3084 2537 3153 ﬁduciam
2575 3081 2850 3135 habemus.
2887 3078 3009 3133 llaec
3043 3091 3146 3130 una
3176 3075 3322 3129 Pauli
3349 3074 3416 3130 de
3444 3073 3672 3128 circum-

423 3144 677 3214 ’δίωτοι
716 3141 966 3212 Nunquid
1016 3143 1061 3197 is
1093 3143 1183 3212 qni
1214 3143 1439 3198 senilem
1480 3144 1727 3214 corporis
1767 3144 1992 3212 gerem“
2020 3135 2067 3200 Ε
2095 3135 2632 3230 sententia.
2669 3169 2805 3223 Audi
2849 3177 2902 3222 ct
2934 3166 3092 3218 aliam
3126 3165 3172 3196 ”
3208 3162 3242 3218 ςχ
3264 3162 3388 3217 Non
3421 3163 3553 3217 enim
3577 3163 3670 3226 qui

424 3245 640 3290 atatem
666 3275 682 3300 ,
729 3251 833 3288 non
874 3236 1116 3288 omnium
1152 3234 1326 3289 oculis
1355 3237 1673 3306 perspicuus
1697 3244 1816 3290 erat
1850 3235 1993 3305 quod

427 3332 576 3380 esset
601 3329 901 3398 presbyter,
929 3327 979 3381 id
1017 3336 1098 3383 est
1128 3328 1331 3383 senex?
1361 3327 1497 3394 Quid
1527 3343 1656 3397 ergo
1688 3327 1788 3382 soli
1830 3327 1995 3398 Moysi

432 3423 582 3468 lauto
641 3432 707 3471 ac
757 3417 847 3470 tali
906 3418 1185 3486 prophetae
1233 3416 1483 3486 specialis
1547 3417 1648 3471 ista
1705 3416 1997 3471 mandatur

430 3505 716 3576 inspectio,
772 3517 826 3562 ut
862 3510 935 3564 illi
967 3509 1257 3580 eligantur,
1295 3525 1400 3564 non
1429 3525 1567 3578 quos
1609 3511 1787 3565 caeteri
1821 3511 1997 3565 homi-

429 3613 528 3652 nes
576 3609 799 3665 norunt,
835 3617 938 3654 non
972 3616 1109 3668 quos
1156 3602 1464 3671 imperitum
1498 3602 1689 3670 vulgus
1726 3603 1996 3672 agnoscit,

428 3693 524 3744 sed
559 3706 694 3758 quos
733 3692 994 3760 propheta
1034 3691 1144 3747 Deo
1179 3691 1369 3761 plenus
1398 3693 1671 3762 elegerit?
1704 3692 1820 3747 Non
1856 3693 1997 3748 enim

427 3796 554 3849 erga
590 3797 686 3837 eos
711 3783 776 3836 de
804 3799 1067 3852 corpore,
1115 3800 1221 3839 non
1265 3787 1330 3840 de
1369 3793 1547 3850 attate,
1576 3787 1672 3841 sed
1711 3785 1778 3840 de
1819 3795 2002 3840 mente

424 3874 688 3942 judicium
726 3883 826 3929 est.
865 3875 1022 3929 Tales
1049 3892 1177 3946 ergo
1209 3885 1368 3931 erant
1398 3877 1484 3930 isti
1517 3876 1658 3930 beati
1695 3878 1997 3947 presbyteri

427 3964 705 4019 Abraham
736 3975 789 4020 et
825 3965 980 4020 Sara.
1021 3967 1083 4020 Et
1118 3966 1231 4037 68
1279 3967 1455 4036 primo
1495 3968 1737 4021 Otunium
1767 3969 2000 4037 genuina

433 4057 518 4110 bis
548 4058 789 4121 uomiua,
830 4072 952 4126 quae
1011 4066 1163 4111 ortus
1207 4057 1440 4112 carnalis
1477 4057 1722 4121 dederat,
1759 4075 2004 4127 commu-

435 4158 638 4201 tantur.
687 4148 820 4201 Cum
866 4149 1005 4202 enim
1039 4159 1168 4202 esset
1221 4149 1510 4218 nonaginta
1543 4161 1589 4203 et
1623 4167 1802 4204 novem
1834 4168 2004 4204 anno-

434 4254 549 4291 rum
582 4239 870 4302 Abraham,
897 4241 1140 4306 apparuit
1183 4239 1232 4290 ei
1275 4239 1433 4302 Deus,
1470 4251 1519 4293 et
1541 4241 1675 4294 dixit
1701 4257 1718 4294 :
1749 4241 1860 4312 Ego
1887 4260 2003 4296 sum

437 4329 598 4396 Dens,
632 4330 896 4396 complace
937 4347 1114 4382 coram
1149 4347 1252 4395 me,
1301 4340 1348 4383 et
1394 4342 1502 4385 esto
1544 4333 1904 4400 inculpabilt's,
1955 4346 2004 4388 et

433 4437 624 4490 ponant
651 4432 1014 4475 testamentum
1047 4439 1216 4475 nteant
1245 4423 1379 4475 inter
1407 4439 1486 4474 me
1509 4433 1559 4476 et
1579 4433 1648 4477 te.
1677 4423 1747 4476 Et
1771 4427 1999 4492 procidit

435 4512 697 4564 Abraham
752 4513 808 4566 in
867 4512 1056 4581 faciem
1096 4530 1282 4576 suam,
1325 4524 1372 4568 et
1422 4514 1663 4568 adoravit
1703 4515 1898 4578 Deunt,
1955 4527 2004 4571 et

436 4602 641 4656 loeutus
685 4614 758 4658 est
799 4605 845 4658 ei
889 4603 1032 4657 Deus
1073 4605 1297 4658 dicens:
1333 4603 1440 4674 Ego
1485 4622 1600 4659 sunt
1637 4621 1654 4659 :
1687 4622 1802 4660 ecce
1845 4617 2007 4661 testa-

439 4707 665 4748 mentum
717 4711 888 4748 meum
925 4705 1133 4761 tecunt,
1187 4707 1233 4748 et
1273 4698 1375 4750 eris
1432 4709 1583 4766 pater
1643 4699 2007 4752 multitudinis

438 4789 668 4854 gentium
701 4797 789 4840 :et
828 4787 1193 4840 benedicentur
1222 4789 1274 4840 in
1311 4800 1356 4842 te
1389 4806 1562 4843 omnes
1601 4799 1800 4859 gentes,
1828 4802 1875 4845 et
1890 4793 2009 4860 jam

441 4893 544 4931 non
566 4879 832 4932 vocabitur
876 4895 1063 4932 nomen
1099 4888 1246 4932 luunt
1289 4882 1506 4944 Abram,
1557 4883 1647 4934 sed
1689 4884 1786 4936 erit
1818 4899 2007 4937 nomen

441 4975 588 5021 tuum
615 4969 877 5023 Abraham
901 4970 966 5023 ’³.
997 4970 1063 5024 Ει
1097 4986 1219 5024 cum
1245 4971 1484 5025 dedisset
1513 4972 1618 5027 hoc
1648 4988 1863 5037 nomen,
1904 4985 2012 5027 sla-

444 5058 540 5111 tim
573 5060 849 5130 snbjuugit
883 5078 898 5114 :
934 5062 998 5114 Et
1036 5079 1231 5129 ponam
1265 5072 1630 5116 testamentum
1675 5065 1810 5118 inter
1850 5082 1928 5119 me
1963 5077 2010 5120 et

443 5161 512 5212 te,
548 5159 595 5203 et
632 5151 767 5202 inter
788 5168 958 5205 semen
989 5155 1135 5209 tuum
1163 5163 1278 5222 post
1301 5161 1372 5217 te,
1406 5163 1452 5207 et
1477 5152 1572 5206 hoc
1610 5164 1684 5206 est
1726 5165 2011 5209 testamen-

441 5253 553 5295 tum
581 5244 720 5309 quod
744 5245 969 5298 servabis
997 5246 1129 5298 inter
1149 5263 1228 5298 me
1255 5255 1301 5299 et
1327 5254 1396 5309 te,
1421 5257 1467 5298 et
1501 5247 1641 5299 inter
1667 5264 1841 5302 semen
1865 5259 2016 5302 tuum

441 5346 554 5402 post
587 5344 656 5388 te.
717 5335 785 5388 Et
827 5347 946 5405 post
996 5339 1108 5393 haec
1170 5339 1358 5394 addit:
1395 5337 1822 5392 Circumcidetur
1866 5357 2017 5395 omne

513 5479 560 5511 ’⁸
602 5477 740 5534 Gen.
775 5495 905 5542 xvu,
957 5480 1009 5533 5.

1084 5480 1128 5511 "
1166 5479 1300 5535 Gen.
1336 5482 1488 5542 xvni,
1520 5480 1606 5534 ll.

442 5545 492 5579 ο·
521 5549 660 5604 Phil.
695 5566 774 5614 ιιι,
806 5551 862 5618 2,
899 5552 954 5605 ε».

1031 5552 1077 5582 ⁸⁸
1134 5551 1286 5605 Rom.
1323 5567 1378 5614 ιι,
1407 5551 1496 5615 28,
1534 5551 1626 5606 ‘29.

519 5671 664 5738 (98)
713 5671 914 5726 Omnes
968 5688 1119 5735 mss.,
1173 5674 1581 5740 suscepit.,etc.,
1614 5674 1832 5742 accepit,
1863 5682 2007 5740 etc.;

447 5743 578 5800 libb.
609 5744 738 5795 editi
773 5743 1006 5808 suscipit,
1043 5753 1174 5805 etc.,
1209 5745 1422 5808 accipit,
1457 5753 1559 5798 etc.

520 5813 656 5880 (99)
709 5813 887 5866 Codex
939 5828 1036 5866 ms.
1094 5813 1267 5866 sancti
1319 5812 1845 5885 Theudorici:un
1896 5815 2010 5883 quis

1683 5482 1728 5512 ⁸³
1758 5479 1913 5533 Num.
1949 5496 2022 5545 ιιι,
2053 5481 2136 5535 16.

1704 5553 1747 5582 ³⁷
1783 5552 1980 5606 Ezech.
2010 5568 2152 5617 xciv,
2195 5553 2228 5607 9
2301 5553 2345 5583 ⁹⁸
2378 5550 2491 5606 Jer.
2525 5567 2600 5616 Ix,
2633 5551 2722 5603 ‘26.

2100 3265 2157 3318 in
2186 3263 2468 3330 manifesto
2506 3260 2728 3316 Judazus
2770 3271 2870 3324 est,
2909 3257 3115 3328 inquit,
3158 3272 3318 3327 neque
3346 3271 3464 3325 qua:
3497 3255 3669 3307 mani-

2100 3356 2228 3424 feste
2250 3367 2326 3410 est
2379 3357 2432 3409 in
2479 3369 2634 3407 carne
2686 3350 3052 3414 circumcisio,
3108 3348 3200 3402 sed
3246 3349 3334 3416 qui
3371 3349 3426 3400 in
3468 3343 3672 3400 occulto

2099 3447 2320 3500 Jndteus
2352 3445 2748 3498 circumcisione
2773 3443 2971 3506 cordis,
3003 3441 3056 3493 in
3089 3438 3304 3507 spiritu,
3337 3453 3440 3490 non
3471 3437 3670 3489 littera.

2104 3537 2220 3590 Non
2251 3537 2348 3590 tibi
2385 3537 2601 3607 dignius
2634 3536 2846 3590 videtur
2892 3534 3016 3587 talis
3061 3531 3407 3586 circumcisio
3444 3529 3672 3584 dicenda

2104 3628 2156 3681 in
2191 3629 2413 3693 sanctis,
2444 3635 2498 3681 et
2533 3626 2724 3680 amicis
2757 3624 2870 3688 Dei,
2895 3638 3053 3692 quam
3080 3622 3262 3676 carnis
3288 3616 3677 3674 obtruncatio?

2103 3719 2212 3774 Sed
2255 3719 2523 3774 sermonis
2559 3718 2772 3772 novitas
2822 3719 3053 3771 tortasse
3081 3729 3186 3768 non
3226 3711 3398 3767 solum
3436 3708 3676 3770 luctatos,

2107 3811 2200 3865 sed
2259 3812 2422 3865 etiam
2465 3810 2677 3879 aliquos
2731 3809 2958 3862 fratrum
3021 3817 3330 3860 nostroruru
3381 3803 3676 3856 deterreat.

2107 3900 2468 3970 lmpossibilia
2509 3900 2654 3956 enim
2685 3899 2896 3953 videtur
2945 3897 3142 3952 Paulus
3170 3908 3524 3966 praesumere,
3584 3892 3676 3959 qui

2108 3990 2579 4046 circumcisionem
2601 3989 2780 4043 cordis
2809 3991 3040 4044 inducit.
3075 3989 3356 4055 Quomodo
3383 3987 3525 4040 enim
3561 3984 3678 4038 fieri

2108 4079 2310 4148 poterit
2347 4089 2406 4132 ut
2440 4079 2864 4135 circumcidatur
2896 4081 3221 4143 membrum,
3269 4077 3411 4146 quod
3451 4075 3682 4130 internis

2111 4169 2413 4222 visceribus
2431 4170 2732 4230 obtectum,
2758 4168 2920 4221 etiam
2945 4167 3323 4235 conspectibus
3349 4167 3479 4235 ipsis
3509 4163 3684 4219 homi-

2113 4275 2236 4313 num
2267 4259 2438 4312 latet?
2467 4259 2775 4312 Redeamus
2821 4274 2952 4327 ergo
3001 4259 3067 4310 ad
3117 4258 3464 4327 prepbeticas
3499 4270 3682 4320 voces,

2113 4362 2169 4404 ut
2199 4351 2488 4404 orantibus
2520 4350 2674 4404 vobis
2706 4350 2819 4402 bare
2851 4349 2916 4402 de
2964 4348 3160 4417 quibus
3202 4345 3516 4415 quarrimus,
3559 4344 3684 4398 inde

2111 4444 2434 4498 clarescunt.
2479 4439 2728 4494 Ezechiel
2761 4441 3024 4508 propheta
3062 4437 3258 4492 dicit”
3289 4452 3304 4489 :
3336 4435 3524 4489 Omnis
3549 4435 3685 4488 alie-

2114 4534 2298 4603 nigena
2327 4533 2725 4585 incircumcisus
2765 4534 2940 4593 corde,
2985 4539 3034 4583 et
3068 4529 3465 4582 incircumcisus
3502 4542 3684 4590 carne,

2113 4639 2216 4675 non
2251 4621 2491 4674 introibit
2543 4622 2595 4673 in
2645 4630 2831 4673 sancta
2869 4635 3008 4672 mea.
3043 4618 3109 4671 Et
3149 4618 3276 4671 item
3321 4615 3446 4670 alibi
3490 4615 3687 4668 nihilo-

2116 4713 2292 4768 minus
2325 4711 2665 4782 oxprobrans
2703 4711 2965 4780 propheta
2990 4709 3125 4763 dicit
3147 4707 3195 4740 ⁸⁸
3223 4722 3236 4760 :
3273 4705 3466 4760 Omnes
3499 4706 3689 4759 alieni-

2113 4821 2258 4874 gena:
2285 4804 2641 4857 incircutnrisi
2672 4819 2850 4868 carne,
2875 4803 2976 4869 ﬁlii
3000 4811 3176 4855 autem
3209 4798 3380 4857 Israel
3406 4799 3691 4850 incircum-

2116 4897 2210 4949 cisi
2239 4898 2416 4949 corde.
2448 4896 2777 4965 Designatur
2821 4909 2954 4962 ergo
2987 4893 3127 4961 quod
3170 4891 3274 4944 nisi
3299 4889 3420 4958 quis
3449 4889 3688 4942 circnm-

2123 4990 2270 5042 cisus
2295 4988 2456 5040 fuerit
2503 4989 2665 5042 corde
2707 4994 2760 5039 et
2785 4986 3143 5039 circumcisus
3169 4996 3356 5044 carne,
3388 4997 3492 5034 non
3523 4981 3694 5034 intro-

2119 5081 2219 5134 ibit
2245 5081 2296 5130 in
2323 5088 2506 5133 sancta
2537 5078 2625 5132 Dei
2655 5077 2791 5150 (99).

2187 5157 2240 5211 5.
2282 5158 2386 5210 Sed
2431 5159 2650 5211 videbor
2706 5158 2840 5210 lueis
2887 5155 3002 5223 ipse
3044 5155 3257 5209 imliciis
3308 5164 3524 5222 captus.
3579 5150 3691 5204 lluc

2119 5249 2264 5301 enim
2303 5251 2576 5316 prophetat
2601 5247 2915 5301 testimonio
2943 5246 3207 5300 continuo
3244 5244 3578 5310 constringet
3606 5255 3692 5292 me

2121 5340 2361 5402 Judtcus,
2402 5349 2454 5391 et
2483 5339 2626 5393 dicet
2658 5356 2670 5391 :
2702 5338 2839 5392 Ecce
2867 5337 3129 5408 propheta
3153 5348 3437 5402 utramque
3461 5333 3694 5386 circum-

2213 5482 2258 5513 ”
2284 5480 2417 5536 Gen.
2451 5497 2584 5543 xvu,
2616 5481 2665 5542 l,
2689 5479 2724 5532 Ξ).
2750 5489 2807 5534 ει
2831 5494 2984 5548 seqq.
3059 5476 3105 5509 9“
3143 5474 3288 5530 Psal.
3317 5488 3580 5539 cxxxvnt,
3604 5473 3690 5531 l7.

2122 5675 2542 5728 inrircuntcisus
2579 5671 2734 5725 corde
2791 5677 2838 5724 et
2905 5666 3302 5720 incircuntcisus
3363 5681 3523 5718 carne
3593 5681 3695 5719 non

2122 5746 2356 5800 introibit
2393 5745 2446 5799 in
2470 5752 2649 5798 sancta
2687 5740 2804 5796 Dei.
2840 5738 2944 5794 Sed
2976 5736 3154 5789 videor
3191 5737 3318 5790 meis
3345 5737 3476 5804 ipse,
3510 5745 3620 5789 etc.
