4132 6416
511 317 620 388 na

1987 326 2305 384 ORIGENIS

3649 324 3748 380 180

511 448 776 505 eisionem
809 450 1075 519 designat,
1110 447 1292 502 carnis
1314 456 1370 502 et
1403 449 1606 507 cordis.
1650 449 1938 520 Allegoriae
1977 467 2082 506 non
2114 456 2160 510 Α
2186 448 2390 503 electus
2414 446 2480 500 ad
2530 444 2866 499 enarrandas
2901 444 3124 499 virtutes
3170 441 3380 497 Domini
3406 443 3446 503 ',
3488 442 3747 505 suscipite

510 547 759 604 superest
786 538 964 602 locus,
998 538 1084 591 tibi
1120 547 1352 604 utraque
1396 538 1608 605 species
1637 539 2074 594 circumcisionis

509 629 766 698 exigitur.
801 629 857 684 Si
887 645 970 684 me
1000 633 1192 684 vestris
1219 630 1475 699 precibus
1497 631 1769 699 juveritis,
1797 641 1857 684 ιιι
1883 633 2074 686 adesse

509 717 757 786 dignetur
792 719 1016 772 verbum
1054 717 1149 772 Dei
1198 719 1304 772 vivi
1339 721 1389 772 in
1414 720 1698 786 apertione
1728 720 1842 774 oris
1876 724 2069 787 nostri,

509 811 804 871 poterimus
832 810 950 878 ipso
973 812 1108 864 duce
1135 827 1230 879 per
1256 821 1466 866 arctum
1497 814 1596 868 hoc
1629 817 1947 882 quaestionis
1971 817 2074 871 iter

505 895 570 946 ad
625 894 964 952 latitudinem
1026 899 1274 953 veritatis
1327 901 1504 966 exire,
1565 904 1690 971 quia
1741 921 1845 958 non
1897 905 2070 958 solum

502 986 747 1039 carnales
772 986 944 1041 Judaei
986 989 1053 1042 de
1082 990 1496 1046 circumcisione
1522 995 1706 1046 carnis
1751 997 2070 1050 revincendi

502 1082 630 1129 sunt
651 1077 825 1141 nobis,
870 1079 964 1131 sed
1017 1081 1256 1133 nonnulli
1286 1096 1350 1134 ex
1398 1083 1487 1146 iis,
1523 1085 1610 1151 qni
1642 1084 1842 1139 Christi
1875 1101 2068 1140 nomen

506 1167 760 1221 videntur
790 1171 1120 1239 suscepisse,
1157 1180 1210 1223 et
1239 1179 1420 1225 tamen
1453 1174 1727 1227 carnalem
1778 1176 2068 1231 circumci-

503 1258 709 1309 sionem
747 1259 1111 1327 recipiendam
1143 1270 1333 1330 putant
1385 1274 1443 1318 ut
1478 1265 1741 1320 Ebionita:
1772 1269 1789 1336 (
1817 1270 1835 1321 l
1861 1267 1904 1336 ),
1938 1279 1992 1322 et
2022 1270 2067 1323 si

501 1351 591 1414 qui
625 1352 708 1405 his
752 1353 916 1406 simili
945 1368 1260 1425 paupertate
1299 1375 1496 1416 sensus
1529 1363 1801 1419 aberrant.
1846 1365 2070 1421 Utamur

503 1437 668 1504 igitur
697 1445 897 1498 veteris
921 1444 1270 1503 instrumenti
1302 1451 1647 1518 testimoniis,
1679 1456 1876 1522 quibus
1900 1457 2069 1512 liben-

501 1533 589 1580 ter
613 1529 912 1600 indulgent.
945 1535 1221 1606 Scriptum
1253 1551 1336 1594 est
1365 1543 1508 1594 enim
1570 1545 1620 1596 in
1673 1544 1906 1600 Jeremia
1936 1562 2064 1614 pro-

503 1619 659 1683 pheta
695 1623 740 1654 ’9
777 1635 794 1674 τ
827 1623 960 1676 Ecce
999 1628 1223 1694 populus
1268 1629 1348 1682 hic
1395 1632 1792 1688 incircumcisua
1819 1639 2062 1695 auribus.

502 1708 661 1776 Audi,
691 1709 872 1774 lsrael,
903 1715 1277 1781 propheticum
1302 1723 1728 1789 vocem,grande
1756 1725 1849 1778 tibi
1868 1741 2066 1794 oppro-

2181 541 2400 608 dignam
2448 535 2921 590 circumcisionem
2968 533 3117 588 verbi
3181 532 3272 585 Dei
3308 533 3358 586 ili
3393 533 3610 586 auribus
3651 546 3745 585 vc-

2179 628 2330 688 stris,
2363 634 2414 679 et
2445 626 2499 678 in
2538 625 2716 688 labiis,
2749 633 2802 677 et
2837 624 2886 677 in
2929 625 3114 688 corde,
3145 634 3197 676 et
3235 624 3284 676 in
3333 623 3595 692 prchutio
3623 635 3748 676 car-

2180 717 2264 771 nis
2297 725 2510 781 vestrae,
2537 726 2588 768 et
2619 715 2670 767 in
2705 713 2959 768 omnibus
2983 713 3208 770 omnino
3240 712 3497 765 membris
3528 713 3743 766 vestris.

2180 809 2526 862 Circumcisae
2564 821 2797 874 namque
2840 805 2950 860 sint
3001 819 3162 856 aures
3203 814 3397 856 vestra:
3446 803 3744 856 secundum

2183 902 2403 954 verbum
2446 899 2557 961 Dei,
2591 907 2648 950 ut
2678 912 2860 950 vocem
2909 912 3015 949 non
3060 894 3324 964 recipiant
3368 894 3740 958 obtrectantis,

2181 1000 2235 1044 ut
2267 988 2513 1041 maledici
2549 996 2602 1039 et
2634 983 2929 1054 blasphemi
2971 984 3130 1036 verba
3164 999 3267 1034 non
3301 981 3618 1046 andianl,ut
3645 983 3739 1034 fal-

2178 1081 2252 1134 sis
2289 1078 2786 1141 criminationibus,
2831 1073 3119 1128 mendacio
3176 1088 3277 1125 non
3317 1082 3551 1140 pateant.
3581 1073 3742 1140 Oppi-

2177 1171 2378 1233 lentur,
2419 1180 2472 1224 et
2521 1171 2715 1222 clausa:
2739 1167 2870 1230 sint,
2905 1181 2971 1218 ne
3020 1164 3282 1232 judicium
3331 1163 3610 1231 sanguinis
3642 1180 3740 1216 au-

2176 1263 2347 1325 diant,
2389 1270 2484 1316 aut
2525 1259 2811 1330 impudicis
2846 1257 3078 1311 canticis
3105 1265 3159 1309 et
3211 1255 3566 1309 theatralibus
3594 1254 3742 1307 sonis

2177 1364 2416 1426 pateant.
2463 1353 2606 1408 Nihil
2658 1353 2954 1407 obscenum
3014 1350 3299 1418 recipiant,
3345 1349 3440 1402 sed
3493 1347 3560 1401 ab
3595 1351 3739 1401 omni

2175 1461 2329 1500 emno
2359 1443 2436 1512 (5)
2467 1443 2831 1512 corruptionis
2891 1457 3096 1496 aversa:
3146 1442 3272 1496 sint.
3326 1439 3448 1494 llaec
3494 1450 3577 1494 est
3631 1442 3740 1493 cir-

2171 1536 2458 1600 cumcisio,
2491 1550 2598 1605 qua
2638 1535 2878 1588 Ecclesia
2914 1535 3118 1588 Christi
3159 1549 3320 1588 aures
3364 1548 3583 1586 suorum
3628 1533 3739 1585 cir-

2173 1629 2430 1685 cumcidit
2459 1628 2766 1684 infantium.
2785 1628 2924 1692 Ista,
2955 1628 3144 1692 credo,
3165 1637 3286 1681 sunt
3306 1642 3490 1690 aures,
3512 1641 3649 1695 quas
3679 1626 3732 1678 in

2171 1717 2511 1772 auditoribus
2557 1719 2672 1774 suis
2725 1720 3071 1787 requirebat,
3124 1716 3390 1770 dicens‘:
3423 1714 3526 1779 Qui
3578 1716 3733 1767 habet

501 1797 671 1849 brium
704 1799 979 1854 inducitur
1009 1803 1025 1870 (
1050 1802 1145 1871 2),
1173 1807 1396 1873 grandis
1424 1809 1516 1862 tibi
1549 1811 1861 1881 impingitur
1886 1815 2066 1884 culpa.
2100 1804 2141 1858 Β
2171 1827 2324 1864 aures
2361 1811 2614 1863 audiendi
2674 1812 2877 1864 audiat.
2915 1809 3084 1864 Nemo
3146 1810 3288 1862 enim
3331 1816 3506 1876 potest
3567 1807 3737 1860 incir-

500 1889 794 1940 .-tccusatio
856 1898 944 1942 tua
995 1893 1297 1960 profertur,
1347 1899 1489 1966 quod
1547 1901 1963 1960 incircumcisus
2009 1921 2068 1962 es

495 1977 734 2031 auribus.
794 1980 861 2032 Et
897 1995 994 2034 cur
1051 1999 1155 2038 noa
1190 1987 1304 2041 hac
1336 1989 1565 2044 audiens
1606 1993 1902 2048 adhibuisti
1957 1995 2068 2050 ler-

496 2085 616 2124 rnm
643 2073 868 2128 auribus
893 2075 1020 2137 tuis,
1057 2087 1115 2132 et
1163 2080 1402 2136 icidisti
1433 2085 1572 2137 eas?
1619 2082 1873 2154 Culparis
1910 2105 2066 2142 nam-

494 2175 600 2228 que
628 2176 656 2212 a
685 2161 812 2228 Deo,
840 2175 893 2218 et
916 2168 1298 2223 condemnaris
1328 2209 1343 2232 ,
1391 2187 1491 2226 cur
1520 2188 1680 2229 aures
1727 2191 1832 2230 non
1868 2178 2066 2234 habeas

495 2251 868 2310 circumcisus.
929 2256 1230 2326 Confugere
1297 2261 1438 2314 enim
1501 2263 1596 2316 tibi
1657 2265 1724 2318 ad
1781 2266 2066 2336 allegorias

493 2354 731 2408 nosuas,
761 2362 892 2414 quas
926 2347 1116 2403 Paulus
1155 2351 1355 2417 docuit,
1384 2370 1488 2408 non
1520 2357 1796 2424 permitto.
1821 2359 2066 2413 Circum-

491 2433 672 2488 cidere
701 2438 828 2505 quid
864 2443 1090 2495 cessas?
1120 2441 1317 2498 Deseca
1345 2460 1505 2500 aures
1526 2488 1539 2508 ,
1587 2451 1848 2504 abscinde
1894 2469 2066 2506 mem-

491 2525 588 2579 bra
622 2542 740 2595 qua:
779 2530 918 2585 Dens
955 2533 1023 2586 ad
1066 2534 1351 2588 utilitatem
1393 2552 1649 2593 sensuum
1691 2551 1745 2596 et
1796 2544 1861 2596 ad
1897 2558 2062 2597 orna-

491 2625 606 2670 tum
669 2621 886 2675 humani
943 2633 1117 2677 status
1178 2627 1402 2682 creavit.
1457 2627 1547 2682 Sic
1606 2632 1747 2684 enim
1808 2633 2064 2704 intelligis

491 2707 652 2762 verba
708 2711 908 2768 divina.
957 2712 1062 2768 Sed
1097 2725 1148 2769 et
1203 2715 1346 2768 aliud
1384 2719 1478 2770 tibi
1534 2723 1712 2773 adhuc
1755 2722 2059 2792 proferam,

488 2794 576 2848 cui
608 2799 980 2854 contradicere
1021 2817 1126 2854 non
1167 2807 1357 2870 possis.
1397 2806 1451 2858 ln
1507 2807 1723 2874 Exodo,
1756 2811 1843 2864 ubi
1877 2827 1973 2866 nos
2007 2813 2058 2864 in

489 2887 764 2942 codic'bus
817 2890 1067 2944 Ecclesia:
1098 2894 1363 2950 habemus
1401 2898 1690 2964 scriptum,
1728 2902 2060 2967 responden—

492 2985 598 3030 tem
641 2979 704 3030 atl
737 2979 1015 3034 Dominum
1063 2983 1319 3053 Moysen,
1352 2997 1402 3040 el
1433 2988 1702 3044 dicentem
1734 2991 1836 3060 (5)
1874 3008 1886 3044 :
1926 2989 2056 3045 Pra~

490 3067 628 3130 vide,
661 3067 928 3134 Domine’,
958 3071 1122 3124 alium
1148 3091 1296 3141 quem
1329 3079 1528 3131 mittas.
1561 3079 1672 3148 Ego
1701 3083 1838 3134 enim
1870 3083 2055 3152 gracili

2170 1904 2422 1958 cumcisis
2451 1913 2505 1957 et
2529 1903 2823 1956 immundis
2869 1902 3093 1956 auribus
3127 1902 3200 1969 (6)
3237 1901 3432 1953 munda
3469 1898 3626 1952 verba
3652 1913 3740 1951 sas

2169 1995 2388 2064 pientiae
2426 2003 2477 2046 ct
2521 1995 2768 2048 veritatis
2799 1995 3007 2049 audire.
3046 1994 3365 2053 Veniamus,
3400 1992 3445 2044 si
3479 1991 3658 2055 vultis,
3685 1998 3738 2043 et

2169 2086 2235 2137 ad
2270 2084 2539 2137 labiorum
2570 2084 3064 2140 circumcisionem.
3099 2083 3208 2151 Ego
3247 2092 3374 2152 puto
3399 2082 3540 2149 quod
3571 2081 3739 2133 incir—

2169 2175 2436 2229 cumcisus
2472 2175 2541 2227 sit
2566 2174 2742 2235 labiis,
2773 2174 2865 2242 qui
2905 2176 3140 2227 nomium
3165 2177 3396 2228 cessavit
3436 2189 3464 2226 a
3503 2173 3735 2228 stultilo-

2177 2268 2324 2335 quio,
2359 2282 2388 2318 a
2418 2265 2768 2329 scurriiitate,
2801 2266 2892 2334 qui
2943 2265 3098 2319 bonis
3131 2270 3377 2334 derogat,
3419 2265 3510 2332 qui
3542 2265 3736 2317 crimi-

2169 2364 2328 2408 natur
2375 2356 2672 2423 proximos,
2717 2355 2807 2422 qui
2855 2355 3077 2424 instigat
3132 2353 3275 2415 lites,
3311 2352 3400 2420 qni
3431 2350 3738 2404 calumnias

2167 2455 2367 2508 movet,
2404 2444 2492 2513 qui
2523 2444 2722 2497 fratres
2750 2445 2896 2496 inter
2928 2459 2985 2497 se
3021 2443 3151 2495 falsa
3182 2443 3451 2511 loquendo
3480 2441 3736 2495 commit-

2167 2537 2254 2603 tit,
2297 2539 2385 2604 qui
2444 2552 2619 2601 vana,
2653 2536 2858 2604 inepta,
2913 2534 3220 2598 Saecularia,
3270 2535 3560 2603 impudica,
3616 2542 3734 2585 tur-

2165 2629 2270 2697 pia,
2312 2626 2589 2694 iniuriosa,
2628 2639 2902 2694 proterva,
2947 2629 3278 2697 blaSphenia,
3308 2637 3362 2681 et
3389 2636 3583 2681 czctera
3616 2640 3735 2691 qua:

2165 2719 2384 2789 indigna
2440 2728 2564 2771 sunt
2619 2718 2929 2773 Christiano
2976 2735 3072 2774 ore
3125 2720 3485 2789 proloquitnr.
3511 2717 3568 2772 Si
3609 2717 3734 2786 quis

2163 2825 2291 2863 vero
2325 2810 2394 2864 ab
2435 2811 2522 2864 his
2571 2811 2826 2865 omnibus
2859 2812 3104 2866 continet
3142 2827 3203 2866 os
3247 2827 3426 2876 suum,
3464 2820 3517 2864 et
3549 2811 3732 2876 dispo-

2162 2902 2242 2954 nit
2273 2917 2548 2958 sermones
2587 2917 2713 2956 suos
2760 2902 2812 2954 in
2838 2900 3044 2971 judicio
3063 2905 3104 2966 ',
3144 2903 3526 2956 verbositatem
3561 2902 3732 2969 repri-

2162 2993 2295 3055 mit,
2348 2992 2582 3062 linguam
2645 3003 2941 3063 temperat,
3008 2995 3169 3048 verba
3245 2994 3580 3056 moderatur,
3627 2993 3733 3046 iste

2161 3087 2352 3138 merito
2393 3085 2744 3138 circumcisus
2784 3084 2940 3137 labiis
2991 3084 3214 3137 dicitur.
3245 3081 3349 3137 Sed
3397 3091 3452 3137 et
3490 3083 3580 3150 qui
3632 3081 3734 3134 iiii-

489 3171 610 3210 race
641 3175 775 3223 sum,
817 3173 865 3212 et
896 3162 1078 3215 tardus
1109 3164 1290 3233 lingua
1318 3167 1356 3231 ’,
1389 3183 1479 3222 vos
1509 3170 1559 3223 in
1594 3171 1833 3227 Hebraeis
1866 3189 2054 3232 errem:
2082 3143 2124 3201 α
2159 3177 2419 3244 quitatem
2453 3175 2506 3228 in
2538 3174 2766 3230 Excelso
2813 3176 3111 3242 loquuntur
3133 3175 3175 3239 ',
3210 3185 3262 3227 et
3311 3172 3614 3226 extendunt
3677 3171 3729 3224 in

488 3247 732 3315 plaribus
806 3252 1018 3308 habetis
1072 3255 1111 3316 ³,
1196 3256 1308 3326 Ego
1386 3269 1560 3314 autem
1653 3265 2053 3320 incircumcisur

490 3339 642 3392 labiis
692 3356 830 3397 sunt.
902 3344 1036 3398 Ecce
1087 3345 1298 3402 habetis
1354 3351 1819 3409 circumcisionem
1879 3357 2053 3412 labio-

491 3442 650 3488 rum,
708 3433 1002 3485 secundum
1061 3448 1234 3490 vestra
1283 3456 1400 3506 qua:
1462 3443 1674 3495 veriora
1733 3446 2054 3516 diciti369

489 3519 839 3587 exemplaria.
889 3523 945 3578 Si
993 3541 1121 3594 ergo
1163 3531 1459 3584 secundum
1503 3547 1599 3585 vos
1647 3533 1857 3604 Moyses
1919 3538 2058 3590 indi-

488 3623 652 3675 gnum
681 3625 740 3664 se
764 3627 881 3668 esse
920 3617 1100 3670 adimo
1134 3619 1286 3684 dicit,
1317 3621 1462 3688 quod
1509 3638 1612 3674 non
1650 3625 1722 3676 sit
1755 3625 1916 3680 labiis
1939 3629 2055 3679 cir-

490 3700 789 3765 cumcisus,
831 3713 1040 3757 certum
1075 3719 1156 3758 est
1203 3708 1302 3760 hoc
1335 3708 1484 3762 illum
1526 3710 1764 3765 indicare
1788 3713 1886 3782 (4),
1915 3716 2058 3780 quod

488 3789 700 3858 dignior
739 3793 808 3846 sit
841 3804 894 3848 et
944 3797 1188 3851 sanctior
1232 3799 1318 3853 ille
1344 3800 1435 3868 qui
1483 3800 1836 3857 circumcisus
1873 3814 1956 3858 est
1986 3804 2060 3858 Ia-

487 3876 610 3932 biis.
661 3881 932 3939 Adhibete
982 3902 1112 3956 ergo
1163 3889 1324 3942 etiam
1380 3890 1538 3944 labiis
1598 3890 1818 3958 falcem,
1849 3903 1903 3948 et
1945 3895 2058 3948 oris

487 3971 822 4037 operimenta
856 3976 1126 4046 desecate,
1151 3981 1371 4045 quando
1398 3981 1616 4050 quidem
1655 3982 1776 4038 talis
1821 3985 1975 4040 vobis
2003 3986 2054 4038 in

487 4059 688 4115 divinis
714 4062 914 4118 litteris
944 4068 1246 4137 cumplacet
1294 4071 1622 4126 intellectus.
1672 4073 1824 4138 Quod
1862 4076 1907 4128 si
1943 4075 2055 4128 cir-

485 4150 876 4207 cumcisionem
911 4155 1179 4212 labiorum
1212 4160 1276 4213 ad
1316 4161 1628 4230 allegoriam
1669 4165 1966 4229 revocatis,
1999 4177 2055 4219 et

483 4238 960 4298 circumcisionem
1019 4250 1232 4303 aurimn
1301 4251 1655 4308 nihilominus
1705 4254 2050 4324 allegoricam

485 4331 667 4400 dicitis
697 4344 753 4390 et
783 4335 1085 4406 figuralem,
1123 4345 1394 4412 quomodo
1430 4361 1534 4400 non
1583 4357 1637 4400 et
1679 4348 1730 4401 in
1760 4349 2050 4403 circumci-

482 4420 635 4529 sione
659 4429 903 4529 prmputii
933 4431 1258 4529 allegoriam
1292 4437 1606 4504 requiritis?
1635 4438 1741 4493 Sed
1782 4440 1900 4494 illos
1925 4441 2045 4507 qui-
2080 4475 2124 4529 ο

481 4511 606 4566 dem
631 4515 721 4580 qui
741 4517 805 4570 ad
842 4519 1103 4575 idolorum
1135 4526 1349 4578 modum
1373 4542 1527 4581 aures
1545 4530 1732 4581 habent
1751 4539 1797 4581 et
1829 4545 1928 4581 non
1952 4546 2050 4582 au-

482 4601 656 4668 diunt,
693 4615 739 4658 et
786 4609 965 4662 oculos
1014 4613 1201 4664 habent
1233 4625 1278 4666 et
1308 4632 1412 4668 non
1457 4617 1687 4680 vident“,
1711 4619 2048 4672 omittamus.

499 4687 591 4748 Vos
622 4705 801 4750 autem
834 4699 1064 4766 populus
1093 4701 1206 4768 Dei,
1229 4714 1282 4757 et
1312 4706 1538 4774 populus
1565 4709 1616 4761 iu
1640 4710 2049 4778 acquisitioncm

553 4803 598 4881 ξ’
629 4801 827 4881 Jerem.
863 4810 1078 4881 v1.10.
1113 4811 1161 4881 _‘
1215 4812 1380 4866 Exod.
1443 4831 1512 4879 Iv,
1568 4818 1652 4868 15.
1729 4820 1748 4848 ³
1781 4816 1938 4881 Ibid.,
1977 4817 2063 4871 10.

537 4871 724 4928 Matth.
773 4891 894 4938 ιιιιι,
930 4878 981 4932 9.
1060 4878 1078 4909 ⁷
1105 4879 1250 4938 Psal.
1279 4897 1391 4951 cxi,
1423 4871 1510 4939 5..
1552 4886 1573 4917 ⁸
1605 4886 1747 4940 Psal.
1780 4871 1950 4951 uitii,
1989 4888 2042 4940 7.

555 4963 631 5044 (_l)
660 4963 940 5045 Ebionitte,
981 4977 1084 5045 etc.
1130 4973 1333 5028 Allntlit
1379 4979 1445 5030 ad
1479 4992 1660 5031 vocent
1699 4978 2041 5045 llcbraicani,

480 5034 828 5116 Eb‘ion-nquae
848 5039 1152 5116 _signilicat,
1185 5058 1493 5116 pauperem
1512 5057 1565 5100 et
1590 5064 1843 5116 egenum.

549 5102 629 5244 ἓξ)
657 5104 804 5163 ωδε..
841 5102 1148 5174 inducitur;
1185 5102 1325 5165 'libb.
1369 5115 1518 5173 editi.
1553 5102 1826 5172 indicitur.

573 5177 627 5235 δι
689 5172 932 5244 Provide,
978 5178 1219 5233 Domine.
1280 5181 1571 5237 Confundit
1612 5188 1826 5244 Uriuent

573 5172 627 5252 5)
689 5172 932 5252 Provide,
977 5172 1248 5252 Domi-nea
1280 5181 1571 5252 Confundit
1612 5188 1875 5252 Origenes
1931 5198 2039 5241 tres

478 5243 792 5307 versiculos,
831 5261 1022 5314 nempe
1047 5249 1107 5302 l3
1123 5247 1530 5317 etiO-capitisrv
1560 5243 1749 5317 Exodi,
1784 5273 1882 5311 nec
1933 5274 2036 5309 non

477 5327 692 5385 versum
719 5317 788 5367 50
815 5318 1008 5384 capitis
1035 5334 1084 5372 Vl
1119 5320 1354 5385 ejusdem
1389 5323 1531 5377 libri.
1562 5324 1672 5380 lloc
1704 5328 1892 5380 ultimo
1925 5329 2043 5380 loco

478 5383 861 5460 uliiullebrmus
889 5383 1074 5460 textus
1117 5383 1276 5444 habet
1303 5408 1317 5443 :
1350 5391 1481 5444 Ecce
1521 5410 1612 5460 ego
1645 5398 2041 5449 incircumcisur

475 5452 652 5518 labiis,
684 5455 1038 5527 Septuaginta
1075 5468 1351 5526 verterunt
1377 5479 1391 5516 :
1425 5452 1570 5516 Ecce"
1589 5480 1681 5532 ego
1711 5466 1896 5534 gracili
1923 5482 2042 5520 voce

475 5538 496 5569 κ
505 5534 536 5571 η
542 5535 588 5571 ιη
599 5563 610 5574 .

549 5590 824 5669 (tt-illlam
857 5597 1111 5652 indicare.
1165 5599 1255 5653 Sic
1305 5617 1460 5665 mss,
1509 5601 1632 5658 libb.
1656 5615 1834 5660 autem
1886 5604 2036 5669 editi,

475 5655 616 5710 illud
645 5662 897 5717 indicare.

2156 3265 2355 3318 cmlum
2413 3265 2649 3335 linguam
2714 3280 2903 3328 suam,
2959 3266 3103 3318 sicut
3172 3262 3412 3318 haeretici
3486 3263 3727 3324 faciunt,

2155 3356 2521 3409 ineircumcisi
2576 3365 2630 3409 et
2675 3358 2936 3408 immundi
2991 3356 3148 3409 labiis
3195 3354 3406 3407 dicendi
3456 3361 3583 3406 sunt
3626 3351 3726 3420 (7}.

2156 3446 2523 3498 Circumcisus
2569 3461 2694 3498 vero
2725 3459 2780 3499 et
2813 3446 3046 3499 mundus
3077 3455 3156 3498 est
3205 3445 3296 3512 qui
3347 3457 3564 3510 semper
3608 3456 3730 3495 ver-

2159 3536 2283 3587 bum
2326 3535 2417 3587 Dei
2470 3535 2728 3602 loquitur,
2763 3544 2817 3588 et
2840 3552 3027 3590 sanam
3064 3536 3367 3589 doctrinam
3397 3534 3729 3602 evangelicis

2158 3633 2212 3675 et
2255 3623 2564 3691 apostolicis
2611 3625 2872 3677 munitam
2913 3625 3112 3693 regulis
3157 3624 3380 3694 profert.
3425 3623 3539 3683 lloc
3599 3639 3730 3692 ergo

2159 3713 2316 3765 modo
2361 3723 2414 3766 et
2439 3715 2778 3768 circumcisio
2835 3717 3100 3770 labiorum
3161 3717 3321 3770 datur
3373 3717 3425 3770 in
3486 3715 3728 3770 Ecclesia

2160 3799 2276 3855 Dei.

2229 3895 2281 3948 6.
2310 3895 2461 3949 Nunc
2485 3911 2616 3950 vero
2646 3898 2943 3952 secundum
2975 3900 3422 3967 pollicitationem
3454 3910 3726 3965 nostram,

2158 3982 2393 4049 qualiter
2431 3985 2595 4036 etiam
2638 3986 2826 4038 carnis
2869 3989 3218 4042 circumcisio
3267 3991 3464 4058 suscipi
3511 3991 3725 4054 debeat,

2158 4073 2460 4128 videamus.
2504 4073 2804 4129 Menibrum
2837 4077 2960 4144 hoc,
2989 4079 3038 4131 in
3089 4095 3196 4147 quo
3227 4083 3544 4149 praeputium
3574 4082 3723 4134 vide-

2159 4172 2245 4217 tur
2270 4179 2415 4229 esse,
2448 4167 2638 4221 ofﬁciis
2680 4170 3019 4225 naturalibus
3067 4173 3242 4228 coitus
3275 4185 3328 4228 et
3386 4177 3720 4242 generationi

2155 4254 2428 4306 deservire
2453 4270 2609 4306 nemo
2644 4259 2840 4326 estqui
2874 4261 3100 4314 dubitet.
3137 4263 3193 4314 Si
3227 4264 3352 4330 quis
3393 4263 3557 4330 igitur
3593 4280 3720 4332 erga

2152 4341 2525 4409 hujuscemodi
2571 4359 2746 4402 motus
2796 4365 2901 4403 nor.
2939 4352 3286 4420 importunus
3332 4357 3586 4417 exsistat,
3623 4373 3722 4410 nec

2154 4444 2386 4490 statutos
2438 4439 2645 4507 legibus
2673 4443 2934 4496 terminos
2966 4455 3205 4512 superet,
3238 4454 3337 4500 nec
3370 4447 3530 4500 aliam
3567 4447 3718 4501 femi-

2156 4541 2280 4578 nam
2313 4542 2475 4593 quam
2524 4529 2806 4599 conjugem
2853 4533 3150 4601 legitimam
3207 4537 3434 4599 noverit,
3460 4546 3513 4589 et
3547 4538 3596 4590 in
3652 4552 3714 4590 ea

2157 4629 2372 4682 quoque
2406 4619 2518 4684 ipsa
2553 4623 2889 4688 posteritatis
2941 4627 3313 4680 tantummodo
3368 4640 3529 4680 causa
3556 4629 3721 4681 certis

2157 4715 2212 4758 et
2253 4705 2509 4775 legitimis
2560 4714 2890 4780 temporibus
2936 4726 3060 4786 agat
3093 4717 3197 4785 (8),
3230 4717 3333 4771 iste
3365 4718 3720 4772 circumcisus

2178 4816 2198 4847 ³
2247 4816 2416 4871 Exod.
2471 4832 2544 4883 vr,
2574 4818 2661 4874 50.
2776 4822 2796 4852 ⁸
2819 4823 2958 4876 t'sal.
2983 4840 3138 4891 ωιιιι,
3166 4825 3222 4889 5,
3331 4827 3393 4880 Ἰ
3425 4827 3538 4884 Pet.
3573 4844 3632 4893 ιι,
3663 4830 3716 4884 9.

2224 4981 2302 5050 (5)
2322 4981 2492 5055 Codd.
2517 4981 2778 5037 Gemetic.
2801 4994 2854 5038 et
2881 4983 3191 5055 Sangerm.,
3217 5003 3385 5053 emno;
3407 4988 3537 5042 libb.
3562 4991 3716 5045 editi.

2151 5067 2316 5112 creua,
2349 5051 2510 5104 male.

2220 5121 2298 5188 (6)
2334 5119 2729 5174 Incircumcisis
2780 5134 2827 5174 et
2881 5124 3168 5177 immundis
3219 5125 3460 5182 nuribus.
3497 5126 3572 5179 Ita
3607 5135 3716 5180 tres

2151 5204 2278 5242 mss.
2315 5189 2685 5253 Turonenses,
2727 5190 3095 5260 llemigianus,
3125 5193 3464 5248 Belvaccnsis
3491 5207 3542 5248 et
3576 5197 3718 5248 San-

2147 5260 2558 5324 germanensis;
2588 5262 2710 5314 libri
2739 5277 2864 5315 vero
2890 5263 3040 5327 editi,
3075 5263 3474 5317 incircumcisus
3497 5267 3712 5318 auribus

2138 5339 2188 5379 et
2219 5329 2538 5382 immundus.

2219 5397 2296 5466 (7)
2328 5395 2498 5453 Codd.
2532 5414 2661 5452 mss.
2696 5408 2806 5452 tres
2833 5400 3196 5465 Turonenses,
3233 5404 3629 5459 Gcmeticensis
3657 5414 3711 5456 et

2148 5466 2632 5538 Sangermanensis
2663 5488 2675 5523 :
2703 5467 2939 5537 loquitur
2996 5480 3045 5523 et
3092 5476 3339 5538 extendit,
3389 5485 3518 5538 clc.;
3553 5476 3713 5526 incir-

2148 5537 2410 5588 cumciaus
2437 5538 2590 5590 labiis
2617 5549 2662 5590 et
2696 5539 2990 5593 inmundus
3020 5543 3170 5594 labiis
3194 5537 3446 5596 dicendus
3468 5537 3564 5599 est.

2221 5607 2295 5670 (8)
2323 5602 2387 5654 Et
2418 5607 2470 5656 in
2505 5623 2562 5657 ea
2593 5625 2794 5674 quoque
2827 5611 2940 5670 ipsa
2992 5613 3305 5676 posteritatis
3351 5613 3713 5666 tantummodo

2149 5691 2306 5729 causa
2337 5677 2490 5727 certis
2521 5688 2564 5726 et
2596 5681 2836 5746 legitimis
2863 5683 3186 5738 (minoribus
3230 5693 3371 5750 (σθαι,
3409 5693 3512 5735 etc.
3550 5685 3710 5736 Simi-
