4132 6424
377 351 466 404 131

1568 348 1631 402 ΙΝ
1673 348 1975 405 GENESIM
2015 347 2298 403 HOMILIA
2336 348 2423 405 Ill.

3518 345 3622 398 1ὃῖ

370 469 635 541 ρναιρηιὶο
666 468 848 520 carnis
877 481 990 519 sum
1014 466 1275 520 diccmlus
1308 478 1407 521 est.
1450 468 1549 533 Qui
1582 484 1709 523 vero
1740 470 1791 522 in
1825 486 1941 523 om~
1971 479 2019 534 Α
2050 468 2215 536 leges,
2250 465 2633 521 incircumcisa
2696 467 2993 534 reputanda
3038 474 3182 519 sunt.
3220 464 3283 517 Et
3328 463 3432 516 hoc
3484 473 3619 531 puto

372 575 494 614 nem
537 558 815 612 lasciviam
853 566 1086 626 proruit,
1119 568 1172 610 et
1212 574 1306 625 per
1338 559 1578 612 diversos
1629 570 1681 613 et
1724 562 1943 613 illicitos

368 650 573 721 passim
599 650 797 719 pendet
836 648 1139 717 amplexus,
1166 658 1328 716 alque
1364 649 1418 703 in
1457 666 1672 703 omnem
1703 652 1942 705 libidinis

367 744 634 813 gurgitem
690 742 866 795 fertur
919 742 1173 805 infrenis,
1233 743 1334 795 iste
1384 744 1801 797 incircumcisus
1860 751 1943 797 est

367 834 631 905 pmpntio
664 833 848 887 carnis
880 847 1008 885 suae.
1042 831 1241 885 Verum
1284 832 1523 885 Ecclesia
1556 833 1783 894 Christi,
1820 849 1943 902 gra-

368 924 439 977 tia
468 923 587 991 ejus
623 921 714 989 qui
755 936 852 985 pro
884 936 944 973 se
977 922 1275 974 crucilixus
1297 932 1381 974 est
1413 923 1683 980 roborata.
1719 939 1823 975 non
1854 940 1941 975 so-

367 1016 477 1068 lum
511 1019 578 1067 ab
612 1014 815 1067 illicitis
848 1011 1205 1080 nefandisque
1233 1012 1522 1077 cubilibus,
1557 1029 1741 1066 verum
1777 1014 1939 1067 etiam

368 1121 395 1159 a
427 1105 702 1159 concessis
734 1114 788 1157 et
834 1104 999 1157 licitis
1032 1112 1323 1173 temperat,
1361 1113 1614 1171 tauquam
1644 1106 1753 1173 jam
1790 1106 1941 1174 virgo

369 1212 567 1264 Sponsa
621 1197 823 1251 Chriin
872 1198 1042 1250 castis
1072 1205 1124 1249 et
1160 1197 1369 1265 pudicis
1422 1197 1725 1266 virginibus
1756 1197 1938 1262 ﬂoret,

364 1291 560 1359 quibus
602 1303 725 1341 vera
762 1288 1117 1341 circumcisio
1170 1287 1354 1341 carnis
1382 1290 1635 1357 prteputii
1666 1290 1806 1343 facta
1834 1300 1939 1354 est,

362 1389 420 1434 et
451 1394 576 1433 vere
608 1386 993 1431 testamentum
1030 1376 1146 1442 Dei,
1177 1386 1232 1430 et
1262 1386 1645 1431 testamentum
1674 1387 1938 1432 aeternum

365 1472 419 1524 in
464 1482 725 1526 aeternum
767 1470 821 1522 in
852 1483 1045 1523 corum
1094 1468 1419 1523 circumcisa
1447 1484 1618 1523 carne
1657 1482 1939 1527 servatur.

364 1560 626 1629 Superest
678 1559 834 1613 nobis
898 1559 1064 1613 etiam
1115 1560 1404 1629 designare
1457 1561 1936 1616 circumcisionem

360 1650 567 1703 cordis.
602 1648 656 1703 Si
710 1650 830 1716 quis
880 1658 965 1702 est
1005 1650 1095 1717 qui
1151 1651 1405 1705 obscenis
1438 1652 1721 1706 desideriis
1749 1662 1803 1707 et
1834 1654 1939 1705 lu:-

363 1739 446 1793 dis
470 1738 859 1805 cupiditatibus
894 1745 1111 1797 testuat,
1141 1745 1219 1802 et,
1254 1746 1313 1790 ut
1343 1739 1582 1792 breviter
1614 1739 1812 1801 dicam,
1843 1738 1935 1807 qui

2049 572 2170 610 esse
2201 558 2345 624 quod
2371 555 2659 623 Apostolus
2683 553 2814 607 dicit
2841 554 2883 584 ”
2911 572 2923 607 :
2953 553 3100 609 Sicut
3127 554 3264 606 eniti;
3308 552 3618 605 exhibuistis

2050 646 2281 698 membra
2310 656 2479 697 vestra
2512 645 2705 697 servire
2732 645 3003 712 iniquitati
3050 646 3118 696 ad
3162 644 3512 711 iniquitatem,
3540 643 3617 695 ita

2051 753 2186 790 nunc
2216 737 2451 789 exhibete
2483 736 2714 788 membra
2752 744 2922 788 vestra
2956 734 3143 786 servire
3170 733 3390 799 iustitiae
3411 734 3463 784 in
3491 748 3619 785 san-

2049 826 2443 891 ctiﬁcationem.
2481 824 2615 878 Cum
2651 826 2797 877 enim
2831 824 3101 891 iniquitati
3141 824 3407 876 servirent
3444 838 3618 875 ment-

2056 916 2173 983 bra.
2198 926 2399 978 vestra,
2428 931 2531 969 non
2580 927 2738 967 erant
2771 915 3110 978 circumcisa,
3148 928 3246 965 nec
3284 922 3402 966 erat
3445 913 3495 964 in
3535 914 3619 968 eis

2051 1016 2435 1060 testamentum
2469 1006 2583 1060 Dei.
2616 1005 2749 1059 Cum
2784 1020 2911 1056 vero
2936 1004 3201 1071 cmperint
3231 1006 3437 1057 servire
3462 1005 3619 1072 justi-

2052 1099 2138 1149 tite
2167 1098 2218 1149 in
2248 1097 2755 1159 sanctilieationem,
2788 1097 3073 1163 promissio
3100 1109 3218 1163 quae
3247 1093 3311 1147 ad
3336 1094 3610 1148 Abraham

2052 1188 2193 1242 facta
2250 1200 2352 1253 est,
2404 1190 2658 1258 impletur
2708 1189 2761 1240 in
2808 1188 2909 1240 eis.
2944 1185 3093 1240 Tunc
3118 1189 3259 1240 enim
3296 1187 3377 1240 lex
3414 1188 3526 1249 Dei,
3562 1194 3616 1241 ct

2051 1289 2437 1333 testamentum
2484 1279 2604 1347 ejus
2633 1280 2883 1347 signatur
2916 1278 2967 1331 in
2998 1278 3098 1330 eis.
3122 1277 3188 1330 Et
3218 1278 3319 1331 hoc
3358 1288 3440 1331 est
3490 1291 3615 1331 vero

2047 1370 2259 1440 signum
2307 1370 2455 1433 lidei,
2486 1371 2628 1439 quod
2658 1371 2801 1423 inter
2834 1369 3000 1422 Deum
3034 1379 3087 1422 et
3130 1368 3402 1422 hominem
3428 1367 3616 1422 aeterni

2048 1459 2269 1513 iazderis
2303 1460 2551 1514 continet
2576 1468 2816 1528 pactum.
2842 1458 2947 1514 Ista
2986 1470 3070 1513 est
3119 1458 3468 1513 circumcisio
3497 1474 3618 1527 quae

2045 1552 2276 1618 petrinis
2300 1551 2588 1605 machaeris
2622 1566 2717 1619 per
2739 1550 2921 1604 Jesnm
2957 1549 3152 1619 populo
3175 1551 3267 1606 Dei
3293 1552 3414 1605 data
3442 1561 3525 1605 est
3550 1550 3616 1605 ¹⁸.

2045 1642 2176 1707 Qua)
2199 1653 2282 1697 est
2304 1654 2484 1696 autem
2522 1642 2787 1696 machaera
2814 1642 3050 1710 peti-ina,
3079 1654 3133 1696 et
3158 1644 3248 1711 qui
3282 1642 3489 1711 gladius
3512 1657 3621 1710 quo

2044 1733 2403 1786 circumcisus
2453 1741 2537 1786 est
2588 1733 2821 1801 populus
2852 1734 3150 1787 Dei?Audi
3179 1732 3498 1802 Apostolum
3532 1732 3616 1784 di-

364 1830 673 1885 mmchatur
716 1830 769 1883 in
804 1831 989 1892 corde,
1034 1830 1124 1883 hic
1182 1830 1601 1885 incircmncisus
1627 1841 1708 1886 est
1748 1832 1933 1886 corde.
1970 1827 2012 1881 Β
2044 1832 2256 1877 centeni
2286 1824 2367 1879 "’z
2404 1821 2568 1877 Vivus
2605 1823 2743 1876 enim
2786 1834 2859 1877 est
2915 1822 3017 1877 Dei
3063 1840 3233 1876 sermo
3258 1835 3302 1876 et
3346 1823 3618 1891 ρΙΙῑεαιτιϐε

362 1921 468 1975 Sed
505 1929 561 1975 et
611 1921 702 1989 qui
764 1920 1049 1975 haereticos
1092 1938 1289 1976 sensus
1345 1932 1527 1977 mente
1582 1924 1844 1989 continet,
1883 1932 1940 1978 et

362 2010 708 2078 blasphemas
733 2012 1062 2065 asser1iones
1083 2022 1271 2066 contra
1288 2012 1571 2067 scientiam
1599 2013 1801 2068 Christi
1825 2015 1939 2067 dis-

362 2102 512 2170 ponit
561 2102 611 2154 iu
657 2102 845 2165 corde,
878 2102 966 2155 hic
1016 2103 1429 2157 incircumcisus
1480 2113 1567 2159 est
1613 2105 1791 2159 corde.
1835 2105 1941 2170 Qui

362 2209 489 2247 vero
516 2210 705 2262 puram
738 2194 895 2248 (idem
924 2196 976 2247 in
1022 2195 1377 2250 conscientia:
1409 2198 1728 2253 sinceritate
1750 2210 1936 2254 custo-

359 2283 458 2346 dit,
486 2284 586 2336 iste
608 2285 961 2339 circumcisus
988 2294 1069 2338 est
1095 2286 1277 2341 corde.
1311 2285 1388 2341 De
1417 2303 1524 2356 quo
1544 2289 1649 2342 dici
1682 2290 1932 2358 potest“:

363 2372 513 2425 Beati
546 2375 742 2426 mundo
791 2375 972 2439 corde,
1023 2376 1146 2445 quia
1199 2377 1298 2444 ipsi
1335 2377 1501 2430 Deum
1532 2379 1797 2432 videbunt.
1824 2380 1937 2448 Ego

360 2478 489 2514 vero
525 2463 699 2515 audeo
738 2478 803 2516 ex
840 2464 1004 2517 simili
1050 2466 1214 2519 etiam
1264 2465 1381 2519 haec
1415 2467 1754 2537 prepheticis
1788 2468 1939 2522 vosi-

362 2555 460 2607 bus
489 2556 708 2618 addere,
740 2558 863 2623 quia
896 2558 1037 2609 sicut
1059 2566 1272 2623 oportet
1323 2560 1571 2623 auribus,
1606 2570 1661 2614 et
1694 2560 1854 2615 labiis
1877 2570 1937 2615 et

361 2647 526 2698 corde
553 2656 609 2698 ιιι
635 2648 816 2700 carnis
849 2650 1131 2714 praeputio,
1169 2653 1462 2705 secundum
1502 2669 1565 2707 ea
1600 2669 1723 2722 qum
1770 2668 1935 2720 supra

363 2738 625 2800 diximus,
660 2740 979 2794 circumcidi
1010 2758 1022 2790 :
1052 2741 1123 2793 ita
1168 2740 1396 2797 fortasse
1418 2754 1472 2798 et
1510 2762 1702 2800 manus
1736 2756 1937 2802 nostra:

365 2829 609 2897 indigent
654 2832 1096 2895 circumcisione,
1133 2842 1186 2886 et
1232 2834 1417 2900 pedes,
1463 2838 1630 2903 visus,
1658 2848 1714 2892 et
1743 2841 1937 2893 odora-

364 2931 472 2986 tus,
514 2932 570 2974 et
607 2932 806 2976 tactus.
867 2923 933 2979 Ut
969 2924 1112 2978 enim
1149 2925 1426 2992 perfectus
1462 2931 1532 2982 sit
1564 2929 1730 2985 homo
1757 2932 1849 2986 Dei
1881 2933 1935 2985 in

360 3014 633 3079 omnibus,
671 3024 864 3069 cuncta
895 3017 1333 3072 circumcidenda
1366 3031 1492 3074 sunt
1522 3024 1788 3089 membra,
1819 3042 1936 3076 tua-

363 3118 463 3155 nus
501 3105 714 3169 quidem
756 3120 784 3157 a
842 3107 1065 3174 rapinis,
1118 3126 1146 3163 a
1182 3111 1359 3176 furtis,
1396 3128 1427 3165 a
1485 3115 1741 3178 caedibus,
1774 3127 1827 3169 et
1868 3118 1933 3173 ad

360 3192 476 3245 sola
510 3192 601 3245 Dei
636 3208 800 3261 opera
845 3198 1159 3261 pandendaz.
1194 3201 1630 3259 Circumcidendi
1677 3218 1799 3261 sunt
1838 3223 1935 3277 pe-
1961 3174 2004 3232 ϐ

360 3281 539 3344 des“,
574 3298 641 3336 ne
682 3285 894 3339 veloces
922 3289 1034 3342 sint
1062 3293 1128 3344 ad
1176 3292 1563 3349 eﬂ'nmlemlum
1593 3300 1931 3365 sanguinem,

359 3381 415 3423 et
455 3387 519 3426 ne
550 3374 749 3428 intrent
788 3377 838 3429 in
875 3380 1164 3434 consilium
1216 3384 1625 3453 malignantium
1654 3389 1719 3451 η,
1752 3392 1845 3444 sed
1878 3401 1933 3444 ut

362 3471 568 3517 tantum
618 3481 715 3533 pro
754 3471 1023 3524 mandatis
1078 3472 1168 3526 Dei
1223 3475 1585 3530 circumeant.
1634 3480 1935 3537 Circumci-

360 3552 557 3607 dantur
590 3565 644 3609 et
669 3559 811 3611 oculi
837 3558 933 3628 (9),
974 3577 1049 3615 ne
1064 3565 1453 3632 concupiscant
1502 3566 1697 3633 aliena,
1732 3571 1839 3640 7o
1869 3588 1935 3625 ne

359 3643 579 3697 videant
633 3645 699 3697 ad
741 3650 1236 3717 concupiscendam
1279 3655 1584 3710 mulierem.
1634 3659 1736 3725 Qui
1786 3661 1933 3715 enim

357 3746 488 3800 erga
520 3734 849 3791 leniinarum
886 3738 1092 3796 formas
1116 3742 1322 3798 lascivo
1348 3753 1403 3799 et
1437 3746 1657 3803 curioso
1706 3751 1934 3804 oberrat.

359 3836 604 3892 aspectu,
639 3830 741 3883 istc
787 3830 1208 3888 incircumcisus
1242 3844 1327 3890 est
1374 3837 1570 3892 oculis.
1620 3838 1725 3893 Sed
1775 3851 1828 3895 et
1883 3843 1931 3896 si

355 3916 483 3982 quis
511 3926 619 3981 est,
648 3920 737 3986 qni
769 3920 882 3976 sive
917 3923 1087 3988 bibat,
1131 3927 1246 3981 sive
1282 3929 1594 3992 manducet,
1624 3931 1763 3984 sicut
1790 3932 1934 3999 Arpo-

358 4007 531 4061 stolus
563 4013 817 4080 praecepit
844 4015 909 4076 ³³,
940 4015 1004 4066 ad
1032 4014 1260 4083 gloriam
1291 4017 1383 4071 Dei
1420 4022 1715 4075 manducat
1754 4032 1808 4079 et
1853 4022 1933 4075 bi-

358 4100 459 4163 bit,
495 4100 595 4155 iste
630 4100 987 4159 circumcisus
1024 4119 1109 4161 est
1136 4120 1316 4179 gustu.
1354 4110 1518 4178 Cujus
1570 4122 1748 4167 autem
1794 4118 1934 4169 Deus

360 4202 551 4243 venter
574 4192 742 4256 est",
773 4203 829 4247 et
880 4197 1243 4253 suavitatihus
1285 4202 1423 4268 gulae
1475 4204 1740 4266 deservit,
1773 4205 1933 4272 hujus

360 4280 801 4340 incircumcisum
868 4286 1097 4342 dixerim
1149 4302 1392 4360 gustum.
1435 4292 1491 4346 Si
1546 4296 1671 4363 quis
1727 4296 1929 4351 Christi

357 4374 577 4427 odorem
623 4376 819 4429 bonum
865 4381 1035 4447 capit,
1058 4390 1112 4435 et
1144 4382 1196 4434 in
1240 4384 1503 4450 operibus
1534 4388 1931 4445 misericordia:

2044 1916 2251 1967 acutior
2283 1916 2422 1969 omni
2452 1915 2631 1983 gladio
2664 1916 2906 1984 utrinque
2934 1925 3108 1978 acuto,
3133 1916 3427 1983 pertingens
3455 1931 3619 1984 usque

2046 2006 2113 2059 ad
2138 2006 2450 2059 divisionem
2491 2008 2681 2060 anima:
2715 2022 2775 2059 ac
2810 2008 3049 2072 spiritus,
3084 2023 3390 2075 compagum
3415 2023 3620 2077 quoque

2044 2106 2091 2148 et
2135 2097 2489 2149 medullarum
2521 2112 2539 2150 :
2568 2108 2612 2149 et
2648 2111 2723 2154 est
2752 2100 3007 2153 discretot'
3048 2099 3421 2169 cogitationum
3458 2109 3503 2151 et
3536 2100 3617 2151 inv

2044 2187 2338 2240 tentionum
2366 2189 2562 2242 cordis.
2598 2188 2705 2243 Iste
2736 2206 2865 2260 ergo
2895 2199 2975 2245 est
3011 2190 3221 2259 gladius
3254 2204 3359 2258 quo
3385 2191 3618 2243 circum-

2044 2280 2153 2333 cidi
2183 2280 2445 2351 jubemur
2482 2281 2627 2350 (l0),
2658 2286 2725 2337 de
2756 2300 2863 2352 quo
2892 2284 3021 2337 dicit
3060 2280 3218 2336 Jesus
3267 2283 3524 2335 Dominus
3551 2283 3616 2335 ":

2047 2370 2171 2425 Non
2198 2373 2309 2424 veni
2339 2388 2518 2440 pacem
2550 2374 2755 2427 mittere
2774 2376 2824 2426 in
2844 2382 3062 2439 terram,
3093 2374 3180 2425 sed
3207 2373 3469 2441 gladium.
3495 2371 3614 2426 Non

2046 2465 2141 2518 tibi
2172 2465 2389 2518 videtur
2440 2466 2654 2533 dignior
2703 2468 2816 2520 lucc
2870 2482 2989 2520 esse
3034 2466 3380 2519 circumcisio
3424 2466 3475 2517 in
3511 2480 3615 2533 qua

2046 2566 2430 2612 testamentum
2484 2559 2575 2612 llei
2622 2560 2817 2613 debeat
2846 2558 3139 2613 collocari?
3162 2556 3383 2618 Confer,
3421 2560 3465 2609 si
3501 2554 3617 2625 pla-

2043 2659 2151 2712 cet,
2201 2649 2316 2703 hinc
2367 2661 2548 2704 nostra
2598 2665 2723 2704 cum
2777 2652 2972 2705 vestris
3017 2650 3257 2706 Judaicis
3310 2649 3533 2713 fabulis,
3560 2659 3619 2705 et

2045 2742 2449 2795 narrationibus
2486 2742 2709 2805 l‘oeiidis,
2738 2752 2791 2795 et
2824 2743 2943 2796 vide
2972 2742 3018 2796 si
3053 2744 3103 2794 in
3152 2742 3257 2796 illis
3301 2742 3517 2807 vestris,
3543 2757 3613 2795 an

2044 2833 2098 2886 in
2130 2832 2216 2885 his
2268 2847 2389 2902 qua:
2437 2833 2490 2886 in
2542 2833 2746 2887 Christi
2799 2834 3038 2887 Eaclesia
3098 2834 3479 2903 praedicantur,
3513 2835 3621 2888 cir-

2044 2922 2305 2976 cumcisio
2345 2922 2605 2977 divinitus
2657 2923 3021 2977 observetur:
3058 2925 3102 2980 si
3136 2941 3241 2979 non
3292 2927 3455 2979 etiam
3502 2926 3618 2995 ipse

2049 3012 2243 3072 sentis,
2279 3022 2331 3064 et
2369 3011 2629 3080 intelligis
2675 3012 2815 3068 hanc
2846 3014 3099 3068 Ecclesiae
3134 3016 3613 3069 circumcisionem

2046 3102 2350 3165 honestam,
2402 3114 2673 3167 sanctam,
2723 3105 2831 3158 Deo
2888 3106 3138 3174 dignam;
3195 3106 3336 3159 illam
3379 3118 3612 3159 vestram

2040 3202 2271 3261 turpem,
2331 3194 2550 3260 lautam,
2606 3195 2929 3258 deformem,
2976 3197 3092 3265 ipso
3127 3196 3289 3251 etiam
3342 3195 3615 3249 habitnet

2036 3295 2257 3351 aspectu
2308 3284 2661 3353 xaxépqarov
2708 3283 3113 3354 praeferentem.
3156 3286 3227 3339 Et
3284 3288 3404 3354 erit,
3438 3287 3614 3354 inquit

2039 3374 2178 3429 Deus
2238 3378 2304 3428 ad
2360 3377 2711 3441 Abraham“,
2755 3379 3087 3431 circumcisio
3139 3386 3189 3432 st
3244 3387 3611 3432 testamentum

2035 3482 2206 3520 meum
2239 3484 2395 3536 super
2431 3485 2638 3522 carnem
2673 3479 2840 3523 tuam.
2875 3468 2932 3523 Si
2964 3484 3098 3538 ergo
3131 3470 3254 3523 talis
3296 3470 3456 3524 fuerit
3501 3472 3612 3525 vita

2036 3569 2245 3619 nostra,
2282 3560 2352 3611 ita
2387 3560 2638 3613 omnibus
2685 3559 2946 3613 membris
2994 3561 3261 3628 quadrata
3312 3570 3367 3614 et
3395 3575 3615 3630 compo-

2035 3649 2161 3712 sita,
2195 3659 2251 3701 ut
2290 3649 2525 3702 universi
2564 3657 2742 3703 motus
2792 3648 2965 3702 nostri
3013 3648 3313 3702 secundum
3341 3647 3432 3701 Dei
3466 3651 3611 3716 leges

2038 3750 2295 3808 agantur,
2332 3756 2458 3795 vere
2503 3749 2887 3795 testamentum
2922 3740 3015 3796 Dei
3054 3742 3160 3795 erit
3193 3756 3358 3809 super
3383 3755 3608 3795 carnem

2035 3843 2304 3886 nostram.
2354 3831 2479 3886 Haec
2532 3835 2750 3902 quidem
2799 3835 3096 3888 brat-itera
3141 3835 3298 3887 nobis
3328 3835 3393 3887 de
3441 3835 3608 3887 veteri

2036 3936 2363 3980 testamento
2393 3936 2707 3981 transcursa
2740 3928 2871 3995 sint,
2917 3926 2983 3980 ad
3007 3926 3373 3981 confutandos
3394 3941 3488 3979 eos
3516 3927 3609 3992 qui

2036 4017 2087 4067 in
2117 4014 2297 4067 carnis
2327 4015 2749 4095 circumcisione
2772 4016 3077 4081 conﬁdunt,
3117 4016 3276 4070 simul
3301 4025 3355 4070 et
3396 4018 3464 4070 ad
3504 4016 3610 4070 Ec-

2034 4111 2247 4163 clesiam
2268 4110 2480 4164 DOmini
2508 4108 2900 4165 :ediiicandam.

2109 4200 2160 4254 7.
2198 4202 2303 4255 Sed
2337 4203 2492 4255 venio
2518 4201 2677 4254 etiam
2703 4201 2770 4254 ad
2800 4212 2996 4253 novum
3025 4207 3401 4253 testamentum
3422 4197 3472 4250 in
3502 4212 3609 4265 quo

2034 4304 2119 4347 est
2150 4293 2427 4362 plenitudo
2457 4293 2722 4353 omnium,
2750 4301 2805 4343 et
2833 4291 2958 4345 inde
3006 4291 3128 4344 volo
3160 4293 3448 4345 ostendere
3473 4304 3610 4357 quo-

2034 4386 2195 4439 modo
2219 4395 2272 4439 et
2311 4399 2407 4437 nos
2436 4382 2706 4449 possimus
2736 4395 2936 4434 novum
2989 4390 3372 4437 testamentum
3400 4381 3607 4435 Domini

358 4464 578 4519 odorem
616 4469 907 4523 suavitatis
961 4474 1215 4541 requirit,
1262 4475 1419 4543 hujus
1464 4481 1791 4534 etrcumcisa
1844 4491 1928 4535 est
1962 4501 2005 4560 ο
2036 4479 2205 4537 nostri
2241 4477 2368 4531 .Icsu
2402 4473 2605 4529 Christi
2642 4472 2844 4531 habere
2871 4488 3036 4539 super
3074 4491 3295 4530 carnem
3339 4486 3607 4532 nostrain.

358 4551 631 4607 odoratio.
658 4555 758 4620 Qui
802 4571 929 4612 vero
972 4562 1164 4628 primis
1205 4566 1497 4632 unguentis
1540 4568 1810 4625 delibutus
1854 4571 1931 4625 in-

358 4645 522 4711 cedit,
557 4646 657 4700 iste
698 4650 1118 4709 incircumcisus
1149 4656 1373 4709 odoratu
1402 4658 1662 4713 dicendus
1687 4673 1788 4717 est.
1821 4664 1931 4718 Sed

358 4746 414 4789 et
451 4739 659 4805 singula
710 4756 943 4809 quaeque
998 4749 1363 4803 membrorum
1393 4751 1437 4803 si
1473 4753 1525 4804 in
1560 4752 1751 4809 oliiciis
1778 4771 1930 4809 man-

360 4829 610 4884 datorum
654 4834 745 4887 Dei
781 4836 1114 4903 deserviant,
1144 4841 1474 4895 circumcisa
1508 4844 1736 4900 dicenda
1779 4858 1928 4903 sunt.

360 4919 415 4973 Si
462 4934 587 4977 vero
630 4926 767 4979 ultra
807 4931 1155 5001 praascriptas
1204 4933 1306 4989 sibi
1341 4937 1602 4993 divinitus
1650 4940 1931 4995 luxuriant

430 5018 451 5049 ⁹
479 5016 667 5120 Μθιιιὲ,
700 5035 755 5088 v,
789 5024 841 5077 8.
917 5025 963 5056 ⁸ο
998 5025 1137 5081 Psal.
1174 5044 1291 5092 xm,
1320 5030 1374 5082 5.
1453 5032 1491 5062 ¹¹
1521 5031 1661 5087 Psal.
1700 5051 1736 5091 ι.
1766 5038 1813 5089 l.

430 5102 451 5120 τι
479 5098 511 5120 ι
611 5090 624 5117 1
684 5091 824 5120 ιι..ι...
871 5109 922 5120 η.
977 5095 1044 5120 1.1
1138 5096 1182 5120 1"
1214 5098 1372 5120 ll...l_
1432 5117 1455 5120 _,
1516 5103 1576 5120 ενι
1681 5104 1721 5120 ιο
1751 5104 1786 5120 n

355 5102 451 5141 sue
479 5098 531 5141 ν.
611 5091 651 5120 ¹⁶
681 5091 844 5150 llebr.
871 5109 941 5157 iV,
976 5095 1065 5151 12.
1138 5096 1182 5127 ¹⁷
1210 5091 1403 5153 Matth.
1432 5117 1491 5164 χ,
1516 5103 1603 5157 54.

358 5180 429 5264 lia
466 5181 620 5232 docet
657 5182 900 5264 plu-ribus
927 5186 976 5238 in
1012 5187 1151 5264 locis
1175 5190 1542 5264 Ati‘gitstinus.‘
1562 5195 1656 5248 sed
1694 5211 1924 5264 praeser-

359 5251 452 5301 tim
480 5264 647 5327 serm.
688 5251 746 5327 ξι
790 5254 856 5307 de
887 5261 1192 5327 concordia
1224 5251 1411 5315 M'atth.
1443 5271 1495 5314 et
1524 5262 1656 5317 an.
1694 5251 1829 5319 iom.
1861 5265 1920 5327 V,

358 5334 477 5391 pag.
678 5320 931 5391 Nunquid
962 5329 1061 5379 hoc
1108 5344 1210 5400 non
1261 5341 1333 5381 est
1384 5347 1674 5395 peccatum,
1702 5319 1925 5400 amplius

354 5404 511 5453 quam
546 5391 825 5469 liberprnm
850 5399 1291 5470 procreandorum
1321 5391 1599 5453 necessitas
1621 5391 1892 5470 cogit,'e.ri
1908 5434 1913 5439 ο

356 5473 473 5537 gere
503 5477 535 5537 ᾳ
569 5460 791 5537 cqyjuge
847 5464 1121 5521 debitum?
1156 5470 1249 5519 Ιέδε
1274 5470 1493 5536 quidem
1515 5460 1806 5537 peccatvunt,
1835 5474 1925 5526 sed

357 5527 574 5609 ivqrriitle'.
612 5526 741 5609 Vide
771 5540 1030 5609 eludimur
1068 5526 1318 5609 sermone
1364 5540 1490 5600 ‘278,
1515 5526 1669 5594 'tom.
1706 5543 1767 5604 V,
1794 5526 1921 5609 pag.

359 5594 614 5674 11⁸2(5,Αξι)Δ
645 5595 957 5674 Egit/14141.0
997 5604 1059 5655 de
1091 5606 1215 5667 ﬁde,
1246 5624 1334 5674 spe
1375 5619 1421 5661 et
1460 5594 1811 5673 c/taritate,'t:

360 5679 478 5749 ρας.
512 5665 636 5745 926,
679 5666 815 5749 libro
864 5670 939 5722 De
984 5674 1115 5724 bono
1145 5665 1462 5749 conjugnli,
1489 5695 1641 5747 capp.
1675 5665 1788 5735 Gvct
1822 5665 1915 5743 1οξ

360 5736 678 5806 Gregorium
732 5737 981 5809 Magnum
1047 5743 1229 5799 multis
1266 5736 1526 5813 in'locis,
1556 5736 1649 5804 sed
1684 5736 1919 5805 maxime

1896 5036 1977 5090 ¹³Ι
2012 5034 2137 5089 Cor.
2168 5050 2223 5095 χ,
2251 5031 2340 5084 31.

1681 5104 1722 5134 ⁸⁸
1748 5104 1947 5166 Genes.
1969 5104 2208 5167 “11,15.

2035 4569 2153 4623 Non
2202 4570 2344 4622 enim
2379 4564 2585 4620 sufﬁcit
2617 4563 2733 4617 solo
2768 4564 2989 4619 nomine
3036 4579 3089 4622 et
3134 4568 3301 4623 verbo
3330 4567 3444 4621 haec
3480 4568 3606 4632 dici,

2035 4663 2127 4717 sed
2170 4663 2331 4714 rebus
2385 4665 2601 4725 oportet
2640 4658 2877 4725 impleri.
2932 4658 3171 4715 Joannes
3223 4661 3422 4731 quippe
3487 4674 3617 4728 apo-

2033 4754 2207 4810 Stolus
2230 4752 2359 4805 dicit
2380 4750 2421 4780 ¹⁹
2448 4765 2463 4803 :
2491 4748 2676 4803 Omnis
2702 4749 2917 4816 spiritus
2958 4750 3047 4818 qui
3096 4752 3379 4819 conﬁtetur
3422 4752 3604 4806 Jesum

2034 4849 2089 4899 in
2121 4860 2276 4898 carne
2315 4843 2535 4909 venisse,
2563 4860 2595 4895 α
2623 4843 2739 4897 Οεοη
2771 4856 2869 4897 est.
2905 4844 3044 4909 Quid
3100 4844 3265 4912 ergo?
3287 4843 3343 4897 Si
3372 4859 3604 4913 peccans

2035 4938 2178 5007 quis,
2218 4947 2391 4990 etnon
2425 4944 2572 4989 recte
2595 4950 2759 5004 agens
2785 4935 3115 4988 conﬁteatur
3144 4932 3327 4988 Jesum
3360 4936 3411 4988 in
3443 4950 3613 4988 carne

2422 5030 2463 5061 ¹³
2498 5029 2636 5087 Phil.
2666 5045 2743 5091 In,
2776 5030 2865 5085 19.
2939 5029 2982 5060 ¹⁸
3003 5027 3160 5085 Rom.
3183 5028 3370 5095 171,19.
3449 5030 3491 5063 ιδ
3515 5027 3607 5083 Jo-

2285 5102 2326 5133 ¹⁹
2353 5098 2373 5151 Ι
2402 5099 2557 5155 Joan.
2590 5115 2671 5163 iv,
2699 5098 2753 5152 2.

2030 5195 2190 5250 tertia
2226 5201 2380 5259 parte
2434 5190 2729 5245 Pastoralis
2776 5207 2937 5253 cura.
2971 5191 3343 5247 admonitione
3366 5190 3434 5245 28
3470 5187 3600 5244 τευ-

2029 5282 2151 5318 nam
2190 5263 2635 5316 Aureliaueusem
2684 5263 2993 5330 episcopum
3035 5262 3129 5315 lib.
3172 5278 3206 5314 ll
3262 5262 3334 5313 De
3389 5262 3601 5311 institu-

2029 5337 2171 5386 tione
2222 5332 2423 5393 laicali,
2486 5346 2605 5398 cap.
2648 5331 2701 5393 6,
2741 5341 2795 5384 et
2841 5341 3085 5384 Sanctum
3127 5332 3382 5383 Thomam
3438 5330 3490 5382 iu
3544 5344 3599 5383 tv

2031 5404 2450 5463 Sententiarum,
2488 5399 2617 5452 dist.
2660 5416 2812 5464 um,
2855 5409 3048 5466 quaest.
3084 5400 3140 5461 2,
3173 5410 3275 5451 art.
3310 5400 3362 5451 2.

2100 5473 2175 5542 (9)
2217 5470 2377 5523 Iidem
2409 5469 2563 5542 codd.
2600 5484 2752 5532 mss.,
2810 5465 3219 5542 circumcidatur
3246 5479 3291 5520 et
3318 5465 3504 5542 oculus
3536 5481 3603 5521 ne

2027 5536 2360 5607 concupiscat
2394 5539 2648 5601 alienum,
2687 5555 2749 5592 ne
2792 5540 2956 5591 videat
3008 5538 3081 5588 ad.
3128 5536 3599 5607 concupiscendum

2029 5605 2320 5664 mulierem.
2361 5608 2459 5661 Cui
2486 5611 2623 5658 enim
2646 5624 2768 5675 erga
2802 5608 3121 5675 feminarum
3148 5607 3346 5675 fortnas
3370 5605 3602 5658 lascivus

2028 5690 2075 5733 et
2105 5683 2345 5731 curiosus
2375 5679 2579 5731 oberrat
2614 5689 2871 5741 aspectus.

2099 5750 2210 5819 (l0)
2240 5748 2389 5812 Mss,
2412 5744 2683 5813 jnbemur;
2708 5746 2835 5801 libb.
2864 5742 3014 5808 editi,
3044 5744 3309 5800 debemus.
