4132 6416
518 338 621 395 185

1991 333 2310 391 ORICENIS

3676 325 3771 380 1H

514 453 755 518 venisse,
791 453 842 506 in
880 453 1079 523 spiritu
1121 455 1211 508 Dei
1252 456 1529 510 videbitur
1560 455 1808 509 conliteri
1830 454 1851 506 ?
1876 455 1992 507 Non
2013 462 2094 507 est
2123 456 2168 510 Α
2196 467 2293 520 pro
2324 450 2531 505 meritis
2571 462 2656 501 res
2688 454 2965 516 geruntur.
2988 443 3197 498 Etenim
3231 440 3331 495 Lot
3364 439 3588 495 interior
3613 439 3774 509 longe

516 545 621 598 hoc
666 554 1050 598 testamentum
1082 545 1175 600 Dei
1203 547 1407 601 habere
1433 548 1486 600 in
1517 562 1704 610 carne,
1725 546 1817 600 sed
1856 546 1909 598 in
1940 560 2090 598 voce.

517 637 728 689 Dicitur
776 650 906 703 ergo
936 637 1001 688 ad
1038 651 1161 690 eum
1195 640 1405 691 statim:
1444 638 1844 706 Erras,homo,
1876 653 2089 704 regnum

520 725 613 777 Dei
645 742 749 777 non
793 727 846 778 in
886 742 1121 780 sermone
1150 739 1246 791 est,
1281 730 1372 781 sed
1416 730 1467 781 in
1506 730 1697 782 virtute
1720 730 1784 782 ²⁰.
1815 728 2093 793 Quomodo

516 830 646 884 ergo
668 816 774 867 erit
801 825 1188 869 testamentum
1215 818 1419 871 Christi
1458 832 1621 884 super
1646 830 1864 869 carnem
1897 830 2090 878 meam,

520 908 756 974 requiro.
786 907 841 959 Si
880 908 1287 962 mortificavero
1317 910 1554 961 membra
1584 924 1699 962 mea
1719 908 1782 969 ¹¹,
1822 924 1939 976 qum
1961 916 2094 970 sunt

516 1011 677 1063 super
728 1008 952 1061 terram,
1014 1008 1402 1053 testamentum
1451 1000 1656 1054 Christi
1708 1000 1880 1053 habeo
1930 1015 2093 1066 super

515 1102 739 1142 carnem
770 1104 969 1143 meam.
1006 1088 1061 1142 Si
1095 1104 1313 1158 semper
1361 1101 1590 1145 mortem
1649 1091 1848 1145 Christi
1900 1092 1951 1142 in
1982 1105 2095 1142 eor-

516 1192 649 1246 pore
677 1194 797 1231 meo
826 1178 1300 1242 circumferam”,
1342 1188 1725 1233 testamentum
1757 1180 1955 1233 Christi
2011 1189 2094 1233 est

519 1272 571 1321 iu
604 1283 838 1334 corpore
889 1285 1031 1331 meo,
1074 1271 1198 1339 quia
1251 1272 1294 1324 si
1324 1272 1691 1337 compatimnr,
1724 1282 1767 1323 et
1802 1288 2088 1340 conregna-

518 1360 687 1412 bimus
706 1360 773 1412 ’³.
802 1360 858 1412 Si
889 1360 1292 1428 complantatus
1330 1361 1482 1414 fuero
1528 1361 1872 1413 similitudini
1901 1361 2091 1414 mortis

519 1452 653 1516 ejus,
700 1462 1085 1504 testamentum
1126 1452 1247 1519 ejus
1273 1452 1498 1505 ostendo
1531 1466 1650 1503 esse
1683 1468 1845 1518 super
1874 1468 2090 1505 carnem

516 1557 719 1595 meam.
755 1542 892 1607 Quid
935 1542 1078 1595 enim
1106 1543 1328 1611 prodest
1368 1544 1412 1596 si
1453 1544 1501 1595 in
1529 1542 1616 1595 illa
1662 1552 1867 1595 tantum
1904 1558 2087 1606 carne,

518 1648 678 1702 quam
718 1633 785 1686 de
821 1631 988 1685 Maria
1030 1632 1293 1700 suscepit,
1324 1634 1501 1686 dicam
1537 1634 1747 1687 venisse
1793 1633 2086 1697 Christum,

516 1736 569 1778 et
598 1742 702 1777 non
733 1725 1017 1778 ostendam
1041 1725 1203 1777 etiam
1243 1728 1291 1777 in
1324 1725 1427 1779 hac
1465 1740 1581 1780 mea
1610 1740 1794 1789 carne,
1829 1728 1969 1793 quod
1997 1742 2089 1779 ve—

2194 550 2313 594 erat
2344 540 2638 591 Abraham.
2678 536 2784 589 Nisi
2814 536 2957 589 enim
2982 534 3175 587 fuisset
3213 530 3460 592 inferior.
3489 545 3595 582 non
3625 541 3770 583 essu

2194 640 2476 699 separatus
2509 628 2575 681 ab
2604 628 2879 680 Abraham
2902 665 2917 689 ,
2955 640 3053 678 nec
3084 624 3307 676 dixisset
3337 623 3383 675 ei
3416 622 3494 675 ":
3531 620 3588 673 Si
3620 633 3672 673 tu
3699 623 3769 673 ad

2193 723 2452 783 dextram,
2480 738 2570 789 ego
2605 720 2672 771 att
2727 720 2999 771 sinistram
3031 718 3115 780 ;si
3159 726 3212 766 tu
3258 714 3324 766 ad
3350 715 3642 775 sinistram,
3678 730 3772 781 ego

2194 815 2262 863 ad
2293 812 2560 863 dextram.
2608 811 2671 861 lit
2707 810 2804 862 nisi
2855 810 3049 861 ﬁnisset
3102 804 3347 867 inferior,
3383 820 3487 857 non
3521 807 3568 857 ei
3601 804 3772 857 Sodo-

2196 921 2406 958 morum
2442 916 2581 958 terra
2620 913 2673 955 et
2703 900 2964 953 habitatio
3018 898 3330 966 placuisset.
3373 895 3607 950 Veniunt
3641 911 3773 963 ergo

2195 996 2258 1047 ad
2287 997 2558 1049 Abraham
2596 1008 2705 1049 tres
2737 994 2834 1045 viri
2890 990 3133 1050 meridie,
3167 990 3231 1042 ad
3263 989 3362 1042 Lot
3391 990 3499 1042 duo
3539 1004 3770 1057 vespere

2195 1089 2431 1140 veniunt.
2491 1085 2604 1138 Non
2664 1086 2808 1137 enim
2848 1083 3099 1149 capiebat
3146 1080 3245 1134 Lot
3285 1080 3602 1134 meridiana:
3637 1080 3769 1133 lucis

2195 1177 2643 1247 magnitudinem.
2702 1175 2977 1227 Abraham
3010 1188 3145 1226 vero
3192 1186 3361 1241 capax
3409 1170 3511 1224 fuit
3549 1172 3766 1240 plenum

2196 1274 2454 1341 fulgorem
2494 1272 2630 1325 lucis
2677 1271 2953 1337 excipere.
2994 1266 3287 1319 Videamus
3316 1278 3459 1317 nunc
3498 1265 3769 1332 quomodo

2193 1365 2468 1417 Abraham
2500 1361 2801 1428 susceperit
2845 1359 3145 1421 venientes,
3179 1365 3235 1408 et
3263 1356 3538 1425 quomodo
3568 1354 3688 1418 Lot,
3716 1368 3772 1409 et

2191 1456 2280 1523 qui
2314 1462 2607 1523 apparatus
2654 1450 3037 1518 hospitalitatis
3090 1449 3373 1514 utriusque
3430 1447 3501 1499 sit
3546 1462 3769 1514 compa-

2193 1562 2394 1601 remus.
2438 1544 2620 1597 Primo
2652 1552 2829 1597 tamen
2893 1544 3123 1595 observa
3181 1539 3323 1607 quod
3364 1539 3596 1591 Abrahze
3644 1555 3765 1591 eum

2189 1641 2397 1693 duolms
2426 1639 2631 1706 angelis
2674 1638 2835 1691 etiam
2869 1635 3127 1687 Dominus
3176 1632 3367 1695 adfuit,
3397 1634 3463 1685 ad
3507 1632 3603 1687 Lot
3645 1647 3771 1684 vero

2190 1734 2295 1786 duo
2341 1732 2715 1784 tantummodo
2748 1729 2924 1797 angeli
2966 1736 3217 1796 pergunt.
3258 1727 3320 1779 Et
3374 1726 3501 1794 quid
3532 1725 3772 1777 dicunt?

513 1816 687 1870 "0"“?
731 1814 972 1869 051""th
1016 1826 1194 1869 amem
1248 1820 1319 1869 Ῐῑίι
1370 1816 1607 1881 delum".
1641 1819 1683 1869 Si
1726 1818 2082 1885 (Ιιιῡιιιτιάιιιο-
2119 1806 2159 1860 Β
2194 1824 2335 1877 Misit
2382 1839 2475 1875 nos
2528 1821 2779 1873 Dominus
2814 1827 3080 1871 conterere
3126 1819 3408 1879 civitatem,
3452 1827 3497 1870 et
3558 1820 3775 1884 perdere

511 1908 637 1959 dum
669 1905 818 1974 prius
856 1906 1075 1959 exhibui
1121 1906 1361 1959 membra
1398 1922 1514 1959 mea
1548 1908 1757 1960 servire
1810 1908 2084 1975 iniquitati

509 1999 578 2051 ad
629 1998 996 2065 iniquitatem,
1044 2012 1187 2052 nunc
1236 2013 1297 2051 ea
1342 2010 1657 2053 cenvertam
1709 2010 1759 2052 et
1805 2001 2086 2054 exhibeam

509 2088 722 2143 servire
748 2091 979 2157 iustitia:
1022 2090 1087 2144 ad
1126 2091 1635 2146 sanetiﬁcatiouem.
1671 2091 2086 2148 Testamentum

516 2181 608 2233 Dei
654 2182 881 2235 ostendo
925 2197 1047 2235 esse
1094 2182 1145 2235 in
1181 2197 1345 2236 carne
1376 2200 1516 2245 mea,
1559 2186 1602 2235 si
1634 2195 1863 2251 potuero
1909 2187 2089 2239 dicere

513 2286 677 2324 secun
703 2272 807 2323 lum
822 2271 1042 2325 Paulum
1060 2272 1124 2337 ’⁸,
1156 2273 1281 2342 quia
1311 2272 1519 2327 Christo
1544 2277 1925 2342 concruciﬁrus
1951 2294 2088 2340 sum,

512 2366 628 2414 rivo
661 2374 832 2416 autent
858 2364 974 2431 jam
1007 2382 1107 2417 non
1150 2382 1260 2431 ego,
1311 2368 1431 2419 vivit
1478 2383 1594 2419 vero
1623 2367 1863 2421 Christus
1896 2370 2087 2432 inme;

515 2464 565 2505 et
598 2453 640 2505 si
676 2467 902 2520 potuero
941 2455 1122 2510 dicere
1166 2466 1222 2509 ut
1268 2458 1381 2527 ipse
1420 2458 1698 2511 dicebat"
1726 2477 1738 2511 :
1771 2457 1879 2527 Ego
1914 2469 2088 2513 autem

514 2545 763 2613 stigmata
796 2545 1012 2599 Domini
1058 2548 1314 2601 nteiJesu
1362 2550 1557 2602 Christi
1610 2550 1663 2603 in
1709 2567 1923 2619 corpore
1977 2569 2088 2605 meo

511 2646 689 2705 porto.
735 2635 871 2691 Vere
929 2648 1107 2692 autem
1164 2640 1252 2695 ille
1316 2643 1639 2696 ostendebat
1705 2654 2087 2699 testamentum

512 2726 605 2780 Dei
637 2743 757 2782 esse
790 2742 954 2797 super
986 2744 1205 2783 carnem
1260 2747 1437 2793 suam,
1472 2732 1561 2801 qui
1612 2733 1889 2786 dicebat“
1918 2750 1931 2789 :
1961 2733 2091 2799 Quis

512 2833 606 2869 nos
650 2818 907 2885 separabit
956 2836 987 2870 α
1031 2820 1289 2873 charitale
1345 2819 1461 2886 Dei,
1510 2836 1628 2888 qua:
1680 2830 1753 2873 est
1786 2822 1837 2872 in
1886 2820 2093 2874 Christo

512 2907 641 2961 Jesu
666 2910 689 2961 ἵ
718 2909 1047 2966 Tribulntio?
1094 2928 1161 2964 an
1210 2912 1501 2979 angustia?
1548 2928 1615 2963 an
1666 2912 1997 2977 periculum?
2023 2928 2091 2964 an

513 2999 763 3068 gladius?
811 3000 865 3053 Si
904 3002 1050 3054 enim
1112 3016 1245 3057 voce
1300 3004 1677 3054 tantummodo
1736 3004 2093 3055 contiteamur

516 3091 803 3143 Dominum
840 3091 1048 3156 Jesum,
1084 3102 1136 3146 et
1172 3108 1277 3147 non
1310 3094 1667 3146 ostendamus
1700 3102 2085 3146 testamentum

509 3181 630 3249 ejus
676 3196 795 3235 esse
850 3198 1018 3251 super
1059 3199 1283 3238 carucm
1328 3193 1599 3249 nostram,
1630 3186 1928 3238 secundum
1971 3184 2085 3238 haec

510 3288 631 3339 qua:
655 3288 816 3343 supra
848 3277 1222 3344 exposuimus,
1258 3276 1561 3330 videbimur
1594 3277 1758 3330 etiam
1790 3292 1890 3329 nos
1912 3276 2087 3330 simile

512 3367 715 3433 aliquid
747 3368 925 3421 facere
954 3367 1177 3433 Judaeis,
1208 3370 1301 3437 qui
1330 3368 1447 3423 solo
1470 3369 1901 3423 circumcisiOnis
1930 3370 2085 3438 signo

512 3456 678 3509 Deum
713 3472 773 3511 se
792 3458 1041 3513 contiteri
1074 3469 1289 3525 putant,
1326 3460 1486 3514 factis
1512 3469 1692 3512 autem
1726 3470 1939 3528 negant.
1980 3458 2089 3511 No-

514 3546 595 3599 bis
624 3557 806 3601 autem
833 3556 1051 3616 praestet
1085 3547 1345 3603 Dominus
1373 3550 1536 3603 corde
1564 3551 1808 3614 credere,
1836 3565 1928 3602 ore
1956 3564 2088 3603 con-

514 3639 675 3699 titeri,
707 3639 964 3707 operibus
993 3638 1350 3708 comprobare
1402 3650 1785 3695 testamentum
1835 3642 1923 3693 Dei
1972 3656 2092 3695 esse

513 3744 679 3797 super
710 3746 933 3785 carnem
988 3742 1249 3797 nostram,
1282 3742 1336 3785 ut
1368 3734 1596 3786 videntes
1651 3733 1884 3785 homines
1933 3749 2092 3799 opera

515 3826 697 3874 nostra
750 3818 907 3885 bona,
958 3820 1295 3889 magni/irent
1343 3819 1560 3873 Patrem
1607 3830 1855 3873 nostrum
1908 3822 1993 3889 qui
2026 3823 2080 3874 in

511 3908 654 3960 uelis
681 3910 846 3973 est",
870 3923 964 3975 per
988 3908 1171 3963 Jesum
1197 3910 1475 3964 Christum
1506 3910 1793 3962 Dominum
1821 3921 2088 3976 nostrum,

513 3999 599 4051 tui
633 4010 716 4053 est
747 4000 917 4067 gloria
956 4000 1008 4053 in
1043 4003 1237 4055 saecula
1272 4001 1619 4056 saeculorum.
1647 4002 1838 4055 Amen.

1023 4118 1123 4186 71
1177 4116 1449 4171 llOMlLlA
1498 4117 1584 4171 IV.

513 4208 589 4261 De
616 4224 673 4261 eo
708 4210 847 4278 quod
875 4210 1123 4274 scriptum
1156 4218 1229 4261 est
1268 4210 1378 4279 (ll)
1408 4228 1419 4262 :
1468 4228 1486 4262 ι
1540 4210 1694 4264 Visus
1730 4222 1804 4265 est
1839 4211 2090 4265 Dominus

1104 4281 1348 4346 Abraha‘,
1376 4300 1394 4331 ι
1428 4290 1525 4333 etc.

588 4374 632 4425 ι.
664 4372 907 4428 Recitata
946 4385 1030 4429 est
1062 4375 1217 4429 nobis
1245 4375 1349 4427 alia
1386 4377 1523 4429 visio
1553 4376 1643 4429 Dei
1677 4377 1742 4429 ad
1786 4377 2086 4439 Abraham,

2190 1914 2388 1969 eam“.
2428 1912 2516 1965 Ille
2543 1928 2673 1980 ergo
2712 1912 2948 1978 SttSCt'pil
2979 1924 3094 1973 eos,
3126 1910 3214 1975 qui
3254 1911 3521 1977 perditum
3554 1909 3768 1967 darent,

2192 2023 2296 2061 non
2326 2005 2566 2071 suscepit
2615 2019 2736 2055 eum
2772 2003 2862 2069 qni
2912 2002 3167 2054 salvaret.
3198 2002 3471 2054 Abraham
3497 2013 3623 2051 vero
3653 2012 3772 2051 sus-

2192 2098 2336 2165 cepit
2366 2104 2419 2149 ct
2448 2111 2573 2150 eum
2603 2096 2693 2163 qui
2728 2094 2917 2156 salvat,
2952 2104 3005 2146 et
3053 2110 3151 2147 eos
3202 2094 3288 2160 qui
3329 2092 3582 2159 perdunt.
3618 2088 3769 2141 Num:

2192 2188 2474 2240 videamus
2524 2185 2796 2254 quomodo
2836 2186 3209 2252 unusquisque
3255 2183 3535 2249 suscipiat.
3603 2178 3766 2237 Vidit.

2194 2280 2366 2347 inquit
2391 2278 2456 2342 ",
2480 2280 2766 2340 Abraham,
2790 2288 2835 2330 et
2864 2278 3094 2329 occurrit
3121 2278 3194 2329 eis
3224 2274 3445 2326 obvium.
3471 2270 3771 2325 Considera

2192 2374 2442 2440 protinus
2478 2371 2765 2440 impigrum
2803 2378 2855 2422 et
2899 2370 3134 2420 alacrem
3169 2367 3220 2418 in
3252 2364 3441 2416 oiiiciis
3472 2362 3768 2415 Abraham.

2191 2461 2306 2529 Ipse
2334 2462 2579 2514 occurrit
2609 2459 2923 2521 obviam,et
2966 2473 3087 2511 cum
3122 2454 3449 2508 occurrisset
3475 2472 3484 2504 :
3510 2450 3777 2512 Festinat.

2195 2551 2367 2619 inquit
2392 2550 2462 2611 ³¹,
2484 2549 2551 2601 ad
2568 2546 2991 2608 tabernaculum,
3029 2554 3075 2596 et
3102 2544 3224 2595 dicit
3252 2542 3319 2594 ad
3345 2555 3555 2592 uxorem
3577 2554 3725 2589 suam
3751 2552 3768 2587 :

2193 2642 2410 2696 Festina
2459 2642 2527 2693 ad
2576 2639 2995 2693 tabernaculum.
3025 2635 3157 2689 Vide
3212 2636 3262 2687 in
3301 2633 3526 2702 singulis
3567 2639 3769 2698 quanta

2192 2733 2639 2803 sitsuscipientis
2698 2731 2976 2783 alacritas.
3016 2728 3333 2781 Festinatur
3392 2725 3442 2776 in
3498 2719 3767 2779 omnibus,

2191 2828 2373 2880 omnia
2423 2834 2813 2894 perurgeutur,
2851 2820 2985 2874 nihil
3026 2834 3124 2889 per
3150 2819 3323 2871 otium
3355 2814 3581 2883 geritur.
3628 2810 3775 2863 Dixit

2192 2932 2319 2985 ergo
2350 2916 2416 2969 ad
2447 2930 2674 2969 uxorem
2708 2928 2860 2968 suam
2910 2909 3161 2965 Suram”
3195 2926 3208 2960 :
3240 2906 3459 2960 Festina
3501 2905 3567 2956 ad
3599 2907 3771 2955 taber-

2194 3006 2465 3069 naculum,
2498 3016 2545 3059 et
2584 3020 2867 3073 consperge
2908 3016 3012 3055 tres
3054 3016 3327 3054 mensuras
3352 2997 3689 3067 similaginis,
3722 3007 3769 3047 et

2192 3099 2279 3168 [ac
2334 3097 2730 3152 subcinericias.
2790 3094 2901 3148 Iloc
2958 3093 3148 3147 Crrnce
3200 3090 3503 3161 ἐγκρυφίας
3548 3089 3771 3146 dicitur,

2189 3187 2329 3256 quod
2357 3187 2621 3249 occultos,
2657 3184 2739 3238 vel
2773 3184 3128 3239 absconditos
3170 3184 3377 3235 imlicat
3420 3193 3613 3249 panes.
3647 3176 3771 3245 Ipse

2188 3289 2360 3332 autem
2390 3280 2647 3342 cucurrit,
2676 3275 2849 3344 inquit
2868 3275 2935 3337 “,
2963 3275 3029 3326 ad
3048 3277 3196 3326 boves
3220 3283 3267 3325 et
3301 3271 3503 3337 accepit
3528 3270 3769 3322 vitulum.

2190 3371 2295 3425 Sed
2328 3369 2546 3438 qualem
2600 3370 2828 3422 vitulum
2856 3369 2879 3421 ?
2910 3366 3073 3420 Forte
3109 3365 3200 3433 qui
3238 3364 3414 3431 potttit
3449 3361 3654 3428 primus
3683 3373 3772 3411 oc-

2190 3463 2451 3518 currere?
2474 3461 2587 3515 Non
2627 3464 2722 3523 ita,
2759 3462 2853 3514 sed
2879 3459 3105 3513 vitulum
3136 3463 3325 3510 bonum
3356 3467 3401 3509 et
3428 3468 3680 3508 tenerum.
3710 3452 3773 3505 Et

2194 3556 2320 3609 licet
2347 3569 2442 3623 per
2472 3563 2665 3609 cuneta
2700 3550 3052 3614 festinet,scit
3082 3557 3397 3613 tantenqua:
3428 3546 3695 3614 praecipua
3721 3552 3773 3594 et

2194 3663 2384 3717 magna
2413 3656 2542 3700 sunt
2590 3644 2815 3699 Domino
2838 3642 2919 3697 vel
2960 3640 3170 3710 angelis
3212 3638 3511 3691 otIerenda.
3549 3637 3774 3702 Accepit

2192 3754 2323 3807 ergo
2373 3737 2455 3790 vel
2508 3736 2671 3804 elegit
2702 3735 2765 3789 de
2795 3748 2959 3803 grege
2999 3731 3228 3784 vitulum
3276 3731 3477 3783 bonum
3509 3736 3563 3781 et
3618 3735 3773 3777 teneo

2197 3848 2338 3897 rum,
2371 3841 2423 3884 et
2474 3830 2697 3883 tradidit
2742 3841 2931 3896 puero.
2986 3826 3145 3888 Puer,
3204 3822 3453 3891 inquit",
3502 3818 3772 3887 festinavit

2196 3926 2368 3994 facere
2388 3938 2524 3976 cum.
2556 3920 2677 3990 Ipse
2704 3920 2897 3982 currit,
2928 3932 3065 3969 uxor
3113 3916 3357 3980 festinat,
3396 3928 3529 3982 puer
3561 3910 3775 3964 accele-

2196 4024 2301 4071 rat.
2342 4014 2530 4069 Nullus
2582 4014 2733 4080 piger
2782 4022 2868 4065 cst
2901 4011 2953 4063 in
3008 4012 3169 4062 domo
3212 4008 3495 4076 sapientis.
3533 4004 3772 4072 Apponit

2195 4124 2326 4178 ergo
2376 4105 2628 4162 vitulum.
2662 4115 2716 4157 et
2768 4102 2926 4155 simul
2962 4116 3082 4153 cum
3113 4118 3178 4152 eo
3206 4114 3390 4163 panes,
3418 4107 3471 4148 et
3506 4095 3769 4154 similam,

2196 4200 2289 4252 sed
2320 4207 2373 4249 et
2417 4194 2499 4248 lac
2552 4205 2604 4246 et
2636 4194 2913 4260 butyrum.
2952 4190 3077 4243 llrec
3117 4199 3240 4242 sunt
3290 4187 3519 4239 Abrahze
3545 4196 3599 4237 et
3624 4185 3775 4237 Sane

2197 4286 2582 4355 hospitalitatis
2605 4285 2801 4338 ollicia.
2821 4282 2977 4335 Nunc
3006 4282 3286 4345 videamus
3312 4280 3438 4347 quid
3464 4280 3628 4331 etiam
3652 4275 3772 4329 Lnt.

2200 4380 2295 4433 llic
2332 4395 2505 4447 neque
2550 4378 2784 4431 similam
2820 4376 3002 4439 habet,
3050 4389 3223 4441 neque
3253 4388 3442 4442 panem
3493 4374 3773 4432 mundum,

512 4466 615 4519 ιιοῢ
647 4467 803 4518 ιηοάο
839 4484 852 4519 ε
892 4467 1044 4519 Visus
1086 4477 1183 4525 est.
1217 4468 1479 4535 inquit",
1526 4466 1666 4520 Deus
1710 4469 1774 4518 ab
1822 4468 2083 4519 Abraham
2118 4470 2163 4528 D
2191 4470 2284 4525 sed
2315 4470 2563 4521 farinam.
2597 4466 2779 4534 Neque
2812 4476 2921 4517 tres
2954 4480 3236 4519 mensuras
3260 4464 3451 4517 similae
3486 4465 3651 4523 novit,
3682 4480 3774 4514 ue-

512 4572 628 4607 cum
678 4557 872 4608 sederet
918 4559 985 4609 att
1038 4560 1229 4611 ostium
1297 4558 1622 4610 tabernaculi
1680 4560 1759 4609 sui
1828 4560 1895 4609 att
1932 4576 2085 4628 quer-

513 4664 632 4699 cum
688 4647 945 4701 Mambre.
991 4648 1055 4701 Et
1100 4666 1213 4703 ecce
1286 4652 1382 4703 viri
1427 4663 1529 4701 tres
1612 4651 1887 4702 astiterunt
1936 4667 2093 4714 super

510 4753 668 4795 cuin.
736 4747 785 4790 et
847 4739 1123 4805 respiciens
1180 4740 1344 4791 oculis
1398 4739 1507 4792 suis
1581 4738 1844 4791 Abraham
1917 4742 2089 4805 cidit,

513 4840 561 4883 et
612 4833 740 4884 exiit
783 4833 837 4885 in
890 4848 1164 4885 occursum
1212 4833 1311 4896 eis,
1383 4841 1489 4885 etc.
1562 4832 1922 4887 Conferamus
1982 4834 2095 4901 pri-

516 4938 647 4986 mo.
693 4924 736 4977 si
793 4924 1046 4990 videtur,
1108 4925 1247 4979 hanc
1306 4926 1569 4979 visionem
1633 4941 1754 4977 eum
1834 4925 1921 4977 illa
1975 4942 2094 4995 quae

517 5015 656 5068 facta
694 5025 777 5068 est
804 5016 870 5067 ad
921 5014 1038 5068 Lot.
1080 5015 1213 5069 Tres
1248 5017 1349 5070 viri
1383 5019 1608 5071 veniunt
1670 5018 1734 5068 ad
1790 5015 2088 5079 Abraham,

515 5114 570 5158 et
590 5114 735 5159 stant
762 5120 923 5173 super
944 5120 1071 5160 eum
1110 5124 1124 5172 ;
1164 5108 1228 5162 ad
1262 5108 1363 5163 Lot
1398 5109 1505 5163 duo
1534 5110 1779 5171 veniunt,
1819 5119 1871 5162 et
1904 5111 2094 5163 sedent

514 5195 567 5250 in
600 5194 797 5265 platea.
830 5193 963 5251 Vide
997 5197 1040 5251 si
1078 5212 1182 5251 non
1210 5199 1613 5269 dispensatione
1650 5200 1886 5268 Spiritus
1919 5200 2091 5254 sancti

585 5378 630 5408 ’⁸
665 5376 831 5433 lCor.
866 5394 938 5441 iv,
966 5380 1057 5435 20.
1136 5380 1179 5412 ἰ
1204 5379 1319 5434 Col.
1352 5395 1434 5445 ιιι,
1470 5381 1521 5433 5.

514 5444 559 5478 "
585 5446 741 5501 Rom.
768 5465 883 5511 vtu,
916 5450 1004 5504 55.
1082 5452 1125 5482 ’⁷
1151 5450 1338 5505 Matth.
1369 5444 1531 5512 v.16.

514 5532 668 5581 ιιι-ιιι,
694 5520 749 5571 ‘2.
828 5520 871 5551 ³³
900 5522 1055 5585 ibid.,
1081 5520 1132 5574 6.
1214 5519 1257 5549 ³³
1288 5521 1419 5572 ibid.
1491 5517 1541 5551 ³⁸
1564 5518 1724 5583 ibid.,
1762 5519 1812 5569 7.

588 5612 897 5679 (li)Codex
937 5613 1122 5667 Sancti
1155 5613 1476 5667 Theudorici
1519 5612 1729 5666 titulum
1787 5610 1978 5672 habet,
2022 5609 2093 5661 De

516 5682 781 5733 Abraham
834 5692 879 5734 et
920 5686 1085 5737 tribus
1128 5686 1247 5738 t'it'is
1308 5701 1434 5751 quos
1494 5684 1621 5736 vidit
1678 5684 1893 5736 merittic
1936 5682 2092 5748 juxta

514 5768 762 5820 quercum
790 5750 841 5805 Μ
848 5770 875 5806 tt
885 5754 962 5806 mb
972 5771 1042 5810 re.

1601 5380 1645 5408 ”
1683 5378 1697 5430 Ι
1734 5377 1856 5432 Cor.
1890 5394 1962 5441 IV,
1999 5378 2082 5431 l0.

1608 5448 1652 5479 "
1681 5449 1875 5501 Cenes.
1914 5464 2067 5507 .\'\'lll,
2106 5450 2149 5510 l,
2182 5449 2235 5501 ‘2.

1608 5520 1724 5571 νῆά..
1762 5519 1812 5569 7.
1889 5518 1932 5548 ³⁵
1958 5519 2115 5571 ibid..
2151 5518 2203 5571 8.

2192 4576 2296 4631 que
2328 4557 2651 4629 ἐγκρυφίας,
2681 4558 2831 4607 idest
2862 4556 3210 4610 absconditos
3236 4571 3297 4610 ac
3331 4556 3585 4626 mysticos
3611 4570 3775 4623 panes

2195 4666 2468 4723 apponere
2512 4647 2853 4701 venientibus
2886 4657 3087 4713 potest.

2266 4747 2319 4798 2.
2382 4745 2484 4798 Sed
2542 4759 2939 4813 persequamur
2990 4756 3131 4795 mine
3192 4740 3409 4793 interim
3479 4738 3607 4807 quid
3667 4738 3776 4806 agit

2198 4836 2469 4891 Abraham
2508 4852 2630 4888 cum
2687 4836 2861 4889 tribus
2923 4836 3086 4897 viris,
3118 4833 3208 4899 qui
3270 4831 3563 4884 astiterunt
3615 4845 3778 4898 super

2199 4944 2343 4983 etim.
2380 4926 2489 4980 Hoc
2528 4926 2701 4995 ipsum
2754 4925 2872 4978 vide
2913 4924 3074 4994 quale
3119 4923 3212 4985 sit,
3266 4922 3409 4990 quod
3446 4936 3611 4988 super
3651 4935 3775 4972 eum

2204 5021 2447 5083 veniunt,
2484 5036 2591 5073 non
2616 5029 2805 5073 contra
2845 5034 2988 5072 eum.
3024 5015 3343 5084 Subjecerat
3380 5028 3437 5065 se
3460 5013 3656 5079 quippe
3684 5026 3779 5063 vo»

2202 5111 2396 5166 lunlati
2434 5112 2547 5175 Dei,
2574 5111 2693 5165 ideo
2716 5126 2883 5180 super
2904 5125 3024 5164 eum
3048 5120 3224 5163 astare
3248 5106 3360 5173 (li)
3384 5105 3583 5157 dicitur
3616 5104 3773 5156 Dens.

2204 5204 2439 5273 Apponit
2492 5218 2625 5273 ergo
2680 5218 2845 5273 panes
2900 5203 3075 5255 tribus
3123 5204 3395 5254 mensuris
3448 5196 3774 5263 similaginis

2199 5380 2242 5409 ’³
2268 5378 2307 5432 Il
2337 5380 2473 5432 Tim.
2510 5396 2570 5441 ιι,
2612 5379 2697 5432 12.

2315 5450 2357 5481 ¹⁹
2382 5450 2578 5503 Cenes.
2613 5465 2733 5515 xm,
2762 5448 2815 5503 9.

2814 5380 2857 5409 “
2887 5378 3002 5431 Cal.
3040 5377 3203 5442 ".19,
3228 5378 3317 5429 20.
3362 5378 3404 5409 ”
3427 5377 3544 5431 Cal.
3582 5392 3655 5437 vt,
3688 5372 3773 5427 i8.

2895 5450 2937 5479 ³ο
2961 5449 3156 5503 Cenes.
3198 5464 3305 5513 xu,
3342 5448 3424 5500 l5.
3501 5447 3544 5476 “
3577 5446 3775 5500 Cenes.

2281 5612 2391 5683 (19.)
2428 5612 2627 5668 Omnes
2676 5626 2803 5667 mss.
2839 5628 2993 5679 super
3041 5629 3154 5665 cum
3218 5624 3433 5673 astare;
3469 5608 3597 5663 libb.
3645 5606 3775 5664 editi

2208 5700 2359 5752 super
2381 5695 2578 5736 astare.
