4132 6406
459 349 564 406 185

1653 345 1719 400 ΙΝ
1759 345 2057 401 GENESIM
2098 346 2384 402 llOMllJA
2417 348 2507 404 IV.

3615 359 3715 414 185

458 477 804 534 conspersos.
831 462 969 519 Tres
1005 463 1150 518 viros
1179 462 1439 532 suscepit,
1467 462 1638 517 tribus
1669 465 1940 519 mensuris
1960 465 2032 519 si-
2062 470 2108 524 Α
2137 465 2270 517 bebit
2317 465 2487 532 filium
2541 465 2678 519 Sara
2725 484 2858 520 uxor
2904 479 3016 522 (ita.
3071 470 3329 524 Audiebat
3361 482 3531 526 autem
3574 472 3714 527 Sara

458 555 730 626 milaginis
772 571 939 626 panes
984 556 1310 624 conspersit.
1348 553 1540 607 Totum
1585 553 1726 622 quod
1761 557 1870 623 agit
1912 569 2031 624 my-

459 648 678 711 sticum,
708 656 874 701 totum
898 646 1258 700 sacramentis
1297 645 1558 713 repletum
1601 653 1703 697 est.
1732 645 2034 712 Apponitur

460 739 684 802 vitulus,
715 754 842 792 ecce
878 738 1024 792 aliud
1075 746 1495 790 sacramentum.
1545 736 1757 791 Vitnlns
1787 736 1901 805 ipse
1929 753 2032 790 non

461 840 544 885 est
567 832 760 894 durus,
793 830 884 884 sed
916 833 1086 883 bonus
1113 839 1166 882 et
1193 839 1362 882 tener.
1384 828 1447 881 Et
1472 829 1599 896 quid
1629 837 1733 880 tam
1763 837 2031 894 tenerum,

462 923 589 992 quid
613 932 720 975 tam
752 921 970 983 bonum,
1012 935 1172 989 quam
1209 929 1292 972 est
1331 919 1439 982 ille,
1472 923 1560 987 qui
1611 918 1923 972 humiliavit
1977 933 2036 973 se

461 1027 561 1082 pro
598 1013 754 1066 nobis
785 1027 954 1080 usque
992 1011 1057 1063 ad
1107 1019 1357 1074 mortem,
1388 1017 1443 1062 et
1470 1010 1706 1062 animam
1748 1025 1902 1063 suam
1933 1024 2033 1078 po-

463 1105 570 1158 suit
617 1119 716 1173 pro
757 1104 947 1157 amicis
982 1102 1140 1156 suis?
1175 1101 1383 1155 Vitulus
1434 1101 1520 1154 ille
1563 1103 2036 1170 saginatus,quem

465 1209 565 1261 pro
600 1203 822 1262 recepto
843 1194 1142 1262 poenitente
1169 1191 1278 1245 lilio
1320 1191 1529 1261 jugulat
1563 1200 1738 1259 pater.
1778 1190 1868 1245 Slc
1891 1191 2036 1244 enim

467 1285 606 1338 Deus
632 1284 813 1337 dilexit
844 1285 984 1338 hunc
1015 1284 1292 1349 mundum,
1326 1291 1381 1335 ut
1411 1281 1609 1335 Filium
1641 1300 1795 1336 suum
1824 1285 2038 1336 unicum

465 1378 614 1428 daret
645 1392 742 1446 pro
777 1377 935 1441 huius
966 1377 1148 1428 mundi
1177 1375 1285 1428 vita
1326 1374 1392 1425 ³³.
1424 1371 1532 1426 Nec
1562 1385 1737 1426 tamen
1785 1374 1916 1427 latet
1947 1389 2034 1428 sa-

467 1470 702 1536 pientem
743 1483 877 1537 quos
911 1467 1236 1536 susceperit.
1267 1467 1466 1520 Tribus
1496 1467 1739 1520 occurrit
1775 1477 1828 1520 et
1870 1482 2036 1520 unum

465 1562 676 1623 adorat,
711 1568 766 1612 et
798 1561 864 1613 ad
889 1575 1052 1614 unum
1087 1559 1326 1627 loquitur
1367 1559 1554 1612 dicens
1581 1558 1666 1611 1|"z
1701 1556 1922 1611 Declina
1969 1556 2038 1609 ad

466 1667 687 1718 puerum
743 1660 913 1715 tuum,
943 1661 989 1702 et
1024 1651 1277 1720 rcfrigera
1325 1660 1373 1704 te
1404 1651 1500 1703 sub
1533 1649 1740 1702 arbore.
1767 1649 1873 1702 Sed
1899 1663 2039 1714 quo-

468 1739 626 1791 modo
674 1738 823 1792 addit
874 1738 1092 1804 iterum,
1169 1741 1325 1808 quasi
1403 1739 1713 1794 hominibus
1775 1737 2042 1809 loquens?

2135 567 2282 610 stans
2309 567 2418 622 post
2464 557 2654 609 ostium
2686 559 3011 613 tabernaculi
3057 563 3140 616 sui
3167 574 3281 631 post
3309 564 3599 618 Abraham.
3622 566 3715 618 Di-

2136 659 2288 702 scant
2311 648 2569 701 mulieres
2593 651 2856 716 exemplis
2881 653 3338 718 patriarcharum,
3358 656 3590 720 discant,
3629 657 3713 710 in-

2136 756 2320 810 quam,
2365 740 2620 794 mulieres
2651 744 2802 809 sequi
2837 743 2983 795 viros
3015 758 3162 796 suos.
3195 744 3380 813 Neque
3423 748 3565 800 enim
3597 748 3717 802 sine

2136 847 2301 887 causa
2331 834 2592 901 scriptum
2621 843 2701 885 est
2729 834 2868 900 quod
2900 834 3035 887 Sara
3079 836 3259 890 stabat
3282 847 3400 906 post
3420 840 3716 902 Abraham,

2139 926 2233 980 sed
2266 936 2323 979 ut
2359 926 2763 987 ostenderetur,
2794 925 2920 992 quia
2964 926 3047 977 vir
3079 926 3122 978 si
3154 930 3411 994 praecedit
3442 931 3506 983 ad
3536 930 3716 983 Domi-

2140 1033 2290 1083 num,
2320 1017 2470 1085 sequi
2513 1016 2708 1069 mulier
2743 1015 2918 1069 debet.
2955 1014 3108 1080 Quod
3161 1017 3283 1071 dico
3319 1021 3469 1088 sequi
3517 1021 3718 1074 debere

2139 1108 2443 1176 mulierem,
2481 1109 2532 1162 in
2574 1122 2638 1162 eo
2683 1107 2802 1160 dico
2831 1108 2874 1162 si
2919 1117 3100 1162 astare
3141 1108 3317 1161 virum
3349 1126 3505 1164 suum
3538 1112 3720 1166 videat

2138 1199 2271 1256 Deo.
2303 1201 2552 1269 Alioquin
2585 1201 2942 1254 ascendamus
2997 1200 3062 1253 ad
3116 1201 3363 1255 altiorem
3413 1201 3719 1272 intelligen—

2144 1294 2230 1347 ti:e
2267 1293 2520 1361 gradum,
2548 1301 2600 1345 et
2633 1293 2878 1345 dicamus
2907 1289 3084 1344 virum
3113 1290 3165 1344 in
3216 1293 3371 1346 nobis
3401 1309 3522 1346 esse
3557 1296 3721 1348 ratio-

2143 1385 2378 1438 nabilem
2429 1400 2668 1446 sensum,
2715 1393 2770 1438 et
2806 1384 3110 1448 mulierem,
3156 1399 3274 1451 quae
3321 1384 3370 1437 ei
3421 1385 3573 1438 velut
3603 1387 3723 1437 viro

2143 1478 2342 1532 sociata
2388 1484 2493 1540 est,
2530 1492 2749 1531 carnem
2805 1486 3071 1530 nostram.
3114 1478 3386 1544 Sequatur
3433 1492 3566 1547 ergo
3595 1493 3724 1530 caro

2142 1584 2357 1638 semper
2380 1567 2755 1622 rationabilem
2791 1581 3030 1633 sensum,
3070 1582 3170 1622 nec
3198 1568 3250 1621 in
3294 1568 3344 1620 id
3372 1583 3610 1636 unquam
3637 1568 3724 1621 de-

2144 1661 2294 1716 sidia:
2325 1662 2597 1724 veniatur,
2637 1671 2695 1714 ut
2750 1661 2902 1715 carni
2936 1661 2989 1714 in
3021 1661 3232 1714 luxuria
3259 1671 3313 1714 et
3357 1661 3731 1730 voluptatibus

2145 1755 2397 1815 ﬂuitanti,
2439 1754 2491 1808 in
2525 1754 2786 1807 ditionem
2822 1753 3080 1808 redactus
3122 1752 3454 1820 obsequatur
3485 1754 3723 1807 rationa-

468 1828 798 1892 Accipiatur,
854 1829 1048 1898 inquit,
1081 1847 1242 1898 aqua,
1287 1841 1333 1884 ct
1364 1830 1606 1883 laventur
1653 1829 1808 1898 pedes
1860 1831 2038 1884 vestri.

2150 1845 2268 1901 bilis
2299 1860 2511 1898 sensus.
2539 1843 2732 1898 Stabat
2779 1859 2908 1913 ergo
2953 1841 3083 1896 Sara
3131 1853 3253 1912 post
3296 1843 3730 1898 Abraham.Sed

469 1919 634 1974 Docet
663 1921 879 1990 quidem
917 1930 970 1975 te
1002 1939 1096 1991 per
1121 1924 1234 1978 hac
1281 1923 1558 1978 Abraham
1601 1932 1755 1990 pater
1799 1923 2041 1990 gentium

464 2019 520 2065 et
550 2012 832 2080 magister,
865 2015 1135 2081 quomodo
1164 2015 1409 2084 hospites
1433 2015 1713 2082 suscipere
1745 2014 1964 2079 debeas,
1989 2023 2045 2070 et

468 2113 524 2156 ut
552 2104 700 2158 laves
735 2105 1003 2174 hospitum
1045 2109 1231 2175 pedes,
1269 2117 1449 2162 tamen
1483 2116 1537 2161 et
1568 2108 1744 2163 hocin
1778 2110 2043 2180 mysterio

469 2195 691 2250 dicitur.
740 2195 964 2249 Sciebat
1013 2197 1156 2250 enim
1215 2197 1495 2252 Dominica
1543 2211 1888 2254 sacramenta
1935 2217 2041 2256 non

471 2287 572 2342 nisi
608 2288 659 2341 in
703 2288 952 2342 lavandis
989 2289 1216 2356 pedibus
1255 2292 1684 2344 consummanda
1703 2291 1769 2345 ³⁸.
1807 2293 1914 2346 Sed
1945 2309 2044 2347 nec

469 2379 612 2433 illius
633 2380 851 2448 quidem
884 2382 1137 2450 prmcepti
1165 2397 1287 2435 eum
1318 2384 1526 2451 pondus
1569 2383 1802 2450 latebat,
1824 2400 1929 2453 quo
1966 2387 2045 2440 di-

467 2469 614 2521 citur
657 2484 686 2521 a
738 2469 1088 2525 Salvalnrc”
1125 2489 1140 2527 :
1182 2470 1248 2527 Si
1291 2475 1382 2542 qui
1432 2491 1535 2528 non
1593 2478 1878 2542 receperint
1924 2495 2040 2539 vos,

469 2559 627 2611 etiam
654 2557 916 2626 pulverem
945 2562 1033 2628 qui
1062 2563 1283 2616 adha’sit
1327 2564 1546 2630 pedibus
1578 2566 1788 2631 vestris,
1818 2571 2046 2620 excutile

468 2648 524 2723 in
554 2651 911 2703 testimonium
943 2651 1068 2705 illis.
1113 2653 1276 2706 Anien
1313 2655 1429 2707 dico
1454 2654 1592 2709 vobis
1628 2659 1755 2725 quia
1790 2657 2043 2711 tolerabi-

471 2743 572 2793 lius
599 2742 697 2794 erit
740 2754 897 2797 terrm
943 2743 1295 2797 Sodomorum
1325 2753 1372 2797 et
1417 2745 1880 2801 Cantor-rimorum
1932 2747 2043 2820 (15)

471 2833 525 2884 in
559 2833 644 2886 die
685 2832 878 2900 judicii
908 2851 1065 2904 quant
1123 2835 1202 2888 illi
1230 2837 1446 2891 civitati.
1489 2838 1716 2892 Volebat
1756 2853 1885 2908 ergo
1910 2855 2045 2908 prte-

474 2927 681 2992 vcnire,
714 2938 768 2982 et
814 2928 998 2983 lavare
1037 2929 1227 2996 pedes,
1261 2945 1326 2982 ne
1358 2931 1486 2997 quid
1516 2930 1655 2985 forte
1685 2932 1926 3001 pulveris
1963 2949 2047 2986 rc-

476 3017 697 3079 sideret,
732 3020 875 3084 quod
907 3019 973 3073 ad
1019 3021 1384 3074 testimonium
1414 3021 1802 3078 incredulitatis
1853 3038 2046 3078 excus-

2145 1948 2202 1992 et
2231 1937 2518 2010 mysticum
2559 1936 2763 2003 aliquid
2794 1944 3000 1988 sentire
3037 1935 3088 1988 in
3123 1935 3225 1988 hoc
3248 1950 3536 2004 possumus
3576 1937 3722 2001 loco,

2147 2031 2192 2086 si
2233 2033 2516 2086 videamus
2553 2029 2824 2096 quomodo
2869 2029 2921 2081 in
2957 2028 3148 2081 Exodo
3203 2030 3548 2097 praecedebat
3584 2033 3727 2084 Dens

2148 2121 2202 2176 in
2234 2121 2487 2176 columna
2517 2119 2658 2188 ignis
2688 2133 2786 2186 per
2831 2129 3071 2182 noctem,
3099 2127 3151 2170 et
3187 2117 3243 2170 in
3272 2117 3525 2171 columna
3568 2119 3729 2173 nubis

2148 2232 2244 2284 per
2275 2216 2416 2269 diem
2443 2215 2489 2246 “
2525 2231 2537 2266 :
2581 2227 2632 2267 et
2669 2228 2942 2283 synagoga
2989 2213 3200 2265 Domini
3247 2215 3578 2282 sequebatur
3609 2221 3731 2279 post

2150 2306 2346 2374 ipsum.
2378 2306 2469 2359 Sic
2513 2321 2644 2373 ergo
2680 2305 2923 2373 intelligo
2958 2312 3010 2358 et
3044 2303 3236 2358 Saram
3297 2315 3540 2358 secutam
3584 2317 3728 2361 esse.

2152 2399 2230 2450 vel
2266 2398 2481 2451 stetisse
2511 2408 2627 2465 post
2653 2397 2950 2450 Abraham.
2982 2395 3120 2460 Quid
3170 2405 3288 2463 post
3338 2397 3453 2449 hwc
3479 2395 3678 2446 dicitur
3707 2392 3733 2444 i

2155 2488 2220 2541 Et
2268 2501 2437 2550 erant,
2495 2490 2670 2556 inquit
2712 2488 2782 2552 ⁸⁵,
2838 2488 2990 2540 ambo
3043 2487 3356 2556 presbyteri,
3394 2486 3449 2538 id
3487 2494 3739 2537 estsencs-

2149 2594 2196 2634 et
2224 2582 2453 2648 provecti
2480 2583 2531 2633 in
2574 2581 2754 2632 diebus
2792 2581 2923 2633 suis.
2957 2580 3228 2644 Quantum
3258 2578 3323 2631 ad
3365 2585 3577 2633 :etatem
3608 2590 3732 2630 cor—

2150 2673 2296 2740 poris
2337 2673 2596 2741 pertinet,
2617 2672 2768 2724 nmlti
2801 2679 2929 2724 ante
2962 2671 3110 2740 ipsos
3133 2670 3604 2724 numerosioribus
3631 2685 3729 2720 an—

2150 2761 2235 2811 uis
2275 2762 2540 2812 duxerant
2574 2761 2766 2821 vitam,
2799 2773 2958 2814 nemo
2998 2769 3178 2813 tamen
3224 2759 3511 2830 presbyter
3544 2759 3731 2826 appel-

2149 2849 2290 2902 latus
2317 2861 2422 2904 est.
2455 2849 2606 2904 Unde
2637 2850 2852 2903 videtur
2885 2866 3076 2906 nomen
3101 2853 3206 2906 hoc
3243 2851 3445 2904 sanctis
3479 2863 3584 2902 non
3615 2848 3744 2902 len-

2151 2940 2420 3008 grex-italis
2447 2941 2682 3006 ratione,
2711 2938 2805 2993 sed
2853 2941 3186 2994 maturitatis
3216 2938 3437 2992 ascribi.

2218 3032 2273 3086 5.
2316 3032 2452 3097 Quid
2502 3046 2632 3101 ergo
2683 3039 2806 3101 post
2855 3040 3064 3085 tantum
3110 3044 3175 3082 ac
3234 3030 3341 3084 tale
3396 3029 3730 3091 convivium,

475 3119 632 3170 sunt.
678 3119 866 3173 posset
916 3109 970 3161 in
1029 3109 1117 3162 die
1158 3110 1344 3178 iudicii
1395 3113 1684 3165 reservari.
1747 3113 2043 3182 Propterea
2075 3149 2116 3205 ρ
2149 3127 2292 3195 quod
2320 3123 2591 3178 Abraham
2626 3123 2850 3177 Domino
2882 3131 2935 3176 et
2973 3121 3176 3189 angelis
3206 3122 3304 3174 sub
3335 3121 3532 3174 arbore
3564 3121 3737 3174 visio-

474 3211 606 3266 ergo
636 3197 768 3250 dicit
790 3198 1004 3265 sapiens
1035 3199 1306 3253 Abraham
1341 3201 1420 3254 “’z
1454 3201 1760 3272 Accipiatur
1805 3221 1943 3273 aqua
1997 3215 2045 3258 et

476 3287 716 3340 laventur
733 3289 885 3355 pedes
914 3291 1088 3343 vestri.

547 3378 601 3432 5.
631 3378 736 3432 Sed
769 3381 1174 3450 videamusjam
1208 3385 1352 3452 quod
1379 3385 1542 3439 etiam
1572 3386 1622 3440 in
1666 3391 2050 3459 consequenti-

477 3471 579 3525 bus
614 3473 829 3527 dicitur.
858 3473 981 3543 Ipse
1010 3487 1207 3540 autem,
1238 3477 1478 3546 inquit“,
1526 3479 1794 3534 Abraham
1838 3484 2047 3536 astabat

473 3563 548 3615 eis
573 3563 669 3616 sub
695 3564 899 3618 arbore.
919 3564 998 3618 Ad
1026 3565 1394 3632 hujuscemodi
1425 3571 1779 3634 narrationes,
1813 3572 2050 3627 circum-

475 3655 621 3708 cisas
648 3669 808 3709 aures
839 3656 1184 3724 requirimus.
1205 3656 1392 3728 Neque
1425 3660 1572 3714 enim
1610 3676 1874 3716 summam
1901 3665 2049 3719 solli-
2101 3659 2106 3662 ’

476 3745 767 3798 citndinem
796 3745 1020 3814 Spiritui
1048 3749 1152 3818 '72
1171 3761 1357 3804 sancto
1390 3752 1555 3807 fuisse
1581 3754 1910 3808 credendum
1940 3765 2046 3820 est,

477 3847 532 3892 ut
573 3841 837 3906 ain-iberet
891 3840 942 3893 in
996 3841 1148 3896 libris
1200 3843 1334 3911 legis
1391 3844 1480 3897 ubi
1533 3855 1704 3901 staret
1746 3847 2045 3902 Abraham.

474 3930 612 3995 Quid
635 3937 778 3984 enim
827 3947 914 3984 me
942 3933 1096 4001 juvat
1139 3935 1230 4003 qui
1271 3937 1389 3988 veni
1429 3938 1615 3992 audire
1649 3940 1773 4006 quid
1812 3940 2048 4009 Spiritus

477 4031 700 4074 sanctus
754 4023 1046 4075 lnnnamnu
1084 4024 1276 4079 doceat
1327 4043 1516 4096 genus,
1563 4030 1608 4082 si
1649 4032 1872 4084 audiero
1905 4034 2046 4101 quod

475 4111 746 4166 Abraham
799 4115 978 4169 stabat
1036 4115 1136 4169 sub
1187 4119 1382 4172 arbore
1417 4120 1438 4171 ?
1479 4121 1572 4173 sed
1624 4121 1904 4178 videamus
1926 4139 2048 4193 qua:

477 4205 593 4259 hare
616 4206 686 4260 sit
711 4207 895 4272 arbor,
928 4208 1028 4262 sub
1057 4224 1158 4276 qua
1200 4210 1382 4262 stabat
1420 4213 1714 4279 Abraham,
1765 4227 1819 4268 et
1858 4217 2046 4270 ροηνί-

476 4297 627 4350 vium
654 4297 1081 4368 Dominoatque
1115 4301 1324 4369 angelis
1354 4303 1664 4358 exhibebat.
1695 4306 1806 4359 Sub
1835 4308 2046 4374 arbore,

478 4387 734 4457 inquit",
765 4388 1017 4442 Mambre.
1052 4390 1290 4445 Mamhre
1343 4395 1394 4445 in
1446 4403 1626 4446 nostra
1660 4395 1838 4464 lingua
1874 4397 2046 4450 inter-

2152 3221 2237 3274 nis
2259 3218 2506 3273 exhibuit
2531 3218 2553 3269 ?
2585 3215 3020 3270 Proliciscuntur
3069 3214 3327 3281 hospites.
3349 3214 3614 3266 Abraham
3635 3230 3738 3266 auo

2151 3325 2251 3366 tem
2279 3310 2590 3372 deducebat,
2619 3307 2876 3377 inquit“,
2905 3322 3012 3372 eos,
3038 3304 3337 3358 ambulabat
3357 3321 3474 3356 cum
3493 3304 3591 3357 eis.
3625 3303 3736 3356 Do-

2150 3405 2329 3459 minus
2371 3410 2544 3454 autem
2588 3399 2719 3453 dixit
2753 3411 2772 3450 :
2819 3397 2942 3450 Non
2986 3396 3162 3450 celabo
3201 3395 3465 3449 Abraham
3509 3411 3732 3463 puerum

2153 3510 2323 3548 meum
2351 3492 2478 3564 quid
2508 3508 2600 3562 ego
2631 3491 2845 3560 faciant.
2882 3489 3148 3541 Abraham
3201 3497 3377 3540 autem
3405 3487 3495 3554 ﬁet
3527 3489 3580 3540 in
3608 3502 3734 3554 geu-

2153 3592 2254 3636 tem
2280 3598 2524 3652 magnam
2548 3591 2598 3636 et
2626 3580 2872 3645 multam,
2901 3591 2947 3633 ct
2982 3579 3351 3632 benedicentur
3393 3579 3445 3630 in
3474 3578 3589 3645 ipso
3614 3593 3731 3629 om-

2154 3690 2243 3727 nes
2268 3682 2443 3743 gentes
2462 3683 2634 3726 terrm.
2660 3671 2785 3726 Scio
2818 3670 2955 3724 enim
2981 3670 3106 3738 quia
3136 3668 3403 3736 prtecipiet
3435 3667 3564 3732 ﬁliis
3596 3667 3730 3730 suis,

2153 3775 2201 3820 ct
2229 3766 2507 3819 servabunt
2548 3765 2657 3817 vias
2688 3762 2917 3824 Domini,
2947 3769 3003 3813 ut
3028 3760 3228 3827 faciant
3263 3758 3534 3826 justitiam
3557 3765 3603 3808 et
3634 3756 3732 3824 ju-

2154 3859 2371 3921 dicium,
2391 3866 2443 3908 ut
2475 3855 2684 3922 impleat
2715 3853 2968 3906 Dominus
3005 3852 3228 3905 Abrahw
3247 3865 3364 3917 qua:
3389 3848 3636 3902 indicavit
3661 3849 3728 3901 ei.

2157 3950 2223 4002 Et
2254 3950 2391 4003 dixit
2415 3965 2435 4002 .'
2469 3945 2682 4000 Clamor
2707 3945 3058 3999 Sodomorum
3085 3952 3130 3995 et
3161 3940 3621 3995 Gomorrhazorum
3649 3953 3730 3989 rc-

2153 4040 2322 4110 pletus
2358 4047 2456 4103 est,
2486 4049 2532 4092 et
2560 4047 2771 4107 peccata
2817 4049 2993 4088 eorum
3024 4049 3215 4100 magna
3269 4030 3438 4084 valde.
3475 4029 3732 4082 Descendi

2155 4149 2279 4201 ergo
2307 4139 2363 4183 ut
2389 4131 2614 4183 viderem
2637 4129 2684 4180 si
2717 4123 3002 4178 secundum
3029 4123 3309 4174 clamorem
3334 4137 3512 4174 eorum
3535 4121 3625 4190 qui
3658 4135 3735 4171 vc-

2157 4225 2231 4277 nit
2267 4223 2336 4274 ad
2359 4238 2460 4287 me,
2485 4225 2934 4273 consummentur.
2961 4213 3056 4267 Sin
3093 4223 3356 4275 autem,ut
3394 4212 3576 4265 sciam.
3607 4208 3732 4261 llzec

2159 4314 2457 4380 Scriptura:
2482 4309 2677 4361 divina:
2705 4315 2833 4358 sunt
2871 4303 3053 4357 verba.
3100 4302 3393 4354 Videamus
3428 4313 3559 4366 ergo
3589 4313 3732 4350 llllllc

2158 4405 2286 4474 quid
2348 4401 2569 4469 intelligi
2620 4399 2672 4451 in
2710 4398 2792 4450 his
2833 4396 3052 4463 dignum
3099 4392 3191 4446 sit.
3229 4389 3505 4452 Desccndi,
3533 4389 3731 4455 inquit,

476 4490 721 4548 pretatur
770 4482 899 4535 visio
927 4483 1041 4536 sive
1085 4485 1423 4550 perspicacia.
1468 4484 1625 4539 Vides
1664 4487 1757 4554 qui
1786 4496 1839 4540 et
1876 4488 2050 4556 qualis
2083 4480 2130 4536 D
2160 4507 2212 4548 ut
2238 4494 2461 4548 videam.
2491 4489 2714 4556 Quando
2767 4487 2831 4539 ad
2864 4485 3136 4538 Abraham
3185 4497 3442 4551 responsa
3472 4479 3731 4532 delerun-

475 4584 560 4628 est
581 4573 750 4638 locus,
775 4575 828 4627 in
853 4590 959 4643 quo
978 4573 1238 4628 Dominus
1268 4585 1442 4642 potest
1474 4577 1670 4630 habere
1697 4579 2001 4632 convivium
2026 4580 2051 4632 ?

482 4663 774 4717 Detectavit
823 4678 944 4718 eum
989 4665 1127 4717 visio
1162 4677 1213 4718 et
1261 4668 1594 4734 perspicacia
1629 4670 1878 4723 Abrahze.
1918 4670 2047 4725 Erat

476 4754 620 4807 enim
650 4754 883 4808 mundus
915 4757 1079 4809 corde
1122 4767 1178 4810 ut
1206 4769 1390 4827 posset
1427 4759 1612 4813 videre
1649 4760 1837 4813 Deum.
1865 4763 1923 4814 lu
1955 4763 2046 4816 tali

480 4846 641 4898 corde
672 4854 840 4913 potest
871 4848 1128 4903 Dominus
1161 4864 1284 4902 cum
1315 4849 1520 4919 angelis
1548 4857 1656 4904 suis
1686 4851 1889 4906 habere
1914 4868 2048 4906 con-

479 4938 705 4991 vivium.
735 4939 978 5008 Denique
1021 4953 1149 4996 ante
1195 4943 1473 5012 propheta:
1508 4943 1754 4998 videntes
1793 4944 2053 4999 diceban-

483 5037 592 5084 llll'.

549 5121 604 5175 4.
644 5119 780 5186 Quid
812 5131 988 5177 autem
1013 5124 1144 5179 dicit
1186 5125 1442 5180 Dominus
1488 5126 1554 5179 ad
1594 5127 1915 5181 Abraham?
1950 5126 2053 5181 Ubi

477 5225 574 5280 cst,
627 5215 800 5283 inquit
825 5215 890 5282 ⁴³,
939 5215 1072 5272 Sara
1112 5236 1246 5273 uxor
1287 5228 1378 5272 tua
1407 5219 1519 5272 ?At
1550 5219 1637 5272 ille
1677 5237 1689 5271 :
1737 5217 1902 5282 Ecce,
1938 5220 2040 5285 ait,

478 5305 531 5356 in
563 5307 923 5366 tabernaculo.
970 5311 1113 5363 Dixit
1144 5322 1316 5364 autem
1373 5311 1672 5363 Dominus:
1719 5308 1936 5363 Veniens
1960 5327 2050 5363 ve-

479 5395 621 5449 niam
656 5397 712 5452 in
735 5407 961 5466 tempore
993 5402 1061 5452 ad
1091 5411 1141 5454 te
1181 5403 1470 5455 secundum
1512 5415 1709 5471 tempus
1740 5403 1858 5464 hoc,
1885 5413 1931 5456 et
1956 5404 2051 5456 Ita-

551 5507 906 5566 "Joanu'm.
953 5509 1037 5562 16.
1114 5511 1157 5542 ³⁷
1179 5511 1376 5567 Genes.
1411 5513 1636 5575 xvm,5,
1676 5511 1732 5565 4.

476 5575 522 5647 ν
568 5579 697 5633 ibid.
773 5578 816 5609 ¹⁵¹
855 5579 1053 5635 (lenes.
1085 5597 1236 5640 xvm,
1268 5583 1316 5634 l.
1398 5583 1439 5612 ‘3
1473 5584 1629 5646 ibid.,
1659 5583 1818 5647 9,“).

478 5646 525 5680 δ’
565 5647 796 5713 ibid.,2.
865 5649 912 5678 ⁴⁸
945 5647 1082 5703 Mich
1145 5666 1182 5710 ι,
1229 5651 1282 5703 5.

1813 5512 2166 5567 "Joan.xm.

1894 5585 1939 5614 νδ
1965 5583 2133 5639 Exod.
2157 5598 2272 5650 xm,
2291 5583 2380 5636 2|.

2161 4595 2267 4650 tur,
2300 4599 2404 4636 non
2440 4582 2640 4635 dicitur
2689 4581 2826 4632 Deus
2859 4577 3211 4637 descendere,
3241 4573 3332 4626 sed
3369 4588 3528 4639 supra
3557 4571 3730 4640 ipsum

2157 4687 2358 4738 astare,
2386 4673 2524 4726 sicut
2547 4686 2706 4738 supra
2733 4670 3099 4736 exposuimus.
3132 4665 3442 4724 Astiterunt,
3468 4663 3638 4729 inquit
3663 4660 3729 4724 "',

2159 4775 2262 4818 tres
2309 4763 2410 4817 viri
2437 4777 2593 4830 super
2629 4776 2768 4812 eum.
2799 4758 2954 4810 Nunc
3003 4764 3181 4807 autem
3225 4755 3349 4822 quia
3385 4761 3730 4829 peccatorum

2158 4869 2320 4909 causa
2357 4854 2570 4920 agitur,
2620 4851 2948 4906 descendere
3003 4851 3201 4904 dicitur
3265 4847 3424 4900 Deus.
3472 4843 3606 4898 Vide
3665 4858 3730 4896 ne

2158 4947 2532 5002 ascensionem
2562 4953 2617 4997 et
2647 4943 3056 4997 descensionem
3095 4938 3318 4994 localem
3346 4937 3568 4991 sentias.
3596 4934 3730 4988 Frc-

2159 5046 2390 5105 quenter
2413 5035 2556 5086 enim
2584 5033 2698 5086 hoc-
2731 5032 2784 5084 iu
2816 5030 3015 5084 divinis
3050 5028 3243 5084 litteris
3274 5027 3564 5086 invenitur,
3591 5025 3730 5078 sicut

2162 5127 2216 5180 in
2249 5125 2469 5179 Michma
2498 5124 2757 5192 prephcta
2788 5139 2800 5174 :
2840 5120 2992 5182 Ecce,
3022 5119 3193 5188 inquit
3220 5118 3285 5184 ",
3323 5117 3574 5170 Dominus
3595 5115 3730 5166 exist

2159 5219 2222 5271 de
2247 5217 2361 5270 loco
2387 5224 2566 5270 sancto
2591 5232 2710 5277 suo,
2742 5225 2788 5267 et
2813 5213 3110 5276 descendet,
3146 5222 3193 5264 et
3230 5211 3434 5274 incedet
3459 5224 3612 5276 super
3634 5223 3730 5258 eac-

2161 5311 2298 5364 celsa
2346 5320 2516 5366 terrm.
2553 5306 2892 5360 Descendere
2929 5318 3061 5372 ergo
3095 5302 3291 5356 dicitur
3317 5301 3482 5363 Deus,
3513 5299 3730 5366 (punitio

2160 5418 2346 5457 curam
2399 5402 2651 5454 humana:
2693 5395 3006 5465 fragilitatis
3037 5396 3237 5449 habere
3276 5393 3544 5461 dignatur.
3575 5387 3728 5454 Quod

2239 5512 2463 5565 "Marc.
2497 5526 2570 5574 vt,
2592 5510 2686 5572 ll;
2725 5508 2914 5562 Matth.
2940 5506 3110 5568 x,15.

2458 5581 2502 5614 ⁴⁵
2521 5581 2718 5635 Geues.
2764 5594 2914 5643 sviti,
2942 5578 3020 5629 ll.

3192 5505 3236 5537 ἰθ
3271 5504 3465 5559 chcs.
3492 5518 3647 5566 xvm,
3671 5503 3726 5556 9.

3134 5576 3177 5604 ³⁸⁵
3205 5576 3356 5640 ibid,
3403 5577 3462 5627 Hi
3489 5584 3540 5628 (ἰ
3574 5589 3727 5642 seqq.

553 5740 662 5812 (15)
699 5739 761 5794 Et
796 5739 1280 5797 Gomorrhworum.
1305 5742 1426 5798 Ηιορ
1458 5743 1509 5798 in
1532 5753 1685 5800 antea
1720 5745 1880 5800 editis
1908 5745 2108 5801 emissa
2142 5745 2461 5815 supplentur
2491 5758 2520 5798 e
2543 5743 2727 5798 codice
2774 5756 2872 5796 ms.
2914 5737 3398 5807 Sangermancnsi.
