  <div class='ocr_page' id='page_1' title='image "/cluster/home/n/w/nwhite01/storage/ocr_20150623/12:no.2/coo.31924054873074/107.png"; bbox 0 0 4132 6416; ppageno 0'>
   <div class='ocr_carea' id='block_1_1' title="bbox 438 348 533 399">
    <p class='ocr_par' dir='ltr' id='par_1_1' title="bbox 438 348 533 399">
     <span class='ocr_line' id='line_1_1' title="bbox 438 348 533 399; baseline 0 -1"><span class='ocrx_word' id='word_1_1' title='bbox 438 348 533 399; x_wconf 59' lang='lat'><strong><em>15.7</em></strong></span> 
     </span>
    </p>
   </div>
   <div class='ocr_carea' id='block_1_2' title="bbox 1870 340 2188 396">
    <p class='ocr_par' dir='ltr' id='par_1_2' title="bbox 1870 340 2188 396">
     <span class='ocr_line' id='line_1_2' title="bbox 1870 340 2188 396; baseline 0 -1"><span class='ocrx_word' id='word_1_2' title='bbox 1870 340 2188 396; x_wconf 79' lang='lat' dir='ltr'><strong><em>ORIGENIS</em></strong></span> 
     </span>
    </p>
   </div>
   <div class='ocr_carea' id='block_1_3' title="bbox 3569 338 3664 391">
    <p class='ocr_par' dir='ltr' id='par_1_3' title="bbox 3569 338 3664 391">
     <span class='ocr_line' id='line_1_3' title="bbox 3569 338 3664 391; baseline 0.021 -2"><span class='ocrx_word' id='word_1_3' title='bbox 3569 338 3664 391; x_wconf 74' lang='lat' dir='ltr'><strong><em>lS3</em></strong></span> 
     </span>
    </p>
   </div>
   <div class='ocr_carea' id='block_1_4' title="bbox 433 456 3665 529">
    <p class='ocr_par' dir='ltr' id='par_1_4' title="bbox 433 456 3665 529">
     <span class='ocr_line' id='line_1_4' title="bbox 433 456 3665 529; baseline -0.002 -16"><span class='ocrx_word' id='word_1_4' title='bbox 433 460 725 529; x_wconf 75' lang='lat' dir='ltr'><strong><em>specialius</em></strong></span> <span class='ocrx_word' id='word_1_5' title='bbox 761 462 828 515; x_wconf 88' lang='lat' dir='ltr'><strong><em>de</em></strong></span> <span class='ocrx_word' id='word_1_6' title='bbox 883 460 1108 513; x_wconf 85' lang='lat' dir='ltr'><strong><em>Domino</em></strong></span> <span class='ocrx_word' id='word_1_7' title='bbox 1140 475 1201 512; x_wconf 89' lang='lat' dir='ltr'><strong><em>ac</em></strong></span> <span class='ocrx_word' id='word_1_8' title='bbox 1238 457 1524 514; x_wconf 84' lang='lat' dir='ltr'><strong><em>Salvatore</em></strong></span> <span class='ocrx_word' id='word_1_9' title='bbox 1556 470 1742 515; x_wconf 85' lang='lat' dir='ltr'><strong><em>nostro</em></strong></span> <span class='ocrx_word' id='word_1_10' title='bbox 1772 461 2003 513; x_wconf 88' lang='lat' dir='ltr'><strong><em>sentien-</em></strong></span> <span class='ocrx_word' id='word_1_11' title='bbox 2032 466 2078 518; x_wconf 69' lang='grc' dir='ltr'>Λ</span> <span class='ocrx_word' id='word_1_12' title='bbox 2106 459 2270 511; x_wconf 79' lang='lat' dir='ltr'><strong><em>cedite</em></strong></span> <span class='ocrx_word' id='word_1_13' title='bbox 2300 474 2447 518; x_wconf 79' lang='lat' dir='ltr'><strong><em>ante,</em></strong></span> <span class='ocrx_word' id='word_1_14' title='bbox 2486 473 2659 508; x_wconf 83' lang='lat' dir='ltr'><strong><em>omnes</em></strong></span> <span class='ocrx_word' id='word_1_15' title='bbox 2689 456 2915 521; x_wconf 83' lang='lat' dir='ltr'><strong><em>operarii</em></strong></span> <span class='ocrx_word' id='word_1_16' title='bbox 2939 456 3227 523; x_wconf 77' lang='lat' dir='ltr'><strong><em>iniquitatis</em></strong></span> <span class='ocrx_word' id='word_1_17' title='bbox 3255 456 3387 522; x_wconf 67' lang='lat' dir='ltr'><strong><em>ilti),</em></strong></span> <span class='ocrx_word' id='word_1_18' title='bbox 3420 472 3521 508; x_wconf 76' lang='lat' dir='ltr'><strong><em>non</em></strong></span> <span class='ocrx_word' id='word_1_19' title='bbox 3549 460 3665 511; x_wconf 67' lang='lat' dir='ltr'><strong><em>nasi</em></strong></span> 
     </span>
    </p>
   </div>
   <div class='ocr_carea' id='block_1_5' title="bbox 432 551 2003 618">
    <p class='ocr_par' dir='ltr' id='par_1_5' title="bbox 432 551 2003 618">
     <span class='ocr_line' id='line_1_5' title="bbox 432 551 2003 618; baseline 0.001 -16"><span class='ocrx_word' id='word_1_20' title='bbox 432 554 559 604; x_wconf 88' lang='lat' dir='ltr'><strong><em>dunt</em></strong></span> <span class='ocrx_word' id='word_1_21' title='bbox 589 561 670 605; x_wconf 87' lang='lat' dir='ltr'><strong><em>est</em></strong></span> <span class='ocrx_word' id='word_1_22' title='bbox 716 551 783 610; x_wconf 80' lang='lat'><strong><em>&quot;,</em></strong></span> <span class='ocrx_word' id='word_1_23' title='bbox 817 551 905 618; x_wconf 85' lang='lat' dir='ltr'><strong><em>qui</em></strong></span> <span class='ocrx_word' id='word_1_24' title='bbox 938 567 1037 601; x_wconf 87' lang='lat' dir='ltr'><strong><em>nan</em></strong></span> <span class='ocrx_word' id='word_1_25' title='bbox 1068 552 1303 613; x_wconf 78' lang='lat' dir='ltr'><strong><em>rapinam</em></strong></span> <span class='ocrx_word' id='word_1_26' title='bbox 1346 552 1632 603; x_wconf 80' lang='lat' dir='ltr'><strong><em>arbitratus</em></strong></span> <span class='ocrx_word' id='word_1_27' title='bbox 1677 563 1749 603; x_wconf 84' lang='lat' dir='ltr'><strong><em>est</em></strong></span> <span class='ocrx_word' id='word_1_28' title='bbox 1798 568 1905 603; x_wconf 79' lang='lat' dir='ltr'><strong><em>esse</em></strong></span> <span class='ocrx_word' id='word_1_29' title='bbox 1949 569 2003 604; x_wconf 78' lang='lat' dir='ltr'><strong><em>se</em></strong></span> 
     </span>
    </p>
   </div>
   <div class='ocr_carea' id='block_1_6' title="bbox 432 640 1999 710">
    <p class='ocr_par' dir='ltr' id='par_1_6' title="bbox 432 640 1999 710">
     <span class='ocr_line' id='line_1_6' title="bbox 432 640 1999 710; baseline -0.002 -16"><span class='ocrx_word' id='word_1_30' title='bbox 432 642 681 707; x_wconf 60' lang='lat' dir='ltr'><strong><em>aqualem</em></strong></span> <span class='ocrx_word' id='word_1_31' title='bbox 724 640 853 703; x_wconf 74' lang='lat' dir='ltr'><strong><em>Deo,</em></strong></span> <span class='ocrx_word' id='word_1_32' title='bbox 901 642 993 693; x_wconf 77' lang='lat' dir='ltr'><strong><em>sed</em></strong></span> <span class='ocrx_word' id='word_1_33' title='bbox 1034 643 1369 706; x_wconf 65' lang='lat' dir='ltr'><strong><em>semetipsum</em></strong></span> <span class='ocrx_word' id='word_1_34' title='bbox 1409 643 1698 693; x_wconf 70' lang='lat' dir='ltr'><strong><em>exinanieit</em></strong></span> <span class='ocrx_word' id='word_1_35' title='bbox 1728 683 1741 703; x_wconf 91' lang='lat'><strong><em>,</em></strong></span> <span class='ocrx_word' id='word_1_36' title='bbox 1775 642 1999 710; x_wconf 77' lang='lat' dir='ltr'><strong><em>[orntum</em></strong></span> 
     </span>
    </p>
   </div>
   <div class='ocr_carea' id='block_1_7' title="bbox 430 732 1998 801">
    <p class='ocr_par' dir='ltr' id='par_1_7' title="bbox 430 732 1998 801">
     <span class='ocr_line' id='line_1_7' title="bbox 430 732 1998 801; baseline -0.002 -14"><span class='ocrx_word' id='word_1_37' title='bbox 430 737 561 787; x_wconf 71' lang='lat' dir='ltr'><strong><em>cervi</em></strong></span> <span class='ocrx_word' id='word_1_38' title='bbox 582 733 857 798; x_wconf 78' lang='lat' dir='ltr'><strong><em>accipiens,</em></strong></span> <span class='ocrx_word' id='word_1_39' title='bbox 884 733 935 784; x_wconf 83' lang='lat' dir='ltr'><strong><em>in</em></strong></span> <span class='ocrx_word' id='word_1_40' title='bbox 962 733 1358 784; x_wconf 60' lang='lat' dir='ltr'><strong><em>similitudinem</em></strong></span> <span class='ocrx_word' id='word_1_41' title='bbox 1379 734 1645 784; x_wconf 82' lang='lat' dir='ltr'><strong><em>hominum</em></strong></span> <span class='ocrx_word' id='word_1_42' title='bbox 1670 733 1840 799; x_wconf 80' lang='lat' dir='ltr'><strong><em>factus</em></strong></span> <span class='ocrx_word' id='word_1_43' title='bbox 1866 732 1998 801; x_wconf 56' lang='lat' dir='ltr'><strong><em>(id).</em></strong></span> 
     </span>
    </p>
   </div>
   <div class='ocr_carea' id='block_1_8' title="bbox 438 820 1997 891">
    <p class='ocr_par' dir='ltr' id='par_1_8' title="bbox 438 820 1997 891">
     <span class='ocr_line' id='line_1_8' title="bbox 438 820 1997 891; baseline 0 -16"><span class='ocrx_word' id='word_1_44' title='bbox 438 824 724 877; x_wconf 90' lang='lat' dir='ltr'><strong><em>Descendit</em></strong></span> <span class='ocrx_word' id='word_1_45' title='bbox 747 840 900 889; x_wconf 73' lang='lat' dir='ltr'><strong><em>ergo.</em></strong></span> <span class='ocrx_word' id='word_1_46' title='bbox 930 820 1113 891; x_wconf 80' lang='lat' dir='ltr'><strong><em>Neque</em></strong></span> <span class='ocrx_word' id='word_1_47' title='bbox 1136 824 1270 874; x_wconf 86' lang='lat' dir='ltr'><strong><em>enim</em></strong></span> <span class='ocrx_word' id='word_1_48' title='bbox 1305 822 1443 873; x_wconf 83' lang='lat' dir='ltr'><strong><em>alitis</em></strong></span> <span class='ocrx_word' id='word_1_49' title='bbox 1482 824 1713 875; x_wconf 72' lang='lat' dir='ltr'><strong><em>ascendit</em></strong></span> <span class='ocrx_word' id='word_1_50' title='bbox 1734 825 1785 875; x_wconf 88' lang='lat' dir='ltr'><strong><em>in</em></strong></span> <span class='ocrx_word' id='word_1_51' title='bbox 1818 823 1997 875; x_wconf 71' lang='lat' dir='ltr'><strong><em>cteluin</em></strong></span> 
     </span>
    </p>
   </div>
   <div class='ocr_carea' id='block_1_9' title="bbox 433 912 1998 983">
    <p class='ocr_par' dir='ltr' id='par_1_9' title="bbox 433 912 1998 983">
     <span class='ocr_line' id='line_1_9' title="bbox 433 912 1998 983; baseline 0.001 -16"><span class='ocrx_word' id='word_1_52' title='bbox 433 916 537 967; x_wconf 76' lang='lat' dir='ltr'><strong><em>nisi</em></strong></span> <span class='ocrx_word' id='word_1_53' title='bbox 565 916 654 981; x_wconf 83' lang='lat' dir='ltr'><strong><em>qui</em></strong></span> <span class='ocrx_word' id='word_1_54' title='bbox 692 915 958 968; x_wconf 75' lang='lat' dir='ltr'><strong><em>descendit</em></strong></span> <span class='ocrx_word' id='word_1_55' title='bbox 994 914 1055 967; x_wconf 83' lang='lat' dir='ltr'><strong><em>tle</em></strong></span> <span class='ocrx_word' id='word_1_56' title='bbox 1086 913 1231 977; x_wconf 76' lang='lat' dir='ltr'><strong><em>ctelo,</em></strong></span> <span class='ocrx_word' id='word_1_57' title='bbox 1252 912 1424 967; x_wconf 81' lang='lat' dir='ltr'><strong><em>Filius</em></strong></span> <span class='ocrx_word' id='word_1_58' title='bbox 1448 916 1674 966; x_wconf 76' lang='lat' dir='ltr'><strong><em>hominis</em></strong></span> <span class='ocrx_word' id='word_1_59' title='bbox 1702 916 1791 983; x_wconf 86' lang='lat' dir='ltr'><strong><em>qui</em></strong></span> <span class='ocrx_word' id='word_1_60' title='bbox 1820 925 1899 967; x_wconf 82' lang='lat' dir='ltr'><strong><em>est</em></strong></span> <span class='ocrx_word' id='word_1_61' title='bbox 1944 917 1998 969; x_wconf 71' lang='lat' dir='ltr'><strong><em>in</em></strong></span> 
     </span>
    </p>
   </div>
   <div class='ocr_carea' id='block_1_10' title="bbox 426 1004 1995 1073">
    <p class='ocr_par' dir='ltr' id='par_1_10' title="bbox 426 1004 1995 1073">
     <span class='ocr_line' id='line_1_10' title="bbox 426 1004 1995 1073; baseline 0.001 -16"><span class='ocrx_word' id='word_1_62' title='bbox 426 1006 630 1058; x_wconf 73' lang='lat' dir='ltr'><strong><em>coelo”.</em></strong></span> <span class='ocrx_word' id='word_1_63' title='bbox 664 1004 951 1059; x_wconf 81' lang='lat' dir='ltr'><strong><em>Descendit</em></strong></span> <span class='ocrx_word' id='word_1_64' title='bbox 984 1019 1113 1073; x_wconf 84' lang='lat' dir='ltr'><strong><em>ergo</em></strong></span> <span class='ocrx_word' id='word_1_65' title='bbox 1152 1004 1409 1058; x_wconf 78' lang='lat' dir='ltr'><strong><em>Dominus</em></strong></span> <span class='ocrx_word' id='word_1_66' title='bbox 1448 1021 1551 1057; x_wconf 89' lang='lat' dir='ltr'><strong><em>non</em></strong></span> <span class='ocrx_word' id='word_1_67' title='bbox 1579 1005 1748 1058; x_wconf 86' lang='lat' dir='ltr'><strong><em>solum</em></strong></span> <span class='ocrx_word' id='word_1_68' title='bbox 1784 1022 1995 1073; x_wconf 80' lang='lat' dir='ltr'><strong><em>curare,</em></strong></span> 
     </span>
    </p>
   </div>
   <div class='ocr_carea' id='block_1_11' title="bbox 426 1096 1998 1167">
    <p class='ocr_par' dir='ltr' id='par_1_11' title="bbox 426 1096 1998 1167">
     <span class='ocr_line' id='line_1_11' title="bbox 426 1096 1998 1167; baseline 0.003 -20"><span class='ocrx_word' id='word_1_69' title='bbox 426 1096 521 1147; x_wconf 84' lang='lat' dir='ltr'><strong><em>sed</em></strong></span> <span class='ocrx_word' id='word_1_70' title='bbox 556 1104 609 1150; x_wconf 80' lang='lat' dir='ltr'><strong><em>et</em></strong></span> <span class='ocrx_word' id='word_1_71' title='bbox 659 1106 878 1165; x_wconf 84' lang='lat' dir='ltr'><strong><em>portare</em></strong></span> <span class='ocrx_word' id='word_1_72' title='bbox 920 1113 1039 1165; x_wconf 72' lang='lat' dir='ltr'><strong><em>qua:</em></strong></span> <span class='ocrx_word' id='word_1_73' title='bbox 1076 1108 1261 1150; x_wconf 83' lang='lat' dir='ltr'><strong><em>nostra</em></strong></span> <span class='ocrx_word' id='word_1_74' title='bbox 1305 1107 1450 1152; x_wconf 90' lang='lat' dir='ltr'><strong><em>sunt.</em></strong></span> <span class='ocrx_word' id='word_1_75' title='bbox 1475 1097 1725 1152; x_wconf 84' lang='lat' dir='ltr'><strong><em>Formam</em></strong></span> <span class='ocrx_word' id='word_1_76' title='bbox 1765 1114 1998 1167; x_wconf 81' lang='lat' dir='ltr'><strong><em>namque</em></strong></span> 
     </span>
    </p>
   </div>
   <div class='ocr_carea' id='block_1_12' title="bbox 425 1188 1995 1255">
    <p class='ocr_par' dir='ltr' id='par_1_12' title="bbox 425 1188 1995 1255">
     <span class='ocr_line' id='line_1_12' title="bbox 425 1188 1995 1255; baseline 0.003 -16"><span class='ocrx_word' id='word_1_77' title='bbox 425 1188 573 1239; x_wconf 73' lang='lat' dir='ltr'><strong><em>servi</em></strong></span> <span class='ocrx_word' id='word_1_78' title='bbox 598 1188 825 1255; x_wconf 82' lang='lat' dir='ltr'><strong><em>accepit,</em></strong></span> <span class='ocrx_word' id='word_1_79' title='bbox 861 1196 915 1241; x_wconf 86' lang='lat' dir='ltr'><strong><em>et</em></strong></span> <span class='ocrx_word' id='word_1_80' title='bbox 942 1204 1060 1241; x_wconf 82' lang='lat' dir='ltr'><strong><em>cum</em></strong></span> <span class='ocrx_word' id='word_1_81' title='bbox 1096 1190 1209 1255; x_wconf 88' lang='lat' dir='ltr'><strong><em>ipse</em></strong></span> <span class='ocrx_word' id='word_1_82' title='bbox 1241 1190 1525 1242; x_wconf 83' lang='lat' dir='ltr'><strong><em>invisibilis</em></strong></span> <span class='ocrx_word' id='word_1_83' title='bbox 1551 1192 1622 1243; x_wconf 89' lang='lat' dir='ltr'><strong><em>sit</em></strong></span> <span class='ocrx_word' id='word_1_84' title='bbox 1647 1200 1874 1252; x_wconf 58' lang='lat' dir='ltr'><strong><em>natura,</em></strong></span> <span class='ocrx_word' id='word_1_85' title='bbox 1907 1200 1995 1244; x_wconf 77' lang='lat' dir='ltr'><strong><em>ut-</em></strong></span> 
     </span>
    </p>
   </div>
   <div class='ocr_carea' id='block_1_13' title="bbox 429 1278 1998 1346">
    <p class='ocr_par' dir='ltr' id='par_1_13' title="bbox 429 1278 1998 1346">
     <span class='ocr_line' id='line_1_13' title="bbox 429 1278 1998 1346; baseline 0.007 -19"><span class='ocrx_word' id='word_1_86' title='bbox 429 1286 555 1342; x_wconf 87' lang='lat' dir='ltr'><strong><em>pote</em></strong></span> <span class='ocrx_word' id='word_1_87' title='bbox 581 1280 802 1346; x_wconf 75' lang='lat' dir='ltr'><strong><em>:eqnalis</em></strong></span> <span class='ocrx_word' id='word_1_88' title='bbox 830 1278 994 1343; x_wconf 82' lang='lat' dir='ltr'><strong><em>Patri,</em></strong></span> <span class='ocrx_word' id='word_1_89' title='bbox 1032 1278 1273 1331; x_wconf 86' lang='lat' dir='ltr'><strong><em>habitum</em></strong></span> <span class='ocrx_word' id='word_1_90' title='bbox 1316 1289 1491 1332; x_wconf 89' lang='lat' dir='ltr'><strong><em>tamen</em></strong></span> <span class='ocrx_word' id='word_1_91' title='bbox 1524 1282 1790 1335; x_wconf 76' lang='lat' dir='ltr'><strong><em>visibilem</em></strong></span> <span class='ocrx_word' id='word_1_92' title='bbox 1814 1298 1998 1337; x_wconf 86' lang='lat' dir='ltr'><strong><em>susce-</em></strong></span> 
     </span>
    </p>
   </div>
   <div class='ocr_carea' id='block_1_14' title="bbox 430 1367 1993 1437">
    <p class='ocr_par' dir='ltr' id='par_1_14' title="bbox 430 1367 1993 1437">
     <span class='ocr_line' id='line_1_14' title="bbox 430 1367 1993 1437; baseline 0.005 -18"><span class='ocrx_word' id='word_1_93' title='bbox 430 1367 528 1433; x_wconf 82' lang='lat' dir='ltr'><strong><em>pit,</em></strong></span> <span class='ocrx_word' id='word_1_94' title='bbox 565 1379 617 1419; x_wconf 87' lang='lat' dir='ltr'><strong><em>et</em></strong></span> <span class='ocrx_word' id='word_1_95' title='bbox 682 1382 937 1437; x_wconf 82' lang='lat' dir='ltr'><strong><em>repertus</em></strong></span> <span class='ocrx_word' id='word_1_96' title='bbox 987 1382 1069 1426; x_wconf 84' lang='lat' dir='ltr'><strong><em>est</em></strong></span> <span class='ocrx_word' id='word_1_97' title='bbox 1118 1373 1303 1426; x_wconf 89' lang='lat' dir='ltr'><strong><em>habitu</em></strong></span> <span class='ocrx_word' id='word_1_98' title='bbox 1351 1381 1409 1425; x_wconf 93' lang='lat' dir='ltr'><strong><em>ut</em></strong></span> <span class='ocrx_word' id='word_1_99' title='bbox 1449 1373 1629 1427; x_wconf 89' lang='lat' dir='ltr'><strong><em>homo.</em></strong></span> <span class='ocrx_word' id='word_1_100' title='bbox 1661 1374 1764 1427; x_wconf 90' lang='lat' dir='ltr'><strong><em>Sed</em></strong></span> <span class='ocrx_word' id='word_1_101' title='bbox 1790 1384 1993 1427; x_wconf 78' lang='lat' dir='ltr'><strong><em>etcum</em></strong></span> 
     </span>
    </p>
   </div>
   <div class='ocr_carea' id='block_1_15' title="bbox 426 1459 1991 1530">
    <p class='ocr_par' dir='ltr' id='par_1_15' title="bbox 426 1459 1991 1530">
     <span class='ocr_line' id='line_1_15' title="bbox 426 1459 1991 1530; baseline 0.004 -19"><span class='ocrx_word' id='word_1_102' title='bbox 426 1459 724 1524; x_wconf 82' lang='lat' dir='ltr'><strong><em>descendit,</em></strong></span> <span class='ocrx_word' id='word_1_103' title='bbox 776 1461 902 1515; x_wconf 88' lang='lat' dir='ltr'><strong><em>aliis</em></strong></span> <span class='ocrx_word' id='word_1_104' title='bbox 940 1467 1191 1515; x_wconf 82' lang='lat' dir='ltr'><strong><em>deorsum</em></strong></span> <span class='ocrx_word' id='word_1_105' title='bbox 1229 1472 1333 1525; x_wconf 87' lang='lat' dir='ltr'><strong><em>est,</em></strong></span> <span class='ocrx_word' id='word_1_106' title='bbox 1366 1462 1487 1516; x_wconf 86' lang='lat' dir='ltr'><strong><em>aliis</em></strong></span> <span class='ocrx_word' id='word_1_107' title='bbox 1534 1479 1667 1517; x_wconf 86' lang='lat' dir='ltr'><strong><em>vero</em></strong></span> <span class='ocrx_word' id='word_1_108' title='bbox 1720 1465 1991 1530; x_wconf 79' lang='lat' dir='ltr'><strong><em>ascendit,</em></strong></span> 
     </span>
    </p>
   </div>
   <div class='ocr_carea' id='block_1_16' title="bbox 428 1552 1992 1620">
    <p class='ocr_par' dir='ltr' id='par_1_16' title="bbox 428 1552 1992 1620">
     <span class='ocr_line' id='line_1_16' title="bbox 428 1552 1992 1620; baseline 0.006 -19"><span class='ocrx_word' id='word_1_109' title='bbox 428 1558 481 1601; x_wconf 90' lang='lat' dir='ltr'><strong><em>et</em></strong></span> <span class='ocrx_word' id='word_1_110' title='bbox 510 1565 729 1607; x_wconf 78' lang='lat' dir='ltr'><strong><em>sursum</em></strong></span> <span class='ocrx_word' id='word_1_111' title='bbox 764 1563 869 1605; x_wconf 88' lang='lat' dir='ltr'><strong><em>est.</em></strong></span> <span class='ocrx_word' id='word_1_112' title='bbox 901 1552 1033 1607; x_wconf 78' lang='lat' dir='ltr'><strong><em>Nam</em></strong></span> <span class='ocrx_word' id='word_1_113' title='bbox 1068 1562 1123 1606; x_wconf 92' lang='lat' dir='ltr'><strong><em>et</em></strong></span> <span class='ocrx_word' id='word_1_114' title='bbox 1164 1554 1350 1607; x_wconf 87' lang='lat' dir='ltr'><strong><em>electis</em></strong></span> <span class='ocrx_word' id='word_1_115' title='bbox 1378 1555 1633 1620; x_wconf 78' lang='lat' dir='ltr'><strong><em>apostolis</em></strong></span> <span class='ocrx_word' id='word_1_116' title='bbox 1668 1558 1912 1611; x_wconf 87' lang='lat' dir='ltr'><strong><em>ascendit</em></strong></span> <span class='ocrx_word' id='word_1_117' title='bbox 1940 1560 1992 1611; x_wconf 83' lang='lat' dir='ltr'><strong><em>in</em></strong></span> 
     </span>
    </p>
   </div>
   <div class='ocr_carea' id='block_1_17' title="bbox 427 1643 1991 1707">
    <p class='ocr_par' dir='ltr' id='par_1_17' title="bbox 427 1643 1991 1707">
     <span class='ocr_line' id='line_1_17' title="bbox 427 1643 1991 1707; baseline 0.009 -18"><span class='ocrx_word' id='word_1_118' title='bbox 427 1650 661 1692; x_wconf 81' lang='lat' dir='ltr'><strong><em>montem</em></strong></span> <span class='ocrx_word' id='word_1_119' title='bbox 708 1643 1004 1707; x_wconf 70' lang='lat' dir='ltr'><strong><em>excelsam,</em></strong></span> <span class='ocrx_word' id='word_1_120' title='bbox 1028 1654 1082 1699; x_wconf 87' lang='lat' dir='ltr'><strong><em>et</em></strong></span> <span class='ocrx_word' id='word_1_121' title='bbox 1126 1645 1194 1697; x_wconf 82' lang='lat' dir='ltr'><strong><em>ibi</em></strong></span> <span class='ocrx_word' id='word_1_122' title='bbox 1246 1646 1664 1701; x_wconf 87' lang='lat' dir='ltr'><strong><em>transformatus</em></strong></span> <span class='ocrx_word' id='word_1_123' title='bbox 1688 1658 1770 1700; x_wconf 87' lang='lat' dir='ltr'><strong><em>est</em></strong></span> <span class='ocrx_word' id='word_1_124' title='bbox 1809 1665 1991 1703; x_wconf 82' lang='lat' dir='ltr'><strong><em>coram</em></strong></span> 
     </span>
    </p>
   </div>
   <div class='ocr_carea' id='block_1_18' title="bbox 429 1730 1990 1808">
    <p class='ocr_par' dir='ltr' id='par_1_18' title="bbox 429 1730 1990 1808">
     <span class='ocr_line' id='line_1_18' title="bbox 429 1730 1990 1808; baseline 0.012 -30"><span class='ocrx_word' id='word_1_125' title='bbox 429 1730 560 1796; x_wconf 81' lang='lat' dir='ltr'><strong><em>ipsis</em></strong></span> <span class='ocrx_word' id='word_1_126' title='bbox 585 1733 651 1790; x_wconf 76' lang='grc' dir='ltr'><strong><em>δι.</em></strong></span> <span class='ocrx_word' id='word_1_127' title='bbox 687 1734 793 1787; x_wconf 88' lang='lat' dir='ltr'><strong><em>lllis</em></strong></span> <span class='ocrx_word' id='word_1_128' title='bbox 823 1749 971 1801; x_wconf 83' lang='lat' dir='ltr'><strong><em>ergo,</em></strong></span> <span class='ocrx_word' id='word_1_129' title='bbox 1010 1750 1146 1803; x_wconf 90' lang='lat' dir='ltr'><strong><em>quos</em></strong></span> <span class='ocrx_word' id='word_1_130' title='bbox 1199 1738 1262 1791; x_wconf 85' lang='lat' dir='ltr'><strong><em>de</em></strong></span> <span class='ocrx_word' id='word_1_131' title='bbox 1320 1741 1595 1806; x_wconf 82' lang='lat' dir='ltr'><strong><em>mysteriis</em></strong></span> <span class='ocrx_word' id='word_1_132' title='bbox 1622 1741 1769 1808; x_wconf 82' lang='lat' dir='ltr'><strong><em>regni</em></strong></span> <span class='ocrx_word' id='word_1_133' title='bbox 1826 1743 1990 1796; x_wconf 85' lang='lat' dir='ltr'><strong><em>ccelo-</em></strong></span> 
     </span>
    </p>
   </div>
   <div class='ocr_carea' id='block_1_19' title="bbox 429 1822 1989 1898">
    <p class='ocr_par' dir='ltr' id='par_1_19' title="bbox 429 1822 1989 1898">
     <span class='ocr_line' id='line_1_19' title="bbox 429 1822 1989 1898; baseline 0.01 -29"><span class='ocrx_word' id='word_1_134' title='bbox 429 1835 540 1872; x_wconf 90' lang='lat' dir='ltr'><strong><em>rum</em></strong></span> <span class='ocrx_word' id='word_1_135' title='bbox 569 1822 743 1882; x_wconf 91' lang='lat' dir='ltr'><strong><em>docet.</em></strong></span> <span class='ocrx_word' id='word_1_136' title='bbox 780 1839 992 1879; x_wconf 86' lang='lat' dir='ltr'><strong><em>sursum</em></strong></span> <span class='ocrx_word' id='word_1_137' title='bbox 1018 1838 1099 1881; x_wconf 88' lang='lat' dir='ltr'><strong><em>est</em></strong></span> <span class='ocrx_word' id='word_1_138' title='bbox 1129 1844 1143 1891; x_wconf 94' lang='lat'><strong>;</strong></span> <span class='ocrx_word' id='word_1_139' title='bbox 1189 1830 1364 1883; x_wconf 82' lang='lat' dir='ltr'><strong><em>turbis</em></strong></span> <span class='ocrx_word' id='word_1_140' title='bbox 1392 1842 1567 1884; x_wconf 89' lang='lat' dir='ltr'><strong><em>autem</em></strong></span> <span class='ocrx_word' id='word_1_141' title='bbox 1598 1843 1652 1885; x_wconf 91' lang='lat' dir='ltr'><strong><em>et</em></strong></span> <span class='ocrx_word' id='word_1_142' title='bbox 1683 1832 1989 1898; x_wconf 70' lang='lat' dir='ltr'><strong><em>Pharisteis,</em></strong></span> 
     </span>
    </p>
   </div>
   <div class='ocr_carea' id='block_1_20' title="bbox 421 1910 1993 1983">
    <p class='ocr_par' dir='ltr' id='par_1_20' title="bbox 421 1910 1993 1983">
     <span class='ocr_line' id='line_1_20' title="bbox 421 1910 1993 1983; baseline 0.013 -26"><span class='ocrx_word' id='word_1_143' title='bbox 421 1910 614 1975; x_wconf 83' lang='lat' dir='ltr'><strong><em>quibus</em></strong></span> <span class='ocrx_word' id='word_1_144' title='bbox 650 1914 943 1979; x_wconf 72' lang='lat' dir='ltr'><strong><em>exprobrat</em></strong></span> <span class='ocrx_word' id='word_1_145' title='bbox 979 1928 1223 1982; x_wconf 75' lang='lat' dir='ltr'><strong><em>peccata,</em></strong></span> <span class='ocrx_word' id='word_1_146' title='bbox 1255 1919 1506 1972; x_wconf 84' lang='lat' dir='ltr'><strong><em>deorsum</em></strong></span> <span class='ocrx_word' id='word_1_147' title='bbox 1555 1930 1658 1983; x_wconf 86' lang='lat' dir='ltr'><strong><em>est,</em></strong></span> <span class='ocrx_word' id='word_1_148' title='bbox 1691 1931 1744 1974; x_wconf 84' lang='lat' dir='ltr'><strong><em>et</em></strong></span> <span class='ocrx_word' id='word_1_149' title='bbox 1793 1923 1861 1977; x_wconf 91' lang='lat' dir='ltr'><strong><em>ibi</em></strong></span> <span class='ocrx_word' id='word_1_150' title='bbox 1910 1932 1993 1977; x_wconf 87' lang='lat' dir='ltr'><strong><em>est</em></strong></span> 
     </span>
    </p>
   </div>
   <div class='ocr_carea' id='block_1_21' title="bbox 417 2001 1989 2069">
    <p class='ocr_par' dir='ltr' id='par_1_21' title="bbox 417 2001 1989 2069">
     <span class='ocr_line' id='line_1_21' title="bbox 417 2001 1989 2069; baseline 0.011 -18"><span class='ocrx_word' id='word_1_151' title='bbox 417 2012 539 2051; x_wconf 91' lang='lat' dir='ltr'><strong><em>cum</em></strong></span> <span class='ocrx_word' id='word_1_152' title='bbox 594 2001 745 2064; x_wconf 86' lang='lat' dir='ltr'><strong><em>ipsis,</em></strong></span> <span class='ocrx_word' id='word_1_153' title='bbox 820 2004 907 2057; x_wconf 85' lang='lat' dir='ltr'><strong><em>ubi</em></strong></span> <span class='ocrx_word' id='word_1_154' title='bbox 972 2007 1152 2059; x_wconf 80' lang='lat' dir='ltr'><strong><em>lcitum</em></strong></span> <span class='ocrx_word' id='word_1_155' title='bbox 1210 2019 1311 2061; x_wconf 87' lang='lat' dir='ltr'><strong><em>est.</em></strong></span> <span class='ocrx_word' id='word_1_156' title='bbox 1364 2010 1764 2068; x_wconf 84' lang='lat' dir='ltr'><strong><em>Transfocmari</em></strong></span> <span class='ocrx_word' id='word_1_157' title='bbox 1810 2023 1989 2069; x_wconf 86' lang='lat' dir='ltr'><strong><em>autem</em></strong></span> 
     </span>
    </p>
   </div>
   <div class='ocr_carea' id='block_1_22' title="bbox 419 2088 1991 2161">
    <p class='ocr_par' dir='ltr' id='par_1_22' title="bbox 419 2088 1991 2161">
     <span class='ocr_line' id='line_1_22' title="bbox 419 2088 1991 2161; baseline 0.013 -21"><span class='ocrx_word' id='word_1_158' title='bbox 419 2088 669 2143; x_wconf 85' lang='lat' dir='ltr'><strong><em>deorsum</em></strong></span> <span class='ocrx_word' id='word_1_159' title='bbox 698 2107 802 2143; x_wconf 90' lang='lat' dir='ltr'><strong><em>non</em></strong></span> <span class='ocrx_word' id='word_1_160' title='bbox 840 2104 1073 2161; x_wconf 71' lang='lat' dir='ltr'><strong><em>poterat,</em></strong></span> <span class='ocrx_word' id='word_1_161' title='bbox 1107 2098 1200 2149; x_wconf 85' lang='lat' dir='ltr'><strong><em>sed</em></strong></span> <span class='ocrx_word' id='word_1_162' title='bbox 1228 2114 1442 2153; x_wconf 87' lang='lat' dir='ltr'><strong><em>sursum</em></strong></span> <span class='ocrx_word' id='word_1_163' title='bbox 1483 2102 1727 2154; x_wconf 72' lang='lat' dir='ltr'><strong><em>ascendit</em></strong></span> <span class='ocrx_word' id='word_1_164' title='bbox 1755 2118 1875 2155; x_wconf 89' lang='lat' dir='ltr'><strong><em>cum</em></strong></span> <span class='ocrx_word' id='word_1_165' title='bbox 1924 2105 1991 2161; x_wconf 87' lang='lat' dir='ltr'><strong><em>iis</em></strong></span> 
     </span>
    </p>
   </div>
   <div class='ocr_carea' id='block_1_23' title="bbox 416 2175 1735 2248">
    <p class='ocr_par' dir='ltr' id='par_1_23' title="bbox 416 2175 1735 2248">
     <span class='ocr_line' id='line_1_23' title="bbox 416 2175 1735 2248; baseline 0.015 -21"><span class='ocrx_word' id='word_1_166' title='bbox 416 2175 511 2243; x_wconf 85' lang='lat' dir='ltr'><strong><em>qui</em></strong></span> <span class='ocrx_word' id='word_1_167' title='bbox 540 2180 691 2245; x_wconf 84' lang='lat' dir='ltr'><strong><em>sequi</em></strong></span> <span class='ocrx_word' id='word_1_168' title='bbox 718 2196 773 2233; x_wconf 89' lang='lat' dir='ltr'><strong><em>se</em></strong></span> <span class='ocrx_word' id='word_1_169' title='bbox 797 2192 1069 2248; x_wconf 81' lang='lat' dir='ltr'><strong><em>poterant,</em></strong></span> <span class='ocrx_word' id='word_1_170' title='bbox 1107 2198 1157 2238; x_wconf 88' lang='lat' dir='ltr'><strong><em>cl</em></strong></span> <span class='ocrx_word' id='word_1_171' title='bbox 1189 2187 1735 2248; x_wconf 62' lang='lat' dir='ltr'><strong><em>ilti&#39;transforinatur.</em></strong></span> 
     </span>
    </p>
   </div>
   <div class='ocr_carea' id='block_1_24' title="bbox 495 2265 1989 2344">
    <p class='ocr_par' dir='ltr' id='par_1_24' title="bbox 495 2265 1989 2344">
     <span class='ocr_line' id='line_1_24' title="bbox 495 2265 1989 2344; baseline 0.012 -26"><span class='ocrx_word' id='word_1_172' title='bbox 495 2265 549 2319; x_wconf 87' lang='lat'><strong><em>6.</em></strong></span> <span class='ocrx_word' id='word_1_173' title='bbox 582 2268 834 2325; x_wconf 84' lang='lat' dir='ltr'><strong><em>Descendi</em></strong></span> <span class='ocrx_word' id='word_1_174' title='bbox 860 2290 1003 2339; x_wconf 78' lang='lat' dir='ltr'><strong><em>ergo,</em></strong></span> <span class='ocrx_word' id='word_1_175' title='bbox 1034 2275 1298 2344; x_wconf 79' lang='lat' dir='ltr'><strong><em>inquit&quot;,</em></strong></span> <span class='ocrx_word' id='word_1_176' title='bbox 1322 2289 1374 2329; x_wconf 84' lang='lat' dir='ltr'><strong><em>ut</em></strong></span> <span class='ocrx_word' id='word_1_177' title='bbox 1403 2280 1600 2332; x_wconf 81' lang='lat' dir='ltr'><strong><em>rideam</em></strong></span> <span class='ocrx_word' id='word_1_178' title='bbox 1634 2283 1676 2333; x_wconf 89' lang='lat' dir='ltr'><strong><em>si</em></strong></span> <span class='ocrx_word' id='word_1_179' title='bbox 1705 2286 1989 2337; x_wconf 79' lang='lat' dir='ltr'><strong><em>secundum</em></strong></span> 
     </span>
    </p>
   </div>
   <div class='ocr_carea' id='block_1_25' title="bbox 417 2355 1989 2433">
    <p class='ocr_par' dir='ltr' id='par_1_25' title="bbox 417 2355 1989 2433">
     <span class='ocr_line' id='line_1_25' title="bbox 417 2355 1989 2433; baseline 0.013 -27"><span class='ocrx_word' id='word_1_180' title='bbox 417 2355 694 2412; x_wconf 87' lang='lat' dir='ltr'><strong><em>clamorem</em></strong></span> <span class='ocrx_word' id='word_1_181' title='bbox 730 2377 927 2422; x_wconf 87' lang='lat' dir='ltr'><strong><em>eorum,</em></strong></span> <span class='ocrx_word' id='word_1_182' title='bbox 947 2366 1034 2433; x_wconf 81' lang='lat' dir='ltr'><strong><em>qui</em></strong></span> <span class='ocrx_word' id='word_1_183' title='bbox 1057 2368 1192 2419; x_wconf 80' lang='lat' dir='ltr'><strong><em>venit</em></strong></span> <span class='ocrx_word' id='word_1_184' title='bbox 1227 2369 1294 2418; x_wconf 81' lang='lat' dir='ltr'><strong><em>atl</em></strong></span> <span class='ocrx_word' id='word_1_185' title='bbox 1318 2382 1875 2429; x_wconf 83' lang='lat' dir='ltr'><strong><em>nte,consummentur.</em></strong></span> <span class='ocrx_word' id='word_1_186' title='bbox 1893 2372 1989 2426; x_wconf 79' lang='lat' dir='ltr'><strong><em>Siti</em></strong></span> 
     </span>
    </p>
   </div>
   <div class='ocr_carea' id='block_1_26' title="bbox 421 2454 1989 2529">
    <p class='ocr_par' dir='ltr' id='par_1_26' title="bbox 421 2454 1989 2529">
     <span class='ocr_line' id='line_1_26' title="bbox 421 2454 1989 2529; baseline 0.013 -31"><span class='ocrx_word' id='word_1_187' title='bbox 421 2456 694 2509; x_wconf 85' lang='lat' dir='ltr'><strong><em>antem,ut</em></strong></span> <span class='ocrx_word' id='word_1_188' title='bbox 734 2454 917 2506; x_wconf 81' lang='lat' dir='ltr'><strong><em>sciam.</em></strong></span> <span class='ocrx_word' id='word_1_189' title='bbox 946 2456 1020 2507; x_wconf 80' lang='lat' dir='ltr'><strong><em>Ex</em></strong></span> <span class='ocrx_word' id='word_1_190' title='bbox 1059 2457 1159 2511; x_wconf 75' lang='lat' dir='ltr'><strong><em>i5to</em></strong></span> <span class='ocrx_word' id='word_1_191' title='bbox 1200 2459 1583 2529; x_wconf 70' lang='lat' dir='ltr'><strong><em>seruione(lt‘i)</em></strong></span> <span class='ocrx_word' id='word_1_192' title='bbox 1612 2462 1848 2517; x_wconf 75' lang='lat' dir='ltr'><strong><em>bzcretici</em></strong></span> <span class='ocrx_word' id='word_1_193' title='bbox 1884 2465 1989 2517; x_wconf 90' lang='lat' dir='ltr'><strong><em>im-</em></strong></span> 
     </span>
    </p>
   </div>
   <div class='ocr_carea' id='block_1_27' title="bbox 420 2544 1989 2609">
    <p class='ocr_par' dir='ltr' id='par_1_27' title="bbox 420 2544 1989 2609">
     <span class='ocr_line' id='line_1_27' title="bbox 420 2544 1989 2609; baseline 0.013 -20"><span class='ocrx_word' id='word_1_194' title='bbox 420 2552 661 2607; x_wconf 79' lang='lat' dir='ltr'><strong><em>pugnare</em></strong></span> <span class='ocrx_word' id='word_1_195' title='bbox 685 2544 855 2595; x_wconf 75' lang='lat' dir='ltr'><strong><em>solent</em></strong></span> <span class='ocrx_word' id='word_1_196' title='bbox 890 2545 1053 2597; x_wconf 87' lang='lat' dir='ltr'><strong><em>Dettnt</em></strong></span> <span class='ocrx_word' id='word_1_197' title='bbox 1089 2563 1269 2603; x_wconf 89' lang='lat' dir='ltr'><strong><em>meum</em></strong></span> <span class='ocrx_word' id='word_1_198' title='bbox 1299 2549 1573 2603; x_wconf 83' lang='lat' dir='ltr'><strong><em>dicentes:</em></strong></span> <span class='ocrx_word' id='word_1_199' title='bbox 1609 2552 1746 2605; x_wconf 85' lang='lat' dir='ltr'><strong><em>Ecce</em></strong></span> <span class='ocrx_word' id='word_1_200' title='bbox 1778 2555 1989 2609; x_wconf 87' lang='lat' dir='ltr'><strong><em>nescie-</em></strong></span> 
     </span>
    </p>
   </div>
   <div class='ocr_carea' id='block_1_28' title="bbox 419 2629 1985 2707">
    <p class='ocr_par' dir='ltr' id='par_1_28' title="bbox 419 2629 1985 2707">
     <span class='ocr_line' id='line_1_28' title="bbox 419 2629 1985 2707; baseline 0.016 -29"><span class='ocrx_word' id='word_1_201' title='bbox 419 2630 509 2680; x_wconf 92' lang='lat' dir='ltr'><strong><em>hat</em></strong></span> <span class='ocrx_word' id='word_1_202' title='bbox 556 2629 695 2684; x_wconf 85' lang='lat' dir='ltr'><strong><em>Deus</em></strong></span> <span class='ocrx_word' id='word_1_203' title='bbox 744 2632 878 2703; x_wconf 80' lang='lat' dir='ltr'><strong><em>legis</em></strong></span> <span class='ocrx_word' id='word_1_204' title='bbox 908 2638 1035 2705; x_wconf 89' lang='lat' dir='ltr'><strong><em>quid</em></strong></span> <span class='ocrx_word' id='word_1_205' title='bbox 1065 2652 1321 2707; x_wconf 81' lang='lat' dir='ltr'><strong><em>ageretur</em></strong></span> <span class='ocrx_word' id='word_1_206' title='bbox 1362 2644 1416 2695; x_wconf 89' lang='lat' dir='ltr'><strong><em>in</em></strong></span> <span class='ocrx_word' id='word_1_207' title='bbox 1451 2643 1723 2706; x_wconf 83' lang='lat' dir='ltr'><strong><em>Sodomis,</em></strong></span> <span class='ocrx_word' id='word_1_208' title='bbox 1760 2648 1861 2701; x_wconf 87' lang='lat' dir='ltr'><strong><em>nisi</em></strong></span> <span class='ocrx_word' id='word_1_209' title='bbox 1892 2650 1985 2702; x_wconf 85' lang='lat' dir='ltr'><strong><em>de-</em></strong></span> 
     </span>
    </p>
   </div>
   <div class='ocr_carea' id='block_1_29' title="bbox 416 2722 1985 2801">
    <p class='ocr_par' dir='ltr' id='par_1_29' title="bbox 416 2722 1985 2801">
     <span class='ocr_line' id='line_1_29' title="bbox 416 2722 1985 2801; baseline 0.013 -30"><span class='ocrx_word' id='word_1_210' title='bbox 416 2722 720 2774; x_wconf 86' lang='lat' dir='ltr'><strong><em>scendisset</em></strong></span> <span class='ocrx_word' id='word_1_211' title='bbox 749 2735 804 2777; x_wconf 93' lang='lat' dir='ltr'><strong><em>ut</em></strong></span> <span class='ocrx_word' id='word_1_212' title='bbox 839 2726 1064 2794; x_wconf 76' lang='lat' dir='ltr'><strong><em>videret,</em></strong></span> <span class='ocrx_word' id='word_1_213' title='bbox 1086 2740 1137 2783; x_wconf 91' lang='lat' dir='ltr'><strong><em>et</em></strong></span> <span class='ocrx_word' id='word_1_214' title='bbox 1164 2733 1397 2786; x_wconf 87' lang='lat' dir='ltr'><strong><em>misisset</em></strong></span> <span class='ocrx_word' id='word_1_215' title='bbox 1429 2734 1520 2801; x_wconf 87' lang='lat' dir='ltr'><strong><em>qui</em></strong></span> <span class='ocrx_word' id='word_1_216' title='bbox 1546 2735 1837 2790; x_wconf 84' lang='lat' dir='ltr'><strong><em>discerent.</em></strong></span> <span class='ocrx_word' id='word_1_217' title='bbox 1881 2739 1985 2793; x_wconf 87' lang='lat' dir='ltr'><strong><em>Sed</em></strong></span> 
     </span>
    </p>
   </div>
   <div class='ocr_carea' id='block_1_30' title="bbox 418 2812 1988 2891">
    <p class='ocr_par' dir='ltr' id='par_1_30' title="bbox 418 2812 1988 2891">
     <span class='ocr_line' id='line_1_30' title="bbox 418 2812 1988 2891; baseline 0.017 -32"><span class='ocrx_word' id='word_1_218' title='bbox 418 2825 535 2873; x_wconf 90' lang='lat' dir='ltr'><strong><em>nos,</em></strong></span> <span class='ocrx_word' id='word_1_219' title='bbox 556 2812 753 2879; x_wconf 89' lang='lat' dir='ltr'><strong><em>quibus</em></strong></span> <span class='ocrx_word' id='word_1_220' title='bbox 778 2818 1086 2887; x_wconf 78' lang='lat' dir='ltr'><strong><em>przccipitur</em></strong></span> <span class='ocrx_word' id='word_1_221' title='bbox 1104 2822 1335 2889; x_wconf 73' lang='lat' dir='ltr'><strong><em>proeliari</em></strong></span> <span class='ocrx_word' id='word_1_222' title='bbox 1364 2825 1546 2889; x_wconf 70' lang='lat' dir='ltr'><strong><em>prailia</em></strong></span> <span class='ocrx_word' id='word_1_223' title='bbox 1571 2825 1807 2891; x_wconf 91' lang='lat' dir='ltr'><strong><em>Domini,</em></strong></span> <span class='ocrx_word' id='word_1_224' title='bbox 1825 2845 1988 2885; x_wconf 87' lang='lat' dir='ltr'><strong><em>acua-</em></strong></span> 
     </span>
    </p>
   </div>
   <div class='ocr_carea' id='block_1_31' title="bbox 418 2904 1987 2982">
    <p class='ocr_par' dir='ltr' id='par_1_31' title="bbox 418 2904 1987 2982">
     <span class='ocr_line' id='line_1_31' title="bbox 418 2904 1987 2982; baseline 0.017 -33"><span class='ocrx_word' id='word_1_225' title='bbox 418 2914 536 2953; x_wconf 91' lang='lat' dir='ltr'><strong><em>tnus</em></strong></span> <span class='ocrx_word' id='word_1_226' title='bbox 562 2904 819 2959; x_wconf 85' lang='lat' dir='ltr'><strong><em>adversus</em></strong></span> <span class='ocrx_word' id='word_1_227' title='bbox 845 2922 935 2963; x_wconf 88' lang='lat' dir='ltr'><strong><em>eos</em></strong></span> <span class='ocrx_word' id='word_1_228' title='bbox 988 2912 1318 2982; x_wconf 71' lang='lat' dir='ltr'><strong><em>romphteam</em></strong></span> <span class='ocrx_word' id='word_1_229' title='bbox 1368 2916 1516 2969; x_wconf 86' lang='lat' dir='ltr'><strong><em>verbi</em></strong></span> <span class='ocrx_word' id='word_1_230' title='bbox 1550 2918 1636 2971; x_wconf 86' lang='lat' dir='ltr'><strong><em>Dei</em></strong></span> <span class='ocrx_word' id='word_1_231' title='bbox 1659 2928 1987 2975; x_wconf 85' lang='lat' dir='ltr'><strong><em>etoccurra-</em></strong></span> 
     </span>
    </p>
   </div>
   <div class='ocr_carea' id='block_1_32' title="bbox 342 2994 1986 3067">
    <p class='ocr_par' dir='ltr' id='par_1_32' title="bbox 342 2994 1986 3067">
     <span class='ocr_line' id='line_1_32' title="bbox 342 2994 1986 3067; baseline 0.016 -26"><span class='ocrx_word' id='word_1_232' title='bbox 342 3006 353 3016; x_wconf 87' lang='grc'><strong>·</strong></span> <span class='ocrx_word' id='word_1_233' title='bbox 416 3007 535 3047; x_wconf 90' lang='lat' dir='ltr'><strong><em>inus</em></strong></span> <span class='ocrx_word' id='word_1_234' title='bbox 557 2994 635 3048; x_wconf 84' lang='lat' dir='ltr'><strong><em>eis</em></strong></span> <span class='ocrx_word' id='word_1_235' title='bbox 663 2996 727 3049; x_wconf 87' lang='lat' dir='ltr'><strong><em>ad</em></strong></span> <span class='ocrx_word' id='word_1_236' title='bbox 759 3012 1017 3065; x_wconf 79' lang='lat' dir='ltr'><strong><em>pugnant.</em></strong></span> <span class='ocrx_word' id='word_1_237' title='bbox 1041 3001 1257 3056; x_wconf 87' lang='lat' dir='ltr'><strong><em>Stemus</em></strong></span> <span class='ocrx_word' id='word_1_238' title='bbox 1284 3005 1339 3056; x_wconf 86' lang='lat' dir='ltr'><strong><em>in</em></strong></span> <span class='ocrx_word' id='word_1_239' title='bbox 1358 3005 1473 3060; x_wconf 82' lang='lat' dir='ltr'><strong><em>acie</em></strong></span> <span class='ocrx_word' id='word_1_240' title='bbox 1490 3008 1749 3064; x_wconf 79' lang='lat' dir='ltr'><strong><em>succincti</em></strong></span> <span class='ocrx_word' id='word_1_241' title='bbox 1777 3010 1986 3067; x_wconf 85' lang='lat' dir='ltr'><strong><em>lumbos</em></strong></span> 
     </span>
    </p>
   </div>
   <div class='ocr_carea' id='block_1_33' title="bbox 2106 547 3663 615">
    <p class='ocr_par' dir='ltr' id='par_1_33' title="bbox 2106 547 3663 615">
     <span class='ocr_line' id='line_1_33' title="bbox 2106 547 3663 615; baseline 0 -14"><span class='ocrx_word' id='word_1_242' title='bbox 2106 566 2215 603; x_wconf 77' lang='lat' dir='ltr'><strong><em>eos.</em></strong></span> <span class='ocrx_word' id='word_1_243' title='bbox 2244 550 2306 601; x_wconf 84' lang='lat' dir='ltr'><strong><em>Et</em></strong></span> <span class='ocrx_word' id='word_1_244' title='bbox 2333 550 2525 601; x_wconf 90' lang='lat' dir='ltr'><strong><em>iterum</em></strong></span> <span class='ocrx_word' id='word_1_245' title='bbox 2561 547 2759 600; x_wconf 80' lang='lat' dir='ltr'><strong><em>Paulus</em></strong></span> <span class='ocrx_word' id='word_1_246' title='bbox 2786 549 2915 599; x_wconf 89' lang='lat' dir='ltr'><strong><em>dicit</em></strong></span> <span class='ocrx_word' id='word_1_247' title='bbox 2944 549 2987 578; x_wconf 76' lang='grc'>⁸³</span> <span class='ocrx_word' id='word_1_248' title='bbox 3024 563 3036 598; x_wconf 90' lang='grc'>;</span> <span class='ocrx_word' id='word_1_249' title='bbox 3073 548 3275 615; x_wconf 78' lang='lat' dir='ltr'><strong><em>Siquis</em></strong></span> <span class='ocrx_word' id='word_1_250' title='bbox 3309 550 3359 599; x_wconf 86' lang='lat' dir='ltr'><strong><em>in</em></strong></span> <span class='ocrx_word' id='word_1_251' title='bbox 3398 550 3536 600; x_wconf 65' lang='lat' dir='ltr'><strong><em>vobis</em></strong></span> <span class='ocrx_word' id='word_1_252' title='bbox 3582 557 3663 601; x_wconf 72' lang='lat' dir='ltr'><strong><em>est</em></strong></span> 
     </span>
    </p>
   </div>
   <div class='ocr_carea' id='block_1_34' title="bbox 2102 638 3665 707">
    <p class='ocr_par' dir='ltr' id='par_1_34' title="bbox 2102 638 3665 707">
     <span class='ocr_line' id='line_1_34' title="bbox 2102 638 3665 707; baseline 0.003 -18"><span class='ocrx_word' id='word_1_253' title='bbox 2102 640 2355 707; x_wconf 82' lang='lat' dir='ltr'><strong><em>propheta</em></strong></span> <span class='ocrx_word' id='word_1_254' title='bbox 2413 639 2489 691; x_wconf 77' lang='lat' dir='ltr'><strong><em>vel</em></strong></span> <span class='ocrx_word' id='word_1_255' title='bbox 2543 638 2823 705; x_wconf 80' lang='lat' dir='ltr'><strong><em>spiritalis,</em></strong></span> <span class='ocrx_word' id='word_1_256' title='bbox 2875 650 3125 707; x_wconf 80' lang='lat' dir='ltr'><strong><em>agnoscat</em></strong></span> <span class='ocrx_word' id='word_1_257' title='bbox 3163 655 3278 707; x_wconf 69' lang='lat' dir='ltr'><strong><em>qui:</em></strong></span> <span class='ocrx_word' id='word_1_258' title='bbox 3310 640 3499 701; x_wconf 80' lang='lat' dir='ltr'><strong><em>scribo,</em></strong></span> <span class='ocrx_word' id='word_1_259' title='bbox 3538 642 3665 707; x_wconf 76' lang='lat' dir='ltr'><strong><em>quia</em></strong></span> 
     </span>
    </p>
   </div>
   <div class='ocr_carea' id='block_1_35' title="bbox 2107 729 3661 801">
    <p class='ocr_par' dir='ltr' id='par_1_35' title="bbox 2107 729 3661 801">
     <span class='ocr_line' id='line_1_35' title="bbox 2107 729 3661 801; baseline 0.001 -20"><span class='ocrx_word' id='word_1_260' title='bbox 2107 729 2315 781; x_wconf 86' lang='lat' dir='ltr'><strong><em>Domini</em></strong></span> <span class='ocrx_word' id='word_1_261' title='bbox 2342 739 2485 782; x_wconf 81' lang='lat' dir='ltr'><strong><em>sunt.</em></strong></span> <span class='ocrx_word' id='word_1_262' title='bbox 2520 730 2623 794; x_wconf 83' lang='lat' dir='ltr'><strong><em>Qui</em></strong></span> <span class='ocrx_word' id='word_1_263' title='bbox 2669 741 2841 781; x_wconf 87' lang='lat' dir='ltr'><strong><em>autem</em></strong></span> <span class='ocrx_word' id='word_1_264' title='bbox 2897 731 3119 796; x_wconf 85' lang='lat' dir='ltr'><strong><em>ignorat,</em></strong></span> <span class='ocrx_word' id='word_1_265' title='bbox 3173 732 3498 797; x_wconf 74' lang='lat' dir='ltr'><strong><em>ignorabitur</em></strong></span> <span class='ocrx_word' id='word_1_266' title='bbox 3529 732 3661 801; x_wconf 79' lang='grc'><strong><em>(17)-</em></strong></span> 
     </span>
    </p>
   </div>
   <div class='ocr_carea' id='block_1_36' title="bbox 2104 817 3664 888">
    <p class='ocr_par' dir='ltr' id='par_1_36' title="bbox 2104 817 3664 888">
     <span class='ocr_line' id='line_1_36' title="bbox 2104 817 3664 888; baseline 0.002 -18"><span class='ocrx_word' id='word_1_267' title='bbox 2104 817 2229 871; x_wconf 53' lang='lat' dir='ltr'><strong><em>Haec</em></strong></span> <span class='ocrx_word' id='word_1_268' title='bbox 2250 825 2428 871; x_wconf 83' lang='lat' dir='ltr'><strong><em>autem</em></strong></span> <span class='ocrx_word' id='word_1_269' title='bbox 2463 820 2835 875; x_wconf 62' lang='lat' dir='ltr'><strong><em>dicimusnon</em></strong></span> <span class='ocrx_word' id='word_1_270' title='bbox 2873 819 3241 886; x_wconf 75' lang='lat' dir='ltr'><strong><em>blasphcutuni</em></strong></span> <span class='ocrx_word' id='word_1_271' title='bbox 3271 821 3495 888; x_wconf 84' lang='lat' dir='ltr'><strong><em>aliquid,</em></strong></span> <span class='ocrx_word' id='word_1_272' title='bbox 3526 822 3664 875; x_wconf 73' lang='lat' dir='ltr'><strong><em>sicut</em></strong></span> 
     </span>
    </p>
   </div>
   <div class='ocr_carea' id='block_1_37' title="bbox 2103 906 3663 975">
    <p class='ocr_par' dir='ltr' id='par_1_37' title="bbox 2103 906 3663 975">
     <span class='ocr_line' id='line_1_37' title="bbox 2103 906 3663 975; baseline -0.001 -16"><span class='ocrx_word' id='word_1_273' title='bbox 2103 921 2200 960; x_wconf 82' lang='lat' dir='ltr'><strong><em>vos</em></strong></span> <span class='ocrx_word' id='word_1_274' title='bbox 2234 907 2435 970; x_wconf 86' lang='lat' dir='ltr'><strong><em>facitis,</em></strong></span> <span class='ocrx_word' id='word_1_275' title='bbox 2471 910 2536 959; x_wconf 87' lang='lat' dir='ltr'><strong><em>de</em></strong></span> <span class='ocrx_word' id='word_1_276' title='bbox 2569 906 2677 961; x_wconf 88' lang='lat' dir='ltr'><strong><em>Deo</em></strong></span> <span class='ocrx_word' id='word_1_277' title='bbox 2714 908 3034 970; x_wconf 86' lang='lat' dir='ltr'><strong><em>sentientes,</em></strong></span> <span class='ocrx_word' id='word_1_278' title='bbox 3087 923 3263 974; x_wconf 84' lang='lat' dir='ltr'><strong><em>neque</em></strong></span> <span class='ocrx_word' id='word_1_279' title='bbox 3310 908 3663 975; x_wconf 75' lang='lat' dir='ltr'><strong><em>ignorantiam</em></strong></span> 
     </span>
    </p>
   </div>
   <div class='ocr_carea' id='block_1_38' title="bbox 2102 998 3663 1067">
    <p class='ocr_par' dir='ltr' id='par_1_38' title="bbox 2102 998 3663 1067">
     <span class='ocr_line' id='line_1_38' title="bbox 2102 998 3663 1067; baseline 0.001 -17"><span class='ocrx_word' id='word_1_280' title='bbox 2102 999 2437 1051; x_wconf 82' lang='lat' dir='ltr'><strong><em>ascribentes</em></strong></span> <span class='ocrx_word' id='word_1_281' title='bbox 2460 998 2531 1057; x_wconf 91' lang='lat' dir='ltr'><strong><em>ei.</em></strong></span> <span class='ocrx_word' id='word_1_282' title='bbox 2566 1001 2658 1052; x_wconf 86' lang='lat' dir='ltr'><strong><em>sed</em></strong></span> <span class='ocrx_word' id='word_1_283' title='bbox 2691 999 2759 1050; x_wconf 87' lang='lat' dir='ltr'><strong><em>ita</em></strong></span> <span class='ocrx_word' id='word_1_284' title='bbox 2792 998 3164 1063; x_wconf 80' lang='lat' dir='ltr'><strong><em>intelligimus,</em></strong></span> <span class='ocrx_word' id='word_1_285' title='bbox 3189 1000 3330 1067; x_wconf 89' lang='lat' dir='ltr'><strong><em>qttod</em></strong></span> <span class='ocrx_word' id='word_1_286' title='bbox 3363 1000 3663 1067; x_wconf 80' lang='lat' dir='ltr'><strong><em>hiqttorunt</em></strong></span> 
     </span>
    </p>
   </div>
   <div class='ocr_carea' id='block_1_39' title="bbox 2101 1086 3660 1156">
    <p class='ocr_par' dir='ltr' id='par_1_39' title="bbox 2101 1086 3660 1156">
     <span class='ocr_line' id='line_1_39' title="bbox 2101 1086 3660 1156; baseline 0.003 -17"><span class='ocrx_word' id='word_1_287' title='bbox 2101 1099 2255 1141; x_wconf 81' lang='lat' dir='ltr'><strong><em>actus</em></strong></span> <span class='ocrx_word' id='word_1_288' title='bbox 2292 1086 2404 1141; x_wconf 85' lang='lat' dir='ltr'><strong><em>Deo</em></strong></span> <span class='ocrx_word' id='word_1_289' title='bbox 2430 1098 2514 1140; x_wconf 86' lang='lat' dir='ltr'><strong><em>est</em></strong></span> <span class='ocrx_word' id='word_1_290' title='bbox 2539 1086 2809 1155; x_wconf 86' lang='lat' dir='ltr'><strong><em>indignus,</em></strong></span> <span class='ocrx_word' id='word_1_291' title='bbox 2860 1088 3059 1156; x_wconf 80' lang='lat' dir='ltr'><strong><em>indigni</em></strong></span> <span class='ocrx_word' id='word_1_292' title='bbox 3122 1091 3285 1143; x_wconf 79' lang='lat' dir='ltr'><strong><em>etiam</em></strong></span> <span class='ocrx_word' id='word_1_293' title='bbox 3319 1092 3508 1144; x_wconf 86' lang='lat' dir='ltr'><strong><em>notitia</em></strong></span> <span class='ocrx_word' id='word_1_294' title='bbox 3566 1090 3660 1143; x_wconf 72' lang='lat' dir='ltr'><strong><em>Dei</em></strong></span> 
     </span>
    </p>
   </div>
   <div class='ocr_carea' id='block_1_40' title="bbox 2100 1176 3659 1248">
    <p class='ocr_par' dir='ltr' id='par_1_40' title="bbox 2100 1176 3659 1248">
     <span class='ocr_line' id='line_1_40' title="bbox 2100 1176 3659 1248; baseline 0.001 -17"><span class='ocrx_word' id='word_1_295' title='bbox 2100 1177 2373 1231; x_wconf 86' lang='lat' dir='ltr'><strong><em>dicantur.</em></strong></span> <span class='ocrx_word' id='word_1_296' title='bbox 2413 1176 2529 1230; x_wconf 87' lang='lat' dir='ltr'><strong><em>Non</em></strong></span> <span class='ocrx_word' id='word_1_297' title='bbox 2562 1180 2704 1232; x_wconf 86' lang='lat' dir='ltr'><strong><em>enim</em></strong></span> <span class='ocrx_word' id='word_1_298' title='bbox 2732 1179 2984 1248; x_wconf 82' lang='lat' dir='ltr'><strong><em>dignatur</em></strong></span> <span class='ocrx_word' id='word_1_299' title='bbox 3024 1180 3163 1232; x_wconf 86' lang='lat' dir='ltr'><strong><em>Deus</em></strong></span> <span class='ocrx_word' id='word_1_300' title='bbox 3194 1196 3355 1235; x_wconf 85' lang='lat' dir='ltr'><strong><em>nosse</em></strong></span> <span class='ocrx_word' id='word_1_301' title='bbox 3401 1196 3523 1234; x_wconf 87' lang='lat' dir='ltr'><strong><em>eum</em></strong></span> <span class='ocrx_word' id='word_1_302' title='bbox 3568 1183 3659 1247; x_wconf 85' lang='lat' dir='ltr'><strong><em>qui</em></strong></span> 
     </span>
    </p>
   </div>
   <div class='ocr_carea' id='block_1_41' title="bbox 2099 1270 3663 1339">
    <p class='ocr_par' dir='ltr' id='par_1_41' title="bbox 2099 1270 3663 1339">
     <span class='ocr_line' id='line_1_41' title="bbox 2099 1270 3663 1339; baseline 0.004 -17"><span class='ocrx_word' id='word_1_303' title='bbox 2099 1283 2326 1323; x_wconf 70' lang='lat' dir='ltr'><strong><em>aversos</em></strong></span> <span class='ocrx_word' id='word_1_304' title='bbox 2359 1279 2446 1323; x_wconf 84' lang='lat' dir='ltr'><strong><em>est</em></strong></span> <span class='ocrx_word' id='word_1_305' title='bbox 2499 1270 2567 1323; x_wconf 90' lang='lat' dir='ltr'><strong><em>ab</em></strong></span> <span class='ocrx_word' id='word_1_306' title='bbox 2608 1283 2708 1335; x_wconf 89' lang='lat' dir='ltr'><strong><em>eo,</em></strong></span> <span class='ocrx_word' id='word_1_307' title='bbox 2741 1279 2797 1323; x_wconf 87' lang='lat' dir='ltr'><strong><em>et</em></strong></span> <span class='ocrx_word' id='word_1_308' title='bbox 2826 1271 3037 1339; x_wconf 82' lang='lat' dir='ltr'><strong><em>ignorat</em></strong></span> <span class='ocrx_word' id='word_1_309' title='bbox 3073 1287 3220 1325; x_wconf 89' lang='lat' dir='ltr'><strong><em>eum.</em></strong></span> <span class='ocrx_word' id='word_1_310' title='bbox 3269 1272 3335 1325; x_wconf 84' lang='lat' dir='ltr'><strong><em>Et</em></strong></span> <span class='ocrx_word' id='word_1_311' title='bbox 3380 1273 3499 1327; x_wconf 91' lang='lat' dir='ltr'><strong><em>ideo</em></strong></span> <span class='ocrx_word' id='word_1_312' title='bbox 3532 1274 3663 1329; x_wconf 81' lang='lat' dir='ltr'><strong><em>dicit</em></strong></span> 
     </span>
    </p>
   </div>
   <div class='ocr_carea' id='block_1_42' title="bbox 2100 1360 3661 1431">
    <p class='ocr_par' dir='ltr' id='par_1_42' title="bbox 2100 1360 3661 1431">
     <span class='ocr_line' id='line_1_42' title="bbox 2100 1360 3661 1431; baseline 0.004 -19"><span class='ocrx_word' id='word_1_313' title='bbox 2100 1360 2395 1427; x_wconf 81' lang='lat' dir='ltr'><strong><em>Apostolus</em></strong></span> <span class='ocrx_word' id='word_1_314' title='bbox 2430 1361 2689 1427; x_wconf 80' lang='lat' dir='ltr'><strong><em>quoniam</em></strong></span> <span class='ocrx_word' id='word_1_315' title='bbox 2738 1364 2826 1429; x_wconf 79' lang='lat' dir='ltr'><strong><em>qui</em></strong></span> <span class='ocrx_word' id='word_1_316' title='bbox 2859 1364 3085 1430; x_wconf 83' lang='lat' dir='ltr'><strong><em>ignorat,</em></strong></span> <span class='ocrx_word' id='word_1_317' title='bbox 3141 1366 3493 1431; x_wconf 81' lang='lat' dir='ltr'><strong><em>ignorabitur.</em></strong></span> <span class='ocrx_word' id='word_1_318' title='bbox 3544 1365 3661 1419; x_wconf 77' lang='lat' dir='ltr'><strong><em>Tali</em></strong></span> 
     </span>
    </p>
   </div>
   <div class='ocr_carea' id='block_1_43' title="bbox 2098 1451 3662 1521">
    <p class='ocr_par' dir='ltr' id='par_1_43' title="bbox 2098 1451 3662 1521">
     <span class='ocr_line' id='line_1_43' title="bbox 2098 1451 3662 1521; baseline 0.005 -18"><span class='ocrx_word' id='word_1_319' title='bbox 2098 1465 2231 1518; x_wconf 87' lang='lat' dir='ltr'><strong><em>ergo</em></strong></span> <span class='ocrx_word' id='word_1_320' title='bbox 2256 1451 2455 1519; x_wconf 88' lang='lat' dir='ltr'><strong><em>specie,</em></strong></span> <span class='ocrx_word' id='word_1_321' title='bbox 2488 1460 2543 1505; x_wconf 88' lang='lat' dir='ltr'><strong><em>et</em></strong></span> <span class='ocrx_word' id='word_1_322' title='bbox 2574 1467 2713 1505; x_wconf 83' lang='lat' dir='ltr'><strong><em>nunc</em></strong></span> <span class='ocrx_word' id='word_1_323' title='bbox 2743 1455 2809 1505; x_wconf 87' lang='lat' dir='ltr'><strong><em>de</em></strong></span> <span class='ocrx_word' id='word_1_324' title='bbox 2834 1454 2919 1507; x_wconf 88' lang='lat' dir='ltr'><strong><em>his</em></strong></span> <span class='ocrx_word' id='word_1_325' title='bbox 2946 1456 3036 1521; x_wconf 83' lang='lat' dir='ltr'><strong><em>qui</em></strong></span> <span class='ocrx_word' id='word_1_326' title='bbox 3058 1457 3299 1509; x_wconf 85' lang='lat' dir='ltr'><strong><em>habitant</em></strong></span> <span class='ocrx_word' id='word_1_327' title='bbox 3330 1457 3381 1509; x_wconf 85' lang='lat' dir='ltr'><strong><em>iit</em></strong></span> <span class='ocrx_word' id='word_1_328' title='bbox 3411 1457 3662 1511; x_wconf 81' lang='lat' dir='ltr'><strong><em>Sodomis</em></strong></span> 
     </span>
    </p>
   </div>
   <div class='ocr_carea' id='block_1_44' title="bbox 2095 1542 3660 1617">
    <p class='ocr_par' dir='ltr' id='par_1_44' title="bbox 2095 1542 3660 1617">
     <span class='ocr_line' id='line_1_44' title="bbox 2095 1542 3660 1617; baseline 0.005 -22"><span class='ocrx_word' id='word_1_329' title='bbox 2095 1542 2331 1603; x_wconf 85' lang='lat' dir='ltr'><strong><em>dicitur,</em></strong></span> <span class='ocrx_word' id='word_1_330' title='bbox 2392 1552 2485 1605; x_wconf 87' lang='lat' dir='ltr'><strong><em>ut,</em></strong></span> <span class='ocrx_word' id='word_1_331' title='bbox 2541 1542 2811 1610; x_wconf 87' lang='lat' dir='ltr'><strong><em>siquidem</em></strong></span> <span class='ocrx_word' id='word_1_332' title='bbox 2873 1548 3168 1599; x_wconf 85' lang='lat' dir='ltr'><strong><em>secundum</em></strong></span> <span class='ocrx_word' id='word_1_333' title='bbox 3226 1548 3517 1601; x_wconf 85' lang='lat' dir='ltr'><strong><em>clamorem</em></strong></span> <span class='ocrx_word' id='word_1_334' title='bbox 3569 1552 3660 1617; x_wconf 87' lang='lat' dir='ltr'><strong><em>qui</em></strong></span> 
     </span>
    </p>
   </div>
   <div class='ocr_carea' id='block_1_45' title="bbox 2096 1632 3657 1697">
    <p class='ocr_par' dir='ltr' id='par_1_45' title="bbox 2096 1632 3657 1697">
     <span class='ocr_line' id='line_1_45' title="bbox 2096 1632 3657 1697; baseline 0.002 -9"><span class='ocrx_word' id='word_1_335' title='bbox 2096 1634 2337 1688; x_wconf 79' lang='lat' dir='ltr'><strong><em>ascendit</em></strong></span> <span class='ocrx_word' id='word_1_336' title='bbox 2366 1634 2432 1687; x_wconf 86' lang='lat' dir='ltr'><strong><em>ad</em></strong></span> <span class='ocrx_word' id='word_1_337' title='bbox 2476 1632 2783 1697; x_wconf 79' lang='lat' dir='ltr'><strong><em>Dominum,</em></strong></span> <span class='ocrx_word' id='word_1_338' title='bbox 2840 1647 2995 1689; x_wconf 88' lang='lat' dir='ltr'><strong><em>actus</em></strong></span> <span class='ocrx_word' id='word_1_339' title='bbox 3040 1652 3228 1690; x_wconf 88' lang='lat' dir='ltr'><strong><em>eorum</em></strong></span> <span class='ocrx_word' id='word_1_340' title='bbox 3276 1653 3657 1691; x_wconf 68' lang='lat' dir='ltr'><strong><em>consummen-</em></strong></span> 
     </span>
    </p>
   </div>
   <div class='ocr_carea' id='block_1_46' title="bbox 2098 1724 3662 1796">
    <p class='ocr_par' dir='ltr' id='par_1_46' title="bbox 2098 1724 3662 1796">
     <span class='ocr_line' id='line_1_46' title="bbox 2098 1724 3662 1796; baseline 0.004 -20"><span class='ocrx_word' id='word_1_341' title='bbox 2098 1733 2187 1776; x_wconf 86' lang='lat' dir='ltr'><strong><em>tur</em></strong></span> <span class='ocrx_word' id='word_1_342' title='bbox 2214 1724 2349 1794; x_wconf 86' lang='lat' dir='ltr'><strong><em>(l8),</em></strong></span> <span class='ocrx_word' id='word_1_343' title='bbox 2389 1725 2605 1778; x_wconf 79' lang='lat' dir='ltr'><strong><em>notione</em></strong></span> <span class='ocrx_word' id='word_1_344' title='bbox 2648 1724 2763 1791; x_wconf 70' lang='lat' dir='ltr'><strong><em>eius</em></strong></span> <span class='ocrx_word' id='word_1_345' title='bbox 2804 1725 3113 1793; x_wconf 84' lang='lat' dir='ltr'><strong><em>jttdiceittur</em></strong></span> <span class='ocrx_word' id='word_1_346' title='bbox 3155 1729 3395 1796; x_wconf 85' lang='lat' dir='ltr'><strong><em>indigni;</em></strong></span> <span class='ocrx_word' id='word_1_347' title='bbox 3438 1730 3482 1782; x_wconf 83' lang='lat' dir='ltr'><strong><em>si</em></strong></span> <span class='ocrx_word' id='word_1_348' title='bbox 3530 1746 3662 1782; x_wconf 63' lang='lat' dir='ltr'><strong><em>vero</em></strong></span> 
     </span>
    </p>
   </div>
   <div class='ocr_carea' id='block_1_47' title="bbox 2097 1815 3651 1885">
    <p class='ocr_par' dir='ltr' id='par_1_47' title="bbox 2097 1815 3651 1885">
     <span class='ocr_line' id='line_1_47' title="bbox 2097 1815 3651 1885; baseline 0.003 -16"><span class='ocrx_word' id='word_1_349' title='bbox 2097 1823 2179 1869; x_wconf 81' lang='lat' dir='ltr'><strong><em>est</em></strong></span> <span class='ocrx_word' id='word_1_350' title='bbox 2215 1816 2321 1868; x_wconf 79' lang='lat' dir='ltr'><strong><em>illis</em></strong></span> <span class='ocrx_word' id='word_1_351' title='bbox 2368 1815 2544 1885; x_wconf 80' lang='lat' dir='ltr'><strong><em>aliqua</em></strong></span> <span class='ocrx_word' id='word_1_352' title='bbox 2574 1818 2881 1877; x_wconf 81' lang='lat' dir='ltr'><strong><em>conversio,</em></strong></span> <span class='ocrx_word' id='word_1_353' title='bbox 2918 1819 2961 1869; x_wconf 88' lang='lat' dir='ltr'><strong><em>si</em></strong></span> <span class='ocrx_word' id='word_1_354' title='bbox 2997 1818 3081 1871; x_wconf 82' lang='lat' dir='ltr'><strong><em>vel</em></strong></span> <span class='ocrx_word' id='word_1_355' title='bbox 3118 1820 3305 1871; x_wconf 80' lang='lat' dir='ltr'><strong><em>decem</em></strong></span> <span class='ocrx_word' id='word_1_356' title='bbox 3345 1822 3397 1872; x_wconf 90' lang='lat' dir='ltr'><strong><em>iit</em></strong></span> <span class='ocrx_word' id='word_1_357' title='bbox 3429 1822 3530 1873; x_wconf 90' lang='lat' dir='ltr'><strong><em>illis</em></strong></span> <span class='ocrx_word' id='word_1_358' title='bbox 3570 1823 3651 1874; x_wconf 88' lang='lat' dir='ltr'><strong><em>itt-</em></strong></span> 
     </span>
    </p>
   </div>
   <div class='ocr_carea' id='block_1_48' title="bbox 2093 1906 3655 1975">
    <p class='ocr_par' dir='ltr' id='par_1_48' title="bbox 2093 1906 3655 1975">
     <span class='ocr_line' id='line_1_48' title="bbox 2093 1906 3655 1975; baseline 0.004 -17"><span class='ocrx_word' id='word_1_359' title='bbox 2093 1906 2240 1961; x_wconf 78' lang='lat' dir='ltr'><strong><em>venti</em></strong></span> <span class='ocrx_word' id='word_1_360' title='bbox 2286 1906 2489 1959; x_wconf 80' lang='lat' dir='ltr'><strong><em>fuerint</em></strong></span> <span class='ocrx_word' id='word_1_361' title='bbox 2528 1907 2700 1975; x_wconf 82' lang='lat' dir='ltr'><strong><em>justi,</em></strong></span> <span class='ocrx_word' id='word_1_362' title='bbox 2740 1908 2815 1960; x_wconf 86' lang='lat' dir='ltr'><strong><em>ita</em></strong></span> <span class='ocrx_word' id='word_1_363' title='bbox 2854 1909 3071 1961; x_wconf 86' lang='lat' dir='ltr'><strong><em>demunt</em></strong></span> <span class='ocrx_word' id='word_1_364' title='bbox 3117 1914 3326 1964; x_wconf 82' lang='lat' dir='ltr'><strong><em>noverit</em></strong></span> <span class='ocrx_word' id='word_1_365' title='bbox 3368 1928 3461 1965; x_wconf 87' lang='lat' dir='ltr'><strong><em>eos</em></strong></span> <span class='ocrx_word' id='word_1_366' title='bbox 3494 1913 3655 1966; x_wconf 83' lang='lat' dir='ltr'><strong><em>Deus.</em></strong></span> 
     </span>
    </p>
   </div>
   <div class='ocr_carea' id='block_1_49' title="bbox 2094 1996 3658 2068">
    <p class='ocr_par' dir='ltr' id='par_1_49' title="bbox 2094 1996 3658 2068">
     <span class='ocr_line' id='line_1_49' title="bbox 2094 1996 3658 2068; baseline 0.004 -18"><span class='ocrx_word' id='word_1_367' title='bbox 2094 1996 2158 2050; x_wconf 79' lang='lat' dir='ltr'><strong><em>Et</em></strong></span> <span class='ocrx_word' id='word_1_368' title='bbox 2191 1997 2312 2052; x_wconf 87' lang='lat' dir='ltr'><strong><em>ideo</em></strong></span> <span class='ocrx_word' id='word_1_369' title='bbox 2342 1996 2477 2049; x_wconf 77' lang='lat' dir='ltr'><strong><em>dixit</em></strong></span> <span class='ocrx_word' id='word_1_370' title='bbox 2517 2013 2529 2047; x_wconf 90' lang='lat'><strong>:</strong></span> <span class='ocrx_word' id='word_1_371' title='bbox 2567 1996 2663 2052; x_wconf 87' lang='lat' dir='ltr'><strong><em>Sin</em></strong></span> <span class='ocrx_word' id='word_1_372' title='bbox 2695 2006 2892 2057; x_wconf 86' lang='lat' dir='ltr'><strong><em>autem,</em></strong></span> <span class='ocrx_word' id='word_1_373' title='bbox 2942 2007 2997 2049; x_wconf 84' lang='lat' dir='ltr'><strong><em>tit</em></strong></span> <span class='ocrx_word' id='word_1_374' title='bbox 3027 2000 3211 2053; x_wconf 84' lang='lat' dir='ltr'><strong><em>sciant.</em></strong></span> <span class='ocrx_word' id='word_1_375' title='bbox 3249 1999 3363 2054; x_wconf 82' lang='lat' dir='ltr'><strong><em>Non</em></strong></span> <span class='ocrx_word' id='word_1_376' title='bbox 3405 2003 3562 2068; x_wconf 73' lang='lat' dir='ltr'><strong><em>dixit,</em></strong></span> <span class='ocrx_word' id='word_1_377' title='bbox 3600 2016 3658 2057; x_wconf 88' lang='lat' dir='ltr'><strong><em>ut</em></strong></span> 
     </span>
    </p>
   </div>
   <div class='ocr_carea' id='block_1_50' title="bbox 2092 2086 3655 2155">
    <p class='ocr_par' dir='ltr' id='par_1_50' title="bbox 2092 2086 3655 2155">
     <span class='ocr_line' id='line_1_50' title="bbox 2092 2086 3655 2155; baseline 0.005 -15"><span class='ocrx_word' id='word_1_378' title='bbox 2092 2086 2261 2140; x_wconf 85' lang='lat' dir='ltr'><strong><em>sciam</em></strong></span> <span class='ocrx_word' id='word_1_379' title='bbox 2285 2087 2413 2153; x_wconf 89' lang='lat' dir='ltr'><strong><em>quid</em></strong></span> <span class='ocrx_word' id='word_1_380' title='bbox 2445 2094 2627 2154; x_wconf 88' lang='lat' dir='ltr'><strong><em>agunt,</em></strong></span> <span class='ocrx_word' id='word_1_381' title='bbox 2650 2088 2743 2138; x_wconf 87' lang='lat' dir='ltr'><strong><em>sed</em></strong></span> <span class='ocrx_word' id='word_1_382' title='bbox 2764 2096 2823 2139; x_wconf 91' lang='lat' dir='ltr'><strong><em>ut</em></strong></span> <span class='ocrx_word' id='word_1_383' title='bbox 2846 2089 2987 2155; x_wconf 84' lang='lat' dir='ltr'><strong><em>ipsos</em></strong></span> <span class='ocrx_word' id='word_1_384' title='bbox 3004 2090 3197 2155; x_wconf 87' lang='lat' dir='ltr'><strong><em>sciam,</em></strong></span> <span class='ocrx_word' id='word_1_385' title='bbox 3215 2101 3265 2144; x_wconf 89' lang='lat' dir='ltr'><strong><em>et</em></strong></span> <span class='ocrx_word' id='word_1_386' title='bbox 3284 2095 3509 2147; x_wconf 86' lang='lat' dir='ltr'><strong><em>scientia</em></strong></span> <span class='ocrx_word' id='word_1_387' title='bbox 3536 2112 3655 2148; x_wconf 74' lang='lat' dir='ltr'><strong><em>mea</em></strong></span> 
     </span>
    </p>
   </div>
   <div class='ocr_carea' id='block_1_51' title="bbox 2092 2177 3657 2257">
    <p class='ocr_par' dir='ltr' id='par_1_51' title="bbox 2092 2177 3657 2257">
     <span class='ocr_line' id='line_1_51' title="bbox 2092 2177 3657 2257; baseline 0.007 -27"><span class='ocrx_word' id='word_1_388' title='bbox 2092 2177 2278 2244; x_wconf 84' lang='lat' dir='ltr'><strong><em>dignos</em></strong></span> <span class='ocrx_word' id='word_1_389' title='bbox 2301 2178 2510 2239; x_wconf 87' lang='lat' dir='ltr'><strong><em>faciam,</em></strong></span> <span class='ocrx_word' id='word_1_390' title='bbox 2534 2178 2581 2231; x_wconf 89' lang='lat' dir='ltr'><strong><em>si</em></strong></span> <span class='ocrx_word' id='word_1_391' title='bbox 2598 2181 2796 2245; x_wconf 83' lang='lat' dir='ltr'><strong><em>quositt</em></strong></span> <span class='ocrx_word' id='word_1_392' title='bbox 2816 2179 2943 2246; x_wconf 82' lang='lat' dir='ltr'><strong><em>ipsis</em></strong></span> <span class='ocrx_word' id='word_1_393' title='bbox 2969 2181 3500 2251; x_wconf 86' lang='lat' dir='ltr'><strong><em>inveniamjustos,si</em></strong></span> <span class='ocrx_word' id='word_1_394' title='bbox 3519 2204 3657 2257; x_wconf 68' lang='lat' dir='ltr'><strong><em>quos</em></strong></span> 
     </span>
    </p>
   </div>
   <div class='ocr_carea' id='block_1_52' title="bbox 2092 2268 3655 2341">
    <p class='ocr_par' dir='ltr' id='par_1_52' title="bbox 2092 2268 3655 2341">
     <span class='ocr_line' id='line_1_52' title="bbox 2092 2268 3655 2341; baseline 0.006 -20"><span class='ocrx_word' id='word_1_395' title='bbox 2092 2268 2365 2321; x_wconf 86' lang='lat' dir='ltr'><strong><em>inveniam</em></strong></span> <span class='ocrx_word' id='word_1_396' title='bbox 2414 2269 2761 2337; x_wconf 70' lang='lat' dir='ltr'><strong><em>pmnitentes,</em></strong></span> <span class='ocrx_word' id='word_1_397' title='bbox 2805 2274 2847 2324; x_wconf 88' lang='lat' dir='ltr'><strong><em>si</em></strong></span> <span class='ocrx_word' id='word_1_398' title='bbox 2899 2290 3035 2341; x_wconf 86' lang='lat' dir='ltr'><strong><em>quos</em></strong></span> <span class='ocrx_word' id='word_1_399' title='bbox 3083 2276 3217 2329; x_wconf 85' lang='lat' dir='ltr'><strong><em>tales</em></strong></span> <span class='ocrx_word' id='word_1_400' title='bbox 3259 2294 3392 2341; x_wconf 81' lang='lat' dir='ltr'><strong><em>quns</em></strong></span> <span class='ocrx_word' id='word_1_401' title='bbox 3430 2280 3655 2332; x_wconf 82' lang='lat' dir='ltr'><strong><em>debeam</em></strong></span> 
     </span>
    </p>
   </div>
   <div class='ocr_carea' id='block_1_53' title="bbox 2089 2360 3658 2433">
    <p class='ocr_par' dir='ltr' id='par_1_53' title="bbox 2089 2360 3658 2433">
     <span class='ocr_line' id='line_1_53' title="bbox 2089 2360 3658 2433; baseline 0.008 -22"><span class='ocrx_word' id='word_1_402' title='bbox 2089 2361 2251 2417; x_wconf 83' lang='lat' dir='ltr'><strong><em>scire.</em></strong></span> <span class='ocrx_word' id='word_1_403' title='bbox 2318 2360 2564 2428; x_wconf 86' lang='lat' dir='ltr'><strong><em>Denique</em></strong></span> <span class='ocrx_word' id='word_1_404' title='bbox 2592 2364 2717 2429; x_wconf 84' lang='lat' dir='ltr'><strong><em>quia</em></strong></span> <span class='ocrx_word' id='word_1_405' title='bbox 2754 2364 2933 2417; x_wconf 87' lang='lat' dir='ltr'><strong><em>nullus</em></strong></span> <span class='ocrx_word' id='word_1_406' title='bbox 2988 2367 3076 2431; x_wconf 91' lang='lat' dir='ltr'><strong><em>qui</em></strong></span> <span class='ocrx_word' id='word_1_407' title='bbox 3135 2370 3442 2433; x_wconf 69' lang='lat' dir='ltr'><strong><em>pmniteret,</em></strong></span> <span class='ocrx_word' id='word_1_408' title='bbox 3480 2371 3658 2423; x_wconf 87' lang='lat' dir='ltr'><strong><em>nullus</em></strong></span> 
     </span>
    </p>
   </div>
   <div class='ocr_carea' id='block_1_54' title="bbox 2089 2451 3651 2523">
    <p class='ocr_par' dir='ltr' id='par_1_54' title="bbox 2089 2451 3651 2523">
     <span class='ocr_line' id='line_1_54' title="bbox 2089 2451 3651 2523; baseline 0.006 -23"><span class='ocrx_word' id='word_1_409' title='bbox 2089 2451 2183 2517; x_wconf 86' lang='lat' dir='ltr'><strong><em>qui</em></strong></span> <span class='ocrx_word' id='word_1_410' title='bbox 2214 2458 2629 2503; x_wconf 69' lang='lat' dir='ltr'><strong><em>converteretur</em></strong></span> <span class='ocrx_word' id='word_1_411' title='bbox 2666 2452 2803 2504; x_wconf 87' lang='lat' dir='ltr'><strong><em>alius</em></strong></span> <span class='ocrx_word' id='word_1_412' title='bbox 2844 2453 3099 2507; x_wconf 90' lang='lat' dir='ltr'><strong><em>inventus</em></strong></span> <span class='ocrx_word' id='word_1_413' title='bbox 3141 2465 3253 2517; x_wconf 87' lang='lat' dir='ltr'><strong><em>est,</em></strong></span> <span class='ocrx_word' id='word_1_414' title='bbox 3289 2468 3480 2523; x_wconf 58' lang='lat' dir='ltr'><strong><em>praeter</em></strong></span> <span class='ocrx_word' id='word_1_415' title='bbox 3533 2459 3651 2518; x_wconf 69' lang='grc' dir='ltr'>ιυι,</span> 
     </span>
    </p>
   </div>
   <div class='ocr_carea' id='block_1_55' title="bbox 2091 2539 3657 2611">
    <p class='ocr_par' dir='ltr' id='par_1_55' title="bbox 2091 2539 3657 2611">
     <span class='ocr_line' id='line_1_55' title="bbox 2091 2539 3657 2611; baseline 0.007 -21"><span class='ocrx_word' id='word_1_416' title='bbox 2091 2539 2203 2605; x_wconf 85' lang='lat' dir='ltr'><strong><em>ipse</em></strong></span> <span class='ocrx_word' id='word_1_417' title='bbox 2250 2539 2397 2592; x_wconf 88' lang='lat' dir='ltr'><strong><em>solus</em></strong></span> <span class='ocrx_word' id='word_1_418' title='bbox 2426 2543 2741 2609; x_wconf 86' lang='lat' dir='ltr'><strong><em>agnoscitur</em></strong></span> <span class='ocrx_word' id='word_1_419' title='bbox 2778 2540 2915 2611; x_wconf 85' lang='lat' dir='ltr'><strong><em>(l9),</em></strong></span> <span class='ocrx_word' id='word_1_420' title='bbox 2958 2545 3070 2611; x_wconf 89' lang='lat' dir='ltr'><strong><em>ipse</em></strong></span> <span class='ocrx_word' id='word_1_421' title='bbox 3117 2545 3260 2599; x_wconf 86' lang='lat' dir='ltr'><strong><em>soliis</em></strong></span> <span class='ocrx_word' id='word_1_422' title='bbox 3306 2548 3373 2601; x_wconf 89' lang='lat' dir='ltr'><strong><em>de</em></strong></span> <span class='ocrx_word' id='word_1_423' title='bbox 3406 2549 3657 2602; x_wconf 86' lang='lat' dir='ltr'><strong><em>incendio</em></strong></span> 
     </span>
    </p>
   </div>
   <div class='ocr_carea' id='block_1_56' title="bbox 2090 2630 3651 2704">
    <p class='ocr_par' dir='ltr' id='par_1_56' title="bbox 2090 2630 3651 2704">
     <span class='ocr_line' id='line_1_56' title="bbox 2090 2630 3651 2704; baseline 0.009 -21"><span class='ocrx_word' id='word_1_424' title='bbox 2090 2630 2369 2687; x_wconf 83' lang='lat' dir='ltr'><strong><em>liberatur.</em></strong></span> <span class='ocrx_word' id='word_1_425' title='bbox 2406 2633 2511 2688; x_wconf 67' lang='lat' dir='ltr'><strong><em>Nec</em></strong></span> <span class='ocrx_word' id='word_1_426' title='bbox 2534 2638 2718 2703; x_wconf 82' lang='lat' dir='ltr'><strong><em>generi</em></strong></span> <span class='ocrx_word' id='word_1_427' title='bbox 2744 2645 3047 2703; x_wconf 83' lang='lat' dir='ltr'><strong><em>sequuntur</em></strong></span> <span class='ocrx_word' id='word_1_428' title='bbox 3075 2636 3355 2704; x_wconf 81' lang='lat' dir='ltr'><strong><em>admoniti,</em></strong></span> <span class='ocrx_word' id='word_1_429' title='bbox 3388 2658 3488 2695; x_wconf 90' lang='lat' dir='ltr'><strong><em>nec</em></strong></span> <span class='ocrx_word' id='word_1_430' title='bbox 3517 2644 3651 2696; x_wconf 82' lang='lat' dir='ltr'><strong><em>vici-</em></strong></span> 
     </span>
    </p>
   </div>
   <div class='ocr_carea' id='block_1_57' title="bbox 2088 2723 3653 2795">
    <p class='ocr_par' dir='ltr' id='par_1_57' title="bbox 2088 2723 3653 2795">
     <span class='ocr_line' id='line_1_57' title="bbox 2088 2723 3653 2795; baseline 0.008 -19"><span class='ocrx_word' id='word_1_431' title='bbox 2088 2723 2166 2786; x_wconf 92' lang='lat' dir='ltr'><strong><em>ni,</em></strong></span> <span class='ocrx_word' id='word_1_432' title='bbox 2210 2737 2307 2778; x_wconf 89' lang='lat' dir='ltr'><strong><em>nec</em></strong></span> <span class='ocrx_word' id='word_1_433' title='bbox 2338 2726 2593 2793; x_wconf 80' lang='lat' dir='ltr'><strong><em>proximi,</em></strong></span> <span class='ocrx_word' id='word_1_434' title='bbox 2621 2725 2799 2779; x_wconf 87' lang='lat' dir='ltr'><strong><em>nullus</em></strong></span> <span class='ocrx_word' id='word_1_435' title='bbox 2843 2741 3180 2795; x_wconf 79' lang='lat' dir='ltr'><strong><em>cognoscere</em></strong></span> <span class='ocrx_word' id='word_1_436' title='bbox 3213 2731 3381 2784; x_wconf 86' lang='lat' dir='ltr'><strong><em>voluit</em></strong></span> <span class='ocrx_word' id='word_1_437' title='bbox 3411 2733 3653 2788; x_wconf 82' lang='lat' dir='ltr'><strong><em>clemen-</em></strong></span> 
     </span>
    </p>
   </div>
   <div class='ocr_carea' id='block_1_58' title="bbox 2089 2815 3649 2895">
    <p class='ocr_par' dir='ltr' id='par_1_58' title="bbox 2089 2815 3649 2895">
     <span class='ocr_line' id='line_1_58' title="bbox 2089 2815 3649 2895; baseline 0.01 -27"><span class='ocrx_word' id='word_1_438' title='bbox 2089 2816 2216 2868; x_wconf 87' lang='lat' dir='ltr'><strong><em>tiam</em></strong></span> <span class='ocrx_word' id='word_1_439' title='bbox 2261 2815 2378 2879; x_wconf 86' lang='lat' dir='ltr'><strong><em>Dei,</em></strong></span> <span class='ocrx_word' id='word_1_440' title='bbox 2414 2816 2594 2871; x_wconf 86' lang='lat' dir='ltr'><strong><em>nttllus</em></strong></span> <span class='ocrx_word' id='word_1_441' title='bbox 2633 2817 2699 2870; x_wconf 84' lang='lat' dir='ltr'><strong><em>ad</em></strong></span> <span class='ocrx_word' id='word_1_442' title='bbox 2733 2818 3166 2874; x_wconf 83' lang='lat' dir='ltr'><strong><em>misericordiam</em></strong></span> <span class='ocrx_word' id='word_1_443' title='bbox 3188 2821 3308 2889; x_wconf 84' lang='lat' dir='ltr'><strong><em>ejus</em></strong></span> <span class='ocrx_word' id='word_1_444' title='bbox 3336 2824 3649 2895; x_wconf 73' lang='lat' dir='ltr'><strong><em>confugere.</em></strong></span> 
     </span>
    </p>
   </div>
   <div class='ocr_carea' id='block_1_59' title="bbox 2086 2904 3655 2982">
    <p class='ocr_par' dir='ltr' id='par_1_59' title="bbox 2086 2904 3655 2982">
     <span class='ocr_line' id='line_1_59' title="bbox 2086 2904 3655 2982; baseline 0.01 -23"><span class='ocrx_word' id='word_1_445' title='bbox 2086 2904 2291 2961; x_wconf 85' lang='lat' dir='ltr'><strong><em>Idcirco</em></strong></span> <span class='ocrx_word' id='word_1_446' title='bbox 2326 2918 2379 2960; x_wconf 91' lang='lat' dir='ltr'><strong><em>et</em></strong></span> <span class='ocrx_word' id='word_1_447' title='bbox 2417 2908 2596 2963; x_wconf 90' lang='lat' dir='ltr'><strong><em>nullus</em></strong></span> <span class='ocrx_word' id='word_1_448' title='bbox 2626 2911 2960 2977; x_wconf 85' lang='lat' dir='ltr'><strong><em>agnoscitur.</em></strong></span> <span class='ocrx_word' id='word_1_449' title='bbox 2992 2911 3113 2967; x_wconf 71' lang='lat' dir='ltr'><strong><em>Haec</em></strong></span> <span class='ocrx_word' id='word_1_450' title='bbox 3146 2915 3367 2982; x_wconf 87' lang='lat' dir='ltr'><strong><em>quidem</em></strong></span> <span class='ocrx_word' id='word_1_451' title='bbox 3394 2916 3655 2974; x_wconf 74' lang='lat' dir='ltr'><strong><em>adversus</em></strong></span> 
     </span>
    </p>
   </div>
   <div class='ocr_carea' id='block_1_60' title="bbox 2086 2999 3648 3074">
    <p class='ocr_par' dir='ltr' id='par_1_60' title="bbox 2086 2999 3648 3074">
     <span class='ocr_line' id='line_1_60' title="bbox 2086 2999 3648 3074; baseline 0.007 -23"><span class='ocrx_word' id='word_1_452' title='bbox 2086 3014 2200 3061; x_wconf 89' lang='lat' dir='ltr'><strong><em>eos,</em></strong></span> <span class='ocrx_word' id='word_1_453' title='bbox 2258 2999 2348 3065; x_wconf 91' lang='lat' dir='ltr'><strong><em>qui</em></strong></span> <span class='ocrx_word' id='word_1_454' title='bbox 2415 3000 2758 3067; x_wconf 89' lang='lat' dir='ltr'><strong><em>iniquitatem</em></strong></span> <span class='ocrx_word' id='word_1_455' title='bbox 2816 3000 2869 3053; x_wconf 91' lang='lat' dir='ltr'><strong><em>in</em></strong></span> <span class='ocrx_word' id='word_1_456' title='bbox 2932 3002 3218 3057; x_wconf 78' lang='lat' dir='ltr'><strong><em>Excelsum</em></strong></span> <span class='ocrx_word' id='word_1_457' title='bbox 3264 3006 3555 3074; x_wconf 86' lang='lat' dir='ltr'><strong><em>loquuntur</em></strong></span> <span class='ocrx_word' id='word_1_458' title='bbox 3581 3010 3648 3064; x_wconf 77' lang='lat'><strong><em>&quot;.</em></strong></span> 
     </span>
    </p>
   </div>
   <div class='ocr_carea' id='block_1_61' title="bbox 417 3081 1984 3166">
    <p class='ocr_par' dir='ltr' id='par_1_61' title="bbox 417 3081 1981 3166">
     <span class='ocr_line' id='line_1_61' title="bbox 417 3081 1981 3166; baseline 0.017 -34"><span class='ocrx_word' id='word_1_459' title='bbox 417 3081 468 3133; x_wconf 92' lang='lat' dir='ltr'><strong><em>in</em></strong></span> <span class='ocrx_word' id='word_1_460' title='bbox 510 3084 754 3148; x_wconf 87' lang='lat' dir='ltr'><strong><em>veritate,</em></strong></span> <span class='ocrx_word' id='word_1_461' title='bbox 774 3088 931 3142; x_wconf 90' lang='lat' dir='ltr'><strong><em>simul</em></strong></span> <span class='ocrx_word' id='word_1_462' title='bbox 959 3098 1012 3143; x_wconf 92' lang='lat' dir='ltr'><strong><em>et</em></strong></span> <span class='ocrx_word' id='word_1_463' title='bbox 1036 3106 1247 3148; x_wconf 87' lang='lat' dir='ltr'><strong><em>scutuut</em></strong></span> <span class='ocrx_word' id='word_1_464' title='bbox 1282 3094 1405 3149; x_wconf 83' lang='lat' dir='ltr'><strong><em>fidei</em></strong></span> <span class='ocrx_word' id='word_1_465' title='bbox 1435 3099 1805 3166; x_wconf 66' lang='lat' dir='ltr'><strong><em>praeferentes,</em></strong></span> <span class='ocrx_word' id='word_1_466' title='bbox 1836 3104 1981 3158; x_wconf 70' lang='lat' dir='ltr'><strong><em>exci~</em></strong></span> 
     </span>
    </p>
   </div>
   <div class='ocr_carea' id='block_1_62' title="bbox 2089 3081 3652 3166">
    <p class='ocr_par' dir='ltr' id='par_1_62' title="bbox 2089 3087 3652 3163">
     <span class='ocr_line' id='line_1_62' title="bbox 2089 3087 3652 3163; baseline 0.01 -23"><span class='ocrx_word' id='word_1_467' title='bbox 2089 3087 2194 3141; x_wconf 79' lang='lat' dir='ltr'><strong><em>Nos</em></strong></span> <span class='ocrx_word' id='word_1_468' title='bbox 2230 3103 2360 3142; x_wconf 83' lang='lat' dir='ltr'><strong><em>vero</em></strong></span> <span class='ocrx_word' id='word_1_469' title='bbox 2394 3105 2619 3157; x_wconf 87' lang='lat' dir='ltr'><strong><em>operam</em></strong></span> <span class='ocrx_word' id='word_1_470' title='bbox 2661 3092 2851 3146; x_wconf 88' lang='lat' dir='ltr'><strong><em>deuius</em></strong></span> <span class='ocrx_word' id='word_1_471' title='bbox 2886 3092 3021 3147; x_wconf 82' lang='lat' dir='ltr'><strong><em>tales</em></strong></span> <span class='ocrx_word' id='word_1_472' title='bbox 3048 3094 3187 3148; x_wconf 85' lang='lat' dir='ltr'><strong><em>ellici</em></strong></span> <span class='ocrx_word' id='word_1_473' title='bbox 3218 3108 3369 3152; x_wconf 87' lang='lat' dir='ltr'><strong><em>actus</em></strong></span> <span class='ocrx_word' id='word_1_474' title='bbox 3399 3111 3612 3155; x_wconf 90' lang='lat' dir='ltr'><strong><em>nostros</em></strong></span> <span class='ocrx_word' id='word_1_475' title='bbox 3634 3141 3652 3163; x_wconf 88' lang='lat'><strong><em>,</em></strong></span> 
     </span>
    </p>
   </div>
   <div class='ocr_carea' id='block_1_63' title="bbox 412 3173 1975 3261">
    <p class='ocr_par' dir='ltr' id='par_1_63' title="bbox 412 3173 1975 3261">
     <span class='ocr_line' id='line_1_63' title="bbox 412 3173 1975 3261; baseline 0.02 -42"><span class='ocrx_word' id='word_1_476' title='bbox 412 3173 623 3238; x_wconf 71' lang='lat' dir='ltr'><strong><em>piaiuus</em></strong></span> <span class='ocrx_word' id='word_1_477' title='bbox 642 3192 824 3230; x_wconf 82' lang='lat' dir='ltr'><strong><em>eorum</em></strong></span> <span class='ocrx_word' id='word_1_478' title='bbox 860 3191 1121 3236; x_wconf 86' lang='lat' dir='ltr'><strong><em>venenata</em></strong></span> <span class='ocrx_word' id='word_1_479' title='bbox 1148 3185 1572 3255; x_wconf 86' lang='lat' dir='ltr'><strong><em>diSputationum</em></strong></span> <span class='ocrx_word' id='word_1_480' title='bbox 1602 3192 1810 3261; x_wconf 87' lang='lat' dir='ltr'><strong><em>jaeula,</em></strong></span> <span class='ocrx_word' id='word_1_481' title='bbox 1840 3206 1893 3248; x_wconf 89' lang='lat' dir='ltr'><strong><em>et</em></strong></span> <span class='ocrx_word' id='word_1_482' title='bbox 1924 3196 1975 3250; x_wconf 91' lang='lat' dir='ltr'><strong><em>in</em></strong></span> 
     </span>
    </p>
   </div>
   <div class='ocr_carea' id='block_1_64' title="bbox 413 3263 1973 3355">
    <p class='ocr_par' dir='ltr' id='par_1_64' title="bbox 413 3263 1973 3355">
     <span class='ocr_line' id='line_1_64' title="bbox 413 3263 1973 3355; baseline 0.02 -41"><span class='ocrx_word' id='word_1_483' title='bbox 413 3263 554 3327; x_wconf 76' lang='lat' dir='ltr'><strong><em>ipsus</em></strong></span> <span class='ocrx_word' id='word_1_484' title='bbox 590 3281 651 3318; x_wconf 89' lang='lat' dir='ltr'><strong><em>ea</em></strong></span> <span class='ocrx_word' id='word_1_485' title='bbox 701 3285 910 3325; x_wconf 79' lang='lat' dir='ltr'><strong><em>tersum</em></strong></span> <span class='ocrx_word' id='word_1_486' title='bbox 976 3274 1167 3329; x_wconf 87' lang='lat' dir='ltr'><strong><em>librata</em></strong></span> <span class='ocrx_word' id='word_1_487' title='bbox 1221 3280 1536 3351; x_wconf 86' lang='lat' dir='ltr'><strong><em>diligentius</em></strong></span> <span class='ocrx_word' id='word_1_488' title='bbox 1590 3295 1973 3355; x_wconf 77' lang='lat' dir='ltr'><strong><em>torqueainus.</em></strong></span> 
     </span>
    </p>
   </div>
   <div class='ocr_carea' id='block_1_65' title="bbox 414 3355 1974 3447">
    <p class='ocr_par' dir='ltr' id='par_1_65' title="bbox 414 3355 1974 3447">
     <span class='ocr_line' id='line_1_65' title="bbox 414 3355 1974 3447; baseline 0.018 -41"><span class='ocrx_word' id='word_1_489' title='bbox 414 3355 517 3447; x_wconf 72' lang='lat'><strong>73</strong></span> <span class='ocrx_word' id='word_1_490' title='bbox 553 3356 699 3411; x_wconf 84' lang='lat' dir='ltr'><strong><em>Talia</em></strong></span> <span class='ocrx_word' id='word_1_491' title='bbox 733 3376 963 3429; x_wconf 86' lang='lat' dir='ltr'><strong><em>namque</em></strong></span> <span class='ocrx_word' id='word_1_492' title='bbox 1020 3376 1144 3418; x_wconf 90' lang='lat' dir='ltr'><strong><em>sunt</em></strong></span> <span class='ocrx_word' id='word_1_493' title='bbox 1179 3372 1367 3434; x_wconf 67' lang='lat' dir='ltr'><strong><em>prtelia</em></strong></span> <span class='ocrx_word' id='word_1_494' title='bbox 1402 3372 1631 3439; x_wconf 81' lang='lat' dir='ltr'><strong><em>Domini,</em></strong></span> <span class='ocrx_word' id='word_1_495' title='bbox 1668 3394 1792 3445; x_wconf 65' lang='lat' dir='ltr'><strong><em>qua:</em></strong></span> <span class='ocrx_word' id='word_1_496' title='bbox 1831 3396 1974 3447; x_wconf 71' lang='lat' dir='ltr'><strong><em>prte-</em></strong></span> 
     </span>
    </p>
   </div>
   <div class='ocr_carea' id='block_1_66' title="bbox 417 3445 1979 3526">
    <p class='ocr_par' dir='ltr' id='par_1_66' title="bbox 417 3445 1979 3526">
     <span class='ocr_line' id='line_1_66' title="bbox 417 3445 1979 3526; baseline 0.02 -33"><span class='ocrx_word' id='word_1_497' title='bbox 417 3445 576 3498; x_wconf 73' lang='lat' dir='ltr'><strong><em>Iiatus</em></strong></span> <span class='ocrx_word' id='word_1_498' title='bbox 608 3459 686 3505; x_wconf 84' lang='lat' dir='ltr'><strong><em>est</em></strong></span> <span class='ocrx_word' id='word_1_499' title='bbox 731 3449 919 3514; x_wconf 83' lang='lat' dir='ltr'><strong><em>David,</em></strong></span> <span class='ocrx_word' id='word_1_500' title='bbox 951 3466 1005 3506; x_wconf 81' lang='lat' dir='ltr'><strong><em>et</em></strong></span> <span class='ocrx_word' id='word_1_501' title='bbox 1035 3460 1213 3511; x_wconf 73' lang='lat' dir='ltr'><strong><em>cteteri</em></strong></span> <span class='ocrx_word' id='word_1_502' title='bbox 1244 3462 1583 3526; x_wconf 68' lang='lat' dir='ltr'><strong><em>patriarclne.</em></strong></span> <span class='ocrx_word' id='word_1_503' title='bbox 1648 3445 1864 3525; x_wconf 79' lang='lat' dir='ltr'><strong><em>Stemus</em></strong></span> <span class='ocrx_word' id='word_1_504' title='bbox 1891 3473 1979 3525; x_wconf 87' lang='lat' dir='ltr'><strong><em>ad-</em></strong></span> 
     </span>
    </p>
   </div>
   <div class='ocr_carea' id='block_1_67' title="bbox 415 3544 1975 3617">
    <p class='ocr_par' dir='ltr' id='par_1_67' title="bbox 415 3544 1975 3617">
     <span class='ocr_line' id='line_1_67' title="bbox 415 3544 1975 3617; baseline 0.022 -34"><span class='ocrx_word' id='word_1_505' title='bbox 415 3549 605 3589; x_wconf 81' lang='lat' dir='ltr'><strong><em>versus</em></strong></span> <span class='ocrx_word' id='word_1_506' title='bbox 629 3553 722 3592; x_wconf 87' lang='lat' dir='ltr'><strong><em>eos</em></strong></span> <span class='ocrx_word' id='word_1_507' title='bbox 754 3556 849 3607; x_wconf 90' lang='lat' dir='ltr'><strong><em>pro</em></strong></span> <span class='ocrx_word' id='word_1_508' title='bbox 906 3544 1169 3600; x_wconf 89' lang='lat' dir='ltr'><strong><em>fratribus</em></strong></span> <span class='ocrx_word' id='word_1_509' title='bbox 1223 3551 1445 3605; x_wconf 89' lang='lat' dir='ltr'><strong><em>nostris.</em></strong></span> <span class='ocrx_word' id='word_1_510' title='bbox 1476 3554 1667 3612; x_wconf 84' lang='lat' dir='ltr'><strong><em>Melius</em></strong></span> <span class='ocrx_word' id='word_1_511' title='bbox 1704 3571 1787 3612; x_wconf 84' lang='lat' dir='ltr'><strong><em>est</em></strong></span> <span class='ocrx_word' id='word_1_512' title='bbox 1830 3563 1975 3617; x_wconf 87' lang='lat' dir='ltr'><strong><em>enim</em></strong></span> 
     </span>
    </p>
   </div>
   <div class='ocr_carea' id='block_1_68' title="bbox 417 3627 1975 3718">
    <p class='ocr_par' dir='ltr' id='par_1_68' title="bbox 417 3627 1975 3718">
     <span class='ocr_line' id='line_1_68' title="bbox 417 3627 1975 3718; baseline 0.022 -43"><span class='ocrx_word' id='word_1_513' title='bbox 417 3627 551 3677; x_wconf 89' lang='lat' dir='ltr'><strong><em>ntori</em></strong></span> <span class='ocrx_word' id='word_1_514' title='bbox 582 3643 687 3693; x_wconf 80' lang='lat' dir='ltr'><strong><em>me,</em></strong></span> <span class='ocrx_word' id='word_1_515' title='bbox 723 3646 882 3697; x_wconf 87' lang='lat' dir='ltr'><strong><em>quam</em></strong></span> <span class='ocrx_word' id='word_1_516' title='bbox 914 3645 970 3686; x_wconf 88' lang='lat' dir='ltr'><strong><em>tit</em></strong></span> <span class='ocrx_word' id='word_1_517' title='bbox 1005 3637 1216 3703; x_wconf 80' lang='lat' dir='ltr'><strong><em>rapiant</em></strong></span> <span class='ocrx_word' id='word_1_518' title='bbox 1244 3650 1298 3693; x_wconf 86' lang='lat' dir='ltr'><strong><em>et</em></strong></span> <span class='ocrx_word' id='word_1_519' title='bbox 1340 3644 1647 3709; x_wconf 59' lang='lat' dir='ltr'><strong><em>pandentur</em></strong></span> <span class='ocrx_word' id='word_1_520' title='bbox 1676 3650 1882 3718; x_wconf 86' lang='lat' dir='ltr'><strong><em>aliquos</em></strong></span> <span class='ocrx_word' id='word_1_521' title='bbox 1910 3670 1975 3709; x_wconf 77' lang='lat' dir='ltr'><strong><em>ex</em></strong></span> 
     </span>
    </p>
   </div>
   <div class='ocr_carea' id='block_1_69' title="bbox 418 3716 1978 3807">
    <p class='ocr_par' dir='ltr' id='par_1_69' title="bbox 418 3716 1978 3807">
     <span class='ocr_line' id='line_1_69' title="bbox 418 3716 1978 3807; baseline 0.022 -43"><span class='ocrx_word' id='word_1_522' title='bbox 418 3716 675 3771; x_wconf 79' lang='lat' dir='ltr'><strong><em>fratribus</em></strong></span> <span class='ocrx_word' id='word_1_523' title='bbox 710 3724 865 3783; x_wconf 89' lang='lat' dir='ltr'><strong><em>meis,</em></strong></span> <span class='ocrx_word' id='word_1_524' title='bbox 900 3737 953 3777; x_wconf 87' lang='lat' dir='ltr'><strong><em>et</em></strong></span> <span class='ocrx_word' id='word_1_525' title='bbox 984 3730 1188 3791; x_wconf 69' lang='lat' dir='ltr'><strong><em>argutis</em></strong></span> <span class='ocrx_word' id='word_1_526' title='bbox 1222 3736 1503 3787; x_wconf 79' lang='lat' dir='ltr'><strong><em>verborum</em></strong></span> <span class='ocrx_word' id='word_1_527' title='bbox 1546 3743 1978 3807; x_wconf 81' lang='lat' dir='ltr'><strong><em>surreptionibus</em></strong></span> 
     </span>
    </p>
   </div>
   <div class='ocr_carea' id='block_1_70' title="bbox 415 3807 1975 3889">
    <p class='ocr_par' dir='ltr' id='par_1_70' title="bbox 415 3807 1975 3889">
     <span class='ocr_line' id='line_1_70' title="bbox 415 3807 1975 3889; baseline 0.022 -35"><span class='ocrx_word' id='word_1_528' title='bbox 415 3807 659 3871; x_wconf 83' lang='lat' dir='ltr'><strong><em>captivos</em></strong></span> <span class='ocrx_word' id='word_1_529' title='bbox 681 3810 879 3865; x_wconf 87' lang='lat' dir='ltr'><strong><em>ducant</em></strong></span> <span class='ocrx_word' id='word_1_530' title='bbox 909 3818 1161 3881; x_wconf 86' lang='lat' dir='ltr'><strong><em>parvulos</em></strong></span> <span class='ocrx_word' id='word_1_531' title='bbox 1180 3828 1231 3873; x_wconf 83' lang='lat' dir='ltr'><strong><em>ct</em></strong></span> <span class='ocrx_word' id='word_1_532' title='bbox 1247 3821 1510 3882; x_wconf 89' lang='lat' dir='ltr'><strong><em>lactentes</em></strong></span> <span class='ocrx_word' id='word_1_533' title='bbox 1525 3833 1574 3881; x_wconf 91' lang='lat' dir='ltr'><strong><em>itt</em></strong></span> <span class='ocrx_word' id='word_1_534' title='bbox 1593 3830 1688 3885; x_wconf 86' lang='lat' dir='ltr'><strong><em>Clit</em></strong></span> <span class='ocrx_word' id='word_1_535' title='bbox 1708 3832 1828 3886; x_wconf 85' lang='lat' dir='ltr'><strong><em>isto.</em></strong></span> <span class='ocrx_word' id='word_1_536' title='bbox 1846 3833 1975 3889; x_wconf 88' lang='lat' dir='ltr'><strong><em>Cum</em></strong></span> 
     </span>
    </p>
   </div>
   <div class='ocr_carea' id='block_1_71' title="bbox 417 3894 1979 3987">
    <p class='ocr_par' dir='ltr' id='par_1_71' title="bbox 417 3894 1979 3987">
     <span class='ocr_line' id='line_1_71' title="bbox 417 3894 1979 3987; baseline 0.024 -45"><span class='ocrx_word' id='word_1_537' title='bbox 417 3894 671 3960; x_wconf 81' lang='lat' dir='ltr'><strong><em>perfectis</em></strong></span> <span class='ocrx_word' id='word_1_538' title='bbox 699 3909 875 3955; x_wconf 85' lang='lat' dir='ltr'><strong><em>autent</em></strong></span> <span class='ocrx_word' id='word_1_539' title='bbox 907 3921 1006 3958; x_wconf 88' lang='lat' dir='ltr'><strong><em>nec</em></strong></span> <span class='ocrx_word' id='word_1_540' title='bbox 1030 3909 1278 3964; x_wconf 86' lang='lat' dir='ltr'><strong><em>conferre</em></strong></span> <span class='ocrx_word' id='word_1_541' title='bbox 1309 3926 1562 3981; x_wconf 90' lang='lat' dir='ltr'><strong><em>poterunt</em></strong></span> <span class='ocrx_word' id='word_1_542' title='bbox 1599 3937 1836 3987; x_wconf 89' lang='lat' dir='ltr'><strong><em>manum,</em></strong></span> <span class='ocrx_word' id='word_1_543' title='bbox 1881 3941 1979 3979; x_wconf 89' lang='lat' dir='ltr'><strong><em>nec</em></strong></span> 
     </span>
    </p>
   </div>
   <div class='ocr_carea' id='block_1_72' title="bbox 417 3988 1979 4081">
    <p class='ocr_par' dir='ltr' id='par_1_72' title="bbox 417 3988 1979 4081">
     <span class='ocr_line' id='line_1_72' title="bbox 417 3988 1979 4081; baseline 0.025 -47"><span class='ocrx_word' id='word_1_544' title='bbox 417 3988 605 4040; x_wconf 91' lang='lat' dir='ltr'><strong><em>venire</em></strong></span> <span class='ocrx_word' id='word_1_545' title='bbox 640 3988 691 4040; x_wconf 90' lang='lat' dir='ltr'><strong><em>iit</em></strong></span> <span class='ocrx_word' id='word_1_546' title='bbox 721 4002 991 4047; x_wconf 83' lang='lat' dir='ltr'><strong><em>certamen</em></strong></span> <span class='ocrx_word' id='word_1_547' title='bbox 1036 4001 1328 4057; x_wconf 86' lang='lat' dir='ltr'><strong><em>audebunt.</em></strong></span> <span class='ocrx_word' id='word_1_548' title='bbox 1385 4006 1493 4061; x_wconf 86' lang='lat' dir='ltr'><strong><em>Nos</em></strong></span> <span class='ocrx_word' id='word_1_549' title='bbox 1530 4024 1662 4078; x_wconf 84' lang='lat' dir='ltr'><strong><em>ergo</em></strong></span> <span class='ocrx_word' id='word_1_550' title='bbox 1692 4015 1837 4081; x_wconf 84' lang='lat' dir='ltr'><strong><em>prius</em></strong></span> <span class='ocrx_word' id='word_1_551' title='bbox 1877 4017 1979 4072; x_wconf 49' lang='lat' dir='ltr'><strong><em>Do.</em></strong></span> 
     </span>
    </p>
   </div>
   <div class='ocr_carea' id='block_1_73' title="bbox 414 4076 1975 4173">
    <p class='ocr_par' dir='ltr' id='par_1_73' title="bbox 414 4076 1975 4173">
     <span class='ocr_line' id='line_1_73' title="bbox 414 4076 1975 4173; baseline 0.022 -47"><span class='ocrx_word' id='word_1_552' title='bbox 414 4076 618 4128; x_wconf 88' lang='lat' dir='ltr'><strong><em>minimi</em></strong></span> <span class='ocrx_word' id='word_1_553' title='bbox 646 4079 998 4146; x_wconf 85' lang='lat' dir='ltr'><strong><em>deprecantes</em></strong></span> <span class='ocrx_word' id='word_1_554' title='bbox 1035 4098 1087 4141; x_wconf 90' lang='lat' dir='ltr'><strong><em>et</em></strong></span> <span class='ocrx_word' id='word_1_555' title='bbox 1139 4094 1334 4145; x_wconf 85' lang='lat' dir='ltr'><strong><em>vestris</em></strong></span> <span class='ocrx_word' id='word_1_556' title='bbox 1387 4076 1731 4155; x_wconf 75' lang='lat' dir='ltr'><strong><em>orationibus</em></strong></span> <span class='ocrx_word' id='word_1_557' title='bbox 1769 4104 1932 4171; x_wconf 81' lang='lat' dir='ltr'><strong><em>adjuti</em></strong></span> <span class='ocrx_word' id='word_1_558' title='bbox 1958 4148 1975 4173; x_wconf 93' lang='lat'><strong><em>,</em></strong></span> 
     </span>
    </p>
   </div>
   <div class='ocr_carea' id='block_1_74' title="bbox 412 4171 1975 4259">
    <p class='ocr_par' dir='ltr' id='par_1_74' title="bbox 412 4171 1975 4259">
     <span class='ocr_line' id='line_1_74' title="bbox 412 4171 1975 4259; baseline 0.024 -42"><span class='ocrx_word' id='word_1_559' title='bbox 412 4171 796 4240; x_wconf 84' lang='lat' dir='ltr'><strong><em>aggrediamur</em></strong></span> <span class='ocrx_word' id='word_1_560' title='bbox 842 4190 1031 4233; x_wconf 86' lang='lat' dir='ltr'><strong><em>contra</em></strong></span> <span class='ocrx_word' id='word_1_561' title='bbox 1086 4197 1178 4236; x_wconf 85' lang='lat' dir='ltr'><strong><em>eos</em></strong></span> <span class='ocrx_word' id='word_1_562' title='bbox 1233 4187 1476 4254; x_wconf 75' lang='lat' dir='ltr'><strong><em>prteliuttt</em></strong></span> <span class='ocrx_word' id='word_1_563' title='bbox 1520 4194 1692 4246; x_wconf 89' lang='lat' dir='ltr'><strong><em>verbi.</em></strong></span> <span class='ocrx_word' id='word_1_564' title='bbox 1737 4196 1975 4259; x_wconf 88' lang='lat' dir='ltr'><strong><em>Dicimus</em></strong></span> 
     </span>
    </p>
   </div>
   <div class='ocr_carea' id='block_1_75' title="bbox 410 4268 1969 4353">
    <p class='ocr_par' dir='ltr' id='par_1_75' title="bbox 410 4268 1969 4353">
     <span class='ocr_line' id='line_1_75' title="bbox 410 4268 1969 4353; baseline 0.021 -40"><span class='ocrx_word' id='word_1_565' title='bbox 410 4272 545 4329; x_wconf 83' lang='lat' dir='ltr'><strong><em>ergo</em></strong></span> <span class='ocrx_word' id='word_1_566' title='bbox 569 4278 688 4318; x_wconf 85' lang='lat' dir='ltr'><strong><em>(&#39;lllll</em></strong></span> <span class='ocrx_word' id='word_1_567' title='bbox 722 4268 1099 4338; x_wconf 85' lang='lat' dir='ltr'><strong><em>liducia,quod</em></strong></span> <span class='ocrx_word' id='word_1_568' title='bbox 1166 4281 1464 4333; x_wconf 83' lang='lat' dir='ltr'><strong><em>Secundum</em></strong></span> <span class='ocrx_word' id='word_1_569' title='bbox 1494 4282 1825 4353; x_wconf 76' lang='lat' dir='ltr'><strong><em>Set&#39;ipturas,</em></strong></span> <span class='ocrx_word' id='word_1_570' title='bbox 1867 4308 1969 4353; x_wconf 88' lang='lat' dir='ltr'><strong><em>non</em></strong></span> 
     </span>
    </p>
   </div>
   <div class='ocr_carea' id='block_1_76' title="bbox 408 4357 1971 4448">
    <p class='ocr_par' dir='ltr' id='par_1_76' title="bbox 408 4357 1971 4448">
     <span class='ocr_line' id='line_1_76' title="bbox 408 4357 1971 4448; baseline 0.023 -48"><span class='ocrx_word' id='word_1_571' title='bbox 408 4362 593 4406; x_wconf 91' lang='lat' dir='ltr'><strong><em>omnes</em></strong></span> <span class='ocrx_word' id='word_1_572' title='bbox 615 4357 755 4409; x_wconf 76' lang='lat' dir='ltr'><strong><em>St&#39;ial.</em></strong></span> <span class='ocrx_word' id='word_1_573' title='bbox 787 4358 947 4413; x_wconf 86' lang='lat' dir='ltr'><strong><em>Deus.</em></strong></span> <span class='ocrx_word' id='word_1_574' title='bbox 990 4361 1278 4418; x_wconf 85' lang='lat' dir='ltr'><strong><em>Peccatum</em></strong></span> <span class='ocrx_word' id='word_1_575' title='bbox 1312 4373 1483 4425; x_wconf 87' lang='lat' dir='ltr'><strong><em>nescit</em></strong></span> <span class='ocrx_word' id='word_1_576' title='bbox 1511 4375 1669 4441; x_wconf 89' lang='lat' dir='ltr'><strong><em>Deus,</em></strong></span> <span class='ocrx_word' id='word_1_577' title='bbox 1695 4390 1749 4431; x_wconf 84' lang='lat' dir='ltr'><strong><em>et</em></strong></span> <span class='ocrx_word' id='word_1_578' title='bbox 1777 4397 1971 4448; x_wconf 79' lang='lat' dir='ltr'><strong><em>pecca~</em></strong></span> 
     </span>
    </p>
   </div>
   <div class='ocr_carea' id='block_1_77' title="bbox 2091 3182 3655 3259">
    <p class='ocr_par' dir='ltr' id='par_1_77' title="bbox 2091 3182 3655 3259">
     <span class='ocr_line' id='line_1_77' title="bbox 2091 3182 3655 3259; baseline 0.007 -25"><span class='ocrx_word' id='word_1_579' title='bbox 2091 3182 2247 3237; x_wconf 83' lang='lat' dir='ltr'><strong><em>talem</em></strong></span> <span class='ocrx_word' id='word_1_580' title='bbox 2281 3183 2755 3239; x_wconf 84' lang='lat' dir='ltr'><strong><em>conversationem</em></strong></span> <span class='ocrx_word' id='word_1_581' title='bbox 2788 3192 3050 3249; x_wconf 88' lang='lat' dir='ltr'><strong><em>nostrain,</em></strong></span> <span class='ocrx_word' id='word_1_582' title='bbox 3090 3196 3147 3240; x_wconf 94' lang='lat' dir='ltr'><strong><em>ut</em></strong></span> <span class='ocrx_word' id='word_1_583' title='bbox 3175 3190 3319 3259; x_wconf 89' lang='lat' dir='ltr'><strong><em>digni</em></strong></span> <span class='ocrx_word' id='word_1_584' title='bbox 3357 3190 3655 3245; x_wconf 81' lang='lat' dir='ltr'><strong><em>habeantur</em></strong></span> 
     </span>
    </p>
   </div>
   <div class='ocr_carea' id='block_1_78' title="bbox 2086 3274 3651 3350">
    <p class='ocr_par' dir='ltr' id='par_1_78' title="bbox 2086 3274 3651 3350">
     <span class='ocr_line' id='line_1_78' title="bbox 2086 3274 3651 3350; baseline 0.007 -24"><span class='ocrx_word' id='word_1_585' title='bbox 2086 3274 2281 3327; x_wconf 87' lang='lat' dir='ltr'><strong><em>notitia</em></strong></span> <span class='ocrx_word' id='word_1_586' title='bbox 2324 3274 2437 3339; x_wconf 93' lang='lat' dir='ltr'><strong><em>Dei,</em></strong></span> <span class='ocrx_word' id='word_1_587' title='bbox 2476 3282 2533 3325; x_wconf 92' lang='lat' dir='ltr'><strong><em>ut</em></strong></span> <span class='ocrx_word' id='word_1_588' title='bbox 2562 3290 2661 3328; x_wconf 84' lang='lat' dir='ltr'><strong><em>nos</em></strong></span> <span class='ocrx_word' id='word_1_589' title='bbox 2691 3275 2832 3329; x_wconf 86' lang='lat' dir='ltr'><strong><em>scire</em></strong></span> <span class='ocrx_word' id='word_1_590' title='bbox 2865 3275 3150 3345; x_wconf 87' lang='lat' dir='ltr'><strong><em>dignetur,</em></strong></span> <span class='ocrx_word' id='word_1_591' title='bbox 3183 3289 3238 3333; x_wconf 90' lang='lat' dir='ltr'><strong><em>ut</em></strong></span> <span class='ocrx_word' id='word_1_592' title='bbox 3272 3282 3417 3350; x_wconf 87' lang='lat' dir='ltr'><strong><em>digiti</em></strong></span> <span class='ocrx_word' id='word_1_593' title='bbox 3450 3284 3651 3337; x_wconf 81' lang='lat' dir='ltr'><strong><em>hahea-</em></strong></span> 
     </span>
    </p>
   </div>
   <div class='ocr_carea' id='block_1_79' title="bbox 2085 3366 3652 3442">
    <p class='ocr_par' dir='ltr' id='par_1_79' title="bbox 2085 3366 3652 3442">
     <span class='ocr_line' id='line_1_79' title="bbox 2085 3366 3652 3442; baseline 0.006 -23"><span class='ocrx_word' id='word_1_594' title='bbox 2085 3382 2206 3419; x_wconf 88' lang='lat' dir='ltr'><strong><em>ntur</em></strong></span> <span class='ocrx_word' id='word_1_595' title='bbox 2239 3367 2428 3421; x_wconf 81' lang='lat' dir='ltr'><strong><em>notitia</em></strong></span> <span class='ocrx_word' id='word_1_596' title='bbox 2452 3366 2571 3421; x_wconf 89' lang='lat' dir='ltr'><strong><em>Filii</em></strong></span> <span class='ocrx_word' id='word_1_597' title='bbox 2605 3368 2724 3436; x_wconf 84' lang='lat' dir='ltr'><strong><em>ejus</em></strong></span> <span class='ocrx_word' id='word_1_598' title='bbox 2755 3367 2883 3423; x_wconf 86' lang='lat' dir='ltr'><strong><em>Jesu</em></strong></span> <span class='ocrx_word' id='word_1_599' title='bbox 2918 3370 3147 3436; x_wconf 84' lang='lat' dir='ltr'><strong><em>Christi,</em></strong></span> <span class='ocrx_word' id='word_1_600' title='bbox 3190 3374 3380 3425; x_wconf 87' lang='lat' dir='ltr'><strong><em>notitia</em></strong></span> <span class='ocrx_word' id='word_1_601' title='bbox 3415 3374 3652 3442; x_wconf 89' lang='lat' dir='ltr'><strong><em>Spiritus</em></strong></span> 
     </span>
    </p>
   </div>
   <div class='ocr_carea' id='block_1_80' title="bbox 2085 3457 3649 3525">
    <p class='ocr_par' dir='ltr' id='par_1_80' title="bbox 2085 3457 3649 3525">
     <span class='ocr_line' id='line_1_80' title="bbox 2085 3457 3649 3525; baseline 0.006 -18"><span class='ocrx_word' id='word_1_602' title='bbox 2085 3458 2258 3510; x_wconf 88' lang='lat' dir='ltr'><strong><em>sancti</em></strong></span> <span class='ocrx_word' id='word_1_603' title='bbox 2286 3495 2300 3519; x_wconf 89' lang='lat'><strong><em>,</em></strong></span> <span class='ocrx_word' id='word_1_604' title='bbox 2335 3467 2391 3510; x_wconf 89' lang='lat' dir='ltr'><strong><em>ut</em></strong></span> <span class='ocrx_word' id='word_1_605' title='bbox 2423 3457 2589 3525; x_wconf 88' lang='lat' dir='ltr'><strong><em>agniti</em></strong></span> <span class='ocrx_word' id='word_1_606' title='bbox 2625 3474 2651 3508; x_wconf 88' lang='lat' dir='ltr'><strong><em>a</em></strong></span> <span class='ocrx_word' id='word_1_607' title='bbox 2678 3457 2977 3525; x_wconf 81' lang='lat' dir='ltr'><strong><em>Trinitate,</em></strong></span> <span class='ocrx_word' id='word_1_608' title='bbox 3023 3472 3077 3515; x_wconf 89' lang='lat' dir='ltr'><strong><em>et</em></strong></span> <span class='ocrx_word' id='word_1_609' title='bbox 3106 3477 3203 3515; x_wconf 87' lang='lat' dir='ltr'><strong><em>nos</em></strong></span> <span class='ocrx_word' id='word_1_610' title='bbox 3250 3478 3649 3517; x_wconf 81' lang='lat' dir='ltr'><strong><em>sacramentum</em></strong></span> 
     </span>
    </p>
   </div>
   <div class='ocr_carea' id='block_1_81' title="bbox 2085 3544 3652 3619">
    <p class='ocr_par' dir='ltr' id='par_1_81' title="bbox 2085 3544 3652 3619">
     <span class='ocr_line' id='line_1_81' title="bbox 2085 3544 3652 3619; baseline 0.008 -22"><span class='ocrx_word' id='word_1_611' title='bbox 2085 3544 2365 3601; x_wconf 82' lang='lat' dir='ltr'><strong><em>Trinitatis</em></strong></span> <span class='ocrx_word' id='word_1_612' title='bbox 2407 3547 2588 3615; x_wconf 91' lang='lat' dir='ltr'><strong><em>plene,</em></strong></span> <span class='ocrx_word' id='word_1_613' title='bbox 2632 3558 2687 3602; x_wconf 84' lang='lat' dir='ltr'><strong><em>et</em></strong></span> <span class='ocrx_word' id='word_1_614' title='bbox 2720 3552 2953 3619; x_wconf 84' lang='lat' dir='ltr'><strong><em>integre,</em></strong></span> <span class='ocrx_word' id='word_1_615' title='bbox 2991 3561 3043 3605; x_wconf 91' lang='lat' dir='ltr'><strong><em>et</em></strong></span> <span class='ocrx_word' id='word_1_616' title='bbox 3076 3552 3316 3619; x_wconf 86' lang='lat' dir='ltr'><strong><em>perfecte</em></strong></span> <span class='ocrx_word' id='word_1_617' title='bbox 3346 3571 3652 3609; x_wconf 89' lang='lat' dir='ltr'><strong><em>mereantur</em></strong></span> 
     </span>
    </p>
   </div>
   <div class='ocr_carea' id='block_1_82' title="bbox 2082 3640 3648 3704">
    <p class='ocr_par' dir='ltr' id='par_1_82' title="bbox 2082 3640 3648 3704">
     <span class='ocr_line' id='line_1_82' title="bbox 2082 3640 3648 3704; baseline 0.004 -12"><span class='ocrx_word' id='word_1_618' title='bbox 2082 3654 2401 3704; x_wconf 75' lang='lat' dir='ltr'><strong><em>agnoscere,</em></strong></span> <span class='ocrx_word' id='word_1_619' title='bbox 2458 3640 2729 3697; x_wconf 84' lang='lat' dir='ltr'><strong><em>revelante</em></strong></span> <span class='ocrx_word' id='word_1_620' title='bbox 2792 3644 2957 3698; x_wconf 86' lang='lat' dir='ltr'><strong><em>nobis.</em></strong></span> <span class='ocrx_word' id='word_1_621' title='bbox 3003 3644 3232 3699; x_wconf 84' lang='lat' dir='ltr'><strong><em>Domino</em></strong></span> <span class='ocrx_word' id='word_1_622' title='bbox 3295 3656 3478 3699; x_wconf 88' lang='lat' dir='ltr'><strong><em>nostro</em></strong></span> <span class='ocrx_word' id='word_1_623' title='bbox 3521 3647 3648 3701; x_wconf 84' lang='lat' dir='ltr'><strong><em>Jesti</em></strong></span> 
     </span>
    </p>
   </div>
   <div class='ocr_carea' id='block_1_83' title="bbox 2081 3730 3652 3805">
    <p class='ocr_par' dir='ltr' id='par_1_83' title="bbox 2081 3730 3652 3805">
     <span class='ocr_line' id='line_1_83' title="bbox 2081 3730 3652 3805; baseline 0.006 -22"><span class='ocrx_word' id='word_1_624' title='bbox 2081 3730 2325 3795; x_wconf 75' lang='lat' dir='ltr'><strong><em>Christo,</em></strong></span> <span class='ocrx_word' id='word_1_625' title='bbox 2361 3732 2449 3783; x_wconf 89' lang='lat' dir='ltr'><strong><em>cui</em></strong></span> <span class='ocrx_word' id='word_1_626' title='bbox 2478 3739 2561 3789; x_wconf 76' lang='lat' dir='ltr'><strong><em>est</em></strong></span> <span class='ocrx_word' id='word_1_627' title='bbox 2591 3732 2760 3801; x_wconf 81' lang='lat' dir='ltr'><strong><em>gloria</em></strong></span> <span class='ocrx_word' id='word_1_628' title='bbox 2791 3743 2845 3788; x_wconf 89' lang='lat' dir='ltr'><strong><em>et</em></strong></span> <span class='ocrx_word' id='word_1_629' title='bbox 2876 3736 3162 3805; x_wconf 84' lang='lat' dir='ltr'><strong><em>imperium</em></strong></span> <span class='ocrx_word' id='word_1_630' title='bbox 3194 3738 3245 3791; x_wconf 89' lang='lat' dir='ltr'><strong><em>iit</em></strong></span> <span class='ocrx_word' id='word_1_631' title='bbox 3302 3739 3495 3793; x_wconf 75' lang='lat' dir='ltr'><strong><em>atecula</em></strong></span> <span class='ocrx_word' id='word_1_632' title='bbox 3550 3755 3652 3793; x_wconf 80' lang='lat' dir='ltr'><strong><em>sa:-</em></strong></span> 
     </span>
    </p>
   </div>
   <div class='ocr_carea' id='block_1_84' title="bbox 2081 3820 3544 3902">
    <p class='ocr_par' dir='ltr' id='par_1_84' title="bbox 2081 3820 3544 3902">
     <span class='ocr_line' id='line_1_84' title="bbox 2081 3820 3544 3902; baseline 0.007 -26"><span class='ocrx_word' id='word_1_633' title='bbox 2081 3820 2344 3877; x_wconf 86' lang='lat' dir='ltr'><strong><em>culoruui.</em></strong></span> <span class='ocrx_word' id='word_1_634' title='bbox 2376 3822 2571 3879; x_wconf 85' lang='lat' dir='ltr'><strong><em>Amen.</em></strong></span> <span class='ocrx_word' id='word_1_635' title='bbox 3486 3858 3544 3902; x_wconf 46' lang='grc' dir='ltr'><em>λ</em></span> 
     </span>
    </p>
   </div>
   <div class='ocr_carea' id='block_1_85' title="bbox 2674 3916 3053 3975">
    <p class='ocr_par' dir='ltr' id='par_1_85' title="bbox 2674 3916 3053 3975">
     <span class='ocr_line' id='line_1_85' title="bbox 2674 3916 3053 3975; baseline 0.008 -3"><span class='ocrx_word' id='word_1_636' title='bbox 2674 3916 2952 3973; x_wconf 73' lang='grc' dir='ltr'><strong><em>ΙΙΟΜΙΜΑ</em></strong></span> <span class='ocrx_word' id='word_1_637' title='bbox 2991 3922 3053 3975; x_wconf 77' lang='grc' dir='ltr'><strong>ν.</strong></span> 
     </span>
    </p>
   </div>
   <div class='ocr_carea' id='block_1_86' title="bbox 2448 4006 3255 4081">
    <p class='ocr_par' dir='ltr' id='par_1_86' title="bbox 2448 4006 3255 4081">
     <span class='ocr_line' id='line_1_86' title="bbox 2448 4006 3255 4081; baseline 0.009 -22"><span class='ocrx_word' id='word_1_638' title='bbox 2448 4006 2520 4060; x_wconf 87' lang='lat' dir='ltr'><strong><em>De</em></strong></span> <span class='ocrx_word' id='word_1_639' title='bbox 2550 4006 2645 4060; x_wconf 79' lang='lat' dir='ltr'><strong><em>Lat</em></strong></span> <span class='ocrx_word' id='word_1_640' title='bbox 2677 4020 2722 4061; x_wconf 81' lang='lat' dir='ltr'><strong><em>et</em></strong></span> <span class='ocrx_word' id='word_1_641' title='bbox 2745 4010 2958 4077; x_wconf 78' lang='lat' dir='ltr'><strong><em>ﬁliabus</em></strong></span> <span class='ocrx_word' id='word_1_642' title='bbox 2981 4011 3095 4078; x_wconf 78' lang='lat' dir='ltr'><strong><em>eius</em></strong></span> <span class='ocrx_word' id='word_1_643' title='bbox 3120 4011 3255 4081; x_wconf 72' lang='lat'><strong><em>(20).</em></strong></span> 
     </span>
    </p>
   </div>
   <div class='ocr_carea' id='block_1_87' title="bbox 2152 4096 3645 4167">
    <p class='ocr_par' dir='ltr' id='par_1_87' title="bbox 2152 4096 3645 4167">
     <span class='ocr_line' id='line_1_87' title="bbox 2152 4096 3645 4167; baseline 0.005 -18"><span class='ocrx_word' id='word_1_644' title='bbox 2152 4096 2199 4149; x_wconf 87' lang='lat' dir='ltr'><strong><em>l.</em></strong></span> <span class='ocrx_word' id='word_1_645' title='bbox 2234 4096 2377 4153; x_wconf 78' lang='lat' dir='ltr'><strong><em>Missi</em></strong></span> <span class='ocrx_word' id='word_1_646' title='bbox 2414 4098 2589 4162; x_wconf 81' lang='lat' dir='ltr'><strong><em>angeli</em></strong></span> <span class='ocrx_word' id='word_1_647' title='bbox 2632 4101 2697 4151; x_wconf 88' lang='lat' dir='ltr'><strong><em>ad</em></strong></span> <span class='ocrx_word' id='word_1_648' title='bbox 2732 4101 3137 4156; x_wconf 74' lang='lat' dir='ltr'><strong><em>SUbVCl‘sithllt</em></strong></span> <span class='ocrx_word' id='word_1_649' title='bbox 3197 4103 3551 4157; x_wconf 86' lang='lat' dir='ltr'><strong><em>Sodomorum</em></strong></span> <span class='ocrx_word' id='word_1_650' title='bbox 3578 4105 3645 4167; x_wconf 85' lang='grc'><strong><em>⁸⁷,</em></strong></span> 
     </span>
    </p>
   </div>
   <div class='ocr_carea' id='block_1_88' title="bbox 2078 4188 3646 4260">
    <p class='ocr_par' dir='ltr' id='par_1_88' title="bbox 2078 4188 3646 4260">
     <span class='ocr_line' id='line_1_88' title="bbox 2078 4188 3646 4260; baseline 0.004 -19"><span class='ocrx_word' id='word_1_651' title='bbox 2078 4202 2198 4241; x_wconf 86' lang='lat' dir='ltr'><strong><em>eum</em></strong></span> <span class='ocrx_word' id='word_1_652' title='bbox 2220 4188 2521 4257; x_wconf 85' lang='lat' dir='ltr'><strong><em>injuttctuut</em></strong></span> <span class='ocrx_word' id='word_1_653' title='bbox 2541 4201 2802 4260; x_wconf 83' lang='lat' dir='ltr'><strong><em>cuperent</em></strong></span> <span class='ocrx_word' id='word_1_654' title='bbox 2827 4202 3101 4246; x_wconf 86' lang='lat' dir='ltr'><strong><em>maturare</em></strong></span> <span class='ocrx_word' id='word_1_655' title='bbox 3136 4196 3429 4260; x_wconf 73' lang='lat' dir='ltr'><strong><em>uegetium,</em></strong></span> <span class='ocrx_word' id='word_1_656' title='bbox 3460 4212 3646 4249; x_wconf 80' lang='lat' dir='ltr'><strong><em>curam</em></strong></span> 
     </span>
    </p>
   </div>
   <div class='ocr_carea' id='block_1_89' title="bbox 2078 4282 3647 4353">
    <p class='ocr_par' dir='ltr' id='par_1_89' title="bbox 2078 4282 3647 4353">
     <span class='ocr_line' id='line_1_89' title="bbox 2078 4282 3647 4353; baseline 0.002 -19"><span class='ocrx_word' id='word_1_657' title='bbox 2078 4282 2231 4353; x_wconf 80' lang='lat' dir='ltr'><strong><em>prius</em></strong></span> <span class='ocrx_word' id='word_1_658' title='bbox 2268 4294 2461 4350; x_wconf 84' lang='lat' dir='ltr'><strong><em>gerunt</em></strong></span> <span class='ocrx_word' id='word_1_659' title='bbox 2500 4283 2733 4352; x_wconf 88' lang='lat' dir='ltr'><strong><em>hospitis</em></strong></span> <span class='ocrx_word' id='word_1_660' title='bbox 2786 4284 2907 4349; x_wconf 86' lang='lat' dir='ltr'><strong><em>Lot,</em></strong></span> <span class='ocrx_word' id='word_1_661' title='bbox 2958 4296 3016 4338; x_wconf 91' lang='lat' dir='ltr'><strong><em>ut</em></strong></span> <span class='ocrx_word' id='word_1_662' title='bbox 3069 4302 3190 4337; x_wconf 88' lang='lat' dir='ltr'><strong><em>eunt</em></strong></span> <span class='ocrx_word' id='word_1_663' title='bbox 3234 4290 3299 4337; x_wconf 88' lang='lat' dir='ltr'><strong><em>de</em></strong></span> <span class='ocrx_word' id='word_1_664' title='bbox 3344 4288 3647 4337; x_wconf 82' lang='lat' dir='ltr'><strong><em>iittmiitenti</em></strong></span> 
     </span>
    </p>
   </div>
   <div class='ocr_carea' id='block_1_90' title="bbox 2079 4373 3650 4444">
    <p class='ocr_par' dir='ltr' id='par_1_90' title="bbox 2079 4373 3650 4444">
     <span class='ocr_line' id='line_1_90' title="bbox 2079 4373 3650 4444; baseline 0.003 -22"><span class='ocrx_word' id='word_1_665' title='bbox 2079 4373 2221 4440; x_wconf 81' lang='lat' dir='ltr'><strong><em>ignis</em></strong></span> <span class='ocrx_word' id='word_1_666' title='bbox 2272 4376 2502 4437; x_wconf 67' lang='lat' dir='ltr'><strong><em>excidio,</em></strong></span> <span class='ocrx_word' id='word_1_667' title='bbox 2537 4379 2995 4442; x_wconf 83' lang='lat' dir='ltr'><strong><em>contemplatione</em></strong></span> <span class='ocrx_word' id='word_1_668' title='bbox 3025 4378 3409 4444; x_wconf 83' lang='lat' dir='ltr'><strong><em>hospitalitatis</em></strong></span> <span class='ocrx_word' id='word_1_669' title='bbox 3445 4378 3650 4429; x_wconf 75' lang='lat' dir='ltr'><strong><em>exime-</em></strong></span> 
     </span>
    </p>
   </div>
   <div class='ocr_carea' id='block_1_91' title="bbox 410 4442 3646 4535">
    <p class='ocr_par' dir='ltr' id='par_1_91' title="bbox 410 4442 3646 4535">
     <span class='ocr_line' id='line_1_91' title="bbox 410 4442 3646 4535; baseline 0.009 -44"><span class='ocrx_word' id='word_1_670' title='bbox 410 4447 555 4494; x_wconf 87' lang='lat' dir='ltr'><strong><em>tores</em></strong></span> <span class='ocrx_word' id='word_1_671' title='bbox 581 4446 751 4497; x_wconf 82' lang='lat' dir='ltr'><strong><em>nescit</em></strong></span> <span class='ocrx_word' id='word_1_672' title='bbox 788 4447 947 4512; x_wconf 86' lang='lat' dir='ltr'><strong><em>Deus,</em></strong></span> <span class='ocrx_word' id='word_1_673' title='bbox 982 4453 1187 4509; x_wconf 87' lang='lat' dir='ltr'><strong><em>alienos</em></strong></span> <span class='ocrx_word' id='word_1_674' title='bbox 1216 4472 1243 4511; x_wconf 89' lang='lat' dir='ltr'><strong><em>a</em></strong></span> <span class='ocrx_word' id='word_1_675' title='bbox 1272 4472 1329 4511; x_wconf 88' lang='lat' dir='ltr'><strong><em>se</em></strong></span> <span class='ocrx_word' id='word_1_676' title='bbox 1358 4460 1586 4528; x_wconf 83' lang='lat' dir='ltr'><strong><em>ignorat.</em></strong></span> <span class='ocrx_word' id='word_1_677' title='bbox 1617 4442 1973 4525; x_wconf 43' lang='lat' dir='ltr'><strong><em>Audi-dicem</em></strong></span> <span class='ocrx_word' id='word_1_678' title='bbox 2010 4442 2052 4494; x_wconf 71' lang='grc' dir='ltr'><strong>θ</strong></span> <span class='ocrx_word' id='word_1_679' title='bbox 2082 4478 2225 4519; x_wconf 86' lang='lat' dir='ltr'><strong><em>rent.</em></strong></span> <span class='ocrx_word' id='word_1_680' title='bbox 2260 4468 2457 4521; x_wconf 85' lang='lat' dir='ltr'><strong><em>Audite</em></strong></span> <span class='ocrx_word' id='word_1_681' title='bbox 2495 4471 2631 4527; x_wconf 78' lang='lat' dir='ltr'><strong><em>haec,</em></strong></span> <span class='ocrx_word' id='word_1_682' title='bbox 2662 4470 2751 4534; x_wconf 89' lang='lat' dir='ltr'><strong><em>qui</em></strong></span> <span class='ocrx_word' id='word_1_683' title='bbox 2788 4470 3089 4535; x_wconf 86' lang='lat' dir='ltr'><strong><em>peregrinis</em></strong></span> <span class='ocrx_word' id='word_1_684' title='bbox 3126 4469 3373 4520; x_wconf 82' lang='lat' dir='ltr'><strong><em>claudius</em></strong></span> <span class='ocrx_word' id='word_1_685' title='bbox 3415 4470 3646 4531; x_wconf 79' lang='lat' dir='ltr'><strong><em>donius;</em></strong></span> 
     </span>
    </p>
   </div>
   <div class='ocr_carea' id='block_1_92' title="bbox 413 4530 1969 4624">
    <p class='ocr_par' dir='ltr' id='par_1_92' title="bbox 413 4530 1969 4624">
     <span class='ocr_line' id='line_1_92' title="bbox 413 4530 1969 4624; baseline 0.021 -44"><span class='ocrx_word' id='word_1_686' title='bbox 413 4540 516 4581; x_wconf 86' lang='lat' dir='ltr'><strong><em>tein</em></strong></span> <span class='ocrx_word' id='word_1_687' title='bbox 544 4530 877 4600; x_wconf 86' lang='lat' dir='ltr'><strong><em>Scripturant</em></strong></span> <span class='ocrx_word' id='word_1_688' title='bbox 904 4541 988 4592; x_wconf 78' lang='grc' dir='ltr'><strong><em>⁸³ε</em></strong></span> <span class='ocrx_word' id='word_1_689' title='bbox 1020 4542 1269 4612; x_wconf 82' lang='lat' dir='ltr'><strong><em>Cognovit</em></strong></span> <span class='ocrx_word' id='word_1_690' title='bbox 1296 4549 1545 4607; x_wconf 87' lang='lat' dir='ltr'><strong><em>Dominus</em></strong></span> <span class='ocrx_word' id='word_1_691' title='bbox 1572 4560 1661 4622; x_wconf 85' lang='lat' dir='ltr'><strong><em>qui</em></strong></span> <span class='ocrx_word' id='word_1_692' title='bbox 1693 4570 1811 4611; x_wconf 82' lang='lat' dir='ltr'><strong><em>sunt</em></strong></span> <span class='ocrx_word' id='word_1_693' title='bbox 1834 4563 1969 4624; x_wconf 79' lang='lat' dir='ltr'><strong><em>eius,</em></strong></span> 
     </span>
    </p>
   </div>
   <div class='ocr_carea' id='block_1_93' title="bbox 406 4621 1972 4710">
    <p class='ocr_par' dir='ltr' id='par_1_93' title="bbox 406 4621 1972 4710">
     <span class='ocr_line' id='line_1_93' title="bbox 406 4621 1972 4710; baseline 0.019 -39"><span class='ocrx_word' id='word_1_694' title='bbox 406 4629 452 4671; x_wconf 86' lang='lat' dir='ltr'><strong><em>et</em></strong></span> <span class='ocrx_word' id='word_1_695' title='bbox 504 4621 738 4675; x_wconf 83' lang='lat' dir='ltr'><strong><em>discedat</em></strong></span> <span class='ocrx_word' id='word_1_696' title='bbox 784 4628 847 4679; x_wconf 86' lang='lat' dir='ltr'><strong><em>ab</em></strong></span> <span class='ocrx_word' id='word_1_697' title='bbox 890 4631 1165 4699; x_wconf 78' lang='lat' dir='ltr'><strong><em>iniquitate</em></strong></span> <span class='ocrx_word' id='word_1_698' title='bbox 1214 4642 1377 4692; x_wconf 86' lang='lat' dir='ltr'><strong><em>omnis</em></strong></span> <span class='ocrx_word' id='word_1_699' title='bbox 1412 4645 1500 4710; x_wconf 85' lang='lat' dir='ltr'><strong><em>qui</em></strong></span> <span class='ocrx_word' id='word_1_700' title='bbox 1547 4646 1754 4699; x_wconf 83' lang='lat' dir='ltr'><strong><em>invocat</em></strong></span> <span class='ocrx_word' id='word_1_701' title='bbox 1786 4665 1972 4701; x_wconf 85' lang='lat' dir='ltr'><strong><em>nomen</em></strong></span> 
     </span>
    </p>
   </div>
   <div class='ocr_carea' id='block_1_94' title="bbox 410 4707 1973 4803">
    <p class='ocr_par' dir='ltr' id='par_1_94' title="bbox 410 4707 1973 4803">
     <span class='ocr_line' id='line_1_94' title="bbox 410 4707 1973 4803; baseline 0.023 -47"><span class='ocrx_word' id='word_1_702' title='bbox 410 4707 642 4764; x_wconf 82' lang='lat' dir='ltr'><strong><em>Domini.</em></strong></span> <span class='ocrx_word' id='word_1_703' title='bbox 672 4713 811 4769; x_wconf 87' lang='lat' dir='ltr'><strong><em>Suos</em></strong></span> <span class='ocrx_word' id='word_1_704' title='bbox 849 4726 1125 4787; x_wconf 68' lang='lat' dir='ltr'><strong><em>cegtioscit</em></strong></span> <span class='ocrx_word' id='word_1_705' title='bbox 1163 4726 1439 4794; x_wconf 90' lang='lat' dir='ltr'><strong><em>Dominus,</em></strong></span> <span class='ocrx_word' id='word_1_706' title='bbox 1465 4733 1681 4803; x_wconf 90' lang='lat' dir='ltr'><strong><em>iniquos</em></strong></span> <span class='ocrx_word' id='word_1_707' title='bbox 1715 4747 1973 4797; x_wconf 79' lang='lat' dir='ltr'><strong><em>autemet</em></strong></span> 
     </span>
    </p>
   </div>
   <div class='ocr_carea' id='block_1_95' title="bbox 408 4796 1970 4883">
    <p class='ocr_par' dir='ltr' id='par_1_95' title="bbox 408 4796 1970 4883">
     <span class='ocr_line' id='line_1_95' title="bbox 408 4796 1970 4883; baseline 0.021 -33"><span class='ocrx_word' id='word_1_708' title='bbox 408 4796 605 4867; x_wconf 81' lang='lat' dir='ltr'><strong><em>iiupiOs</em></strong></span> <span class='ocrx_word' id='word_1_709' title='bbox 638 4809 830 4861; x_wconf 83' lang='lat' dir='ltr'><strong><em>nescit.</em></strong></span> <span class='ocrx_word' id='word_1_710' title='bbox 868 4813 1005 4865; x_wconf 84' lang='lat' dir='ltr'><strong><em>Audi</em></strong></span> <span class='ocrx_word' id='word_1_711' title='bbox 1039 4812 1375 4873; x_wconf 85' lang='lat' dir='ltr'><strong><em>Salvatorem</em></strong></span> <span class='ocrx_word' id='word_1_712' title='bbox 1425 4822 1699 4877; x_wconf 87' lang='lat' dir='ltr'><strong><em>dicentem</em></strong></span> <span class='ocrx_word' id='word_1_713' title='bbox 1722 4826 1769 4855; x_wconf 75' lang='lat'>“</span> <span class='ocrx_word' id='word_1_714' title='bbox 1806 4845 1821 4881; x_wconf 87' lang='lat'><strong>:</strong></span> <span class='ocrx_word' id='word_1_715' title='bbox 1853 4828 1970 4883; x_wconf 82' lang='lat' dir='ltr'><strong><em>Dis-</em></strong></span> 
     </span>
    </p>
   </div>
   <div class='ocr_carea' id='block_1_96' title="bbox 477 4939 1443 5019">
    <p class='ocr_par' dir='ltr' id='par_1_96' title="bbox 477 4939 1443 5019">
     <span class='ocr_line' id='line_1_96' title="bbox 477 4939 1443 5019; baseline 0.048 -50"><span class='ocrx_word' id='word_1_716' title='bbox 477 4939 531 4975; x_wconf 71' lang='grc' dir='ltr'><strong><em>ιο,</em></strong></span> <span class='ocrx_word' id='word_1_717' title='bbox 561 4942 776 5019; x_wconf 34' lang='lat' dir='ltr'><strong><em>[ip-api“</em></strong></span> <span class='ocrx_word' id='word_1_718' title='bbox 813 4950 865 5002; x_wconf 72' lang='grc'><strong><em>7,</em></strong></span> <span class='ocrx_word' id='word_1_719' title='bbox 943 4952 991 4983; x_wconf 78' lang='grc' dir='ltr'><strong><em>³ο</em></strong></span> <span class='ocrx_word' id='word_1_720' title='bbox 1030 4953 1184 5009; x_wconf 84' lang='lat' dir='ltr'><strong><em>Joan.</em></strong></span> <span class='ocrx_word' id='word_1_721' title='bbox 1218 4973 1275 5011; x_wconf 89' lang='lat' dir='ltr'><strong><em>lll</em></strong></span> <span class='ocrx_word' id='word_1_722' title='bbox 1299 4997 1313 5019; x_wconf 89' lang='lat'><strong><em>,</em></strong></span> <span class='ocrx_word' id='word_1_723' title='bbox 1358 4960 1443 5014; x_wconf 76' lang='lat' dir='ltr'><strong><em>l5.</em></strong></span> 
     </span>
    </p>
   </div>
   <div class='ocr_carea' id='block_1_97' title="bbox 404 5007 1089 5085">
    <p class='ocr_par' dir='ltr' id='par_1_97' title="bbox 404 5007 1089 5085">
     <span class='ocr_line' id='line_1_97' title="bbox 404 5007 1089 5085; baseline 0.022 -22"><span class='ocrx_word' id='word_1_724' title='bbox 404 5007 492 5064; x_wconf 70' lang='grc'><strong><em>25.</em></strong></span> <span class='ocrx_word' id='word_1_725' title='bbox 596 5013 678 5065; x_wconf 78' lang='grc'><strong><em>⁵⁸1</em></strong></span> <span class='ocrx_word' id='word_1_726' title='bbox 707 5016 828 5070; x_wconf 87' lang='lat' dir='ltr'><strong><em>Cor.</em></strong></span> <span class='ocrx_word' id='word_1_727' title='bbox 864 5036 971 5085; x_wconf 80' lang='lat' dir='ltr'><strong><em>xw,</em></strong></span> <span class='ocrx_word' id='word_1_728' title='bbox 1002 5007 1089 5078; x_wconf 70' lang='lat'><strong><em>&#39;57.</em></strong></span> 
     </span>
    </p>
   </div>
   <div class='ocr_carea' id='block_1_98' title="bbox 477 5129 1975 5215">
    <p class='ocr_par' dir='ltr' id='par_1_98' title="bbox 477 5129 1975 5215">
     <span class='ocr_line' id='line_1_98' title="bbox 477 5129 1975 5215; baseline 0.021 -36"><span class='ocrx_word' id='word_1_729' title='bbox 477 5129 590 5215; x_wconf 58' lang='lat' dir='ltr'><strong><em>(lii</em></strong></span> <span class='ocrx_word' id='word_1_730' title='bbox 633 5131 707 5213; x_wconf 38' lang='lat' dir='ltr'><strong><em>In.</em></strong></span> <span class='ocrx_word' id='word_1_731' title='bbox 740 5135 1136 5215; x_wconf 61' lang='lat' dir='ltr'><strong><em>similitudinem</em></strong></span> <span class='ocrx_word' id='word_1_732' title='bbox 1163 5144 1433 5215; x_wconf 84' lang='lat' dir='ltr'><strong><em>hominum</em></strong></span> <span class='ocrx_word' id='word_1_733' title='bbox 1464 5148 1657 5215; x_wconf 73' lang='lat' dir='ltr'><strong><em>facitis.</em></strong></span> <span class='ocrx_word' id='word_1_734' title='bbox 1685 5152 1808 5208; x_wconf 62' lang='lat' dir='ltr'><strong><em>llaec</em></strong></span> <span class='ocrx_word' id='word_1_735' title='bbox 1838 5156 1975 5210; x_wconf 83' lang='lat' dir='ltr'><strong><em>desi-</em></strong></span> 
     </span>
    </p>
   </div>
   <div class='ocr_carea' id='block_1_99' title="bbox 402 5195 1973 5288">
    <p class='ocr_par' dir='ltr' id='par_1_99' title="bbox 402 5195 1973 5288">
     <span class='ocr_line' id='line_1_99' title="bbox 402 5195 1973 5288; baseline 0.022 -42"><span class='ocrx_word' id='word_1_736' title='bbox 402 5195 665 5288; x_wconf 54' lang='lat' dir='ltr'><strong><em>clerantur</em></strong></span> <span class='ocrx_word' id='word_1_737' title='bbox 783 5204 911 5260; x_wconf 88' lang='lat' dir='ltr'><strong><em>libb.</em></strong></span> <span class='ocrx_word' id='word_1_738' title='bbox 939 5195 1098 5288; x_wconf 48' lang='lat' dir='ltr'><strong><em>ait-tea</em></strong></span> <span class='ocrx_word' id='word_1_739' title='bbox 1120 5195 1433 5278; x_wconf 29' lang='lat' dir='ltr'><strong><em>editispse—d</em></strong></span> 
     </span>
    </p>
   </div>
   <div class='ocr_carea' id='block_1_100' title="bbox 406 5266 1125 5343">
    <p class='ocr_par' dir='ltr' id='par_1_100' title="bbox 406 5266 1125 5343">
     <span class='ocr_line' id='line_1_100' title="bbox 406 5266 1125 5343; baseline 0.018 -26"><span class='ocrx_word' id='word_1_740' title='bbox 406 5266 676 5343; x_wconf 36' lang='lat' dir='ltr'><strong><em>busti-iss;</em></strong></span> <span class='ocrx_word' id='word_1_741' title='bbox 697 5273 1125 5334; x_wconf 84' lang='lat' dir='ltr'><strong><em>Turonensibus.</em></strong></span> 
     </span>
    </p>
   </div>
   <div class='ocr_carea' id='block_1_101' title="bbox 478 5336 1969 5419">
    <p class='ocr_par' dir='ltr' id='par_1_101' title="bbox 478 5336 1969 5419">
     <span class='ocr_line' id='line_1_101' title="bbox 478 5336 1969 5419; baseline 0.023 -33"><span class='ocrx_word' id='word_1_742' title='bbox 478 5336 587 5404; x_wconf 79' lang='lat' dir='ltr'><strong><em>(l5)</em></strong></span> <span class='ocrx_word' id='word_1_743' title='bbox 631 5339 844 5419; x_wconf 73' lang='lat' dir='ltr'><strong><em>Ex__i_s_to</em></strong></span> <span class='ocrx_word' id='word_1_744' title='bbox 884 5364 1139 5401; x_wconf 86' lang='lat' dir='ltr'><strong><em>sermone.</em></strong></span> <span class='ocrx_word' id='word_1_745' title='bbox 1179 5350 1267 5404; x_wconf 87' lang='lat' dir='ltr'><strong><em>Sic</em></strong></span> <span class='ocrx_word' id='word_1_746' title='bbox 1320 5354 1517 5409; x_wconf 85' lang='lat' dir='ltr'><strong><em>habent</em></strong></span> <span class='ocrx_word' id='word_1_747' title='bbox 1558 5369 1667 5414; x_wconf 84' lang='lat' dir='ltr'><strong><em>tres</em></strong></span> <span class='ocrx_word' id='word_1_748' title='bbox 1698 5377 1830 5419; x_wconf 61' lang='lat' dir='ltr'><strong><em>mss.</em></strong></span> <span class='ocrx_word' id='word_1_749' title='bbox 1861 5364 1969 5419; x_wconf 54' lang='lat' dir='ltr'><strong><em>Tuo</em></strong></span> 
     </span>
    </p>
   </div>
   <div class='ocr_carea' id='block_1_102' title="bbox 406 5411 1827 5488">
    <p class='ocr_par' dir='ltr' id='par_1_102' title="bbox 406 5411 1827 5488">
     <span class='ocr_line' id='line_1_102' title="bbox 406 5411 1827 5488; baseline 0.022 -33"><span class='ocrx_word' id='word_1_750' title='bbox 406 5416 686 5488; x_wconf 40' lang='lat' dir='ltr'><strong><em>totienscts,</em></strong></span> <span class='ocrx_word' id='word_1_751' title='bbox 714 5411 842 5465; x_wconf 90' lang='lat' dir='ltr'><strong><em>libh.</em></strong></span> <span class='ocrx_word' id='word_1_752' title='bbox 878 5432 1007 5469; x_wconf 86' lang='lat' dir='ltr'><strong><em>vero</em></strong></span> <span class='ocrx_word' id='word_1_753' title='bbox 1038 5420 1190 5482; x_wconf 89' lang='lat' dir='ltr'><strong><em>editi,</em></strong></span> <span class='ocrx_word' id='word_1_754' title='bbox 1222 5437 1285 5473; x_wconf 78' lang='lat' dir='ltr'><strong><em>ea:</em></strong></span> <span class='ocrx_word' id='word_1_755' title='bbox 1308 5423 1409 5474; x_wconf 87' lang='lat' dir='ltr'><strong><em>isto</em></strong></span> <span class='ocrx_word' id='word_1_756' title='bbox 1433 5441 1533 5478; x_wconf 87' lang='lat' dir='ltr'><strong><em>uno</em></strong></span> <span class='ocrx_word' id='word_1_757' title='bbox 1570 5411 1827 5486; x_wconf 58' lang='lat' dir='ltr'><strong><em>sermone:</em></strong></span> 
     </span>
    </p>
   </div>
   <div class='ocr_carea' id='block_1_103' title="bbox 481 5474 1963 5566">
    <p class='ocr_par' dir='ltr' id='par_1_103' title="bbox 481 5474 1963 5566">
     <span class='ocr_line' id='line_1_103' title="bbox 481 5474 1963 5566; baseline 0.024 -44"><span class='ocrx_word' id='word_1_758' title='bbox 481 5474 591 5566; x_wconf 42' lang='lat' dir='ltr'><strong><em>tlzti)</em></strong></span> <span class='ocrx_word' id='word_1_759' title='bbox 623 5476 821 5557; x_wconf 74' lang='lat' dir='ltr'><strong><em>Oiitnes</em></strong></span> <span class='ocrx_word' id='word_1_760' title='bbox 854 5488 1009 5565; x_wconf 80' lang='lat' dir='ltr'><strong><em>codd.</em></strong></span> <span class='ocrx_word' id='word_1_761' title='bbox 1032 5474 1201 5566; x_wconf 41' lang='lat' dir='ltr'><strong><em>_in_ss.&#39;_,</em></strong></span> <span class='ocrx_word' id='word_1_762' title='bbox 1230 5474 1963 5566; x_wconf 82' lang='lat' dir='ltr'><strong><em>operarii</em></strong></span> 
     </span>
    </p>
   </div>
   <div class='ocr_carea' id='block_1_104' title="bbox 408 5540 1373 5625">
    <p class='ocr_par' dir='ltr' id='par_1_104' title="bbox 408 5540 1373 5625">
     <span class='ocr_line' id='line_1_104' title="bbox 408 5540 1373 5625; baseline 0.022 -33"><span class='ocrx_word' id='word_1_763' title='bbox 408 5540 677 5625; x_wconf 41' lang='lat' dir='ltr'><strong><em>edtli-iz&#39;giii</em></strong></span> <span class='ocrx_word' id='word_1_764' title='bbox 704 5556 991 5613; x_wconf 85' lang='lat' dir='ltr'><strong><em>operamini</em></strong></span> <span class='ocrx_word' id='word_1_765' title='bbox 1025 5540 1373 5625; x_wconf 48' lang='lat' dir='ltr'><strong><em>iniquitatem.</em></strong></span> 
     </span>
    </p>
   </div>
   <div class='ocr_carea' id='block_1_105' title="bbox 456 5610 1959 5705">
    <p class='ocr_par' dir='ltr' id='par_1_105' title="bbox 456 5610 1959 5705">
     <span class='ocr_line' id='line_1_105' title="bbox 456 5610 1959 5705; baseline 0.024 -46"><span class='ocrx_word' id='word_1_766' title='bbox 456 5610 820 5705; x_wconf 38' lang='lat' dir='ltr'><strong><em>:Ill_7)ngin:ites</em></strong></span> <span class='ocrx_word' id='word_1_767' title='bbox 854 5638 1007 5705; x_wconf 78' lang='lat' dir='ltr'><strong><em>inss.,</em></strong></span> <span class='ocrx_word' id='word_1_768' title='bbox 1036 5610 1581 5705; x_wconf 66' lang='lat' dir='ltr'><strong><em>quianteniignorat,</em></strong></span> <span class='ocrx_word' id='word_1_769' title='bbox 1616 5638 1959 5705; x_wconf 81' lang='lat' dir='ltr'><strong><em>ignorabitur.</em></strong></span> 
     </span>
    </p>
   </div>
   <div class='ocr_carea' id='block_1_106' title="bbox 407 5676 1661 5769">
    <p class='ocr_par' dir='ltr' id='par_1_106' title="bbox 407 5676 1661 5769">
     <span class='ocr_line' id='line_1_106' title="bbox 407 5676 1661 5769; baseline 0.024 -39"><span class='ocrx_word' id='word_1_770' title='bbox 407 5676 749 5747; x_wconf 33' lang='lat' dir='ltr'><strong><em>Liltltrediti,</em></strong></span> <span class='ocrx_word' id='word_1_771' title='bbox 782 5692 866 5755; x_wconf 86' lang='lat' dir='ltr'><strong><em>qui</em></strong></span> <span class='ocrx_word' id='word_1_772' title='bbox 907 5676 1078 5747; x_wconf 68' lang='lat' dir='ltr'><strong><em>autem</em></strong></span> <span class='ocrx_word' id='word_1_773' title='bbox 1120 5698 1344 5767; x_wconf 78' lang='lat' dir='ltr'><strong><em>ignorat,</em></strong></span> <span class='ocrx_word' id='word_1_774' title='bbox 1371 5676 1661 5769; x_wconf 59' lang='grc' dir='ltr'><strong><em>’ἔφηνναίιῶ</em></strong></span> 
     </span>
    </p>
   </div>
   <div class='ocr_carea' id='block_1_107' title="bbox 1519 4962 1967 5026">
    <p class='ocr_par' dir='ltr' id='par_1_107' title="bbox 1519 4962 1967 5026">
     <span class='ocr_line' id='line_1_107' title="bbox 1519 4962 1967 5026; baseline 0.025 -12"><span class='ocrx_word' id='word_1_775' title='bbox 1519 4963 1562 4995; x_wconf 80' lang='grc' dir='ltr'>ἰ</span> <span class='ocrx_word' id='word_1_776' title='bbox 1598 4962 1762 5022; x_wconf 85' lang='lat' dir='ltr'><strong><em>Marc.</em></strong></span> <span class='ocrx_word' id='word_1_777' title='bbox 1815 4984 1889 5026; x_wconf 76' lang='lat' dir='ltr'><strong><em>ix.</em></strong></span> <span class='ocrx_word' id='word_1_778' title='bbox 1924 4973 1967 5025; x_wconf 88' lang='grc' dir='ltr'><strong><em>Ι.</em></strong></span> 
     </span>
    </p>
   </div>
   <div class='ocr_carea' id='block_1_108' title="bbox 1168 5027 1682 5100">
    <p class='ocr_par' dir='ltr' id='par_1_108' title="bbox 1168 5027 1682 5100">
     <span class='ocr_line' id='line_1_108' title="bbox 1168 5027 1682 5100; baseline 0.016 -20"><span class='ocrx_word' id='word_1_779' title='bbox 1168 5028 1216 5056; x_wconf 78' lang='grc'><strong><em>⁵⁸</em></strong></span> <span class='ocrx_word' id='word_1_780' title='bbox 1241 5027 1382 5085; x_wconf 76' lang='lat' dir='ltr'><strong><em>PSal.</em></strong></span> <span class='ocrx_word' id='word_1_781' title='bbox 1425 5047 1595 5100; x_wconf 79' lang='lat' dir='ltr'><strong><em>um,</em></strong></span> <span class='ocrx_word' id='word_1_782' title='bbox 1628 5034 1682 5090; x_wconf 90' lang='lat'><strong><em>8.</em></strong></span> 
     </span>
    </p>
   </div>
   <div class='ocr_carea' id='block_1_109' title="bbox 2048 4969 2623 5037">
    <p class='ocr_par' dir='ltr' id='par_1_109' title="bbox 2048 4969 2623 5037">
     <span class='ocr_line' id='line_1_109' title="bbox 2048 4969 2623 5037; baseline -0.002 -13"><span class='ocrx_word' id='word_1_783' title='bbox 2048 4974 2091 5004; x_wconf 78' lang='grc'><strong><em>⁸³</em></strong></span> <span class='ocrx_word' id='word_1_784' title='bbox 2127 4971 2320 5025; x_wconf 84' lang='lat' dir='ltr'><strong><em>Genes.</em></strong></span> <span class='ocrx_word' id='word_1_785' title='bbox 2347 4985 2500 5037; x_wconf 83' lang='lat' dir='ltr'><strong><em>xvnt,</em></strong></span> <span class='ocrx_word' id='word_1_786' title='bbox 2534 4969 2623 5023; x_wconf 77' lang='grc'><strong><em>21.</em></strong></span> 
     </span>
    </p>
   </div>
   <div class='ocr_carea' id='block_1_110' title="bbox 1776 5038 2196 5097">
    <p class='ocr_par' dir='ltr' id='par_1_110' title="bbox 1776 5038 2196 5097">
     <span class='ocr_line' id='line_1_110' title="bbox 1776 5038 2196 5097; baseline 0.002 -3"><span class='ocrx_word' id='word_1_787' title='bbox 1776 5038 1821 5069; x_wconf 84' lang='grc'><strong>⁵⁷</strong></span> <span class='ocrx_word' id='word_1_788' title='bbox 1852 5039 2050 5097; x_wconf 87' lang='lat' dir='ltr'><strong><em>Genes.</em></strong></span> <span class='ocrx_word' id='word_1_789' title='bbox 2086 5059 2196 5095; x_wconf 67' lang='lat' dir='ltr'><strong><em>sis.</em></strong></span> 
     </span>
    </p>
   </div>
   <div class='ocr_carea' id='block_1_111' title="bbox 2076 4555 3651 4623">
    <p class='ocr_par' dir='ltr' id='par_1_111' title="bbox 2076 4555 3651 4623">
     <span class='ocr_line' id='line_1_111' title="bbox 2076 4555 3651 4623; baseline 0.003 -18"><span class='ocrx_word' id='word_1_790' title='bbox 2076 4555 2259 4605; x_wconf 86' lang='lat' dir='ltr'><strong><em>audite</em></strong></span> <span class='ocrx_word' id='word_1_791' title='bbox 2295 4556 2433 4618; x_wconf 58' lang='lat' dir='ltr'><strong><em>hate,</em></strong></span> <span class='ocrx_word' id='word_1_792' title='bbox 2468 4558 2558 4621; x_wconf 86' lang='lat' dir='ltr'><strong><em>qui</em></strong></span> <span class='ocrx_word' id='word_1_793' title='bbox 2597 4557 2861 4623; x_wconf 82' lang='lat' dir='ltr'><strong><em>hespitem</em></strong></span> <span class='ocrx_word' id='word_1_794' title='bbox 2891 4558 3036 4610; x_wconf 86' lang='lat' dir='ltr'><strong><em>velut</em></strong></span> <span class='ocrx_word' id='word_1_795' title='bbox 3066 4559 3272 4611; x_wconf 84' lang='lat' dir='ltr'><strong><em>hostem</em></strong></span> <span class='ocrx_word' id='word_1_796' title='bbox 3318 4561 3515 4612; x_wconf 75' lang='lat' dir='ltr'><strong><em>\lltttis.</em></strong></span> <span class='ocrx_word' id='word_1_797' title='bbox 3547 4557 3651 4610; x_wconf 84' lang='lat' dir='ltr'><strong><em>Lot</em></strong></span> 
     </span>
    </p>
   </div>
   <div class='ocr_carea' id='block_1_112' title="bbox 2077 4642 3641 4713">
    <p class='ocr_par' dir='ltr' id='par_1_112' title="bbox 2077 4642 3641 4713">
     <span class='ocr_line' id='line_1_112' title="bbox 2077 4642 3641 4713; baseline 0.004 -20"><span class='ocrx_word' id='word_1_798' title='bbox 2077 4642 2129 4694; x_wconf 86' lang='lat' dir='ltr'><strong><em>iit</em></strong></span> <span class='ocrx_word' id='word_1_799' title='bbox 2166 4642 2416 4696; x_wconf 81' lang='lat' dir='ltr'><strong><em>Sodomis</em></strong></span> <span class='ocrx_word' id='word_1_800' title='bbox 2450 4646 2747 4699; x_wconf 85' lang='lat' dir='ltr'><strong><em>habitabat.</em></strong></span> <span class='ocrx_word' id='word_1_801' title='bbox 2791 4648 2905 4700; x_wconf 80' lang='lat' dir='ltr'><strong><em>Alia</em></strong></span> <span class='ocrx_word' id='word_1_802' title='bbox 2944 4646 3059 4713; x_wconf 84' lang='lat' dir='ltr'><strong><em>ejus</em></strong></span> <span class='ocrx_word' id='word_1_803' title='bbox 3094 4650 3229 4700; x_wconf 84' lang='lat' dir='ltr'><strong><em>bene</em></strong></span> <span class='ocrx_word' id='word_1_804' title='bbox 3252 4660 3397 4713; x_wconf 74' lang='lat' dir='ltr'><strong><em>gesta</em></strong></span> <span class='ocrx_word' id='word_1_805' title='bbox 3433 4665 3535 4700; x_wconf 88' lang='lat' dir='ltr'><strong><em>non</em></strong></span> <span class='ocrx_word' id='word_1_806' title='bbox 3572 4650 3641 4700; x_wconf 87' lang='lat' dir='ltr'><strong><em>le-</em></strong></span> 
     </span>
    </p>
   </div>
   <div class='ocr_carea' id='block_1_113' title="bbox 2076 4732 3644 4801">
    <p class='ocr_par' dir='ltr' id='par_1_113' title="bbox 2076 4732 3644 4801">
     <span class='ocr_line' id='line_1_113' title="bbox 2076 4732 3644 4801; baseline 0.004 -18"><span class='ocrx_word' id='word_1_807' title='bbox 2076 4734 2271 4801; x_wconf 87' lang='lat' dir='ltr'><strong><em>gimus.</em></strong></span> <span class='ocrx_word' id='word_1_808' title='bbox 2312 4732 2667 4799; x_wconf 88' lang='lat' dir='ltr'><strong><em>llospitalitas</em></strong></span> <span class='ocrx_word' id='word_1_809' title='bbox 2714 4736 2765 4788; x_wconf 90' lang='lat' dir='ltr'><strong><em>iit</em></strong></span> <span class='ocrx_word' id='word_1_810' title='bbox 2801 4752 2864 4790; x_wconf 88' lang='lat' dir='ltr'><strong><em>eo</em></strong></span> <span class='ocrx_word' id='word_1_811' title='bbox 2906 4738 3017 4791; x_wconf 83' lang='lat' dir='ltr'><strong><em>sola</em></strong></span> <span class='ocrx_word' id='word_1_812' title='bbox 3053 4754 3118 4792; x_wconf 71' lang='lat' dir='ltr'><strong><em>ex</em></strong></span> <span class='ocrx_word' id='word_1_813' title='bbox 3147 4754 3241 4791; x_wconf 87' lang='lat' dir='ltr'><strong><em>usu</em></strong></span> <span class='ocrx_word' id='word_1_814' title='bbox 3276 4742 3497 4792; x_wconf 85' lang='lat' dir='ltr'><strong><em>veniens</em></strong></span> <span class='ocrx_word' id='word_1_815' title='bbox 3530 4756 3644 4790; x_wconf 83' lang='lat' dir='ltr'><strong><em>ine-</em></strong></span> 
     </span>
    </p>
   </div>
   <div class='ocr_carea' id='block_1_114' title="bbox 2075 4828 3647 4897">
    <p class='ocr_par' dir='ltr' id='par_1_114' title="bbox 2075 4828 3647 4897">
     <span class='ocr_line' id='line_1_114' title="bbox 2075 4828 3647 4897; baseline 0.003 -19"><span class='ocrx_word' id='word_1_816' title='bbox 2075 4828 2571 4880; x_wconf 85' lang='lat' dir='ltr'><strong><em>utoratur:evadit</em></strong></span> <span class='ocrx_word' id='word_1_817' title='bbox 2629 4829 2800 4897; x_wconf 87' lang='lat' dir='ltr'><strong><em>ignes,</em></strong></span> <span class='ocrx_word' id='word_1_818' title='bbox 2856 4832 3038 4885; x_wconf 88' lang='lat' dir='ltr'><strong><em>evadit</em></strong></span> <span class='ocrx_word' id='word_1_819' title='bbox 3084 4832 3369 4895; x_wconf 83' lang='lat' dir='ltr'><strong><em>incendia,</em></strong></span> <span class='ocrx_word' id='word_1_820' title='bbox 3425 4832 3494 4883; x_wconf 87' lang='lat' dir='ltr'><strong><em>ob</em></strong></span> <span class='ocrx_word' id='word_1_821' title='bbox 3545 4833 3647 4882; x_wconf 83' lang='lat' dir='ltr'><strong><em>hoc</em></strong></span> 
     </span>
    </p>
   </div>
   <div class='ocr_carea' id='block_1_115' title="bbox 2701 4970 3640 5039">
    <p class='ocr_par' dir='ltr' id='par_1_115' title="bbox 2701 4970 3640 5039">
     <span class='ocr_line' id='line_1_115' title="bbox 2701 4970 3640 5039; baseline 0.002 -16"><span class='ocrx_word' id='word_1_822' title='bbox 2701 4970 2745 5001; x_wconf 86' lang='grc'><strong><em>³³</em></strong></span> <span class='ocrx_word' id='word_1_823' title='bbox 2771 4970 2807 5023; x_wconf 91' lang='lat' dir='ltr'><strong><em>ll</em></strong></span> <span class='ocrx_word' id='word_1_824' title='bbox 2833 4971 2970 5025; x_wconf 86' lang='lat' dir='ltr'><strong><em>Tim.</em></strong></span> <span class='ocrx_word' id='word_1_825' title='bbox 3000 4988 3058 5038; x_wconf 86' lang='lat' dir='ltr'><strong><em>il,</em></strong></span> <span class='ocrx_word' id='word_1_826' title='bbox 3084 4973 3168 5026; x_wconf 83' lang='lat' dir='ltr'><strong><em>l9.</em></strong></span> <span class='ocrx_word' id='word_1_827' title='bbox 3253 4974 3299 5004; x_wconf 77' lang='lat'><strong>“</strong></span> <span class='ocrx_word' id='word_1_828' title='bbox 3324 4972 3511 5026; x_wconf 80' lang='lat' dir='ltr'><strong><em>Matth.</em></strong></span> <span class='ocrx_word' id='word_1_829' title='bbox 3546 4989 3640 5039; x_wconf 76' lang='lat' dir='ltr'><strong><em>vn,</em></strong></span> 
     </span>
    </p>
   </div>
   <div class='ocr_carea' id='block_1_116' title="bbox 2144 5157 3636 5225">
    <p class='ocr_par' dir='ltr' id='par_1_116' title="bbox 2144 5157 3636 5225">
     <span class='ocr_line' id='line_1_116' title="bbox 2144 5157 3636 5225; baseline 0.001 -14"><span class='ocrx_word' id='word_1_830' title='bbox 2144 5158 2254 5225; x_wconf 87' lang='lat' dir='ltr'><strong><em>(l8)</em></strong></span> <span class='ocrx_word' id='word_1_831' title='bbox 2297 5157 2497 5211; x_wconf 89' lang='lat' dir='ltr'><strong><em>Omnes</em></strong></span> <span class='ocrx_word' id='word_1_832' title='bbox 2553 5172 2719 5223; x_wconf 91' lang='lat' dir='ltr'><strong><em>mss.,</em></strong></span> <span class='ocrx_word' id='word_1_833' title='bbox 2767 5169 2914 5211; x_wconf 83' lang='lat' dir='ltr'><strong><em>actus</em></strong></span> <span class='ocrx_word' id='word_1_834' title='bbox 2960 5176 3137 5211; x_wconf 86' lang='lat' dir='ltr'><strong><em>eorum</em></strong></span> <span class='ocrx_word' id='word_1_835' title='bbox 3194 5172 3636 5213; x_wconf 75' lang='lat' dir='ltr'><strong><em>consummentur.</em></strong></span> 
     </span>
    </p>
   </div>
   <div class='ocr_carea' id='block_1_117' title="bbox 2072 5226 3635 5294">
    <p class='ocr_par' dir='ltr' id='par_1_117' title="bbox 2072 5226 3635 5294">
     <span class='ocr_line' id='line_1_117' title="bbox 2072 5226 3635 5294; baseline 0.003 -15"><span class='ocrx_word' id='word_1_836' title='bbox 2072 5226 2219 5279; x_wconf 83' lang='lat' dir='ltr'><strong><em>Liltlt.</em></strong></span> <span class='ocrx_word' id='word_1_837' title='bbox 2272 5228 2444 5288; x_wconf 82' lang='lat' dir='ltr'><strong><em>editi,</em></strong></span> <span class='ocrx_word' id='word_1_838' title='bbox 2517 5229 2645 5279; x_wconf 86' lang='lat' dir='ltr'><strong><em>actis</em></strong></span> <span class='ocrx_word' id='word_1_839' title='bbox 2697 5245 2875 5279; x_wconf 83' lang='lat' dir='ltr'><strong><em>eorum</em></strong></span> <span class='ocrx_word' id='word_1_840' title='bbox 2928 5229 3132 5294; x_wconf 80' lang='lat' dir='ltr'><strong><em>indigni</em></strong></span> <span class='ocrx_word' id='word_1_841' title='bbox 3188 5240 3635 5283; x_wconf 76' lang='lat' dir='ltr'><strong><em>consummentur.</em></strong></span> 
     </span>
    </p>
   </div>
   <div class='ocr_carea' id='block_1_118' title="bbox 2076 5296 3637 5367">
    <p class='ocr_par' dir='ltr' id='par_1_118' title="bbox 2076 5296 3637 5367">
     <span class='ocr_line' id='line_1_118' title="bbox 2076 5296 3637 5367; baseline 0 -19"><span class='ocrx_word' id='word_1_842' title='bbox 2076 5296 2238 5349; x_wconf 68' lang='lat' dir='ltr'><strong><em>l‘aulo</em></strong></span> <span class='ocrx_word' id='word_1_843' title='bbox 2282 5308 2402 5364; x_wconf 88' lang='lat' dir='ltr'><strong><em>post</em></strong></span> <span class='ocrx_word' id='word_1_844' title='bbox 2440 5297 2594 5349; x_wconf 85' lang='lat' dir='ltr'><strong><em>iideitt</em></strong></span> <span class='ocrx_word' id='word_1_845' title='bbox 2624 5298 2749 5351; x_wconf 88' lang='lat' dir='ltr'><strong><em>libb.</em></strong></span> <span class='ocrx_word' id='word_1_846' title='bbox 2781 5300 2931 5359; x_wconf 84' lang='lat' dir='ltr'><strong><em>editi,</em></strong></span> <span class='ocrx_word' id='word_1_847' title='bbox 2957 5299 3039 5349; x_wconf 82' lang='lat' dir='ltr'><strong><em>sin</em></strong></span> <span class='ocrx_word' id='word_1_848' title='bbox 3063 5310 3231 5349; x_wconf 86' lang='lat' dir='ltr'><strong><em>autem</em></strong></span> <span class='ocrx_word' id='word_1_849' title='bbox 3254 5311 3306 5350; x_wconf 86' lang='lat' dir='ltr'><strong><em>ut</em></strong></span> <span class='ocrx_word' id='word_1_850' title='bbox 3332 5304 3489 5351; x_wconf 87' lang='lat' dir='ltr'><strong><em>sciam</em></strong></span> <span class='ocrx_word' id='word_1_851' title='bbox 3512 5302 3637 5367; x_wconf 77' lang='lat' dir='ltr'><strong><em>quid</em></strong></span> 
     </span>
    </p>
   </div>
   <div class='ocr_carea' id='block_1_119' title="bbox 2074 5367 3638 5435">
    <p class='ocr_par' dir='ltr' id='par_1_119' title="bbox 2074 5367 3638 5435">
     <span class='ocr_line' id='line_1_119' title="bbox 2074 5367 3638 5435; baseline 0.006 -21"><span class='ocrx_word' id='word_1_852' title='bbox 2074 5377 2255 5431; x_wconf 80' lang='lat' dir='ltr'><strong><em>agunt,</em></strong></span> <span class='ocrx_word' id='word_1_853' title='bbox 2293 5369 2343 5418; x_wconf 80' lang='lat' dir='ltr'><strong><em>iii</em></strong></span> <span class='ocrx_word' id='word_1_854' title='bbox 2388 5377 2461 5418; x_wconf 78' lang='lat' dir='ltr'><strong><em>est</em></strong></span> <span class='ocrx_word' id='word_1_855' title='bbox 2510 5376 2561 5417; x_wconf 86' lang='lat' dir='ltr'><strong><em>ut</em></strong></span> <span class='ocrx_word' id='word_1_856' title='bbox 2594 5370 2754 5418; x_wconf 78' lang='lat' dir='ltr'><strong><em>sciant</em></strong></span> <span class='ocrx_word' id='word_1_857' title='bbox 2776 5370 2948 5435; x_wconf 78' lang='lat' dir='ltr'><strong><em>ipsos;</em></strong></span> <span class='ocrx_word' id='word_1_858' title='bbox 2986 5367 3080 5421; x_wconf 78' lang='lat' dir='ltr'><strong><em>sed</em></strong></span> <span class='ocrx_word' id='word_1_859' title='bbox 3115 5385 3244 5425; x_wconf 84' lang='lat' dir='ltr'><strong><em>mss.</em></strong></span> <span class='ocrx_word' id='word_1_860' title='bbox 3282 5379 3335 5420; x_wconf 94' lang='lat' dir='ltr'><strong><em>ut</em></strong></span> <span class='ocrx_word' id='word_1_861' title='bbox 3368 5372 3417 5422; x_wconf 88' lang='lat' dir='ltr'><strong><em>iu</em></strong></span> <span class='ocrx_word' id='word_1_862' title='bbox 3454 5378 3638 5423; x_wconf 82' lang='lat' dir='ltr'><strong><em>nostro</em></strong></span> 
     </span>
    </p>
   </div>
   <div class='ocr_carea' id='block_1_120' title="bbox 2072 5444 2238 5486">
    <p class='ocr_par' dir='ltr' id='par_1_120' title="bbox 2072 5444 2238 5486">
     <span class='ocr_line' id='line_1_120' title="bbox 2072 5444 2238 5486; baseline 0 -2"><span class='ocrx_word' id='word_1_863' title='bbox 2072 5444 2238 5486; x_wconf 78' lang='lat' dir='ltr'><strong><em>textu.</em></strong></span> 
     </span>
    </p>
   </div>
   <div class='ocr_carea' id='block_1_121' title="bbox 2152 5502 3635 5572">
    <p class='ocr_par' dir='ltr' id='par_1_121' title="bbox 2152 5502 3635 5572">
     <span class='ocr_line' id='line_1_121' title="bbox 2152 5502 3635 5572; baseline 0.005 -18"><span class='ocrx_word' id='word_1_864' title='bbox 2152 5504 2261 5570; x_wconf 24' lang='lat'><strong>(‘19)</strong></span> <span class='ocrx_word' id='word_1_865' title='bbox 2305 5502 2425 5568; x_wconf 81' lang='lat' dir='ltr'><strong><em>Ipse</em></strong></span> <span class='ocrx_word' id='word_1_866' title='bbox 2454 5504 2597 5555; x_wconf 87' lang='lat' dir='ltr'><strong><em>solus</em></strong></span> <span class='ocrx_word' id='word_1_867' title='bbox 2642 5506 2962 5572; x_wconf 85' lang='lat' dir='ltr'><strong><em>agnoscitur.</em></strong></span> <span class='ocrx_word' id='word_1_868' title='bbox 2999 5504 3122 5559; x_wconf 69' lang='grc' dir='ltr'><strong><em>Ηίὲϐ</em></strong></span> <span class='ocrx_word' id='word_1_869' title='bbox 3170 5509 3363 5559; x_wconf 88' lang='lat' dir='ltr'><strong><em>desunt</em></strong></span> <span class='ocrx_word' id='word_1_870' title='bbox 3413 5508 3464 5559; x_wconf 88' lang='lat' dir='ltr'><strong><em>in</em></strong></span> <span class='ocrx_word' id='word_1_871' title='bbox 3504 5506 3635 5562; x_wconf 86' lang='lat' dir='ltr'><strong><em>libb.</em></strong></span> 
     </span>
    </p>
   </div>
   <div class='ocr_carea' id='block_1_122' title="bbox 2079 5573 3385 5640">
    <p class='ocr_par' dir='ltr' id='par_1_122' title="bbox 2079 5573 3385 5640">
     <span class='ocr_line' id='line_1_122' title="bbox 2079 5573 3385 5640; baseline 0.005 -17"><span class='ocrx_word' id='word_1_872' title='bbox 2079 5586 2237 5624; x_wconf 80' lang='lat' dir='ltr'><strong><em>antea</em></strong></span> <span class='ocrx_word' id='word_1_873' title='bbox 2269 5573 2452 5633; x_wconf 81' lang='lat' dir='ltr'><strong><em>editis,</em></strong></span> <span class='ocrx_word' id='word_1_874' title='bbox 2483 5577 2573 5622; x_wconf 81' lang='lat' dir='ltr'><strong><em>sed</em></strong></span> <span class='ocrx_word' id='word_1_875' title='bbox 2609 5573 2860 5640; x_wconf 70' lang='lat' dir='ltr'><strong><em>leguntur</em></strong></span> <span class='ocrx_word' id='word_1_876' title='bbox 2895 5576 3221 5629; x_wconf 84' lang='lat' dir='ltr'><strong><em>inmunibus</em></strong></span> <span class='ocrx_word' id='word_1_877' title='bbox 3258 5593 3385 5630; x_wconf 83' lang='lat' dir='ltr'><strong><em>mss.</em></strong></span> 
     </span>
    </p>
   </div>
   <div class='ocr_carea' id='block_1_123' title="bbox 2146 5640 3629 5709">
    <p class='ocr_par' dir='ltr' id='par_1_123' title="bbox 2146 5640 3629 5709">
     <span class='ocr_line' id='line_1_123' title="bbox 2146 5640 3629 5709; baseline 0.006 -20"><span class='ocrx_word' id='word_1_878' title='bbox 2146 5642 2256 5709; x_wconf 66' lang='grc' dir='ltr'><strong><em>(ΞΟ)</em></strong></span> <span class='ocrx_word' id='word_1_879' title='bbox 2288 5640 2342 5691; x_wconf 93' lang='lat' dir='ltr'><strong><em>lu</em></strong></span> <span class='ocrx_word' id='word_1_880' title='bbox 2378 5640 2563 5692; x_wconf 74' lang='lat' dir='ltr'><strong><em>codice</em></strong></span> <span class='ocrx_word' id='word_1_881' title='bbox 2592 5659 2688 5694; x_wconf 82' lang='lat' dir='ltr'><strong><em>ius.</em></strong></span> <span class='ocrx_word' id='word_1_882' title='bbox 2719 5644 2905 5695; x_wconf 76' lang='lat' dir='ltr'><strong><em>Sancti</em></strong></span> <span class='ocrx_word' id='word_1_883' title='bbox 2945 5644 3263 5700; x_wconf 74' lang='lat' dir='ltr'><strong><em>Theudorici</em></strong></span> <span class='ocrx_word' id='word_1_884' title='bbox 3304 5646 3486 5701; x_wconf 85' lang='lat' dir='ltr'><strong><em>titulus</em></strong></span> <span class='ocrx_word' id='word_1_885' title='bbox 3510 5654 3629 5704; x_wconf 79' lang='lat' dir='ltr'><strong><em>est:</em></strong></span> 
     </span>
    </p>
   </div>
   <div class='ocr_carea' id='block_1_124' title="bbox 2074 5710 3182 5769">
    <p class='ocr_par' dir='ltr' id='par_1_124' title="bbox 2074 5710 3182 5769">
     <span class='ocr_line' id='line_1_124' title="bbox 2074 5710 3182 5769; baseline 0.005 -6"><span class='ocrx_word' id='word_1_886' title='bbox 2074 5710 2148 5763; x_wconf 80' lang='lat' dir='ltr'><strong><em>De</em></strong></span> <span class='ocrx_word' id='word_1_887' title='bbox 2180 5712 2505 5763; x_wconf 79' lang='lat' dir='ltr'><strong><em>subversione</em></strong></span> <span class='ocrx_word' id='word_1_888' title='bbox 2540 5711 2885 5765; x_wconf 61' lang='lat' dir='ltr'><strong><em>Sodomorum</em></strong></span> <span class='ocrx_word' id='word_1_889' title='bbox 2913 5725 2958 5766; x_wconf 88' lang='lat' dir='ltr'><strong><em>ct</em></strong></span> <span class='ocrx_word' id='word_1_890' title='bbox 2982 5719 3043 5766; x_wconf 86' lang='lat' dir='ltr'><strong><em>de</em></strong></span> <span class='ocrx_word' id='word_1_891' title='bbox 3071 5714 3182 5769; x_wconf 87' lang='lat' dir='ltr'><strong><em>Lot.</em></strong></span> 
     </span>
    </p>
   </div>
  </div>
