4132 6404
399 321 504 380 189

1599 323 1665 378 IN
1705 323 2005 382 GENESIM
2047 323 2335 378 HOMILIA
2371 323 2435 378 ν.

3566 323 3667 381 190

409 440 610 505 solum,
669 441 812 507 quod
862 441 1081 496 domum
1137 456 1296 498 suam
1353 442 1614 512 patefecit
1652 444 1980 512 ltoSpitibus.
2012 448 2055 504 Α
2087 458 2204 496 sum
2241 443 2483 513 respicit,
2519 442 2826 512 impositam
2883 443 3054 514 legem
3090 443 3316 514 rumpit,
3347 440 3578 497 elIicitur
3611 443 3667 497 itt

407 529 743 600 Hospitalem
805 533 1024 588 domum
1084 535 1262 603 angeli
1313 535 1545 604 ingressi
1576 546 1722 589 suttt.
1759 536 1984 591 Clausus

407 620 714 686 hospitibus
746 623 936 677 domos
963 624 1106 692 ignis
1143 625 1420 693 ingressus
1443 634 1546 678 cst.
1580 623 1720 690 Quid
1750 640 1880 695 ergo
1915 627 1988 686 ad

405 710 676 779 hospitem
710 729 808 777 pro
839 715 1230 782 hospitalitatis
1261 714 1452 769 olliciis
1479 716 1660 769 dicant
1697 717 1872 786 angeli
1902 717 1982 770 vi-

405 803 650 855 deamus.
702 801 768 857 In
827 816 1076 869 montem,
1114 806 1366 874 inquiunt
1398 805 1479 869 ⁵⁸,
1512 806 1712 859 salvam
1739 807 1823 874 fac
1862 806 1984 858 ani-

409 907 550 943 mum
604 902 773 957 litum,
821 911 882 946 ne
931 895 1068 962 forte
1094 895 1576 960 comprehendaris.
1610 895 1738 949 Erat
1765 896 1986 965 quidem

403 983 686 1050 hospitalis
717 986 840 1050 Litt,
878 988 970 1053 qtti
1022 988 1188 1042 etiam
1225 987 1395 1057 (sicut
1435 987 1484 1041 ei
1515 988 1798 1056 Scriptura
1834 988 1984 1041 testi-

408 1076 649 1128 monium
697 1078 838 1145 tulit)
883 1080 951 1132 ab
988 1079 1211 1132 interitu
1261 1078 1448 1143 latuit,
1495 1080 1701 1150 angelis
1749 1077 1984 1147 hoSpitio

405 1169 657 1232 receptis.
697 1169 801 1221 Sed
838 1185 942 1223 non
977 1179 1099 1222 erat
1131 1171 1200 1226 ita
1255 1171 1569 1238 perfectus,
1608 1180 1665 1224 ut
1693 1170 1879 1224 statim
1917 1171 1986 1224 de.

405 1257 654 1310 Sodomis
685 1260 875 1316 exiens
931 1274 1167 1318 montem
1209 1273 1391 1333 posset
1438 1263 1756 1318 ascendere.
1805 1261 1985 1317 Perfe-

406 1355 618 1401 ctorntn
655 1364 891 1419 namque
941 1363 1024 1410 est
1075 1355 1255 1409 dicere
1285 1355 1330 1388 '9
1365 1369 1377 1401 :
1415 1353 1603 1412 Levavi
1635 1352 1814 1412 oculos
1842 1368 1985 1408 meos

405 1439 459 1491 in
486 1446 684 1495 montes
715 1445 850 1496 unde
877 1443 1042 1498 veniet
1074 1446 1333 1500 auxilium
1357 1445 1503 1499 milii.
1527 1447 1627 1499 Iste
1647 1461 1776 1515 ergo
1807 1459 1983 1512 neque

405 1529 527 1584 talis
559 1540 679 1584 crat
720 1533 810 1600 qui
841 1534 982 1589 inter
1004 1535 1314 1593 Sodomitas
1344 1539 1520 1610 peri-re
1551 1538 1984 1607 deberet,neque

403 1629 587 1678 tantus
611 1633 729 1678 erat
758 1626 848 1694 qui
875 1643 995 1680 cum
1024 1629 1300 1688 Abraham
1329 1631 1786 1686 inexcelsioribus
1802 1638 1985 1697 posset

401 1713 672 1772 habitare.
691 1715 752 1769 Si
767 1718 910 1772 enim
928 1717 1122 1773 fuisset
1137 1721 1278 1786 talis,
1303 1737 1574 1790 nunquam
1591 1723 1655 1774 ad
1675 1737 1795 1774 eum
1828 1721 1981 1773 dice~

400 1814 483 1858 ret
507 1807 782 1860 Abraham
820 1808 862 1839 ⁶⁰
896 1824 914 1861 ;
949 1809 1012 1863 Si
1035 1819 1090 1863 tu
1111 1813 1180 1864 ad
1198 1814 1570 1880 dextram,ego
1595 1813 1663 1866 ad
1679 1815 1976 1876 sinistram,

398 1907 487 1949 aut
502 1898 549 1950 si
567 1909 620 1950 tu
636 1898 703 1952 ad
721 1899 1015 1968 sinistram,
1035 1918 1127 1970 ego
1145 1905 1212 1958 ad
1229 1905 1502 1966 dextram;
1541 1919 1639 1958 nec
1674 1903 1981 1958 habitacula

399 1985 445 2038 ei
467 1983 790 2039 SodOmitiea
813 1987 1161 2054 placuissent.
1199 1992 1325 2045 Erat
1352 2009 1482 2062 ergo
1515 1995 1726 2047 medius
1757 1994 1982 2064 quidam

399 2074 542 2128 inter
561 2078 826 2144 perfectos
848 2089 900 2132 et
918 2082 1174 2146 perditos.
1195 2082 1259 2136 Et
1274 2085 1449 2140 sciens
1481 2101 1584 2140 non
1603 2087 1892 2145 convenire
1910 2085 1985 2142 vi-

398 2167 553 2228 ribus
568 2169 1097 2230 suis,utascenderet
1118 2175 1169 2228 in
1192 2187 1449 2241 montem,
1471 2177 1718 2244 religiose
1729 2187 1781 2231 et
1797 2176 1980 2232 humi-

397 2257 518 2313 liter
538 2270 764 2316 excusat
788 2277 846 2316 se
865 2264 1101 2318 diceus‘u
1126 2283 1140 2320 :
1166 2265 1287 2320 Non
1313 2285 1525 2336 possunt
1546 2271 1598 2322 in
1625 2278 1852 2323 montem
1869 2269 1981 2322 sal.

395 2365 488 2402 vus
523 2350 664 2417 ﬁeri,
685 2356 774 2408 sed
792 2368 906 2410 ecce
933 2353 1043 2407 Ita'c
1074 2356 1264 2410 civitas
1286 2357 1480 2426 pusilla
1504 2369 1600 2424 est,
1624 2369 1670 2412 st
1696 2360 1779 2412 ltic
1807 2359 1981 2414 salva-u

395 2437 512 2502 bar,
569 2449 617 2492 et
679 2457 781 2493 non
836 2451 913 2496 est
979 2446 1222 2512 pusilla?
1276 2447 1556 2518 Ingressus
1613 2467 1743 2506 vero
1808 2450 1980 2520 Segor

396 2530 667 2588 civitatem
711 2536 991 2603 pusillam,
1057 2539 1110 2594 in
1157 2556 1221 2595 ea
1263 2543 1525 2600 salvator.
1581 2545 1644 2599 Et
1683 2554 1801 2616 post
1862 2545 1978 2602 hate

397 2637 520 2675 cunt
554 2623 772 2682 filiabus
808 2631 1058 2685 ascendit
1107 2633 1157 2686 itt
1197 2645 1458 2690 montem.
1506 2635 1690 2706 Neque
1727 2639 1878 2695 enim.
1909 2639 1977 2696 de

397 2710 650 2772 Sodomis
682 2722 978 2775 ascendere
1004 2721 1115 2795 (21)
1158 2737 1375 2794 poterat
1404 2729 1460 2782 in
1492 2743 1754 2796 montem,
1785 2745 1978 2799 quamq

395 2805 480 2862 vis
525 2810 788 2878 scriptum
840 2813 914 2866 sit
967 2813 1033 2868 de
1069 2824 1212 2874 terra
1245 2819 1607 2874 Sodomorqu
1655 2822 1976 2891 priusquam

396 2903 837 2969 subverteretur,
866 2923 932 2960 eo
969 2917 1220 2979 tempore
1267 2928 1376 2980 quo
1420 2913 1521 2967 Lot
1581 2915 1976 2972 habitationem

391 2993 514 3061 ejus
545 2995 728 3064 elegit.
765 2997 937 3053 fuisse
959 3001 1101 3053 sicut
1125 3005 1412 3070 paradisus
1431 3005 1545 3067 Dei,
1579 3015 1635 3059 et
1665 3008 1809 3061 sicut
1831 3017 1974 3063 terra

2011 1783 2054 1836 Β

2086 545 2318 594 statuant
2342 535 2488 590 salis.
2509 533 2841 593 Putantnsne
2859 546 3064 592 tatttttttt
3089 535 3314 592 sceleris
3339 535 3390 588 itt
3416 535 3522 589 hoc
3545 547 3668 590 esse

2085 628 2469 691 commisso,ut
2503 627 2630 696 quia
2664 629 2902 700 respexit
2934 630 3128 682 mulier
3150 669 3164 692 ,
3197 625 3476 682 interitum
3501 639 3665 695 queat

2086 717 2270 772 divino
2325 717 2592 773 beneficio
2645 717 2884 788 effugere
2947 721 3257 784 videbatur,
3319 715 3667 774 incurreret?

2086 808 2226 873 Quid
2252 810 2392 862 eniut
2421 818 2630 862 tantum
2674 811 2921 863 criminis
2956 810 3167 873 ltabttit,
3196 811 3241 864 si
3279 809 3510 863 sollicita
3541 821 3668 861 mu-

2087 897 2238 956 lieris
2280 915 2434 952 mens
2467 910 2764 954 retrorsum
2800 901 2942 954 unde
2976 900 3142 954 nimio
3173 898 3514 953 ﬂammarum
3545 914 3668 955 cre-

2087 994 2205 1064 pitu
2249 993 2562 1048 terrcbatur
2601 993 2856 1063 aspexit?
2881 993 2988 1047 Sed
3011 993 3134 1062 quia
3167 992 3248 1046 lex
3276 993 3535 1061 spiritalis
3557 1003 3665 1058 est,

2085 1096 2138 1140 et
2169 1100 2289 1154 quae
2322 1085 2715 1155 contingebant
2758 1084 2998 1152 antiquis
3022 1123 3036 1146 ,
3094 1084 3146 1136 itt
3185 1086 3354 1152 figura
3391 1083 3494 1138 illis
3533 1099 3667 1138 con-

2089 1177 2384 1245 tingehattt,
2424 1177 2700 1230 videmnus
2750 1193 2818 1230 nc
2865 1176 3005 1234 forte
3032 1175 3254 1244 Lot,qui
3298 1190 3401 1228 non
3428 1175 3666 1244 respexit

2087 1278 2209 1334 post
2257 1282 2342 1332 se,
2392 1267 2742 1322 rationabilis
2771 1267 2845 1322 sit
2893 1281 3086 1320 sensus
3123 1277 3176 1320 et
3208 1267 3426 1319 animus
3455 1265 3664 1329 virilis,

2085 1372 2225 1417 uxor
2256 1367 2438 1412 autem
2475 1358 2560 1410 hic
2594 1357 2777 1414 carnis
2827 1357 3116 1424 imaginem
3158 1367 3359 1411 teneat.
3402 1355 3543 1410 Caro
3585 1366 3668 1410 est

2086 1450 2260 1514 enim,
2287 1464 2406 1515 qttte
2442 1450 2664 1517 respicit
2693 1465 2906 1518 semper
2941 1450 3006 1501 ad
3040 1450 3191 1511 vitia,
3230 1465 3368 1517 quae,
3397 1463 3519 1502 cum
3550 1447 3669 1500 ani-

2088 1557 2207 1595 ltttts
2253 1541 2426 1596 tendit
2453 1542 2516 1592 ad
2549 1541 2806 1603 salutem,
2845 1539 2932 1593 illa
2985 1552 3288 1593 retrorsum
3320 1538 3560 1607 respicit,
3611 1543 3668 1592 et

2084 1631 2395 1697 voluptates
2428 1632 2676 1700 requirit.
2706 1631 2831 1685 lude
2865 1630 3098 1700 denique
3147 1639 3199 1685 et
3226 1631 3486 1685 Dominus
3516 1629 3664 1683 dice—

2085 1723 2176 1777 bat
2199 1723 2244 1754 ⁶³
2278 1739 2291 1775 :
2329 1721 2497 1777 Nemo
2557 1728 2762 1778 mittens
2797 1739 3013 1776 manum
3044 1715 3193 1775 suam
3230 1723 3298 1774 ad
3317 1732 3579 1783 aratrum,
3617 1729 3667 1777 et

2088 1825 2226 1866 retro
2266 1815 2567 1881 respiciens,
2602 1828 2750 1882 aptus
2783 1824 2853 1866 est
2892 1829 3046 1880 regno
3077 1813 3191 1866 Dei.
3229 1813 3292 1865 Et
3323 1812 3471 1865 addit
3500 1828 3513 1863 :
3547 1810 3667 1865 Me-

2086 1917 2311 1962 mentote
2352 1907 2528 1960 uxorix
2557 1905 2670 1958 Lot.
2701 1906 2852 1971 Quod
2878 1919 3054 1960 autent
3092 1905 3147 1957 lit
3174 1905 3486 1956 staticulum
3510 1904 3665 1965 salis,

2088 1995 2422 2065 insipienti-.e
2475 1995 2590 2064 ejus
2629 1998 2888 2050 indicium
2941 1999 3152 2051 videtur
3204 1997 3530 2064 expositum.
3573 1995 3664 2052 Sal.

2084 2087 2228 2138 enim
2273 2088 2575 2155 prudentiae
2621 2087 2736 2141 loco
2774 2088 3012 2154 ponitur,
3054 2102 3176 2155 qua:
3217 2088 3264 2140 ei
3315 2086 3499 2140 defuit.
3537 2085 3666 2140 Per-

2086 2178 2261 2234 tendit
2292 2192 2430 2247 ergo
2459 2177 2558 2234 Lot
2594 2179 2646 2231 itt
2676 2178 2864 2246 Segne,
2904 2179 3085 2245 ibique
3115 2178 3388 2247 paulisper
3423 2177 3667 2235 collectis

2083 2268 2310 2334 viribus,
2347 2284 2484 2337 quas
2519 2271 2572 2330 in
2598 2269 2854 2324 Sodomis
2882 2270 3082 2323 habere
3115 2285 3219 2323 non
3247 2269 3441 2338 potuit,
3468 2284 3663 2323 ascen-

2082 2359 2162 2411 dit
2214 2359 2266 2412 itt
2303 2369 2566 2424 montem,
2609 2371 2664 2413 et
2712 2361 2782 2414 ibi
2832 2360 3100 2414 habitavit
3154 2360 3321 2431 (sicut
3372 2361 3664 2428 Scriptura

2081 2447 2234 2520 dicit)
2269 2450 2402 2519 ipse,
2433 2459 2487 2504 et
2523 2453 2642 2505 dua:
2674 2452 2792 2505 filias
2820 2452 2936 2520 ejus
2961 2467 3082 2504 cunt
3113 2467 3198 2506 eo.

2151 2543 2204 2596 5.
2239 2542 2369 2597 Post
2399 2544 2512 2600 haec
2534 2544 2648 2614 jam
2682 2547 2913 2600 refertur
2937 2544 3024 2600 illa
3061 2544 3422 2600 famosissima
3456 2543 3663 2610 fabula,

2081 2635 2133 2689 in
2167 2650 2272 2703 qua
2300 2636 2564 2695 scribitur
2594 2637 2733 2692 tilias
2761 2639 2876 2708 ejus
2913 2647 3030 2692 arte
3074 2637 3280 2691 furatas
3313 2635 3663 2691 concubitum

2083 2730 2280 2798 patris.
2332 2729 2393 2786 ltt
2437 2746 2546 2799 quo
2585 2731 2769 2786 nescio
2800 2731 2846 2783 si
2879 2729 3001 2800 quis
3044 2738 3224 2798 potest
3269 2741 3534 2782 excusare
3585 2728 3661 2780 ita

2078 2820 2202 2884 Lot,
2235 2828 2291 2877 ut
2318 2836 2441 2876 eum
2471 2822 2765 2880 ἰιιιιιιυιιιιειι
2789 2822 2952 2876 faciat
2984 2835 3014 2880 a
3047 2829 3297 2888 peccato.
3329 2818 3514 2888 Neque
3542 2833 3665 2873 rur-

2079 2929 2200 2969 sum
2240 2916 2312 2968 ita
2346 2929 2472 2967 eunt
2519 2913 2886 2968 accusandum
2922 2921 3086 2982 puto,
3125 2919 3185 2964 ut
3217 2919 3325 2964 tam
3369 2910 3550 2981 gravis
3579 2912 3665 2965 in-

2079 3005 2216 3060 cesti
2251 3004 2367 3059 ﬁeri
2415 3003 2615 3059 debeat
2657 3020 2805 3058 reus.
2845 3003 2961 3060 Non
2991 3003 3138 3060 enim
3172 3003 3388 3057 invenio
3427 3018 3550 3057 eum
3578 3002 3664 3056 in.

393 3082 616 3156 Egypti
652 3088 740 3138 σι’.
768 3087 833 3139 Ει
877 3098 1054 3142 tamen
1088 3093 1171 3159 (ut
1203 3108 1368 3159 parvo
1398 3097 1868 3162 quodatttutamur
1885 3115 1951 3153 ex
2002 3108 2048 3174 α
2080 3093 2341 3149 m’diatum
2373 3106 2530 3158 esse,
2571 3102 2668 3150 aut
2716 3091 2984 3148 violenter
3022 3091 3294 3160 eripuisse
3339 3091 3660 3159 pudicitiam

393 3175 573 3246 cessa)
613 3191 862 3245 quzenant
891 3179 1103 3234 videtur
1135 3197 1256 3236 esse
1291 3183 1542 3239 vicinitas
1575 3189 1831 3253 paradiso
1866 3190 1975 3262 74

396 3267 512 3331 Dei,
537 3277 592 3321 et
621 3270 1034 3341 terraeA‘Igypti,
1065 3283 1124 3327 ιιι
1151 3289 1214 3328 ex
1250 3290 1404 3344 aequo
1438 3278 1523 3332 his
1562 3278 1800 3334 Sodoma
1829 3298 1976 3336 cont.

394 3360 662 3422 paretur?
698 3360 802 3414 Sed
837 3379 938 3428 ego
967 3364 1036 3416 ita
1068 3375 1200 3434 puto
1227 3369 1370 3434 quod
1401 3379 1694 3439 antequam
1724 3383 1977 3441 peccaret

395 3449 651 3514 Sodoma,
686 3467 809 3506 cunt
841 3455 1020 3507 adhuc
1050 3455 1465 3525 simplicitatem
1497 3461 1628 3513 vitae
1657 3462 1976 3520 incontami?

393 3541 590 3595 nabilis
640 3545 960 3608 custodiret,
1019 3557 1138 3601 erat
1193 3550 1336 3604 sicut
1373 3552 1660 3619 paradisus
1701 3553 1830 3620 Dei;
1882 3557 1971 3610 ubi

392 3643 523 3684 vero
555 3632 856 3688 decolorari
893 3635 1059 3702 erepit
1093 3647 1146 3691 et
1187 3649 1538 3706 peccatorum
1580 3643 1808 3696 maculis
1872 3645 1970 3697 ob.

390 3725 622 3789 scurari,
661 3726 800 3778 sicut
833 3735 977 3779 terra
1007 3727 1232 3799 Egypti
1259 3730 1402 3786 facta
1437 3743 1540 3786 est.
1591 3732 1697 3788 Sed
1743 3743 1795 3786 et
1842 3735 1972 3789 illud

387 3818 720 3897 requirpnus
748 3821 1006 3886 quoniam
1037 3823 1258 3893 quidem
1289 3827 1554 3894 propheta
1585 3827 1718 3879 dicit
1744 3827 1811 3890 ⁶¹,
1843 3828 1970 3896 quia

389 3905 692 3958 restituetur
723 3924 878 3960 soror
903 3919 994 3960 tua
1027 3911 1267 3972 Sodoma
1308 3914 1361 3965 in
1415 3916 1726 3984 antiquum,
1764 3927 1971 3970 utrunt-

388 4009 510 4054 nam
547 3999 819 4057 restitutio
845 4001 965 4069 ejus
1015 4001 1180 4055 etiam
1215 4003 1316 4066 hoc
1352 4005 1616 4074 recipiat,
1644 4015 1702 4059 ut
1731 4006 1804 4059 sit
1830 4007 1972 4061 sicut

387 4087 671 4153 paradisus
706 4088 822 4152 Dci,
851 4105 920 4142 an
950 4091 1124 4144 soluat
1154 4093 1226 4145 sit
1250 4093 1394 4148 sicut
1423 4105 1569 4147 terra
1601 4094 1838 4164 Egypti.
1858 4096 1970 4166 Ego

383 4176 601 4245 quidem
637 4180 847 4246 dubito,
889 4183 935 4236 si
963 4183 1232 4238 iutatttutn
1269 4194 1523 4252 poterunt
1551 4185 1662 4256 (2‘2)
1704 4188 1970 4244 Sodomo-

388 4284 510 4322 ruttt
542 4283 762 4337 peccata
797 4274 1050 4345 decoqui,
1083 4284 1139 4330 et
1163 4293 1228 4330 eo
1262 4291 1435 4346 usque
1464 4279 1672 4340 scelera
1705 4281 1926 4356 purgari
1950 4321 1972 4348 ,_

386 4372 446 4414 ut
474 4365 748 4418 restitutio
785 4381 971 4420 eorum
1002 4377 1148 4422 tanta
1182 4369 1272 4433 sit,
1317 4385 1444 4438 qua:
1463 4387 1568 4424 non
1600 4371 1774 4425 solum
1805 4381 1963 4427 terra:

2081 3183 2336 3245 ﬁliarum,
2384 3181 2480 3236 sed
2519 3181 2693 3250 magis
2745 3181 2971 3235 insidias
3003 3195 3258 3248 passum,
3311 3191 3366 3236 et
3403 3189 3522 3236 arte
3550 3183 3662 3236 cir-

2083 3273 2494 3340 eumscriptutn.
2523 3273 2628 3328 Sed
2658 3287 2836 3341 neque
2854 3287 3072 3326 rursum
3102 3272 3509 3329 circumventus
3531 3272 3664 3330 fuis-

2079 3377 2164 3420 set
2190 3380 2219 3424 a
2249 3365 2462 3434 puellis,
2504 3365 2608 3422 nisi
2649 3365 2909 3422 inebriari
2941 3365 3230 3433 potuisset.
3261 3362 3418 3420 Unde
3446 3365 3659 3426 videtur

2079 3459 2210 3513 tnihi
2238 3458 2292 3512 in
2317 3467 2472 3528 parte
2511 3457 2818 3527 culpabilis,
2876 3458 2926 3511 itt
2958 3468 3112 3526 parte
3143 3456 3472 3516 excusabilis
3505 3457 3658 3511 inve-

2078 3552 2205 3608 niri.
2240 3551 2498 3608 Excusari
2537 3564 2780 3617 namque
2809 3558 3007 3617 potest,
3035 3549 3176 3618 quod
3207 3564 3236 3601 a
3266 3548 3660 3616 concupiscem

2079 3640 2164 3698 tiae
2192 3648 2248 3696 et
2281 3639 2572 3707 voluptatis
2607 3638 2839 3693 crimine
2894 3637 3030 3691 liber
3062 3648 3168 3702 est,
3199 3647 3258 3697 et
3300 3637 3430 3706 quia
3479 3651 3658 3706 neque

2077 3731 2192 3796 ipse
2246 3730 2478 3784 voluisse
2519 3730 2784 3798 arguitur,
2835 3743 3010 3798 neque
3047 3727 3360 3790 volentibus
3417 3742 3655 3782 consen-

2075 3822 2229 3875 sisse.
2276 3820 2533 3889 Subjacet
2577 3836 2706 3874 vero
2759 3821 2954 3888 culpze,
3011 3822 3154 3894 quod
3213 3819 3388 3892 decipi
3445 3819 3655 3889 potuit,

2075 3912 2216 3988 quod
2256 3912 2382 3964 vino
2426 3911 2590 3965 nimis
2634 3911 2887 3975 indulsit,
2933 3922 2988 3964 et
3030 3913 3132 3966 hoc
3187 3928 3290 3965 non
3330 3911 3517 3975 semel,
3559 3911 3658 3965 sed

2075 4001 2268 4054 iterum
2328 4001 2477 4054 fecit.
2525 4001 2660 4055 Nam
2710 4011 2762 4057 ct
2813 4003 2929 4072 ipsa
2962 4003 3242 4072 Scriptura
3275 4003 3406 4057 tttilti
3445 4003 3658 4056 videtur

2073 4105 2167 4158 pro
2219 4107 2286 4144 eo
2335 4093 2734 4161 quodammodo
2787 4093 3142 4161 satisfacere,
3197 4111 3322 4150 cum
3383 4095 3518 4155 dicit
3550 4095 3594 4126 ⁵⁸
3624 4109 3640 4142 :

2075 4181 2357 4236 Nesciebat
2378 4185 2518 4237 enim
2534 4201 2652 4238 cum
2673 4185 2922 4238 dormiret
2943 4202 3057 4239 cum
3073 4187 3168 4251 eis,
3187 4198 3233 4240 et
3265 4203 3382 4240 cum
3396 4198 3657 4257 surgeret.

2072 4272 2148 4326 De
2193 4274 2406 4328 liliabus
2442 4275 2546 4329 hoc
2577 4290 2680 4328 non
2711 4277 3061 4341 dicitur,quat
3102 4276 3280 4330 stud-io
3327 4287 3382 4330 et
3415 4287 3534 4331 arte
3560 4276 3654 4330 de-

2072 4364 2282 4430 cipiunt
2319 4373 2551 4432 patrem.
2615 4365 2708 4426 Ille
2743 4375 2926 4420 tamen
2987 4365 3258 4426 intautum
3309 4365 3518 4433 sopitus
3569 4375 3653 4422 est

382 4446 625 4520 Egypti.
676 4469 861 4507 verum
912 4457 1077 4511 etiam
1139 4458 1233 4512 Dei
1287 4461 1546 4528 paradiso
1591 4472 1958 4530 comparetur.
1993 4441 2042 4500 ί)
2069 4456 2214 4518 vino,
2243 4456 2552 4511 tttuesci-ret
2578 4455 2848 4514 dormisse
2866 4473 2925 4513 se
2947 4473 3070 4512 cum
3108 4457 3212 4516 filia
3235 4459 3442 4526 priore,
3475 4472 3653 4528 neque

383 4535 592 4614 Urgent
625 4552 802 4608 tamen
831 4560 929 4600 uos
964 4547 1056 4615 qui
1102 4548 1205 4603 hoc
1230 4551 1556 4604 confirmare
1581 4551 1770 4606 volunt
1803 4569 1867 4608 ex
1897 4569 1961 4608 eo

379 4632 650 4701 praecipue
695 4650 950 4692 sermone
987 4639 1082 4706 qui
1128 4642 1350 4696 additus
1391 4643 1518 4698 huic
1548 4647 1966 4712 repromission't

381 4721 597 4776 videtur
634 4740 646 4775 :
679 4742 783 4778 uott
820 4730 962 4782 enim
999 4731 1154 4796 dixit,
1181 4733 1304 4802 quia
1341 4736 1657 4790 restituetur
1697 4736 1956 4804 Sodoma,

380 4822 426 4873 ct
482 4817 756 4879 cessavit;
791 4819 885 4877 scd
935 4821 1050 4880 ait:
1092 4822 1415 4882 Restitttetur
1451 4825 1685 4882 Sodoma
1729 4829 1780 4881 in
1813 4832 1960 4882 anti-

383 4919 568 4969 quum.
611 4905 674 4958 Et
729 4921 1049 4965 asseverant
1103 4917 1386 4982 antiquum
1447 4915 1567 4983 ejus
1615 4927 1816 4978 statum
1847 4935 1954 4976 non

383 4992 546 5045 fuisse
570 5005 626 5048 ut
651 5005 851 5050 terram
877 4998 1115 5070 Egypti,
1143 5007 1236 5059 sed
1264 5016 1319 5058 ιιι
1355 5007 1666 5074 paradisum
1696 5009 1814 5062 Dei.

439 5087 492 5140 2.
525 5085 629 5140 Sed
660 5091 942 5146 redeamus
976 5095 1042 5148 ad
1084 5095 1202 5160 Lut,
1230 5098 1325 5166 qui
1357 5114 1478 5153 cum
1527 5116 1695 5154 uxore
1722 5111 1778 5155 et
1813 5100 1950 5168 lilia-

372 5179 474 5233 bus
499 5179 776 5237 interitum
807 5182 1020 5256 fugiens
1059 5187 1441 5250 Sodomorum.
1474 5203 1696 5261 accepto
1724 5194 1792 5247 ab
1841 5209 1944 5250 an-

371 5271 506 5339 gelis
533 5277 808 5342 mandato,
837 5292 903 5331 ne
929 5287 1226 5333 retrorsum
1257 5283 1573 5350 respiceret,
1612 5285 1868 5340 tendebat
1891 5301 1945 5339 ιιι

369 5366 564 5433 Segor.
591 5364 696 5419 Sed
725 5381 862 5428 uxor
891 5369 1008 5437 ejus
1029 5371 1312 5427 immemor
1341 5373 1400 5428 fit
1425 5376 1704 5444 prtecepti,
1739 5386 1946 5432 retror-

448 5506 492 5535 ³⁸
521 5504 716 5556 Cenes.
752 5518 859 5561 trix.
897 5502 986 5557 Π.
1052 5499 1104 5533 ⁸⁸
1138 5498 1278 5553 Psal.
1308 5513 1392 5561 cx,
1426 5498 1474 5550 l.

379 5592 489 5637 svr,
521 5574 606 5626 55.
685 5572 730 5602 ⁸⁸
757 5571 890 5624 Luc.
924 5587 996 5635 ιχ,
1027 5570 1114 5623 6‘2.
1194 5568 1239 5600 “
1267 5567 1464 5622 Gettes.
1498 5581 1605 5628 six,
1631 5563 1718 5617 55.

453 5668 564 5733 (21)
600 5666 840 5729 Quatuor
889 5678 1016 5716 tttss.
1062 5659 1357 5714 ascendere.
1405 5657 1558 5714 Libb.
1605 5665 1763 5711 antea
1795 5653 1950 5719 editi,

385 5735 590 5790 arcendi
601 5770 614 5786 .

1567 5495 1608 5527 ⁸⁸
1637 5492 1836 5548 Gcncs.
1873 5507 1990 5559 χιιι,
2023 5492 2076 5547 9.

2070 4563 2192 4602 cum
2228 4547 2342 4610 lilia
2363 4550 2606 4626 juniore.
2633 4549 2834 4604 Audite
2860 4551 3096 4606 ebrietas
3119 4550 3246 4619 quid
3275 4560 3422 4620 agat,
3467 4550 3658 4604 audite

2066 4656 2332 4716 quantum
2380 4647 2644 4710 facinoris
2687 4649 2955 4704 conciliet
2992 4645 3331 4702 temulentia.
3365 4645 3562 4704 Audite
3594 4654 3652 4706 et

2064 4751 2278 4806 cavete,
2311 4757 2402 4796 vos
2429 4743 2628 4811 quibus
2657 4743 2801 4798 istud
2835 4743 3040 4796 malum
3073 4740 3250 4796 nonin
3276 4740 3526 4803 crimine,
3552 4741 3657 4795 sed

2065 4834 2118 4887 itt
2147 4849 2247 4888 usu
2278 4843 2379 4888 est.
2420 4835 2672 4896 Ebrietas
2703 4836 2908 4906 decipit
2932 4849 3094 4903 quem
3134 4832 3372 4890 Sodoma
3404 4846 3510 4885 non
3560 4831 3655 4884 de-

2061 4927 2224 4993 cepit.
2256 4923 2447 4980 Uritur
2477 4926 2566 4981 ille
2586 4927 2820 4981 llantmis
2847 4925 3136 4979 mulierum
3167 4939 3326 4993 quem
3355 4921 3655 4990 sulphurea

2061 5017 2278 5072 ﬂamma
2311 5033 2420 5072 non
2457 5019 2616 5073 ussit.
2649 5019 2780 5072 Erat
2805 5032 2936 5086 ergo
2981 5015 3084 5070 Lot
3131 5025 3272 5079 arte,
3307 5029 3411 5066 non
3456 5013 3650 5067 volun-

2061 5119 2172 5164 tate
2201 5109 2478 5180 deceptus.
2515 5109 2642 5165 Ideo
2671 5109 2878 5164 medius
2906 5108 3127 5180 quidam
3151 5117 3235 5161 est
3272 5107 3416 5160 inter
3445 5119 3641 5173 pecca—

2061 5207 2209 5262 tores
2241 5208 2300 5253 et
2350 5199 2572 5270 justos:
2611 5199 2811 5268 quippe
2867 5199 2957 5268 qui
3013 5213 3079 5251 ex
3130 5197 3366 5249 Abraha:
3419 5192 3646 5262 quidem

2059 5290 2384 5360 cognatione
2415 5290 2780 5353 descenderit,
2815 5290 2868 5344 itt
2903 5287 3162 5344 Sodomis
3215 5295 3393 5339 tamen
3423 5280 3640 5335 habita-

2055 5381 2220 5436 verit.
2255 5379 2389 5434 Nam
2415 5390 2470 5436 et
2511 5381 2614 5435 hoc
2657 5381 2800 5450 quod
2830 5380 3012 5435 evadit
3053 5391 3120 5434 ex
3171 5374 3430 5430 Sodomis
3473 5371 3640 5443 (sicut

2165 5495 2206 5524 θ’
2241 5492 2437 5548 Cenes.
2474 5510 2581 5558 XIX,
2609 5495 2696 5550 ‘20.
2787 5496 3015 5576 “'_Gett.
3051 5513 3166 5561 .vttt,
3205 5497 3286 5553 IO.
3365 5499 3409 5529 "
3441 5499 3640 5556 Ezcelt.

2070 5719 2107 5729 Γ
2133 5652 2246 5729 ίὲιξ)
2279 5652 2646 5707 Poterttnt.Sic
2682 5670 2807 5729 mss.
2841 5655 2983 5708 Libri
3021 5673 3148 5709 vero
3176 5657 3327 5724 editi,
3353 5660 3632 5729 potuerint-

2069 5721 2207 5775 iufra
2237 5732 2425 5792 quater
2450 5740 2600 5788 tnss.,
2631 5724 2881 5794 urgebunt
2916 5734 3088 5780 tamen
3121 5743 3228 5781 nos.
