4132 6400
404 429 506 485 195

407 566 518 608 tam
543 541 874 620 progeniem,
903 550 1009 589 non
1029 529 1334 584 introibuut
1351 527 1400 578 in
1425 522 1718 576 Ecclesiam
1737 513 1987 574 Domini?
2019 511 2061 566 Α

408 646 524 699 Nos
562 649 771 700 autem,
814 639 971 700 prout
1006 622 1206 680 sentire
1246 631 1573 688 possumus,
1621 614 1720 667 Lot
1769 613 1992 681 ﬁguram

410 735 666 807 ponimus
701 726 854 794 legis.
890 720 1001 775 Nec
1047 716 1299 770 videatur
1332 711 1685 777 incongruum
1717 705 1863 772 quod
1911 702 1991 755 fe-

415 829 597 882 mineo
630 833 827 892 genere
856 814 994 885 apud
1025 826 1125 865 nos
1154 807 1458 861 declinatur
1489 801 1595 863 lex,
1626 813 1749 853 cum
1785 810 1996 850 mascu-

415 921 581 972 linum
619 927 790 984 genus
819 914 1000 962 servet
1031 904 1084 957 in
1117 901 1332 955 Graeco.
1369 894 1544 960 Hujus
1576 905 1797 944 uxorem
1832 902 1999 957 popu-

416 1013 524 1065 lum
566 1008 716 1060 illum
750 1001 1002 1072 ponimus
1027 1035 1044 1058 ,
1075 994 1165 1063 qui
1195 993 1262 1046 de
1308 988 1541 1057 Egypto
1583 985 1893 1054 profectus,
1941 988 1998 1034 et

415 1101 482 1153 de
512 1099 647 1152 mari
677 1093 882 1156 Rubro,
914 1105 977 1143 ac
1004 1085 1384 1155 persecutione
1416 1077 1714 1134 Pharaonis
1739 1086 1996 1142 tauquam

418 1191 486 1243 de
528 1181 878 1241 Sodomiticis
927 1177 1142 1248 ignibus
1191 1174 1455 1226 liberatus
1485 1208 1501 1233 ,
1545 1181 1759 1220 rursum
1802 1177 1999 1219 carnes

422 1294 476 1337 et
501 1281 635 1336 ollas
659 1275 902 1345 Egypti,
935 1281 988 1326 et
1016 1283 1178 1338 cepas
1206 1276 1634 1329 cncumeresque
1661 1258 1997 1319 desiderans,

425 1383 572 1428 retro
603 1367 840 1437 respexit
868 1403 883 1428 ,
919 1371 972 1416 et
1017 1358 1213 1414 cecidit
1252 1357 1304 1409 in
1345 1354 1565 1408 deserto
1589 1392 1602 1415 ,
1635 1349 1810 1403 factus
1838 1348 1999 1402 etiam

428 1465 542 1530 ipse
574 1449 1029 1522 concupiscentiae
1062 1451 1269 1498 memor
1305 1442 1356 1494 in
1389 1452 1593 1493 eremo.
1645 1435 1720 1488 lbi
1751 1448 1881 1501 ergo
1918 1432 2002 1484 lex

427 1552 660 1623 primum
708 1544 856 1598 illum
895 1539 1154 1609 populum
1190 1544 1444 1599 tanquam
1492 1527 1593 1581 Lot
1637 1535 1782 1578 retro
1827 1523 2002 1590 reSpi-

431 1647 660 1697 cientem
693 1634 944 1705 perdidit,
983 1647 1046 1684 ac
1082 1626 1299 1695 reliquit
1333 1636 1579 1676 uxorem.
1619 1618 1745 1672 Inde
1778 1616 2004 1669 veniens

433 1733 530 1784 Lat
562 1728 769 1783 habitat
818 1724 871 1776 in
907 1721 1076 1788 Segor
1105 1760 1120 1782 ,
1155 1717 1218 1768 de
1251 1729 1353 1782 qua
1387 1711 1516 1765 dicit
1541 1709 1616 1761 τίς
1651 1705 1847 1760 Civitas
1894 1706 2006 1758 hazc

432 1818 649 1890 pusilla,
681 1827 726 1868 et
762 1811 1055 1866 salvabitur
1090 1805 1269 1858 anima
1307 1816 1419 1854 mea
1450 1799 1505 1850 in
1537 1797 1672 1864 ipsa,
1713 1801 1759 1846 et
1801 1808 1902 1844 non
1930 1797 2004 1842 est

436 1881 675 1980 pusilla?
705 1906 832 1972 Qua:
858 1916 985 1967 ergo
1016 1906 1120 1960 est,
1153 1899 1413 1962 quantum
1444 1887 1509 1940 ad
1540 1886 1708 1952 legem
1734 1881 1969 1950 pertinet
1995 1919 2010 1943 ,

438 2002 632 2055 civitas
665 1993 859 2066 pusilla
894 1965 949 2044 et
1000 2002 1105 2041 non
1151 1980 1342 2052 pusilla
1363 2018 1378 2040 ,
1409 1976 1712 2028 videamus.
1746 1965 1952 2024 Civitas
1983 1982 2011 2018 a

440 2088 852 2149 conversatione
882 2081 1174 2136 multorum
1199 2075 1342 2129 dicta
1373 2077 1478 2132 est,
1508 2081 1604 2136 pro
1633 2079 1699 2119 eo
1730 2062 1870 2131 quod
1900 2060 2018 2128 plu—

441 2185 702 2238 rimorum
733 2179 784 2230 in
815 2187 980 2228 unmn
1017 2165 1318 2222 constituat
1349 2169 1405 2215 et
1441 2156 1725 2212 contineat
1758 2152 1920 2205 vitas.
1955 2147 2015 2200 lli

443 2288 570 2342 ergo
602 2268 690 2338 qui
727 2268 778 2320 in
813 2264 928 2333 lege
962 2263 1389 2317 couversantur,
1441 2244 1688 2318 pusillam
1720 2242 1918 2295 habent
1966 2246 2022 2291 et

445 2377 661 2435 parvam
697 2351 1166 2412 conversationem
1191 2385 1206 2411 ,
1253 2339 1493 2411 quandin
1536 2332 1835 2389 secundum
1874 2329 2018 2381 litte-

447 2419 561 2510 rant
593 2451 900 2518 intelligunt
935 2444 1126 2512 legem.
1169 2435 1315 2490 Nihil
1347 2431 1490 2486 enim
1531 2425 1734 2498 grande
1764 2431 1868 2484 est,
1899 2419 2022 2474 sab-

446 2549 566 2602 bata
593 2587 608 2612 ,
638 2551 692 2599 et
726 2536 1047 2594 neomenias
1077 2572 1092 2596 ,
1125 2538 1181 2584 et
1213 2521 1687 2582 circumcisionetn
1719 2513 1900 2568 carnis
1921 2553 1935 2574 ,
1972 2519 2026 2564 et

446 2645 694 2704 ciborum
725 2631 1106 2706 distinctiones
1134 2621 1432 2682 carnaliter
1461 2617 1773 2672 observare.
1805 2607 1862 2662 Si
1895 2621 2025 2659 vero

447 2697 767 2810 spiritaliter
802 2697 1104 2796 intelligere
1133 2717 1258 2788 quis
1298 2708 1558 2778 ceperit.
1609 2705 1738 2772 ipsae
1787 2700 1892 2754 illae
1925 2697 2027 2752 οι)-

454 2795 766 2895 servantite,
803 2838 925 2896 quae
953 2795 1251 2875 secundum
1278 2806 1518 2860 litteram
1552 2795 1759 2868 pusillae
1789 2798 1950 2848 erant
1977 2796 2032 2841 et

451 2939 652 2996 parvae,
692 2916 989 2974 secundum
1033 2907 1284 2976 spiritum
1329 2911 1433 2952 non
1478 2898 1636 2946 erttnt
1685 2898 1895 2956 parvte,
1935 2878 2030 2935 sed

457 2979 683 3089 lnagnte.
713 3007 972 3065 Ascendit
1004 3017 1135 3072 ergo
1165 3005 1287 3067 post
1318 2995 1433 3047 haec
1467 2986 1570 3042 Lot
1605 2983 1657 3037 in
1691 2987 1955 3037 montem,
1981 2979 2034 3026 et

457 3069 768 3164 ibi—‘ltabitat
803 3099 856 3152 in
884 3069 1141 3164 spelunca
1170 3129 1185 3153 ,
1217 3094 1276 3139 ut
1311 3083 1441 3138 dicit
1475 3077 1756 3142 Scriptura
1785 3112 1800 3137 ,
1835 3069 1951 3136 ipse
1981 3073 2035 3118 et

460 3205 579 3255 dote
625 3195 746 3249 lilia-
777 3191 912 3260 ejus.
943 3187 1008 3239 Et
1033 3177 1348 3234 ascendisse
1373 3172 1457 3224 lex
1493 3163 1724 3232 putanda
1757 3168 1880 3224 est,
1911 3170 2033 3208 cum
2065 3193 2109 3252 Ο

461 3294 510 3346 ei
555 3303 652 3360 per
686 3282 943 3353 templum
995 3292 1023 3330 a
1064 3272 1354 3328 Salomone
1399 3264 1771 3317 constructum
1811 3249 2041 3306 accessit

462 3390 724 3444 ornatus,
753 3389 876 3431 cum
913 3370 1058 3425 facta
1091 3371 1175 3419 est
1203 3359 1423 3430 quidem
1455 3356 1645 3408 domus
1680 3344 1772 3400 Dei
1802 3384 1817 3408 ,
1851 3345 2040 3397 domus

455 3470 773 3532 ‘nrationis,
827 3462 952 3519 mali
1004 3465 1186 3512 autem
1238 3450 1580 3505 habitatores
1628 3439 1871 3493 fecerunt
1925 3444 2043 3486 eam

466 3565 776 3633 speluncam
817 3557 1088 3609 latronum
1119 3549 1188 3599 τ’.
1221 3539 1495 3597 Ilabitavit
1538 3549 1669 3604 ergo
1705 3532 1756 3584 in
1788 3526 2044 3597 spelunca

470 3623 566 3710 Lct
590 3664 645 3708 et
667 3652 781 3705 duae
814 3647 934 3700 ﬁliae
977 3644 1114 3711 ejus.
1148 3637 1289 3690 l)nas
1317 3634 1416 3686 has
1458 3628 1599 3682 ﬁlias
1622 3623 1900 3678 evidenter
1933 3629 2051 3684 pro—

472 3751 632 3818 pheta
676 3738 935 3795 describit
964 3735 1011 3765 "
1032 3773 1046 3796 ,
1095 3730 1284 3784 dicens
1311 3721 1519 3779 Oollam
1559 3727 1613 3770 et
1643 3713 1886 3768 Uolibam
1919 3707 2052 3761 duas

1365 3817 1371 3818 ί
1433 3813 1464 3818 ’⁸
1596 3807 1611 3818 ¹
1784 3803 1794 3818 I
1815 3817 1818 3818 ν
1917 3795 2025 3818 ΙιἏΙΡΧ

469 3795 686 3894 set-ores
708 3845 863 3896 esse;
898 3837 952 3884 et
981 3795 1101 3880 esse
1121 3819 1336 3890 quidem
1351 3813 1556 3867 Oollam
1587 3803 1884 3862 Jerusalem
1913 3795 2050 3870 (‘26),

473 3939 529 3983 et
555 3925 804 3981 Oolibam
838 3933 957 3972 esse
984 3911 1316 3968 Samariam.
1348 3905 1402 3958 ln
1432 3906 1567 3955 duas
1594 3909 1722 3964 ergo
1750 3901 1929 3962 partes
1963 3902 2056 3955 po-

475 4019 632 4088 pulus
670 4015 780 4084 76
807 4010 1011 4063 divisus
1032 4047 1048 4072 ,
1078 4006 1211 4058 duas
1251 3999 1380 4053 fecit
1413 3994 1551 4048 ﬁlias
1591 3990 1744 4058 legis.
1781 3987 1896 4038 Ista:
1929 3996 2056 4034 car-

479 4112 654 4167 nalem
684 4106 964 4174 cupientes
1003 4095 1316 4168 progeniem
1351 4099 1675 4158 propagare,
1708 4088 1762 4132 et
1793 4077 1937 4130 vires
1975 4087 2059 4125 re-

482 4205 568 4275 gni
599 4196 876 4256 terrestris
904 4201 1193 4246 numerosa
1221 4180 1540 4254 posteritate
1573 4172 1806 4232 munire,
1845 4167 2062 4234 sopien-

483 4309 564 4351 tes
597 4300 802 4364 patrem
834 4294 883 4340 et
918 4293 1166 4338 somnum
1191 4277 1238 4330 ei
1280 4273 1614 4327 inducentes,
1652 4265 1704 4316 id
1734 4271 1815 4314 est
1860 4273 2060 4325 cegen-

483 4399 564 4442 tes
591 4394 646 4440 et
679 4383 974 4438 obruentes
1024 4372 1141 4440 ejus
1173 4364 1472 4437 Spiritalem
1520 4370 1762 4417 sensum,
1793 4350 1963 4406 solum
1997 4362 2062 4400 ex

487 4493 551 4533 eo
587 4475 768 4531 carnis
799 4462 1214 4536 intelligentiam
1266 4455 1514 4510 trahunt.
1550 4447 1679 4502 lude
1710 4441 2024 4509 concipiunt
2051 4477 2064 4501 ,

489 4569 612 4624 inde
644 4569 904 4636 generant
938 4558 1075 4611 lilios
1108 4551 1277 4612 tales,
1317 4560 1455 4616 quos
1498 4556 1596 4595 nec
1644 4537 1869 4593 sentiret
1894 4574 1908 4599 ,

491 4667 809 4732 agnosceret
847 4660 1021 4722 pater.
1073 4645 1185 4700 Nec
1219 4641 1364 4696 enim
1399 4638 1502 4691 iste
1544 4644 1738 4686 sensus
1763 4669 1778 4694 ,
1826 4634 1920 4680 aut
1949 4626 2066 4678 lucc

493 4752 745 4804 voluntas
776 4745 951 4799 fuerat
982 4739 1150 4809 legis,
1204 4741 1262 4788 ut
1293 4727 1586 4786 carnaliter
1618 4729 1901 4792 generatet
1927 4733 1941 4780 ;
1974 4715 2068 4769 sed

497 4841 706 4909 sopitur
737 4839 856 4898 lex,
889 4842 947 4885 ut
986 4831 1109 4884 talis
1141 4823 1429 4896 posteritas
1459 4825 1774 4888 generetur,
1805 4826 1925 4879 qua:
1962 4824 2069 4861 non

501 4935 664 4988 intret
679 4930 731 4983 in
757 4925 1051 4981 Ecclesium
1072 4911 1622 4975 l)mnini.Ammonitw
1639 4907 1801 4969 enim,
1818 4898 2072 4970 inquit“,

500 5036 548 5079 et
569 5021 820 5078 Moabin
843 5013 1250 5084 nonintrgibuut
1271 5008 1324 5060 in
1347 5001 1638 5057 Ecclesium
1669 4995 1878 5049 Domini
1911 5006 2070 5060 usque

501 5121 555 5173 in
591 5117 798 5171 tertiam
845 5121 890 5164 et
923 5116 1169 5180 quartam
1210 5097 1508 5170 progeniem
1545 5091 1656 5162 (‘27)
1683 5130 1697 5156 ,
1738 5097 1782 5141 et
1816 5101 1976 5153 usque
2019 5084 2072 5134 in

500 5207 772 5264 amulum.
829 5201 1082 5270 Designat
1117 5191 1258 5264 quod
1294 5185 1592 5244 carnaliter
1623 5176 1905 5247 generatio
1941 5172 2076 5242 legis

579 5324 622 5356 "
661 5322 858 5378 Genes.
908 5333 1024 5379 XIX,
1064 5312 1156 5368 20.

505 5411 603 5460 XII,
632 5394 723 5448 50.
800 5391 845 5422 ’⁸⁷
897 5389 1096 5442 (lenes.
1125 5399 1216 5447 xx,
1244 5380 1292 5432 i.

578 5455 700 5559 ('26)
723 5483 849 5559 Esse
882 5480 1090 5559 quidth
1123 5472 1332 5559 Qollgm
1363 5462 1832 5559 Jerusalemmetle.‘
1855 5455 2086 5559 Ectlmtra

509 5524 1198 5614 Ezechielisgll'tjvtlolla
1247 5537 1536 5600 Samaria,
1583 5543 1637 5586 et
1691 5526 1881 5584 Ooliba
1927 5524 2086 5579 Jeru-

509 5629 678 5684 salem
722 5638 842 5677 esse
874 5619 1095 5673 dicitur.

584 5667 695 5767 (Qui)
723 5667 1242 5767 villaque'tfrtiam
1274 5692 1322 5735 et
1353 5685 1598 5756 quartam
1630 5667 1950 5750 progeniem,
1976 5673 2085 5715 etc.

517 5742 805 5822 Delttelron.
833 5742 1000 5818 'XXIII,
1047 5756 1103 5819 5,
1139 5770 1242 5807 non
1289 5742 1460 5822 usque
1489 5745 1542 5796 in
1570 5742 1785 5816 tertiam
1832 5747 1886 5788 et
1929 5747 2092 5822 quiar—

517 5801 805 5822 .-r,..........
845 5801 1000 5818 μη..
1049 5801 1103 5819 -,
1379 5801 1385 5803 _

517 5851 625 5894 tam
654 5877 668 5901 ,
714 5833 810 5890 sed
843 5833 1005 5887 etiam
1051 5834 1172 5896 post
1222 5805 1486 5877 decimam
1536 5808 1941 5880 generationem
1990 5801 2090 5854 Ec-

1628 399 1692 451 l.\'
1730 387 2029 452 UENESlM
2070 378 2355 438 HOMILIA
2397 375 2488 427 Vl.

1232 5311 1276 5341 "
1321 5302 1512 5360 Matth.
1558 5315 1674 5360 nt,
1713 5296 1801 5350 18.
1834 5340 1838 5344 .
1873 5294 1920 5324 ⁷³
1945 5293 2146 5348 Ezeclt.
2197 5301 2360 5344 xxttt.

3565 352 3666 406 194

2092 517 2195 556 non
2231 500 2395 552 intrat
2425 495 2477 546 in
2513 484 2809 544 Ecclesiam
2841 478 3074 542 Christi,
3113 490 3209 530 nec
3241 473 3398 529 tertia
3438 483 3667 542 genera-

2101 595 2243 647 tione
2271 604 2368 657 pro
2396 581 2683 644 Trinitate,
2715 590 2812 629 nec
2839 585 3034 642 quarta
3065 585 3161 637 pro
3191 565 3494 634 Evangeliis
3515 605 3530 628 ,
3571 579 3669 616 nec

2099 685 2151 738 in
2182 678 2438 736 saeculum
2466 715 2480 739 ,
2513 672 2615 725 nisi
2649 669 2785 722 forte
2814 675 2933 733 post
2963 675 3198 732 prtesens
3232 656 3516 715 sarculum,
3549 668 3670 706 cum

2099 768 2380 844 plenitudo
2426 759 2667 835 gentium
2720 755 3036 816 introierit,
3070 759 3126 805 et
3163 750 3246 803 sic
3275 746 3455 801 omnis
3504 741 3672 797 Israel

2099 865 2281 921 salvus
2331 860 2491 912 fuerit
2520 857 2716 908 factus.
2775 852 2917 909 llaec,
2949 857 3008 898 ttt
3048 843 3345 912 potuimus,
3378 836 3674 894 secundum

2101 955 2447 1024 allegoricam
2485 943 2898 1015 intelligentiam
2931 937 2998 989 de
3027 935 3128 988 Lot
3155 942 3212 988 et
3242 946 3409 984 uxore.
3434 928 3582 995 ejus,
3617 939 3680 978 ac

2101 1051 2165 1104 de
2199 1017 2410 1100 ﬁliabus
2439 1037 2830 1106 exculpsimus,
2862 1030 3000 1085 nihil
3028 1025 3446 1096 prcejudicantes
3477 1021 3563 1074 his
3589 1017 3680 1088 qui

2102 1139 2377 1195 Sacratius
2406 1131 2608 1200 aliquid
2639 1128 2707 1181 de
2743 1127 2847 1178 hoc
2878 1121 3082 1175 sentire
3111 1116 3404 1187 potuerint.

2173 1235 2223 1286 6.
2284 1226 2437 1294 Quod
2491 1236 2618 1274 vero
2670 1220 2720 1272 in
2790 1213 2984 1268 morali
3044 1211 3160 1264 loco
3209 1205 3460 1275 superius
3508 1202 3681 1271 ipsum

2104 1324 2321 1394 quidem
2350 1319 2453 1374 Lot
2487 1315 2552 1368 ad
2584 1308 2965 1367 rationabilem
3001 1319 3218 1359 sensum
3250 1312 3300 1356 et
3331 1300 3544 1353 virilem
3580 1296 3691 1349 ani-

2107 1429 2252 1468 mntn
2280 1411 2568 1469 traximus,
2601 1416 2825 1457 uxorem
2852 1413 2981 1453 vero
3012 1395 3144 1460 ejus,
3176 1408 3296 1462 quae
3326 1402 3476 1444 retro
3508 1403 3691 1455 respe-

2107 1504 2272 1566 xerit,
2305 1513 2524 1555 carnem
2556 1489 3014 1560 concupiscentiis
3049 1497 3100 1539 et
3133 1481 3506 1551 voluptatibus
3541 1477 3693 1532 dedi-

2107 1605 2213 1648 tam
2243 1591 2502 1649 diximus,
2543 1601 2646 1638 non
2681 1581 3016 1650 negligenter
3047 1577 3183 1637 haec,
3213 1590 3244 1627 ο
3273 1575 3513 1636 auditor,
3544 1567 3695 1621 θχίτί-

2107 1687 2245 1757 pias.
2278 1682 2580 1736 Observare
2627 1675 2772 1726 enim
2806 1671 2974 1724 debes
3004 1683 3070 1722 ne
3103 1667 3240 1720 forte
3273 1664 3438 1716 etiam
3462 1675 3584 1714 cum
3617 1657 3697 1710 ef-

2114 1774 2319 1843 fugeris
2346 1771 2590 1823 ﬁammas
2630 1763 2900 1827 Stecnli,et
2937 1757 3183 1812 incendia
3217 1754 3397 1808 carnis
3429 1751 3699 1813 evaseris,

2044 1841 2084 1895 Β
2115 1867 2277 1920 etiam
2312 1877 2432 1916 cum
2466 1857 2713 1928 pusillam
2755 1862 2811 1907 et
2844 1867 2951 1906 non
2999 1847 3253 1917 pusillam
3286 1845 3562 1899 civitatem
3596 1841 3700 1894 Se»

2117 1973 2236 2027 gor,
2267 1953 2356 2022 qui
2387 1959 2463 2006 est
2493 1949 2705 2004 medius
2735 1943 2958 2013 quidam
2988 1949 3044 1993 et
3069 1937 3246 1992 civilis
3279 1934 3580 2004 profectus,
3610 1941 3700 1984 s‘u-

2116 2046 2412 2119 peraveris,
2442 2053 2496 2098 et
2528 2043 2593 2094 ad
2622 2037 2862 2093 scientiae
2887 2031 3260 2091 altitudinem,
3290 2028 3433 2080 velut
3463 2025 3528 2078 ad
3554 2037 3704 2092 quat-

2122 2148 2242 2200 dam
2270 2139 2550 2196 cacumina
2586 2132 2787 2188 montis
2817 2126 3163 2182 ascenderis:
3195 2124 3318 2177 vide
3350 2136 3416 2175 ne
3443 2120 3535 2172 tibi
3567 2117 3704 2170 insi-

2129 2236 2346 2289 dientur
2379 2231 2498 2284 dua:
2527 2228 2647 2280 ﬁlia:
2675 2225 2811 2284 istae,
2843 2234 2960 2288 quae
3000 2232 3028 2270 a
3060 2224 3110 2270 te
3139 2230 3241 2268 non
3277 2212 3581 2271 discedunt,
3613 2207 3707 2261 sed

2124 2332 2424 2395 sequuntur
2447 2328 2499 2373 te
2529 2318 2693 2371 etiam
2717 2327 2839 2366 eum
2867 2305 3119 2364 ascendis
3157 2305 3210 2358 in
3253 2309 3512 2361 montem,
3546 2298 3597 2348 id
3627 2305 3711 2348 cst

2124 2435 2262 2474 vana
2297 2414 2489 2486 gloria,
2531 2421 2586 2462 et
2622 2405 2794 2472 major
2832 2415 2988 2456 soror
3018 2398 3135 2467 ejus
3169 2391 3447 2462 superbia.
3479 2388 3608 2441 Vide
3645 2400 3714 2439 ne

2128 2511 2244 2564 ista:
2279 2507 2400 2560 ﬁlia:
2436 2514 2487 2556 te
2528 2500 2760 2568 sopitum
2809 2509 2871 2548 ac
2904 2490 3292 2548 dormientem,
3323 2484 3448 2537 dum
3480 2480 3576 2534 tibi
3613 2493 3714 2532 nec

2129 2601 2331 2658 sentire
2377 2611 2476 2650 nec
2530 2591 2837 2658 intelligere
2873 2581 3074 2638 videris
3107 2619 3122 2643 ,
3173 2575 3550 2645 complexibus
3601 2571 3716 2624 suis

2129 2691 2424 2759 stringant.
2457 2685 2586 2750 Quae
2622 2679 2826 2734 idcirco
2863 2673 2985 2727 ﬁliae
3014 2669 3290 2730 dicuntur,
3333 2662 3458 2732 quia
3491 2675 3594 2714 non
3620 2671 3720 2712 no-

2131 2784 2216 2838 bis
2256 2779 2599 2836 extrinsecus
2647 2765 3060 2838 superveniunt,
3111 2759 3206 2814 sed
3261 2756 3326 2810 de
3361 2752 3520 2808 nobis
3548 2760 3605 2804 et
3653 2749 3721 2802 de

2133 2890 2353 2934 actuttm
2388 2879 2698 2927 nostrorum
2749 2857 3143 2928 velutqnadam
3183 2848 3492 2919 integritate
3527 2857 3720 2915 proce-

2135 2970 2290 3023 dunt.
2320 2962 2500 3032 Vigila
2527 2971 2659 3028 ergo
2695 2962 2956 3023 quantum
2989 2957 3165 3017 potes,
3200 2951 3256 2996 et
3285 2941 3511 2994 observa
3544 2951 3613 2989 ne
3659 2935 3724 2987 de

2137 3059 2220 3112 his
2246 3027 2474 3126 generes
2506 3027 2679 3111 ﬁlios;
2718 3042 2840 3111 quia
2871 3037 2962 3106 qui
2994 3036 3059 3089 de
3089 3034 3174 3087 his
3209 3031 3320 3083 nati
3360 3027 3584 3089 l‘nerint,
3617 3038 3721 3076 non

2141 3145 2444 3202 introibunt
2491 3140 2542 3192 itt
2585 3133 2882 3190 Eeclesiam
2931 3124 3166 3180 Domini.
3206 3121 3285 3175 Tu
3326 3129 3532 3180 autent,
3566 3115 3610 3168 si
3647 3113 3728 3165 vis

2146 3251 2430 3310 generare.
2464 3233 2519 3286 in
2548 3228 2740 3299 spiritu
2775 3234 2972 3293 genera
2997 3257 3012 3280 ,
3042 3213 3302 3284 quoniam
3334 3211 3424 3280 qui
3452 3211 3505 3262 in
3539 3207 3727 3274 spiritu

2147 3331 2406 3390 seminat,
2450 3327 2515 3376 de
2544 3319 2738 3389 spiritu
2785 3321 2936 3367 metet
2973 3309 3132 3362 vitam
3169 3312 3421 3357 trternam
3452 3299 3519 3351 ".
3554 3297 3610 3351 Si
3649 3296 3732 3347 vis

2150 3419 2448 3490 amplecti,
2499 3388 2842 3480 amplectare
2900 3399 3217 3470 sapientiam
3282 3400 3336 3448 et
3378 3392 3463 3446 dic
3516 3388 3731 3458 sapien-

2154 3515 2280 3567 tiam
2327 3519 2570 3564 sororem
2616 3510 2762 3555 tnatn
2807 3510 2950 3560 esse,
2979 3501 3039 3546 ut
3081 3500 3134 3543 et
3184 3484 3462 3556 Sapientia
3490 3482 3634 3534 dicat
3667 3479 3736 3530 de

2155 3615 2206 3660 te
2227 3602 2308 3652 7°:
2343 3599 2442 3662 Qui
2474 3593 2651 3665 fecerit
2685 3589 3006 3643 voluntatem
3033 3579 3213 3633 Patris
3247 3592 3344 3629 met
3375 3573 3464 3642 qui
3501 3573 3554 3624 in
3589 3567 3735 3623 curiis

2154 3705 2252 3756 est.
2282 3693 2364 3745 hic
2402 3701 2546 3740 meus
2578 3691 2624 3735 et
2665 3679 2853 3748 frater,
2891 3685 2936 3728 et
2985 3686 3154 3730 soror,
3188 3678 3231 3721 et
3272 3675 3438 3718 mater
3468 3670 3560 3715 est.
3607 3661 3738 3725 Quae

2157 3781 2425 3856 sapientia
2473 3775 2630 3831 Jesus
2673 3769 2925 3825 Christus
2967 3761 3226 3816 Dominus
3271 3765 3458 3810 noster
3499 3761 3605 3816 est,
3651 3749 3740 3803 cui

2158 3888 2241 3934 est
2297 3871 2468 3946 gloria
2531 3875 2589 3922 et
2650 3859 2938 3930 imperium
3007 3854 3061 3907 in
3125 3847 3322 3906 saecula
3391 3844 3742 3898 szecnlornm.

2161 3971 2196 4023 Α
2213 3983 2358 4020 tuen.

2740 4057 3024 4118 llOMlLlA
3074 4052 3162 4108 Vl.

2168 4192 2242 4246 De
2285 4183 2574 4244 Alvimelech
2627 4193 2746 4239 reae
2775 4169 3220 4246 Philisth‘norum
3249 4199 3264 4221 ,
3293 4155 3552 4246 gito—mall?
3605 4151 3748 4205 acri-

2306 4223 2574 4242 ιι-..ηωνυη
2630 4223 2742 4239 .-ην
2775 4223 2793 4226 -

2306 4272 2426 4324 pere
2460 4252 2621 4305 voluit
2667 4247 2859 4300 Suram
2901 4241 2954 4291 in
3002 4223 3399 4287 matrimoni-um
3433 4223 3568 4290 t28).

2239 4347 2486 4403 Recitata
2532 4347 2616 4392 est
2665 4331 2824 4387 uol-is
2867 4323 3094 4380 historia
3143 4317 3264 4372 libri
3307 4315 3614 4371 Geneseos,
3660 4308 3749 4360 ubi

2173 4442 2410 4498 refertur
2450 4429 2590 4501 quod
2640 4433 2761 4495 post
2787 4419 3048 4473 visionem
3100 4410 3261 4464 trittm
3311 4405 3594 4461 virorum,
3635 4406 3756 4464 pust

1965 4546 2064 4585 nec
2100 4519 2143 4573 Ῑ)
2171 4527 2510 4588 eversionem
2562 4515 2956 4570 Sodomorum,
3001 4510 3054 4555 et
3104 4497 3202 4551 Lot
3243 4493 3326 4546 vel
3369 4485 3754 4556 hospitalitatis

2172 4619 2368 4677 merito
2408 4611 2492 4666 vel
2537 4595 3028 4669 consanguinitatis
3074 4587 3304 4644 Abrahae
3347 4581 3519 4653 gratia
3567 4591 3756 4631 serva-

2171 4722 2286 4767 tum
2313 4751 2326 4772 ,
2352 4703 2618 4776 profectus
2644 4706 2743 4759 est,
2786 4688 2963 4758 inquit
2995 4684 3064 4746 ⁷⁷,
3117 4681 3239 4734 inde
3284 4672 3549 4729 Abraham
3581 4670 3650 4722 ad
3688 4669 3760 4719 Α-

2173 4805 2434 4876 pltricnm,
2480 4805 2535 4849 et
2582 4789 2731 4843 venit
2776 4784 2843 4837 ad
2900 4791 3083 4847 regem
3124 4767 3600 4825 l‘ltiliSthinorum.
3652 4758 3758 4810 lle-

3115 4864 3148 4876 ._
3321 4874 3331 4876 _
3401 4855 3532 4876 an“
3590 4862 3758 4876 "MM

2180 4855 2355 4952 rfertur
2409 4889 2576 4943 etiam
2632 4877 2777 4948 quod
2839 4878 3029 4941 pactus
3084 4864 3157 4919 sit
3216 4874 3339 4914 cum
3401 4855 3536 4907 Sara
3590 4862 3761 4903 uxore

2181 4993 2397 5067 sua,“
2428 4993 2533 5033 non
2581 4973 2788 5027 diceret
2834 4974 3057 5016 uxorem
3108 4969 3166 5008 se
3210 4949 3482 5008 Abrahae,
3528 4941 3622 4996 sed
3673 4953 3764 4991 so-

2793 5066 2800 5067 ί
2979 5051 2990 5067 I
3038 5062 3129 5067 ___
3186 5039 3491 5067 At_:.-...l....l.
3542 5043 3762 5067 ηριιριιη,

2185 5039 2520 5139 rorent‘ejus
2560 5077 2710 5126 esse;
2755 5066 2808 5111 et
2848 5051 2992 5122 quod
3037 5062 3131 5102 rex
3175 5039 3491 5098 Abimelech
3542 5043 3762 5097 accepe-

2187 5172 2259 5226 rit
2293 5179 2436 5230 eam,
2483 5161 2764 5227 ingressus
2809 5149 2882 5202 sit
2925 5152 3104 5197 autem
3151 5137 3290 5190 Deus
3334 5131 3400 5186 ad
3449 5122 3763 5180 Abitneleelt

2437 5279 2484 5312 ⁷⁸
2507 5278 2661 5332 Deut.
2689 5281 2846 5330 unt,
2875 5264 2929 5318 ὅ.
2991 5258 3036 5290 ⁷⁸
3063 5254 3246 5311 Galat.
3271 5265 3348 5313 vt,
3375 5245 3426 5299 8.
3503 5241 3548 5270 ⁷⁸
3572 5235 3762 5291 Matth.

2195 5446 2376 5505 clesite
2429 5437 2578 5494 aditu
2625 5437 2884 5505 arcentur
2923 5401 3658 5505 A_mutauitrchetnblgal‘zi'tﬁ2

2569 5600 3224 5704 ngcgg'lqtiotl-‘Xbraﬁlant
3271 5614 3532 5704 pro-fectus
3585 5608 3652 5658 sit
3702 5600 3774 5656 ad

2199 5653 2473 5710 mauensis
2501 5661 2516 5697 :

2908 5679 2956 5754 et
3001 5692 3140 5762 quod
3190 5679 3403 5756 [iuuerit
3455 5679 3650 5735 Suram
3688 5691 3778 5726 so-

2200 5739 2372 5792 regem
2408 5711 2871 5772 Philisthinorttm,

2202 5808 2371 5849 rorem
2422 5799 2570 5840 suum
2615 5795 2749 5834 (δερ.
