4132 6430
436 413 540 468 195

1909 403 2065 459 ORIG
2075 403 2230 460 ENIS

3569 416 3671 470 196

431 539 614 588 noctu,
663 538 716 580 et
766 524 957 579 dixerit
1012 523 1058 578 ci
1099 524 1184 578 ’θε
1249 523 1387 589 Quia
1425 541 1524 577 non
1577 525 1868 590 contigisli,
1917 525 2004 576 in-
2035 531 2082 587 Α
2110 537 2215 577 non
2248 530 2307 577 ut
2339 536 2562 578 uxorem
2587 523 2725 576 intra
2747 523 3016 592 gremium
3052 525 3457 592 concludamus,
3491 531 3584 582 sed
3621 540 3677 583 ut

428 619 578 683 quit,
620 617 884 669 mulierem
921 617 1095 668 hunc:
1138 626 1182 667 et
1236 633 1337 668 non
1369 616 1585 684 permisi
1627 625 1676 668 te
1706 617 2003 684 contingere

426 725 564 773 eant,
599 717 703 762 etc.
749 700 873 760 Post
918 706 1033 761 haec
1077 722 1203 760 vero
1248 706 1566 762 Abimelech
1616 707 1844 760 reddidit
1885 723 2002 762 eam

426 799 542 850 viro
606 811 728 854 suo,
753 789 914 848 simul
975 803 1030 848 et
1095 795 1395 863 increpavit
1450 795 1768 859 Abraham,
1815 808 1912 847 cur
1953 795 2009 849 ei

426 903 529 940 non
590 886 876 942 confessus
938 886 1101 940 fuerit
1166 887 1478 940 veritatem.
1539 883 1790 939 llefertur
1840 887 2001 939 etiam

420 979 562 1043 quod
633 987 894 1047 tanquam
956 976 1218 1046 propheta
1271 977 1548 1031 Abraham
1608 977 1848 1032 oraverit
1907 991 2002 1044 pro

421 1066 759 1131 Abimelccb,
799 1078 853 1121 et
900 1084 1092 1132 uxore,
1122 1077 1174 1123 et
1205 1068 1419 1122 ancillis
1465 1069 1599 1136 ejus,
1631 1075 1685 1121 et
1724 1067 2001 1120 sanaverit

419 1161 678 1214 Dominus
721 1159 1066 1223 Abimelecb,
1114 1169 1168 1214 et
1213 1175 1440 1212 uxorem
1482 1159 1631 1222 eius,
1677 1169 1730 1213 et
1775 1159 2001 1212 ancillas

417 1248 556 1316 ejus.
607 1250 672 1304 Et
720 1266 818 1305 cur
863 1266 1007 1304 curas
1042 1250 1141 1304 luit
1177 1251 1535 1319 omnipotenti
1583 1249 1711 1312 Deo,
1751 1260 1804 1301 nt
1836 1252 1997 1303 etiam

419 1341 641 1394 ancillas
683 1341 1003 1396 Abimeleeh
1045 1341 1304 1396 sanaret?
1332 1342 1595 1403 Quoniam
1636 1341 1843 1408 quidem
1875 1355 1998 1393 con-

414 1432 628 1486 eludens
675 1413 1029 1498 conclicserat,
1076 1434 1249 1500 inquit
1279 1432 1345 1495 τ’,
1381 1433 1558 1484 vulvas
1600 1448 1780 1484 earum
1812 1448 1872 1484 ne
1905 1449 1998 1496 pai-

416 1533 610 1576 rereut.
661 1521 954 1590 Cmpernnt
1001 1532 1182 1576 autem
1212 1534 1403 1589 parere
1449 1531 1655 1590 propter
1692 1523 1992 1574 orationem

415 1611 667 1665 Abrahm.
736 1612 790 1666 Si
841 1613 960 1679 quis
1010 1614 1125 1666 haec
1183 1611 1484 1666 secundum
1536 1613 1770 1665 litteram
1819 1614 1992 1664 solum

414 1703 601 1753 audire
631 1703 740 1755 vult
767 1713 818 1756 et
859 1703 1178 1769 intelligere,
1221 1704 1391 1772 magis
1440 1719 1559 1756 cum
1606 1701 1804 1756 .ludzeis
1829 1715 1992 1770 quam

412 1805 531 1841 cum
575 1791 910 1844 Christianis
963 1792 1122 1844 debet
1160 1791 1362 1844 habere
1405 1793 1756 1846 auditorium.
1800 1793 1855 1846 Si
1896 1807 1995 1846 au-

2107 627 2354 668 sororem
2391 615 2553 667 etiam
2590 613 2711 666 aliis
2745 614 3048 669 volentibus
3088 617 3424 683 copulemus.
3460 619 3539 672 Ad
3578 621 3678 674 hos

2105 701 2338 771 denique
2365 703 2456 771 qui
2502 701 2723 768 perfecti
2775 712 2924 768 sunt,
2969 703 3100 757 dicit
3139 711 3320 756 sermo
3354 706 3675 761 divinus“:

2105 787 2202 841 Dic
2227 791 2539 857 sapientiam
2571 805 2805 843 sororem
2845 799 2990 844 luam
3017 804 3149 846 esse.
3200 793 3512 847 Secundum
3569 798 3672 852 hoc

2105 881 2268 950 igitur
2290 881 2561 934 Abraham
2592 881 2783 935 Saram
2827 883 3046 937 dicebat
3073 899 3316 937 sororem
3345 899 3496 938 suam
3531 899 3674 942 esse.

2102 970 2522 1040 Pertn‘ttitergo
2549 971 2699 1041 quasi
2740 972 2852 1041 jam
2899 973 3194 1043 perfectus,
3232 984 3289 1027 ut
3320 976 3412 1042 qui
3446 976 3554 1028 vult
3582 977 3678 1030 hs-

2102 1063 2225 1117 beat
2247 1064 2518 1116 virtutem.

2168 1155 2222 1208 2.
2261 1154 2440 1207 Voluit
2489 1163 2666 1207 tamen
2725 1155 3016 1222 aliquando
3070 1166 3120 1208 et
3166 1155 3378 1210 Pharao
3428 1158 3676 1225 accipere

2102 1241 2318 1304 Saram,
2350 1245 2442 1297 sed
2493 1260 2597 1296 non
2652 1243 2705 1296 in
2744 1245 2941 1298 mutulo
2984 1246 3144 1299 corde
3190 1245 3393 1311 voluit,
3428 1257 3480 1299 et
3506 1249 3675 1302 virtus

2099 1336 2201 1387 nisi
2251 1351 2372 1387 cum
2427 1335 2608 1388 cordis
2655 1335 2943 1400 munditia,
2973 1350 3076 1390 non
3126 1347 3306 1406 potest
3354 1339 3665 1401 convenire,

2097 1425 2383 1492 Propterea
2414 1439 2544 1494 ergo
2573 1425 2854 1492 Scriptura
2885 1427 3052 1479 refert
3075 1427 3141 1490 θ’,
3189 1428 3315 1494 quia
3344 1429 3526 1496 aﬂiixit
3559 1427 3669 1480 Do.

2096 1518 2267 1570 minus
2299 1516 2632 1570 Pharaonem
2672 1517 3040 1585 aﬁlictionibus
3086 1520 3290 1588 magnis
3320 1527 3369 1571 et
3408 1519 3668 1586 pessimis.

2097 1611 2205 1664 Nec
2255 1610 2399 1664 enim
2462 1619 2674 1677 poterat
2733 1623 2856 1663 cum
2912 1612 3333 1663 cxterminatore
3361 1611 3474 1677 (51)
3531 1610 3669 1678 (hoc

2095 1702 2236 1755 enim
2297 1703 2685 1770 interpretatur
2716 1703 2767 1755 in
2799 1703 2979 1770 lingua
3014 1710 3198 1755 ucstra
3229 1701 3465 1770 Pharao)
3499 1703 3672 1756 virtus

2095 1793 2360 1846 habitare.
2398 1793 2709 1845 Abimelech
2733 1807 2862 1846 vero
2889 1793 3016 1859 quid
3051 1793 3253 1844 dixerit
3284 1791 3351 1844 ad
3386 1791 3666 1844 Dominum

412 1889 514 1930 tem
544 1879 657 1932 vult
682 1881 1027 1934 Christianus
1071 1895 1190 1935 esse
1219 1887 1274 1934 et
1322 1881 1470 1934 Pauli
1520 1881 1847 1949 discipulus,
1893 1897 1990 1933 au-
2019 1895 2060 1948 Β
2092 1881 2388 1934 videamus.
2420 1881 2496 1933 Tu
2523 1882 2643 1939 scis,
2688 1882 2862 1950 inquit
2891 1881 2957 1944 '°,
2992 1880 3237 1946 Domine,
3271 1883 3397 1950 quia
3426 1884 3479 1935 in
3513 1881 3670 1937 corde

411 1971 518 2021 diat
557 1984 676 2024 cum
738 1973 1002 2024 dicentem
1038 1974 1083 2003 ⁸⁸
1113 2013 1127 2036 ,
1190 1971 1314 2042 quia
1348 1973 1430 2025 lea;
1479 1974 1732 2034 spiritalis
1773 1981 1870 2026 est.
1923 1975 1987 2028 lit

406 2075 528 2112 cum
573 2061 637 2113 de
685 2061 957 2114 Abraham
1021 2073 1184 2130 atque
1232 2075 1403 2115 uxore
1452 2063 1572 2131 ejus
1617 2071 1680 2115 ac
1737 2065 1861 2117 liliis
1906 2065 1982 2117 lo-

407 2153 706 2212 queretur,
755 2149 1071 2216 pronuntiat
1121 2149 1235 2202 haec
1284 2162 1404 2203 esse
1453 2151 1741 2220 allegorica
1786 2154 1854 2207 ".
1926 2154 1988 2206 Et

407 2235 534 2290 licet
601 2237 897 2305 eujusmodi
965 2237 1248 2307 allegorias
1319 2240 1518 2292 habere
1547 2241 1778 2295 debeant
1833 2243 1980 2310 (2‘)),

410 2325 552 2379 haud
601 2326 758 2379 facile
797 2327 918 2395 quis
983 2336 1230 2380 nostrmn
1283 2329 1526 2382 invenire
1570 2333 1776 2398 possit,
1821 2347 1981 2386 orare

411 2427 588 2471 tamen
632 2416 790 2471 debet
832 2425 889 2470 ιιι
938 2427 967 2470 tt
1012 2419 1177 2472 corde
1224 2418 1341 2485 ejus
1390 2419 1674 2474 auferatur
1717 2421 1980 2487 velamen,

405 2510 450 2561 si
497 2509 620 2577 quis
667 2519 750 2562 est
793 2509 883 2577 qui
942 2520 1170 2564 conetur
1229 2511 1470 2563 converti
1533 2515 1598 2564 ad
1651 2513 1979 2578 Dominum;

405 2597 662 2652 Dominus
703 2600 845 2652 cnim
891 2601 1104 2668 spiritus
1135 2599 1322 2665 est";
1374 2611 1432 2654 ttt
1478 2604 1588 2670 ipse
1637 2604 1844 2657 auferat
1893 2621 1983 2658 ve-

404 2689 582 2742 lamen
631 2691 843 2755 litterce,
896 2702 948 2743 et
991 2691 1198 2761 aperiat
1248 2689 1420 2744 lucem
1468 2694 1713 2760 Spiritus,
1759 2707 1811 2747 et
1859 2712 1982 2764 pos-

403 2783 575 2835 simus
610 2783 792 2836 dicere
820 2783 886 2847 ⁸³,
932 2783 1055 2851 quia
1096 2783 1324 2835 revelata
1364 2784 1498 2852 facie
1525 2784 1747 2853 gloriam
1795 2786 1978 2839 Domi-

405 2871 459 2925 ni
493 2873 840 2940 speculantes,
882 2873 938 2925 in
983 2879 1164 2924 eadem
1198 2873 1425 2941 imagine
1471 2874 1916 2938 transformamur
1946 2893 1978 2927 a

401 2962 573 3032 gloria
615 2962 666 3014 in
702 2962 926 3030 gloriam
970 2972 1219 3029 tanquam
1267 2978 1299 3014 a
1332 2962 1544 3016 Domini
1566 2963 1794 3031 Spiritu.
1841 2964 1976 3018 Puto

400 3066 530 3120 ergo
577 3049 791 3112 Saram,
842 3065 961 3120 quae
1018 3049 1408 3118 interpretatur
1448 3051 1690 3118 princeps
1735 3050 1847 3119 (50)
1891 3049 1976 3102 vel

397 3142 744 3209 principatum
796 3157 976 3210 agens.
1027 3141 1259 3194 formam
1335 3151 1518 3194 tenere
1562 3141 1784 3211 ἀρετῆς,
1832 3140 1974 3210 quod

398 3233 669 3284 estauimi
713 3233 904 3288 virtus.
945 3231 1068 3284 lltec
1094 3246 1224 3299 ergo
1253 3231 1428 3284 virtus
1457 3230 1743 3298 c0njuucta
1791 3241 1876 3285 est
1924 3241 1978 3286 et
2006 3210 2049 3268 ί)

397 3325 635 3375 cohaeret
686 3322 913 3391 sapienti
965 3332 1019 3376 et
1064 3323 1204 3375 ﬁdeli
1258 3322 1416 3386 viro,
1456 3321 1599 3375 sicut
1645 3331 1698 3374 et
1739 3322 1828 3375 ille
1883 3337 1975 3375 sae

397 3415 571 3480 piens,
609 3414 699 3482 qui
727 3415 940 3467 dicebat
967 3414 1033 3466 de
1077 3413 1342 3480 sapientia
1367 3413 1437 3464 8‘t
1463 3411 1618 3465 Hanc
1641 3413 1857 3482 quaesivi
1882 3413 1978 3464 ad-

397 3505 584 3556 ducere
629 3520 877 3570 sponsam
911 3503 1057 3555 m‘hi.
1103 3503 1228 3556 Iden
1271 3517 1399 3570 ergo
1445 3502 1646 3555 dicitur
1687 3519 1716 3554 a
1759 3501 1868 3555 Deo
1910 3503 1976 3555 ad

395 3595 671 3650 Abraham
701 3596 751 3627 "
786 3609 801 3650 :
857 3595 1046 3649 Omma
1095 3609 1417 3664 quacunque
1461 3593 1654 3646 dixerit
1691 3595 1783 3646 tibi
1811 3594 1976 3655 Sara,

398 3687 528 3738 audi
581 3703 754 3739 vocem
806 3686 940 3753 ejus.
995 3685 1144 3750 Quod
1193 3685 1380 3751 utiqtte
1426 3685 1480 3738 in
1526 3683 1796 3752 corporali
1848 3699 1976 3736 con-

391 3775 542 3846 jugio
623 3791 730 3829 non
803 3775 1076 3829 c0nvenit.
1147 3771 1361 3827 Dictum
1423 3783 1508 3828 est
1574 3775 1814 3843 quippe,
1869 3773 1974 3842 7'7

394 3885 518 3923 cum
562 3868 817 3923 divinitus
849 3868 1055 3938 prolata
1105 3868 1174 3923 sit
1216 3868 1302 3922 illa
1355 3867 1660 3934 sententia,
1718 3880 1837 3936 qua!
1891 3866 1974 3918 di-

397 3960 477 4012 cit
525 3960 590 4014 ad
649 3960 926 4012 mulierem
988 3960 1052 4012 de
1095 3959 1214 4012 viro
1262 3959 1308 3989 ⁸⁸
1338 3977 1350 4010 :
1384 3960 1463 4010 Ad
1496 3960 1662 4026 ipsum
1707 3956 1972 4010 conversio

390 4064 510 4114 tua,
543 4063 588 4105 et
616 4053 725 4119 ipse
769 4053 849 4103 tui
872 4051 1253 4104 dominabitur.
1281 4049 1340 4103 Si
1385 4065 1516 4118 ergo
1550 4045 1809 4102 dominus
1853 4062 1974 4101 esse

389 4144 595 4196 dicitur
619 4143 703 4194 vir
733 4140 1000 4205 mulieris,
1036 4141 1309 4208 quomodo
1359 4154 1488 4206 ergo
1538 4139 1732 4192 iterum
1762 4138 1974 4191 dicere-

393 4243 483 4286 tur
528 4233 593 4286 ad
645 4233 821 4285 virum
875 4234 967 4285 81:
1027 4230 1222 4284 Omnia
1272 4245 1593 4300 qua’cunque
1644 4229 1836 4281 dixerit
1880 4228 1972 4280 tibi

385 4323 549 4390 Sara,
577 4325 703 4376 audi
731 4340 902 4377 vocem
931 4325 1044 4390 eius
1072 4323 1168 4383 ?Si
1227 4323 1353 4390 quis
1377 4336 1508 4392 ergo
1542 4320 1740 4374 ascivit
1771 4320 1872 4373 sibi
1913 4319 1967 4372 in

384 4417 693 4484 coniugium
725 4417 1004 4478 virtutem,
1035 4415 1222 4468 audiat
1245 4430 1430 4468 vocem
1467 4411 1586 4478 ejus
1616 4411 1668 4465 in
1711 4411 1966 4463 omnibus

388 4509 447 4559 in
477 4507 676 4573 quibus
699 4506 986 4558 consilium
1013 4507 1224 4558 dederit
1252 4507 1324 4558 ei.
1349 4505 1517 4572 Igitur
1557 4503 1831 4556 Abraham
1865 4517 1967 4557 non

2091 1973 2286 2024 mundo
2336 1972 2436 2039 feci
2467 1973 2580 2023 hoc.
2637 1971 2815 2040 Longe
2853 1970 3011 2025 aliter
3048 1973 3157 2040 agit
3213 1971 3523 2026 Alsitnelet'h
3567 1972 3670 2026 iste

2089 2078 2251 2130 quam
2294 2063 2525 2117 Pharao.
2558 2061 2673 2115 Non
2713 2071 2794 2116 est
2850 2062 2920 2114 ita
2956 2061 3238 2127 imperitus
3289 2072 3340 2114 et
3395 2063 3664 2123 sordidus,

2087 2157 2182 2208 sed
2222 2156 2324 2208 scit
2353 2154 2478 2222 quia
2506 2168 2600 2207 cor
2638 2155 2894 2206 mundum
2927 2155 3085 2208 debet
3117 2169 3427 2221 pra‘parare
3456 2154 3664 2206 virtuti.

2089 2247 2299 2313 thuia
2356 2259 2491 2314 puro
2528 2248 2691 2298 corde
2719 2245 2886 2296 voluit
2940 2245 3222 2312 suscipere
3271 2244 3549 2308 virtutem,
3584 2243 3664 2296 id-

2086 2339 2232 2392 circo
2265 2354 2387 2391 etnn
2424 2337 2563 2391 Deus
2583 2347 2762 2397 sanat,
2790 2347 2977 2389 orante
3011 2351 3107 2402 pro
3138 2336 3253 2403 ipso
3283 2335 3578 2388 Abraham.
3599 2335 3662 2386 lit

2086 2444 2189 2483 non
2239 2428 2408 2481 solum
2454 2428 2648 2494 ipsum,
2687 2427 2779 2479 sed
2827 2435 2878 2479 et
2906 2428 3130 2479 ancillas
3164 2427 3278 2491 ejus
3319 2433 3497 2478 sanat.
3522 2423 3661 2488 Quid

2085 2527 2264 2570 autem
2296 2527 2376 2568 est
2406 2516 2547 2583 quod
2580 2515 2845 2582 adjeccrit
2879 2513 3164 2581 Scriptura
3195 2515 3263 2576 ",
3293 2524 3340 2566 et
3375 2513 3657 2578 Dominus,

2087 2607 2282 2674 inquit,
2319 2623 2421 2659 non
2453 2606 2687 2673 permisit
2712 2606 2760 2658 ei
2794 2606 3094 2672 contingere
3119 2605 3266 2656 illam
3301 2604 3326 2656 ?
3359 2602 3414 2656 Si
3444 2603 3664 2657 virtutis

2087 2695 2310 2749 formam
2364 2704 2505 2748 tem-t
2549 2695 2706 2757 Sara,
2753 2705 2807 2748 et
2841 2697 2892 2748 in
2927 2695 3093 2749 corde
3126 2694 3325 2747 mundo
3351 2693 3661 2746 Abimelcch

2085 2788 2251 2840 voluit
2277 2787 2522 2853 accipere
2571 2786 2848 2850 virtutem,
2885 2786 3012 2853 quid
3038 2793 3120 2838 est
3147 2783 3287 2852 quod
3310 2783 3510 2838 dicitur
3535 2783 3660 2851 quia

2086 2879 2340 2932 Dominus
2379 2894 2481 2930 non
2516 2878 2759 2944 permisit
2799 2891 2924 2928 eum
2953 2876 3268 2942 contingere
3302 2873 3448 2926 illam
3482 2874 3506 2925 ‘l
3534 2873 3662 2926 Abi-

2083 2969 2286 3022 melech
2325 2969 2714 3033 interpretatur
2754 2976 2903 3032 pater
2944 2980 3084 3016 meus
3119 2979 3211 3016 rea:
3239 2956 3377 3031 (52).
3405 2958 3470 3014 Et
3513 2961 3661 3014 vide-

2082 3069 2169 3115 tur
2205 3077 2332 3131 ergo
2368 3059 2660 3126 mihiquod
2707 3060 2794 3112 hic
2841 3057 3158 3112 Abimelech
3206 3057 3439 3112 formam
3473 3066 3662 3110 teneat

2082 3153 2444 3206 studiosorum
2479 3160 2528 3202 et
2565 3150 2869 3216 sapientum
2921 3149 3127 3211 smculi,
3166 3149 3256 3217 qui
3308 3149 3661 3216 philosophia

2085 3257 2306 3311 Operam
2339 3244 2546 3302 dantes,
2582 3239 2706 3292 licet
2731 3254 2838 3292 non
2872 3240 3138 3307 integrann
3169 3249 3221 3290 et
3249 3237 3543 3307 perfectam
3575 3254 3661 3293 re-

2085 3334 2262 3401 gulam
2313 3331 2528 3400 pietatis
2575 3330 2881 3398 attigerint,
2926 3338 3104 3382 tamen
3157 3340 3447 3382 senserunt
3492 3329 3660 3382 Deum

2085 3435 2292 3492 patrem
2336 3431 2392 3475 et
2419 3437 2596 3490 regem
2633 3437 2752 3474 esse
2774 3421 3037 3479 omnium.
3091 3421 3142 3473 id
3180 3429 3262 3474 est
3293 3422 3382 3489 qui
3416 3420 3663 3489 genuerit

2085 3522 2141 3566 et
2173 3522 2324 3579 regat
2353 3512 2628 3566 universa.
2650 3511 2738 3563 lsti
2763 3527 2917 3576 ergo,
2951 3521 3208 3575 quantum
3237 3511 3304 3563 ad
3331 3512 3585 3573 ethicam,
3610 3511 3660 3563 id

2085 3612 2167 3657 est
2194 3601 2450 3656 moralem
2479 3601 2873 3670 philosophiam
2932 3610 3176 3667 spectat,
3223 3603 3384 3655 etiam
3436 3601 3658 3670 puritati

2085 3693 2264 3746 cordis
2289 3706 2506 3759 operam
2545 3690 2758 3744 dedisse
2811 3690 3156 3757 aliquatenus
3215 3692 3658 3760 comprobantur.

2087 3791 2138 3834 et
2165 3784 2308 3836 omni
2342 3782 2521 3836 animo
2574 3783 2828 3850 omnique
2880 3783 3056 3834 studio
3111 3782 3304 3834 divina:
3329 3783 3540 3835 virtutis
3573 3782 3662 3832 in-

2085 3873 2433 3940 spirationcm
2467 3873 2767 3940 qtuesiisse.
2804 3872 2909 3926 Sed
2944 3874 3083 3926 hanc
3115 3888 3217 3924 non
3251 3873 3495 3940 permisit
3522 3873 3661 3924 Deus

2084 3965 2402 4033 contingere
2425 3961 2680 4018 cos.llaec
2709 3965 2854 4018 enim
2889 3964 3058 4034 gratia
3088 3978 3191 4016 non
3225 3977 3320 4029 per
3361 3961 3653 4025 Abraham,

2083 4054 2173 4122 qui
2209 4054 2459 4122 quamvis
2494 4064 2642 4109 esset
2693 4069 2951 4123 magnus,
3005 4054 3240 4106 tatnnlus
3297 4060 3473 4104 tamen
3519 4061 3659 4111 erat,

2081 4141 2176 4196 sed
2205 4159 2299 4212 per
2322 4142 2594 4196 Christum
2634 4145 2883 4210 gentibus
2924 4146 3236 4212 parabatur.
3286 4142 3494 4194 Idcirco
3530 4153 3660 4206 ergo

2080 4232 2331 4300 quamvis
2383 4230 2668 4285 festinaret
2723 4233 2995 4285 Abraham
3028 4248 3124 4298 per
3165 4246 3224 4284 se
3250 4240 3303 4283 et
3341 4230 3394 4283 in
3425 4244 3482 4282 se
3531 4230 3659 4282 ilhnl

2083 4322 2317 4391 impleri,
2346 4322 2487 4392 quod
2515 4323 2581 4375 ad
2623 4338 2744 4376 eum
2790 4322 2989 4374 dictum
3028 4320 3196 4381 est",
3226 4318 3483 4386 quoniam
3509 4319 3658 4374 benc-

2079 4413 2324 4466 dicentur
2348 4413 2404 4465 in
2439 4424 2486 4466 te
2517 4429 2693 4466 omnes
2730 4421 2906 4480 gentes
2927 4449 2942 4473 ,
2975 4421 3154 4462 tamen
3185 4409 3238 4461 in
3259 4409 3404 4460 Isaac
3430 4409 3477 4461 ei
3509 4409 3666 4473 poni-

2085 4511 2172 4555 tur
2197 4501 2567 4570 repromissio,
2605 4500 2655 4552 id
2680 4510 2763 4552 est
2794 4500 2844 4551 in
2875 4498 3092 4551 Christo
3115 4536 3130 4560 ,
3159 4497 3298 4550 sicut
3343 4491 3477 4547 dicit
3508 4493 3651 4561 Apo-

389 4593 636 4662 vultjam
685 4592 943 4646 virtutem
987 4607 1216 4644 uxorem
1249 4607 1402 4644 suam
1436 4590 1562 4643 dici.
1603 4591 1782 4644 Donec
1824 4591 1968 4643 enim
2004 4591 2045 4643 D
2078 4591 2249 4644 stolus
2278 4590 2322 4619 ⁹³
2354 4605 2366 4638 :
2395 4588 2512 4638 Non
2543 4588 2675 4639 dixit
2714 4606 2730 4636 ‹
2767 4597 2812 4638 et
2842 4586 3152 4646 seminibus,
3193 4603 3211 4634 ι
3253 4584 3406 4654 quasi
3431 4586 3486 4636 in
3517 4585 3660 4637 mulo

389 4698 532 4737 uxor
563 4682 863 4751 appellatur
915 4682 1109 4746 virtus,
1156 4680 1371 4747 propria
1423 4689 1528 4744 est,
1572 4687 1782 4734 etcum
1827 4679 1971 4732 nullo

388 4775 705 4844 participari
741 4782 942 4842 potest.
979 4773 1045 4826 Et
1085 4782 1168 4826 est
1202 4769 1557 4836 conveniens,
1593 4779 1651 4824 ut
1702 4770 1875 4822 donec
1901 4768 1969 4821 ad

386 4866 691 4935 perfectum
739 4865 1047 4933 veniamus,
1085 4865 1226 4916 intra
1262 4876 1360 4914 nos
1394 4860 1466 4914 sit
1499 4860 1664 4913 anitni
1696 4859 1888 4924 virtus,
1921 4867 1976 4911 et

393 4958 609 5026 prepria
641 4957 732 5010 sit.
761 4955 899 5011 Cum
947 4969 1079 5009 vero
1111 4956 1176 5007 ad
1210 4953 1510 5024 perfectum
1534 4952 1865 5018 venerimus,
1899 4951 1972 5002 ita

379 5061 454 5104 ‘ut
485 5049 659 5104 idonei
689 5050 859 5105 simus
889 5059 945 5104 et
978 5049 1112 5102 alios
1139 5048 1355 5110 docere,
1393 5054 1522 5099 tunc
1543 5045 1657 5115 jam
1694 5044 1971 5106 virtutem,

471 5195 515 5227 ⁷⁸
546 5191 743 5248 Genes.
780 5205 868 5254 xx,
900 5186 952 5243 6.
1032 5185 1077 5218 ⁷³
1110 5183 1264 5247 ibid.,
1296 5183 1381 5238 18.

397 5267 447 5297 ³⁵
463 5265 595 5333 'Sap.
610 5279 747 5326 ‘Vlll,
767 5261 834 5333 72.
873 5260 959 5333 δ’ξῄ
980 5255 1372 5333 (manna-“12.

405 5337 448 5369 ³ο
471 5322 607 5389 Gen.
639 5322 796 5398 “,5
867 5329 1082 5390 “ibid.,
1115 5327 1168 5382 6.
1243 5328 1286 5357 ⁹²
1315 5324 1449 5380 Gen.
1483 5339 1646 5378 χχχιι.
1679 5322 1764 5374 18.

1449 5253 1494 5284 ⁸⁵
1518 5253 1652 5307 Gen.
1685 5267 1762 5311 ιιι,
1806 5250 1888 5303 16.

463 5473 575 5540 (19)
605 5471 672 5525 Et
709 5471 826 5522 licet
855 5445 1966 5540 cujusmodiuallegoriasinmeiadebeant:

699 5519 868 5592 habet
909 5519 1076 5589 codex
1154 5519 1522 5580 Belvacensis.
1569 5519 1718 5573 Libri
1787 5525 1969 5566 autem

371 5613 523 5666 editi
550 5650 564 5671 ,
613 5620 664 5678 et
697 5609 815 5659 licet
853 5606 939 5674 qui
972 5599 1252 5678 ejusmpdi,
1303 5604 1410 5647 etc.

470 5682 581 5748 (30)
645 5677 1028 5748 Interpretatur
1071 5677 1308 5738 princeps
1338 5705 1350 5723 ,

400 5753 749 5818 principatum
777 5754 956 5798 tenuit.

1411 5670 1520 5716 etc.
1564 5657 1610 5711 A
1658 5654 1838 5710 radice
1861 5649 1976 5709 -ιιιιί

1493 5182 1539 5214 ⁸⁸
1570 5180 1726 5235 Rom.
1768 5193 1866 5242 vn,
1909 5177 1992 5231 14.
2107 5177 2148 5205 ⁸¹
2179 5177 2446 5232 Galat.tv,

1493 5253 1652 5299 ‘Gen.
1685 5267 1762 5299 ιιι.
1806 5250 1888 5299 16.
2003 5245 2046 5279 ⁸⁷
2075 5244 2208 5299 Gen.
2242 5259 2349 5299 3m.
2383 5241 2446 5294 1'2

1839 5259 1888 5300 li.
2003 5259 2042 5279 "
2075 5259 2208 5299 Uen.
2242 5259 2349 5304 xst,
2383 5259 2464 5294 az.

1839 5320 1885 5352 ”
1910 5317 2080 5372 Calat.
2112 5330 2190 5379 ιιι,
2218 5313 2303 5367 16.

2078 4679 2179 4739 tis;
2211 4678 2300 4731 sed
2341 4684 2593 4744 tanquam
2627 4675 2679 4727 in
2721 4691 2855 4738 uno,
2900 4695 2918 4725 ‹
2949 4685 2996 4728 et
3023 4675 3210 4727 semini
3258 4684 3380 4739 tuo,
3416 4693 3435 4725 ι
3466 4675 3658 4745 quiest

2081 4769 2330 4824 Christus.
2357 4766 2521 4820 Sanat
2552 4776 2729 4820 tamen
2761 4766 3019 4820 Dominus
3049 4766 3383 4830 Abimelech,
3426 4776 3481 4821 et
3521 4783 3658 4822 uxo-

2081 4873 2195 4912 rem
2233 4858 2371 4927 ejus,
2407 4867 2460 4910 et
2486 4857 2707 4912 ancillas
2733 4857 2870 4926 eius.

2151 4949 2206 5002 5.
2241 4947 2435 5004 Verum
2481 4960 2586 4997 non
2646 4945 2774 4996 mihi
2822 4944 3037 4997 videtur
3089 4943 3320 4996 otiosum
3355 4940 3498 5010 quod
3548 4953 3654 4992 non

2079 5041 2257 5094 solum
2281 5036 2489 5097 uxoris,
2523 5037 2616 5089 sed
2651 5043 2705 5087 et
2747 5034 3064 5086 ancillarum
3106 5033 3414 5087 Ahimelech
3454 5032 3656 5085 mentio

2697 5168 2742 5200 ⁸⁸
2773 5172 2818 5224 ll
2850 5169 2975 5225 Cor.
3011 5187 3091 5234 ιιι,
3124 5170 3209 5225 17.
3321 5172 3368 5204 ³³
3402 5172 3556 5236 ibid.,
3587 5172 3672 5226 18.

2697 5255 2802 5295 ιον.
2870 5256 2950 5297 ιιι.
3013 5243 3064 5296 ft.
3164 5243 3208 5276 ”
3231 5241 3365 5297 Gen.
3426 5260 3521 5297 xu.
3588 5243 3672 5296 17.

3277 5259 3365 5297 en.
3426 5260 3521 5305 Xll,
3588 5259 3673 5296 ‘ll.

2107 5173 2148 5205 ⁸¹
2179 5173 2350 5228 Galat.
2374 5187 2449 5232 IV,
2491 5170 2585 5224 24.
2697 5170 2742 5200 ³⁸
2773 5172 2818 5224 ll
2850 5170 2975 5225 Cor.
3011 5187 3045 5226 ιι

2107 5245 2208 5296 len.
2242 5259 2349 5296 3m.
2383 5241 2464 5294 1'2.
2569 5239 2614 5270 ⁸⁸
2644 5238 2802 5295 Prov.
2870 5256 2950 5296 ιιι.
3013 5243 3045 5296 ft

2149 5434 2261 5505 (5|)
2299 5431 2426 5486 Cum
2460 5422 3136 5505 exterminatore..Pharao
3167 5416 3555 5505 exterminatur
3588 5411 3668 5464 di-

2080 5490 2223 5563 citur
2245 5490 2281 5555 ἰι
2341 5502 2654 5562 radicem
2678 5495 2954 5556 abstraxit,
2982 5490 3364 5544 exterminavit.

2311 5553 2390 5628 ἐκ
2421 5553 2686 5644 ιΙειιῖιιίῙε
2718 5573 2920 5633 patrem
2943 5553 2949 5556 ⁷
2969 5571 3148 5625 sonat,
3178 5573 3300 5614 cum
3352 5553 3513 5644 amixo

2082 5639 2283 5736 patrem
2311 5677 2478 5714 meum
2504 5675 2520 5722 ;
2551 5640 2674 5736 ’τίπὶ
2701 5665 2879 5708 attlem
2926 5667 3127 5721 regem,
3161 5649 3304 5704 unde
3353 5639 3664 5700 Abimelecb

2083 5734 2233 5793 recte
2271 5734 2678 5799 inlerpt'etaittr,
2703 5735 2850 5795 pater
2889 5739 3027 5775 meus
3057 5736 3172 5775 rex.
