4132 6430
487 364 586 441 m7

1711 384 1780 438 ΙΝ
1821 381 2120 438 ΟΕΝΕ81Μ
2159 379 2439 437 liOMllJA
2476 380 2585 436 Vll.

3638 383 3738 439 198

485 507 628 559 facta
665 503 840 568 est,in
879 517 942 556 eo
991 503 1228 558 maxime
1259 505 1402 574 quod
1445 506 1576 559 dicit
1603 507 1672 572 οδ,
1697 501 1820 574 quia
1850 507 2056 559 sanavit
2089 513 2133 567 Α
2163 505 2465 574 prolatione
2509 502 2782 566 sustollat,
2817 502 2896 556 sic
2935 503 3096 556 verba
3147 501 3380 572 Spiritus
3423 505 3598 556 sancti
3633 519 3738 557 non

482 611 573 650 eas
605 595 766 658 Deus,
799 605 846 646 et
865 595 1158 662 pariebant.
1179 593 1523 650 Concluserat
1559 599 1700 651 enim
1730 597 1851 649 illas
1882 611 1944 649 ne
1968 608 2062 664 pa-

491 693 686 739 rerent.
722 685 992 750 Quantum
1022 701 1309 755 possumus
1340 688 1394 739 in
1435 697 1543 740 tam
1575 687 1882 742 difficilibus
1931 688 2066 742 locis

482 777 718 839 sentire,
772 785 1025 844 putamus
1085 793 1306 831 uxorem
1365 778 1678 832 Abiineleclt
1757 780 2060 834 naturalem

482 881 642 938 posse
691 865 1086 936 philosophiam
1143 867 1248 922 dici
1287 885 1303 935 ;
1340 869 1566 922 ancillas
1611 879 1739 924 vero
1787 870 1904 938 ejus
1929 911 1942 933 ,
1977 870 2064 925 di-

483 977 640 1029 versa
689 969 740 1013 et
775 972 910 1012 vana
968 971 1066 1026 pro
1111 957 1374 1027 qualitate
1423 965 1695 1015 sectarum
1753 971 2062 1016 commenta

487 1050 798 1103 dialecticae.
849 1047 1057 1103 Interea
1107 1050 1380 1104 Abraham
1417 1052 1686 1121 impertiri
1708 1054 1857 1122 cupit
1897 1055 2060 1107 etiam

486 1143 733 1209 gentibus
770 1141 969 1194 donum
1018 1139 1212 1194 divina:
1260 1142 1514 1207 virtutis,
1548 1144 1642 1197 sed
1701 1145 1939 1198 nondum
1981 1153 2064 1198 est

482 1245 696 1300 tempus
723 1250 750 1283 a
795 1233 974 1300 priore
1014 1232 1211 1302 pepqu
1250 1235 1484 1288 transire
1511 1233 1575 1288 ad
1614 1244 1800 1305 gentes
1830 1238 2060 1307 gratiam

486 1323 603 1375 Dei.
637 1321 770 1374 Nam
801 1331 853 1376 et
887 1321 1180 1391 Apostolus
1203 1323 1269 1385 ",
1313 1321 1442 1377 licet
1479 1326 1583 1378 sub
1641 1325 1745 1378 alia
1779 1326 1959 1393 specie
2008 1336 2063 1381 et

486 1413 589 1465 alia
626 1413 814 1480 figura,
851 1414 980 1467 dicit
1008 1423 1184 1465 tamen
1209 1413 1482 1466 mulierem
1509 1404 1781 1480 alligatam
1809 1427 1916 1468 esse
1937 1413 2058 1483 legi,

485 1505 816 1572 quandiuvir
837 1504 946 1572 ejus
978 1505 1116 1558 vivit.
1153 1504 1213 1557 Si
1259 1516 1434 1557 autem
1468 1513 1707 1556 mortuus
1753 1504 1911 1572 fuerit
1956 1507 2057 1572 vir,

484 1597 713 1649 solutam
759 1609 868 1649 esse
897 1614 926 1648 a
959 1596 1068 1666 lege
1097 1599 1220 1660 viri,
1268 1607 1322 1649 ut
1357 1599 1474 1666 jam
1522 1614 1625 1652 non
1672 1599 1738 1651 sit
1792 1598 2059 1664 adultera,

483 1691 528 1740 si
555 1689 710 1756 fuerit
744 1705 860 1740 cum
884 1689 989 1740 alio
1023 1690 1158 1745 viro.
1195 1688 1418 1758 Oportet
1457 1704 1584 1759 ergo
1633 1692 1770 1745 mori
1803 1691 1948 1762 prius
1984 1685 2062 1744 le-

483 1795 602 1848 gem
635 1779 852 1841 litterae,
876 1789 932 1832 ut
963 1779 1033 1832 ita
1077 1780 1290 1833 dentom
1327 1779 1496 1834 libera
1526 1781 1640 1849 jam
1678 1784 1855 1835 anima
1895 1779 2060 1851 spiri-

2165 597 2360 665 ineptis
2402 604 2456 649 et
2485 594 2728 649 Judaicis
2766 593 2968 647 t‘abulis
3005 592 3412 658 decoloret,sed
3438 593 3592 662 plena
3637 595 3735 648 ho-

2165 692 2415 756 nestatis,
2441 692 2496 743 et
2524 690 2676 757 plena
2717 688 2936 742 virtutis
2981 698 3144 757 atque
3183 689 3436 742 utilitatis
3475 687 3734 757 assignet.

2162 782 2414 850 Alioquin
2441 791 2560 849 qlia:
2587 779 2745 833 nobis
2791 779 3078 832 mdiiicatio
3109 779 3212 832 erit
3238 779 3540 847 legentibus
3561 779 3739 830 Abra-

2165 874 2288 928 ham
2315 877 2523 926 tantum
2559 871 2942 941 patriarcham,
2974 886 3081 922 non
3116 870 3286 923 solum
3318 871 3602 924 mentitum
3621 885 3742 924 esse

2161 961 2474 1016 Ahimelech
2512 962 2647 1029 regi,
2680 962 2772 1014 sed
2809 968 2864 1012 ct
2907 959 3223 1027 pudicitiam
3269 960 3513 1030 conjugis
3559 961 3740 1029 prodi-

2165 1054 2346 1106 disse?
2374 1051 2513 1118 Quid
2563 1068 2664 1105 nos
2715 1051 2950 1104 aediﬁcat
2982 1050 3112 1102 tanti
3145 1051 3470 1117 patriarcha:
3501 1069 3660 1114 uxor,
3695 1054 3738 1107 si

2165 1152 2382 1213 putetur
2414 1142 2970 1199 contaminationibus
3014 1141 3258 1210 exposita
3292 1156 3390 1210 per
3440 1143 3742 1197 conniven-

2165 1235 2291 1288 tiam
2323 1233 2623 1287 maritalem
2655 1233 2678 1286 i
2725 1232 2850 1286 llaec
2889 1229 3060 1284 Judmi
3091 1242 3307 1298 putent,
3333 1241 3389 1285 et
3411 1232 3456 1285 si
3485 1231 3577 1300 qui
3617 1246 3740 1286 cum

2161 1325 2242 1379 eis
2265 1336 2389 1378 sunt
2425 1325 2616 1378 litterte
2645 1323 2829 1385 amici,
2863 1339 2967 1378 non
3003 1323 3259 1392 spiritus;
3285 1337 3383 1376 nos
3421 1333 3598 1376 autem
3633 1323 3743 1390 spi-

2163 1417 2408 1471 ritalibus
2431 1415 2695 1484 spiritalia
2721 1426 3122 1483 comparantes,
3148 1423 3202 1467 et
3227 1426 3347 1467 actu
3377 1423 3430 1467 et
3467 1414 3740 1467 intellectu

2161 1506 2436 1576 spiritales
2468 1505 2765 1559 eiiiciamur
2791 1505 2842 1557 in
2877 1504 3093 1557 Christo
3119 1502 3245 1556 .lesu
3277 1503 3506 1556 Domino
3529 1511 3741 1566 nostro,

2161 1599 2246 1652 cui
2279 1607 2362 1652 est
2390 1598 2559 1667 gloria
2605 1607 2659 1652 et
2707 1595 2991 1664 imperium
3047 1596 3098 1648 in
3145 1595 3340 1649 sarcula
3389 1594 3740 1649 saeculorum.

2160 1689 2353 1744 Amen.

2728 1775 3012 1831 HOMILIA
3058 1775 3169 1830 VII.

485 1871 560 1923 tui
586 1871 772 1932 nubat,
807 1879 860 1922 et
917 1871 1039 1922 novi
1088 1871 1392 1924 testamenti
1429 1872 1833 1926 matrimonium
1867 1869 2061 1926 sortia-
2092 1862 2134 1918 Β
2235 1872 2308 1925 De
2335 1873 2611 1926 nativitate
2641 1870 2886 1932 Isaac,et
2907 1869 3046 1936 quod
3077 1886 3108 1921 a
3134 1867 3268 1921 lacte
3289 1868 3534 1936 depulsus
3556 1876 3653 1922 est.

485 1971 595 2018 tur.
655 1961 763 2015 lloc
821 1971 1002 2013 autem
1059 1961 1251 2029 inquo
1299 1973 1444 2016 nunc
1493 1977 1699 2025 sumus,
1737 1971 1946 2032 tempus
1977 1972 2060 2016 est

482 2053 784 2107 vocationis
810 2053 1071 2120 gentium,
1103 2063 1158 2106 et
1199 2053 1393 2107 mortis
1437 2053 1590 2121 legis,
1630 2065 1737 2121 qno
1767 2053 2061 2121 possintli‘

483 2147 626 2199 herae
659 2145 854 2197 animm
884 2145 996 2211 jam
1047 2143 1234 2197 soluta:
1272 2159 1300 2196 a
1329 2145 1442 2212 lege
1479 2143 1584 2198 viri
1635 2159 1774 2198 novo
1801 2145 1921 2200 viro
1953 2157 2058 2199 uu-

484 2232 614 2290 bere
645 2233 884 2288 Christo.
919 2232 1070 2298 Quod
1093 2232 1138 2288 si
1166 2233 1381 2287 edoceri
1409 2234 1489 2287 vis
1508 2233 1779 2302 quomodo
1804 2234 1887 2287 lex
1923 2247 2061 2287 mor-

485 2335 574 2378 tua
603 2325 690 2386 sit,
728 2323 1010 2378 considera
1048 2331 1103 2376 et
1154 2323 1276 2377 vide
1307 2326 1397 2382 ubi
1455 2338 1597 2377 nunc
1652 2324 1942 2390 sacrificia,
1968 2324 2057 2378 ubi

484 2430 624 2466 nunc
666 2413 858 2477 altare,
906 2412 994 2465 ubi
1061 2411 1348 2482 templum,
1377 2414 1468 2466 ubi
1506 2413 1936 2482 purificationes,
1968 2415 2057 2468 ubi

483 2503 795 2556 solemnitas
828 2501 1070 2557 i’asclue.
1104 2501 1300 2557 Nonne
1331 2513 1540 2558 mortua
1572 2514 1652 2559 est
1683 2505 1738 2558 in
1770 2505 1856 2560 his
1886 2506 2061 2560 enmi-

482 2596 583 2649 bus
619 2595 700 2648 lex
728 2593 751 2647 ?
780 2595 888 2648 Aut
922 2595 964 2647 si
1009 2604 1234 2662 possunt
1285 2594 1374 2648 isti
1429 2597 1589 2650 amici
1643 2604 1696 2649 et
1747 2598 2059 2651 defensores

483 2686 714 2748 litterte,
766 2684 1075 2738 custodiant
1120 2684 1352 2738 litteram
1385 2684 1537 2754 legis.
1573 2687 1876 2740 Secundum
1919 2687 2059 2740 hunc

478 2792 614 2847 ergo
648 2777 919 2846 allegoriae
963 2775 1227 2841 ordinem,
1273 2775 1486 2831 Pharao
1535 2778 1625 2846 qui
1651 2788 1733 2832 est
1769 2779 1929 2832 homo
1962 2779 2062 2831 iui-

484 2869 716 2922 mundus
770 2877 826 2920 et
879 2867 1297 2929 exterminatur,
1325 2866 1540 2932 Saram,
1588 2869 1640 2922 id
1683 2877 1765 2922 est
1802 2870 2055 2922 virtutem

483 2957 731 3028 accipere
775 2959 996 3011 omnino
1058 2972 1159 3008 non
1211 2966 1449 3026 poterat.
1493 2958 1667 3011 Porro
1720 2959 2057 3024 Abimelech,

483 3052 534 3103 id
567 3047 769 3117 estqui
824 3049 1022 3102 munde
1060 3057 1113 3101 et
1164 3049 1536 3116 philosophice
1559 3049 1797 3115 vivebat,
1843 3059 2059 3119 poterat

479 3140 698 3211 quidem
737 3139 1004 3206 accipere,
1045 3137 1172 3206 quia
1215 3138 1268 3190 in
1314 3140 1480 3192 corde
1509 3141 1709 3191 umndo
1757 3143 2056 3207 qumrebat,

483 3232 577 3284 sed
634 3229 871 3283 nondum
929 3235 1140 3298 tempus
1184 3228 1498 3284 advenerat.
1541 3228 1720 3284 Manet
1759 3245 1891 3300 ergo
1919 3233 2057 3300 apud

483 3322 758 3375 Abraham
815 3319 1012 3384 virtus,
1065 3331 1244 3373 manet
1293 3322 1344 3373 in
1406 3321 1842 3387 circumcisione,
1886 3326 2059 3376 donec

487 3423 695 3480 tempus
727 3412 927 3477 veniat,
957 3420 1011 3464 ut
1047 3411 1099 3465 in
1131 3411 1347 3466 Christo
1398 3412 1524 3468 Jesu
1581 3413 1808 3467 Domino
1851 3422 2057 3480 nostro,

485 3504 536 3556 in
561 3519 665 3571 quo
687 3503 883 3555 habitat
905 3503 1070 3556 omnis
1100 3503 1369 3571 plenitudo
1387 3505 1598 3558 deitatis
1626 3505 1973 3574 corporaliter
1989 3507 2056 3571 ",

482 3596 686 3664 integra
739 3603 792 3648 et
841 3593 1079 3663 perfecta
1135 3593 1308 3648 virtus
1358 3593 1422 3647 ad
1476 3595 1770 3648 Ecclesisiu
1818 3597 2056 3665 gentium

483 3693 738 3738 transeat.
762 3684 914 3737 Tunc
949 3697 1079 3752 ergo
1101 3693 1157 3737 et
1186 3683 1378 3736 domus
1399 3683 1736 3748 Abimelech,
1768 3694 1820 3738 et
1851 3683 2058 3738 ancilla:

479 3775 766 3842 ejus,quas
802 3777 1015 3827 sanavit
1046 3775 1326 3840 Dominus,
1363 3773 1573 3844 parient
1606 3772 1862 3828 Ecclesia:
1893 3774 2052 3828 ﬁlios.

479 3867 592 3921 lloc
640 3867 780 3920 enim
827 3876 1037 3936 tempus
1085 3878 1187 3932 est,
1220 3883 1327 3937 quo
1382 3867 1589 3921 sterilis
1633 3869 1796 3934 parit,
1847 3878 1902 3920 et
1950 3882 2056 3936 quo

478 3958 628 4010 multi
650 3969 771 4009 sunt
799 3958 897 4025 ﬁlii
919 3960 1158 4020 desertw,
1198 3960 1364 4027 inagis
1420 3974 1574 4028 quam
1614 3960 1728 4027 ejus
1753 3974 1870 4026 qua:
1899 3961 2054 4013 habet

477 4051 648 4102 virum
682 4050 747 4101 '7.
780 4050 1005 4115 Aperuit
1048 4051 1191 4103 enim
1215 4050 1478 4104 Dominus
1501 4050 1716 4104 vulvam
1741 4051 1964 4114 sterilis,
1999 4061 2054 4103 et

477 4140 668 4194 elfecta
723 4149 806 4192 est
847 4138 1097 4203 fecunda,
1136 4141 1208 4193 ita
1242 4151 1298 4193 ut
1326 4141 1498 4209 pariat
1523 4153 1736 4211 gentem
1768 4143 1835 4195 de
1863 4142 2050 4195 semel.

482 4233 588 4285 Sed
616 4241 668 4285 et
693 4232 864 4284 sancti
896 4230 1149 4293 clamaui,
1169 4241 1222 4286 et
1244 4233 1524 4286 dicunt”:
1557 4233 1797 4295 Domine,
1817 4251 1844 4283 a
1869 4235 2054 4287 timore

477 4323 636 4376 tuoin
657 4335 832 4376 ventre
846 4323 1193 4388 concepimus,
1209 4333 1254 4375 et
1276 4325 1588 4388 peperimus;
1610 4324 1848 4390 spiritum
1864 4324 2050 4376 salutis

476 4423 581 4468 tua:
617 4415 836 4482 fecimus
867 4430 1022 4481 super
1048 4425 1264 4467 terram.
1301 4414 1453 4470 Unde
1481 4424 1532 4467 et
1587 4415 1782 4469 Paulus
1801 4416 2052 4471 similiter

393 4540 398 4544 -
479 4507 704 4562 dicit":
740 4504 923 4559 Filioli
943 4507 1063 4571 mei,
1089 4522 1216 4573 quos
1245 4507 1436 4560 iterum
1476 4509 1737 4576 parturio,
1758 4509 1920 4560 donec
1944 4507 2054 4574 [or-

477 4609 648 4651 metur
675 4597 916 4651 Christus
958 4599 1012 4652 in
1047 4600 1210 4653 vobis.
1247 4599 1407 4654 Tales
1429 4616 1559 4670 ergo
1599 4601 1832 4668 parturit
1859 4601 1969 4669 78
1999 4610 2053 4654 et

479 4691 610 4743 tales
643 4691 778 4743 lilios
809 4701 1026 4759 generat
1053 4693 1230 4744 omnis
1273 4690 1512 4745 Ecclesia
1555 4691 1670 4745 Dei.
1693 4691 1824 4744 Nam
1852 4693 1940 4758 qui
1973 4707 2054 4744 se-

477 4779 642 4832 minat
666 4782 716 4833 in
747 4797 922 4844 carne,
955 4782 1018 4833 de
1041 4798 1202 4834 carne
1237 4791 1285 4834 et
1318 4791 1468 4834 metet
1507 4782 1890 4846 corruptionem
1916 4779 2052 4833 i-F‘i-

479 4869 532 4922 lii
557 4881 732 4922 autem
769 4871 991 4937 spiritus
1026 4871 1110 4924 isti
1142 4881 1286 4934 sunt,
1331 4873 1396 4926 de
1441 4873 1638 4940 quibus
1665 4880 1718 4925 et
1759 4871 2050 4939 Apostolus

477 4961 675 5026 dicit’,
704 4962 978 5016 mulierem
1007 4964 1210 5018 salvam
1261 4963 1500 5016 futuram
1545 4979 1638 5030 per
1674 4962 1908 5030 filiarum
1931 4977 2051 5029 pro-

472 5053 805 5117 creationem,
834 5054 878 5105 si
907 5057 1248 5120 permanserit
1272 5059 1326 5107 in
1354 5055 1460 5122 ﬁde
1485 5063 1534 5106 et
1557 5054 1825 5106 castitate.
1859 5051 2048 5108 Eccle—

473 5141 554 5194 sia
580 5141 742 5211 igitur
771 5143 861 5197 Dei
891 5143 969 5198 sic
997 5145 1260 5214 intelligat
1291 5158 1534 5213 paratus,
1555 5147 1633 5199 sic
1665 5144 2046 5214 generationes

472 5233 720 5300 accipiat,
753 5235 833 5289 sic
867 5245 1075 5306 patrum
1106 5245 1257 5306 gesta
1289 5241 1483 5291 decora
1535 5247 1587 5292 et
1618 5239 1840 5291 honesta
1875 5235 2040 5289 inter-

2235 1966 2284 2018 1.
2317 1963 2528 2033 Moyses
2555 1962 2711 2015 nobis
2755 1961 3031 2030 legitur'in
3073 1958 3336 2013 Ecclesia.
3373 1960 3742 2025 Deprecamur

2165 2052 2473 2113 Dominum,
2515 2065 2584 2103 ne
2631 2049 2929 2101 secundum
2980 2048 3204 2101 verbum
3254 2046 3494 2116 Apossoli
3523 2085 3541 2112 ,
3572 2049 3737 2100 etiam

2161 2143 2300 2210 apud
2334 2156 2451 2204 nos,
2484 2155 2604 2194 cum
2633 2138 2827 2204 legitur
2872 2136 3101 2206 Moyses,
3136 2137 3377 2190 velamen
3406 2139 3478 2190 sit
3505 2138 3738 2206 positum

2163 2245 2326 2298 super
2357 2245 2450 2283 cor
2475 2239 2714 2282 nostrum
2744 2227 2783 2279 ³.
2825 2226 3046 2278 Lectum
3089 2236 3170 2280 est
3217 2231 3360 2278 enim
3414 2229 3536 2294 quia
3575 2244 3743 2297 genu-

2161 2331 2278 2374 erat
2303 2321 2576 2373 Abrahnm
2604 2320 2766 2371 lilium
2798 2316 2970 2378 Isaac,
3003 2331 3128 2369 cum
3161 2314 3304 2369 esset
3333 2329 3550 2371 centum
3573 2335 3742 2372 anno-

2163 2427 2376 2465 norum.
2435 2412 2497 2465 Et
2545 2412 2682 2466 dixit
2736 2412 2922 2465 Sara:
2970 2410 3124 2475 Quis,
3171 2409 3349 2480 inquit
3387 2409 3430 2474 ⁸,
3477 2412 3738 2464 nuntiabit

2161 2502 2387 2557 Abrahae
2416 2503 2734 2571 quodlactat
2775 2517 3000 2570 puerum
3055 2502 3196 2555 Sara
3225 2501 3247 2551 ?
3277 2498 3340 2552 Et
3365 2510 3507 2564 tunc,
3541 2502 3738 2571 inquit,

2160 2595 2487 2647 circumcidit
2521 2595 2785 2646 Abraham
2809 2610 3026 2662 puerum
3054 2593 3135 2646 die
3163 2591 3557 2664 octavaJlujus
3587 2595 3738 2662 pueri

2159 2685 2304 2738 diem
2339 2686 2575 2740 natalem
2611 2702 2726 2740 non
2758 2686 2999 2741 celebrat
3058 2683 3353 2748 Abraham,
3377 2685 3472 2740 sed
3497 2683 3742 2738 celebrat

2161 2775 2303 2830 diem
2354 2777 2708 2846 depositionis
2749 2776 2862 2849 (53)
2909 2794 2939 2831 a
2977 2777 3138 2839 lacte,
3170 2785 3226 2828 et
3253 2775 3386 2830 facit
3432 2776 3739 2830 convivium

2162 2883 2441 2937 magnum.
2489 2869 2662 2934 Quid?
2688 2879 2940 2937 putamus
2967 2869 3095 2937 quia
3125 2867 3462 2936 propositum
3509 2867 3580 2921 sit
3619 2867 3744 2936 Spi-

2167 2959 2291 3011 ritui
2342 2969 2530 3012 sancto
2563 2959 2823 3015 historias
2866 2961 3128 3024 scribere,
3158 2967 3215 3012 et
3266 2973 3492 3011 narrare
3537 2959 3679 3028 quod
3710 2973 3739 3010 a

2165 3049 2307 3104 lacte
2342 3050 2604 3119 depulsus
2659 3053 2732 3106 sit
2768 3067 2923 3120 puer,
2963 3059 3018 3106 et
3054 3051 3364 3104 convivium
3414 3050 3616 3103 factum
3647 3050 3742 3117 sit,

2168 3143 2438 3208 quomodo
2488 3140 2698 3206 luserit,
2747 3141 2965 3209 aliaque
3002 3139 3230 3209 puerilia
3277 3140 3447 3207 egerit
3479 3138 3503 3190 ?
3531 3139 3612 3189 An
3645 3153 3743 3208 per

2083 3201 2127 3261 Ο
2163 3231 2278 3282 haec
2319 3231 2614 3298 putandum
2647 3240 2730 3283 est
2787 3201 2932 3299 quod
2965 3201 3208 3282 divinum
3255 3228 3456 3296 aliquid
3491 3242 3586 3280 nos
3613 3228 3741 3282 edo-

2151 3334 2286 3373 cure
2315 3321 2460 3385 velit,
2489 3330 2542 3374 ct
2570 3322 2790 3390 dignum
2823 3324 2965 3388 quod
2998 3325 3289 3375 humanum
3327 3336 3496 3386 genus
3525 3318 3616 3373 Dei
3645 3334 3742 3375 vo-

2160 3410 2315 3464 cibus
2359 3411 2586 3465 discat?
2619 3413 2770 3466 lsaac
2817 3413 2957 3466 risus
2995 3414 3074 3465 vel
3117 3412 3368 3480 gaudium
3423 3411 3741 3478 interpreta-

2162 3501 2404 3570 turtbl).
2441 3503 2572 3568 Quis
2627 3519 2756 3572 ergo
2806 3504 3005 3571 estqui
3049 3503 3210 3556 talem
3256 3503 3425 3554 lilium
3462 3501 3740 3571 generet?

2159 3592 2252 3646 Ille
2279 3595 2532 3647 nimirum
2561 3595 2651 3662 qui
2687 3595 2901 3648 diccbat
2944 3597 3009 3648 de
3057 3594 3141 3647 his
3195 3609 3338 3663 quos
3367 3609 3462 3662 per
3499 3591 3742 3664 Evange-

2158 3685 2288 3737 lium
2319 3688 2629 3755 genuerat"
2665 3705 2678 3740 :
2727 3686 2830 3739 Vos
2871 3688 3014 3741 enim
3038 3687 3160 3739 estis
3195 3687 3446 3748 gaudium
3484 3702 3653 3738 meum
3686 3695 3737 3738 et

2159 3791 2355 3828 corona
2378 3777 2562 3844 gloria,
2593 3777 2708 3830 Dei.
2737 3777 2812 3831 De
2835 3776 3138 3842 hujusmodi
3168 3774 3289 3829 ﬁliis
3313 3791 3435 3827 cum
3471 3773 3668 3828 fuerint
3703 3791 3734 3826 a

2163 3865 2308 3920 lacte
2334 3868 2562 3934 depulsi,
2593 3867 2648 3919 tit
2689 3868 2990 3920 convivium
3029 3875 3084 3919 et
3117 3864 3296 3918 laetitia
3325 3864 3610 3932 magna,de
3651 3864 3738 3918 his

2156 3958 2248 4024 qui
2282 3973 2387 4008 non
2407 3957 2516 4028 jam
2545 3958 2680 4010 lacte
2703 3957 3061 4026 iudigent,sed
3090 3956 3203 4008 cibo
3225 3955 3374 4024 forti,
3394 3956 3484 4025 qui
3510 3969 3605 4025 pro
3624 3973 3740 4020 pos.

2142 4049 2410 4104 .sibilitate
2461 4048 2700 4100 sumendi
2734 4047 3042 4100 exercitatos
3089 4047 3277 4099 habent
3316 4060 3497 4098 sensus
3524 4047 3594 4098 ad
3623 4047 3736 4099 dis-

2143 4139 2434 4190 cretionem
2469 4139 2590 4189 boni
2611 4137 2687 4190 vel
2713 4138 2838 4190 mali
2870 4139 2908 4188 °.
2946 4137 3119 4203 Super
3155 4137 3236 4190 his
3264 4136 3461 4190 talibus
3492 4151 3612 4190 cum
3643 4137 3736 4190 de-

2156 4227 2430 4292 pelluntur
2476 4242 2505 4279 a
2556 4225 2714 4287 lacte,
2755 4227 2811 4277 lit
2860 4226 3169 4279 convivium
3228 4241 3506 4294 magnum.
3559 4225 3736 4294 Super

2157 4318 2261 4371 illis
2295 4329 2472 4369 autem
2516 4332 2619 4369 nou
2652 4326 2825 4383 potest
2851 4318 3096 4369 cxhibcri
3148 4316 3478 4381 convivimu,
3511 4331 3610 4370 nec
3639 4317 3732 4368 ha-

2155 4407 2266 4460 beri
2302 4407 2504 4471 ltBlilia,
2537 4408 2602 4459 de
2637 4406 2834 4473 quibus
2884 4407 3013 4460 dicit
3048 4405 3341 4475 Apostolus
3363 4404 3417 4459 τε
3446 4403 3554 4458 Lac
3588 4405 3732 4460 vobis
3799 4458 3802 4462 .

2084 4539 2128 4596 D
2155 4500 2279 4552 dedi
2315 4511 2493 4566 potum
2520 4539 2535 4564 ,
2575 4516 2677 4551 non
2734 4515 2922 4551 escam.
2983 4497 3234 4550 Nondum
3269 4499 3408 4550 enim
3450 4499 3729 4566 poto-ratis,

2159 4594 2247 4644 sed
2276 4609 2366 4644 nec
2395 4593 2568 4644 adhuc
2596 4594 2802 4660 quidem
2829 4591 3065 4659 potestis.
3089 4589 3156 4642 Et
3176 4607 3268 4658 ego
3295 4607 3394 4643 non
3419 4592 3565 4657 potui
3586 4589 3729 4659 loqui

2157 4685 2300 4737 nobis
2324 4684 2479 4753 (μιαιὶ
2504 4683 2893 4751 spiritali/ibus,
2926 4683 3016 4735 sed
3039 4683 3190 4752 quasi
3220 4679 3545 4746 carnalibus,
3576 4682 3730 4747 quasi

2155 4777 2388 4844 parvulis
2412 4776 2467 4827 in
2495 4774 2729 4828 Christo.
2773 4775 2965 4828 Dicant
2995 4774 3148 4827 nobis
3183 4772 3268 4825 isti
3291 4771 3381 4840 qui
3412 4772 3732 4840 simpliciter

2159 4866 2385 4934 intelligi
2415 4866 2597 4918 Volunt
2625 4865 2938 4934 Scripturas
2965 4863 3197 4926 divinas,
3250 4863 3375 4930 quid
3418 4871 3500 4915 est
3533 4879 3547 4913 :
3604 4859 3728 4912 Non

2152 4958 2298 5025 potui
2321 4958 2460 5010 vobis
2489 4956 2796 5026 loqniquasi
2820 4955 3170 5024 spiritalibus,
3202 4955 3290 5006 sed
3316 4951 3468 5023 quasi
3495 4951 3732 5006 carnali-

2153 5053 2269 5112 bus,
2293 5051 2442 5119 quasi
2479 5051 2708 5117 parvulis
2742 5050 2796 5102 in
2831 5047 3061 5109 Christo,
3097 5048 3181 5101 lac
3204 5046 3340 5099 vobis
3373 5055 3549 5110 potum
3582 5043 3728 5108 dedi,

2151 5157 2254 5194 non
2291 5156 2459 5193 escam
2494 5144 2517 5192 1’
2541 5141 2846 5194 l‘ossuutue
2875 5140 2988 5190 lucc
3015 5137 3336 5204 simpliciter
3364 5133 3475 5206 (55)
3507 5135 3677 5201 accipi
3703 5133 3728 5187 ἲ

2218 5232 2272 5288 2.
2308 5233 2413 5286 Sed
2445 5233 2660 5286 interim
2694 5230 2979 5284 redeamus
3007 5229 3072 5283 ad
3115 5242 3178 5283 ea
3207 5243 3276 5280 un
3302 5229 3347 5281 te
3381 5224 3608 5293 digressi
3634 5239 3726 5277 su-

541 5343 801 5399 “Cenes.
828 5363 926 5410 xx,
972 5348 1059 5412 ‘l'l,
1095 5350 1178 5402 18.
1257 5350 1302 5381 ’⁸
1333 5349 1490 5402 Rom.
1528 5364 1623 5414 vn,
1668 5349 1794 5409 9,5.
1869 5347 1914 5379 ³⁸
1938 5346 2056 5399 Colr

2173 5359 2232 5410 11,
2263 5345 2314 5399 9.
2353 5344 2436 5414 )1
2484 5343 2602 5396 Gal.
2642 5342 2828 5414 mar,
2904 5341 2950 5414 οξ
2982 5340 3092 5414 _ls._a.
3125 5355 3274 5393 XXVI.
3315 5337 3398 5414 is,
3477 5333 3725 5414 ngam.

473 5429 547 5477 tv,
586 5415 669 5468 l9.
749 5416 764 5445 ⁸
797 5403 972 5469 Galat.
1004 5403 1076 5480 vi,
1104 5417 1156 5469 8.
1237 5419 1300 5471 ²1
1341 5420 1480 5472 Tim.
1505 5435 1565 5486 tt,
1773 5417 1794 5449 ³
1833 5417 1870 5470 ΙΙ
1909 5416 2056 5472 Cor.E

470 5498 523 5548 ν,
571 5485 633 5537 12
657 5493 709 5538 et
733 5484 821 5539 M.
897 5487 916 5517 ⁷
944 5485 1108 5540 lCor.
1139 5489 1289 5551 lll,1,
1320 5489 1376 5542 2.

2165 5403 2230 5468 id
2293 5417 2314 5446 ⁸
2337 5412 2538 5468 Genus.
2565 5428 2678 5476 xxi,
2711 5419 2760 5476 .t,
2795 5413 2849 5468 7.
2925 5413 2945 5443 '
2979 5410 2996 5464 l
3029 5408 3223 5463 Thess.
3246 5421 3306 5473 11,
3331 5405 3426 5461 20.
3504 5405 3525 5436 ⁸
3555 5403 3722 5460 Hebr.

539 5627 652 5692 (55)
694 5625 1070 5690 Depositiouis.
1091 5624 1270 5679 Codex
1297 5625 1666 5695 Remigianus,
1695 5623 2042 5695 depulsionis.

532 5697 651 5765 (54)
688 5695 846 5748 Risus
904 5695 980 5748 vel
1035 5696 1289 5762 gaudium
1333 5694 1730 5764 interpretatur.
1779 5694 1822 5746 Α
1860 5695 2040 5748 radice

472 5764 732 5820 llebraica
756 5775 870 5838 pm:
895 5766 1030 5831 risit,
1061 5767 1264 5818 arrisit.

2182 5693 2194 5704 _
2230 5621 2342 5745 (ﬁlii)
2377 5620 2558 5677 Codex
2598 5615 2944 5674 Ebroiccusis
2983 5610 3336 5679 simpliciter;
3375 5609 3505 5667 libb.
3560 5610 3723 5673 editi,

2182 5709 2265 5745 mu
2293 5703 2410 5745 iter.
3060 5737 3066 5742 .

2148 5703 2410 5747 δηηριριθν.
