4132 6422
416 346 517 399 Ιῦυ

1894 342 2213 400 ORIGENIS

3559 344 3663 403 ςοη

414 473 554 511 mus.
574 454 815 510 Lmtatnr
848 455 1139 513 Abraham.
1166 463 1219 507 et
1250 453 1555 507 convivium
1578 454 1704 508 facit
1742 470 1990 526 magnum
2022 464 2069 519 Α
2099 474 2217 527 qua:
2246 467 2370 511 sunt
2394 458 2627 526 Spiritus
2660 458 2774 512 Dei.
2804 458 3043 512 Stultitia
3071 466 3144 510 est
3171 458 3303 511 enim
3332 455 3445 521 illi,
3480 469 3525 512 et
3562 477 3664 513 non

414 548 469 600 in
496 547 583 600 die
633 562 736 615 qua
793 546 994 615 depulit
1026 562 1053 599 a
1088 547 1226 601 lacte
1265 547 1413 601 Isaac
1460 549 1625 602 ﬁlium
1656 564 1833 603 suum.
1864 550 1993 603 Post

416 642 531 693 hac
569 638 701 690 ludit
738 638 901 701 Isaac,
953 647 1007 691 et
1064 637 1200 692 ludit
1239 655 1361 693 cum
1416 640 1627 694 Ismael.
1684 640 1995 709 Indignatur

415 729 552 782 Sara
586 730 724 795 quod
775 729 914 781 lilius
962 730 1173 783 ancilla:
1202 730 1347 784 ludat
1391 747 1513 784 cum
1558 731 1666 784 ﬁlio
1716 731 1995 793 liberat,ct

417 820 589 873 lusum
619 821 767 873 illum
798 821 1091 888 perniciem
1119 829 1305 889 putat,
1325 823 1607 878 consilium
1632 824 1720 875 dat
1739 823 1991 888 Abralue,

414 921 469 964 et
502 912 671 965 dicit’
702 935 712 967 :
753 912 900 981 Ejice
929 914 1180 966 ancillam
1219 922 1267 966 et
1316 915 1489 982 ﬁlium
1517 916 1653 983 ejus.
1692 915 1811 968 Non
1853 918 1989 968 enim

416 1003 580 1055 lintres
617 1005 715 1056 erit
767 1004 908 1070 ﬁlius
940 1004 1147 1057 ancilla;
1193 1022 1309 1057 cum
1342 1006 1452 1072 ﬁlio
1500 1022 1610 1058 meo
1652 1005 1830 1059 Isaac.
1866 1007 1991 1061 llaec

415 1094 690 1159 quomodo
721 1094 944 1162 intelligi
984 1094 1237 1153 debeant,
1277 1112 1381 1147 non
1413 1111 1512 1163 ego
1554 1110 1695 1148 nunc
1717 1110 1990 1149 commen-

419 1185 596 1236 tabor.
628 1182 919 1251 Apostolus
944 1183 1016 1235 ita
1052 1184 1335 1248 disseruit,
1374 1185 1633 1237 dicens“:
1676 1184 1842 1237 Dicite
1863 1186 1989 1238 mihi

416 1278 505 1347 qui
530 1277 691 1347 legem
714 1279 932 1345 legistis,
965 1278 1125 1347 legem
1166 1296 1268 1331 non
1293 1280 1517 1331 audistis
1542 1282 1566 1334 ?
1594 1279 1857 1347 Scriptum
1911 1291 1986 1333 est

415 1370 554 1421 enim
586 1369 709 1439 quia
740 1368 1004 1421 Abraham
1030 1370 1160 1421 duos
1201 1370 1340 1435 ﬁlios
1387 1372 1588 1428 habuit,
1620 1387 1777 1421 unum
1805 1371 1866 1422 de
1890 1388 1989 1423 an-

415 1462 560 1525 cilla,
581 1473 624 1512 et
649 1478 807 1513 unum
836 1464 897 1513 de
916 1460 1099 1513 libera.
1132 1459 1232 1513 Sed
1264 1461 1307 1513 is
1331 1461 1538 1528 quidem
1562 1461 1651 1521 qui
1678 1463 1742 1511 de
1768 1461 1984 1523 ancilla,

414 1555 698 1605 secundum
729 1570 935 1605 carnem
980 1563 1132 1604 natus
1165 1562 1236 1603 est
1268 1552 1399 1619 ,‘qni
1432 1567 1547 1603 vero
1573 1568 1636 1603 ex
1678 1550 1861 1611 libera,
1896 1568 1986 1615 per

415 1642 891 1708 repromissianem,
922 1658 1036 1709 qua:
1086 1650 1205 1692 sunt
1254 1640 1554 1707 allegorica.
1615 1640 1751 1705 Quid
1802 1642 1984 1709 ergo?

413 1729 561 1784 Isaac
599 1746 701 1783 11011
736 1739 817 1782 εει
869 1730 1161 1783 ερριιηάυηι
1203 1744 1423 1781 carnem
1476 1730 1684 1782 natus
1716 1728 1826 1781 Non
1859 1746 1981 1783 θιιιιι

2094 558 2258 617 potest
2300 549 2621 617 intelligere,
2646 552 2769 619 quia
2802 550 3114 617 spiritaliter
3139 549 3467 617 dijudicatur
3506 550 3568 604 ¹⁸.
3600 550 3665 604 Et

2097 649 2152 692 tu
2186 641 2385 709 ergo,si
2412 642 2577 696 habes
2604 643 2655 695 in
2685 652 2735 695 te
2756 642 2989 695 fructum
3015 642 3255 709 Spiritus
3282 640 3396 704 Dei,
3419 644 3665 709 quodest

2093 731 2366 797 gaudium,
2382 732 2643 795 charitas,
2666 747 2789 800 pax,
2807 732 3069 801 patientia
3092 733 3156 796 ",
3182 732 3329 784 Isaac
3349 746 3468 785 esse
3487 744 3667 802 potes,

2095 836 2199 875 non
2230 824 2524 876 secundum
2564 839 2787 878 carnem
2819 833 2998 889 natus,
3031 824 3123 877 sed
3152 824 3446 877 secmidum
3480 838 3667 893 repro-

2094 913 2433 977 missionem,
2458 922 2509 967 et
2541 930 2661 969 esse
2688 915 2828 968 ﬁlius
2854 915 3055 979 liberae,
3087 914 3130 967 si
3162 925 3340 967 tamen
3367 925 3517 984 potes
3537 925 3590 970 et
3610 927 3662 969 tu

2092 1005 2384 1056 secundum
2408 1003 2630 1058 Paulum
2658 1006 2839 1059 dicere
2860 1006 2934 1056 “‘z
2960 1004 3022 1058 In
3048 1020 3201 1057 carne
3223 1006 3358 1058 enim
3385 1010 3666 1061 ambulana

2092 1105 2184 1159 tes,
2217 1111 2316 1147 non
2340 1100 2619 1148 secundum
2641 1112 2846 1148 carnem
2873 1098 3177 1151 militamus.
3211 1100 3367 1149 Arma
3396 1100 3532 1151 enim
3558 1100 3660 1151 mi-

2090 1181 2218 1235 litia:
2268 1196 2457 1236 nostra!
2507 1202 2608 1237 non
2640 1196 2757 1238 sunt
2784 1187 3043 1249 carnalia,
3078 1190 3166 1241 sed
3192 1189 3424 1254 potentia
3456 1188 3562 1241 Deo
3593 1191 3659 1240 ad

2090 1274 2489 1326 destructionem
2524 1277 2895 1340 munitionum,
2931 1278 3274 1345 cogitationes
3308 1280 3659 1342 destruentes,

2090 1373 2135 1413 et
2161 1379 2361 1416 omnem
2399 1364 2509 1433 (36)
2534 1365 2868 1418 altitudinem
2921 1367 3249 1420 cxto’lenlem
3293 1384 3345 1420 se
3387 1370 3662 1423 adversum

2088 1455 2356 1506 scientiam
2388 1455 2500 1506 Dei.
2528 1455 2583 1508 Si
2614 1467 2766 1523 potes
2792 1457 2912 1509 talis
2934 1473 3073 1517 esse,
3107 1470 3161 1511 ut
3189 1460 3345 1527 digne
3383 1460 3476 1512 tibi
3515 1471 3663 1528 apte-

2091 1552 2178 1595 tur
2210 1545 2371 1597 ctiam
2408 1544 2492 1595 illa
2528 1544 2769 1610 Aposluli
2800 1547 3093 1615 Sententia,
3120 1564 3237 1615 qua:
3262 1550 3397 1602 dixit
3428 1551 3468 1581 ¹⁷
3500 1567 3515 1604 :
3565 1551 3662 1604 Vos

2088 1643 2259 1686 autem
2283 1635 2335 1686 in
2358 1651 2513 1687 carne
2538 1653 2636 1686 non
2659 1636 2803 1698 estis,
2822 1637 2910 1689 sed
2933 1638 2983 1688 in
3007 1640 3213 1705 spiritu,
3240 1641 3283 1692 si
3307 1651 3477 1694 tamen
3500 1641 3664 1710 Spiri-

2087 1730 2171 1774 tus
2197 1721 2288 1774 Dei
2314 1722 2513 1775 habitat
2547 1726 2599 1776 itt
2632 1726 2793 1787 vobis;
2818 1734 2870 1778 et
2903 1735 2954 1778 ιιι
2980 1742 3109 1796 ergo
3137 1730 3179 1780 si
3212 1729 3335 1782 talis
3358 1744 3435 1791 es,
3474 1748 3576 1784 non
3602 1746 3661 1783 cs

413 1826 618 1891 peperit
654 1820 787 1874 sum
823 1820 846 1871 ?
890 1820 1003 1873 Non
1057 1830 1140 1875 cst.
1197 1820 1558 1875 circumcisus
1592 1821 1615 1873 ?
1661 1821 1769 1874 Hoc
1810 1822 1983 1889 ipsum
2018 1821 2060 1874 B
2092 1816 2393 1867 secundum
2424 1832 2646 1868 carnem
2681 1827 2867 1881 natus,
2926 1820 3019 1871 sed
3061 1820 3355 1873 secundum
3410 1822 3659 1890 spiritum

411 1917 550 1982 quod
576 1914 795 1969 ludebat
831 1930 951 1968 cum
994 1914 1244 1979 lsmaele,
1276 1930 1377 1967 non
1419 1914 1471 1966 in
1522 1929 1685 1967 carne
1721 1914 1986 1969 ludebat?

411 2004 523 2060 Hoc
548 2008 798 2059 estenim
839 2006 982 2073 quod
1019 2006 1267 2059 mirabile
1296 2014 1379 2058 est
1425 2006 1475 2057 in
1522 2005 1760 2072 Apostoli
1798 2020 1982 2070 sensu,

408 2099 552 2165 quod
580 2098 644 2152 de
674 2096 871 2165 quibus
905 2111 1012 2149 non
1062 2104 1238 2163 potest
1266 2096 1501 2149 dubitari
1534 2097 1661 2165 quin
1690 2097 1984 2151 secundum

409 2200 630 2239 carnem
662 2193 812 2253 gesta
846 2184 976 2246 sint,
1027 2183 1144 2237 htcc
1182 2183 1267 2235 ille
1311 2183 1442 2235 dicit
1486 2197 1607 2235 esse
1647 2182 1940 2250 allegorica
1968 2223 1983 2246 ,

412 2287 471 2331 ut
505 2290 600 2329 nos
628 2276 755 2344 quid
793 2274 1098 2329 faciendum
1127 2276 1196 2327 sit
1226 2275 1278 2327 in
1324 2275 1536 2327 caeteris
1565 2275 1898 2339 noverimus,
1934 2282 1988 2328 et

412 2369 465 2419 in
520 2368 605 2421 his
636 2367 892 2432 maxime,
944 2366 995 2418 in
1027 2366 1224 2434 quibus
1261 2367 1393 2419 nihil
1417 2366 1593 2417 divina
1625 2364 1739 2434 lege
1762 2366 1982 2435 dignum

413 2457 668 2512 historica
694 2457 904 2511 videtur
936 2456 1178 2511 indicare
1216 2458 1477 2510 narratio.
1530 2457 1718 2510 lsmael
1746 2472 1873 2526 ergo
1902 2473 1987 2512 se-

407 2548 655 2613 cundum
681 2560 903 2601 carnem
934 2545 1178 2599 nascitur
1205 2544 1415 2598 ancillae
1454 2544 1617 2596 ﬁlius.
1658 2542 1804 2598 Isaac
1856 2559 1985 2598 vero

357 2624 361 2634 ί
408 2642 499 2709 qui
533 2648 651 2695 erat
698 2639 882 2694 libera:
924 2639 1085 2703 ﬁlius,
1118 2654 1221 2691 non
1268 2638 1509 2693 nascitur
1537 2638 1829 2692 secundum
1863 2654 1986 2692 car-

409 2745 554 2796 nem,
579 2731 672 2784 sed
701 2729 995 2783 secundum
1026 2729 1529 2798 repromissionem.
1562 2731 1627 2784 Et
1661 2731 1789 2784 dicit
1813 2732 1877 2783 de
1897 2729 1984 2783 his

408 2821 718 2890 Apostolus,
748 2819 890 2888 quod
932 2821 1080 2889 Agar
1108 2820 1160 2873 in
1204 2822 1523 2875 servitutem
1563 2820 1813 2890 genuerit
1859 2835 1983 2873 car-

409 2912 589 2967 nalem
627 2911 879 2980 populum
914 2927 929 2977 ;
960 2910 1094 2965 Sara
1134 2927 1261 2965 vero
1305 2927 1423 2981 quae
1456 2913 1783 2977 eratlibera,
1816 2926 1974 2979 popu-

405 3012 516 3065 luzn
544 3011 788 3083 genuerit
818 3011 909 3081 qui
942 3028 1049 3066 non
1078 3013 1376 3067 secundum
1417 3027 1657 3077 carnem,
1687 3011 1783 3065 sed
1827 3010 1882 3063 in
1912 3010 1980 3062 li-

401 3108 612 3163 bertate
662 3115 883 3161 vocatus
943 3118 1058 3173 est,
1112 3127 1217 3179 qua
1272 3109 1509 3162 libertate
1561 3108 1798 3161 liberavit
1852 3122 1977 3161 eum
2012 3143 2052 3200 ε

400 3203 631 3259 Christus
652 3206 692 3256 ’.
720 3205 839 3273 ipse
876 3205 1019 3258 enim
1061 3206 1213 3269 dixit,
1252 3208 1375 3275 quia
1412 3206 1456 3258 si
1482 3221 1568 3257 vos
1590 3203 1757 3257 Filius
1784 3201 1978 3255 libera-

400 3298 551 3359 verit,
586 3313 701 3349 vere
742 3296 887 3349 liberi
924 3298 1067 3349 eritis
1098 3298 1161 3351 ¹⁰.
1191 3298 1332 3362 Quid
1359 3312 1489 3351 vero
1514 3296 1599 3349 his
1632 3293 1781 3348 addit
1811 3308 1979 3361 expo-

400 3400 538 3439 nens
562 3383 873 3453 Apostolus,
905 3388 1184 3441 videamus
1208 3405 1221 3439 :
1252 3386 1353 3441 Sed
1375 3388 1510 3440 sicut
1538 3398 1677 3448 tunc,
1704 3383 1880 3453 inquit
1911 3382 1976 3446 “,

407 3483 450 3534 is
485 3481 573 3547 qui
612 3481 893 3533 secundum
938 3495 1147 3532 carnem
1178 3488 1277 3543 est,
1320 3478 1725 3547 persequebatur
1753 3492 1869 3530 eum
1892 3477 1982 3545 qui

406 3571 691 3625 secundum
718 3570 984 3638 spiritum,
1020 3571 1099 3622 ita
1132 3578 1180 3622 et
1223 3585 1378 3623 nunc.
1409 3568 1540 3622 Vide
1572 3567 1844 3636 quomodo
1884 3581 1981 3621 nos

405 3663 702 3732 Apostolus
741 3664 920 3723 docet,
946 3662 1071 3731 quia
1106 3661 1159 3715 in
1189 3662 1444 3716 omnibus
1493 3660 1982 3714 caroadversatur

399 3754 656 3823 spiritui,
724 3755 837 3807 sive
902 3752 1134 3821 populus
1195 3751 1285 3806 ille
1353 3751 1592 3805 carnalis
1655 3750 1982 3804 adversatur

404 3848 530 3901 huic
553 3845 751 3915 p0pulo
782 3845 1036 3914 spiritali,
1074 3845 1190 3899 sive
1217 3844 1382 3897 etiam
1416 3844 1559 3897 inter
1597 3856 1695 3895 nos
1730 3841 1898 3909 ipsos,
1932 3839 1977 3893 si

405 3938 524 4004 quis
574 3938 752 3991 adhuc
802 3935 1040 3990 carnalis
1086 3943 1190 3999 est,
1239 3933 1578 4003 spiritalibus
1628 3933 1975 3985 adversatur.

406 4027 537 4081 Nam
579 4040 633 4082 et
668 4036 720 4081 tu
758 4028 801 4080 si
830 4027 1121 4081 secundum
1151 4041 1371 4079 carnem
1400 4025 1556 4090 vivis,
1582 4033 1635 4077 et
1674 4023 1974 4076 secundum

401 4137 625 4175 carnem
674 4121 1036 4182 conversaris,
1092 4119 1232 4172 tilius
1275 4132 1335 4172 es
1368 4117 1536 4187 Agar,
1582 4124 1636 4169 et
1686 4123 1975 4183 pr0pterea

402 4212 712 4265 adversaris
756 4211 841 4265 his
871 4211 961 4279 qui
993 4210 1294 4265 secundum
1330 4209 1578 4277 Spiritum
1615 4206 1817 4259 vivunt.
1858 4203 1979 4255 Sic-

400 4312 458 4355 ut
486 4305 646 4358 etiam
692 4302 743 4355 in
792 4302 946 4356 nobis
996 4301 1130 4371 ipsis
1179 4302 1222 4353 si
1268 4300 1633 4369 requirimus,
1668 4296 1975 4350 invenimus

400 4393 785 4459 concupiscere
837 4406 1053 4446 carnem
1094 4392 1353 4444 adversus
1408 4390 1678 4452 spiritum,
1712 4396 1767 4440 et
1817 4385 1972 4455 spiri-

2090 1918 2185 1971 per
2236 1907 2749 1973 repromissionem,
2796 1917 2850 1960 et
2901 1910 3009 1963 cris
3061 1911 3232 1963 haeres
3280 1913 3661 1979 repromissio-

2092 2013 2246 2061 num,
2279 2002 2573 2053 secundum
2606 2001 2747 2069 quod
2792 2004 2993 2057 dictum
3022 2013 3099 2056 cst
3138 2003 3179 2033 ¹⁸
3212 2020 3226 2056 :
3262 2003 3510 2059 lla'redes
3539 2009 3660 2075 qui-

2089 2090 2203 2143 dem
2236 2089 2352 2155 Dei,
2403 2094 2697 2147 coliwredes
2725 2107 2897 2149 autem
2930 2095 3148 2151 Christi.
3191 2096 3304 2151 Non
3339 2101 3449 2153 eris
3486 2100 3662 2153 coita:-

2092 2198 2177 2237 res
2204 2184 2343 2252 ejus,
2374 2186 2465 2254 qui
2492 2189 2788 2242 secundum
2821 2202 3039 2243 carnem
3061 2200 3215 2245 natus
3232 2201 3332 2255 est,
3367 2194 3457 2247 sed
3485 2194 3661 2246 culta!-

2091 2288 2178 2326 res
2204 2274 2431 2338 Christi,
2476 2276 2603 2344 quia
2645 2279 2741 2329 etsi
2788 2281 3120 2346 cognovimus
3168 2280 3435 2334 Christum
3477 2299 3663 2335 secun-

2092 2363 2217 2415 dum
2244 2380 2477 2429 carnem,
2513 2367 2602 2420 sed
2627 2368 2893 2437 nuncjant
2918 2385 3021 2421 non
3053 2372 3286 2423 novimus
3326 2372 3392 2425 ¹⁹.

2162 2455 2215 2507 5.
2254 2455 2320 2508 Et
2355 2465 2534 2509 tamen
2567 2458 2866 2511 secundum
2900 2475 2960 2513 ea
2990 2476 3110 2528 qua:
3142 2462 3339 2530 scripta
3377 2471 3525 2527 sunt,
3555 2479 3659 2519 non

2088 2547 2244 2601 video
2274 2549 2402 2615 quid
2431 2549 2659 2602 moverit
2684 2550 2895 2614 Saram,
2926 2560 2982 2605 ut
3014 2552 3181 2605 ﬁlium
3207 2553 3417 2607 ancillae
3444 2554 3662 2623 juberct

2085 2640 2303 2709 expelli.
2334 2639 2576 2695 Ludebat
2606 2657 2730 2695 cum
2785 2643 2892 2696 ﬁlio
2934 2659 3033 2698 suo
3061 2646 3227 2701 lsaac.
3252 2646 3389 2712 Quid
3424 2648 3656 2712 laeserat,

2087 2740 2180 2783 aut
2212 2731 2343 2800 quid
2400 2743 2683 2796 nocuerat,
2737 2734 2781 2787 si
2816 2734 3071 2789 ludebat?
3126 2735 3285 2802 Quasi
3323 2753 3425 2791 non
3476 2740 3660 2794 hocin

2086 2828 2249 2873 aetate
2282 2820 2371 2872 illa
2402 2821 2565 2873 etiam
2606 2830 2819 2889 gratum
2848 2838 2967 2877 esse
2996 2825 3268 2888 debuerit,
3294 2827 3436 2893 quod
3469 2827 3661 2882 luserit

2086 2910 2229 2965 ﬁlius
2259 2912 2466 2965 ancilla:
2495 2927 2613 2965 cum
2648 2913 2758 2967 ﬁlio
2780 2914 2984 2969 liberae.
3039 2916 3176 2969 Tum
3206 2918 3398 2972 deinde
3436 2929 3489 2972 et
3518 2920 3662 2990 Apo-

2085 3002 2282 3056 stolum
2322 3005 2514 3067 miror,
2547 3007 2637 3073 qui
2670 3005 2853 3058 ludum
2890 3008 3035 3060 hunc
3072 3010 3502 3076 persecutionem
3534 3028 3661 3080 pros

2086 3094 2374 3157 nuntiavit,
2412 3094 2601 3148 dicens
2621 3094 2665 3124 ὀ
2702 3114 2713 3147 :
2745 3094 2850 3149 Sed
2868 3100 3005 3150 sicut
3031 3109 3152 3151 tunc
3187 3100 3227 3153 is
3255 3102 3343 3168 qui
3373 3104 3659 3157 secundum

2089 3202 2302 3241 carnem
2340 3196 2495 3240 natus
2537 3186 2709 3254 fuerat
2744 3186 2923 3259 (57),
2968 3191 3372 3258 persequebatur
3410 3210 3525 3245 eam
3571 3197 3660 3260 qui

2088 3281 2379 3333 secundum
2417 3282 2685 3348 spiritum,
2735 3284 2811 3335 ita
2845 3294 2892 3335 et
2929 3299 3090 3345 nunc,
3140 3300 3262 3338 cum
3300 3281 3659 3353 utique'nulla

2088 3372 2400 3438 persecutio
2432 3372 2675 3427 lsmaelis
2698 3376 2984 3428 adversum
3018 3375 3160 3428 Isaac
3188 3386 3330 3429 mota
3360 3379 3657 3445 referatur,

2091 3460 2193 3514 nisi
2225 3460 2313 3514 hic
2339 3460 2484 3515 solus
2510 3461 2667 3515 ludus
2702 3462 2964 3517 infantiae.
2997 3464 3102 3518 Sed
3136 3466 3416 3521 videamus
3443 3470 3568 3536 quid
3603 3471 3657 3524 in

2090 3551 2194 3604 hoc
2236 3551 2364 3605 ludo
2396 3552 2723 3608 intellexerit
2758 3554 2981 3620 Paulus,
3025 3565 3078 3610 et
3120 3558 3247 3625 quid
3281 3558 3557 3627 indignata
3590 3562 3661 3616 sit

2090 3642 2246 3697 Sara.
2292 3644 2555 3714 Superius
2591 3647 2703 3713 jam
2750 3658 3087 3715 exponentes
3125 3649 3500 3718 spiritualitcr,
3541 3652 3659 3707 loco

2089 3737 2304 3791 virtutis
2333 3740 2613 3804 posuimus
2639 3737 2852 3793 Saram.
2876 3737 2931 3791 Si
2970 3752 3100 3808 ergo
3136 3754 3266 3793 caro
3288 3742 3443 3807 cujus
3473 3756 3660 3808 perso-

2088 3843 2214 3881 nam
2235 3830 2376 3895 gerit
2399 3828 2626 3893 lsmael,
2669 3829 2760 3898 qui
2794 3830 3090 3883 secundum
3133 3845 3349 3884 carnem
3395 3833 3655 3897 nascitur,

2087 3918 2301 3985 spiritui
2335 3918 2663 3981 blandiatur,
2720 3918 2815 3987 qui
2869 3928 2951 3973 est
3000 3919 3171 3984 Isaac,
3223 3931 3275 3973 et
3324 3921 3657 3975 illecebrosis

2087 4024 2213 4063 cum
2246 4024 2311 4062 co
2346 4009 2760 4078 deceptionibus
2794 4020 2939 4079 agat,
2990 4013 3035 4063 si
3073 4011 3519 4066 delectationibus
3553 4012 3656 4065 illi-

2085 4104 2215 4167 ciat,
2257 4102 2624 4169 voluptatibus
2678 4102 2907 4165 molliat,
2946 4102 3318 4170 hujuscemodi
3349 4104 3505 4157 ludus
3530 4120 3656 4158 car-

2088 4191 2169 4244 nis
2198 4205 2317 4244 cmn
2366 4192 2583 4258 spiritu,
2633 4190 2824 4243 Saram
2865 4192 3120 4253 maxime,
3172 4206 3291 4260 qure
3337 4200 3419 4243 est
3460 4190 3652 4253 virtus,

2082 4281 2327 4346 oﬂ‘cndit,
2361 4291 2415 4335 et
2444 4282 2816 4351 hujuscemodi
2846 4282 3211 4335 blandimenta
3243 4282 3652 4335 acerbissimam

2084 4374 2518 4443 persecutionem
2587 4372 2799 4439 judicat
2874 4372 3087 4424 Paulus.
3164 4371 3227 4423 Et
3282 4381 3335 4422 tu
3403 4386 3565 4433 ergo,
3624 4385 3656 4423 o

404 4492 514 4535 tum
552 4481 815 4534 adversus
855 4494 1096 4541 carnem,
1132 4489 1186 4533 et
1221 4480 1336 4533 haec
1373 4480 1475 4533 sibi
1513 4479 1745 4532 invicem
1784 4476 1977 4529 adver-

2087 4466 2297 4519 auditor
2349 4464 2583 4528 ltorum,
2640 4480 2744 4517 non
2804 4463 2946 4515 illam
2998 4462 3167 4515 solam
3218 4461 3653 4529 persecutionem

402 4572 509 4623 sari
541 4572 604 4622 ¹¹.
634 4571 700 4624 Ει
748 4570 1053 4623 invenimus
1086 4571 1259 4639 legent
1296 4571 1347 4622 in
1396 4570 1655 4622 membris
1708 4568 1907 4621 nostris
1934 4566 1976 4597 "

402 4663 511 4732 79
551 4672 936 4731 repugnantem
979 4661 1081 4729 legi
1129 4663 1324 4715 mentis
1362 4671 1582 4727 nostra},
1633 4671 1687 4715 et
1739 4661 1979 4730 captivos

406 4769 502 4805 nos
542 4753 826 4805 ducentem
885 4748 937 4804 in
980 4750 1096 4819 lege
1136 4751 1369 4820 peccati.
1400 4749 1561 4805 Vides
1603 4761 1815 4819 quantm
1851 4758 1977 4805 sunt

403 4861 592 4914 pugnae
624 4845 874 4898 carnales
933 4845 1188 4897 adversus
1238 4843 1524 4912 spiritum?
1580 4842 1671 4896 Est
1702 4842 1877 4896 adhuc
1917 4851 1972 4895 et

404 4936 504 4986 alia
529 4950 700 5004 pugna
730 4936 814 4988 his
843 4950 979 5003 pene
1008 4935 1261 4989 omnibus
1288 4934 1601 4999 violentior,
1642 4934 1783 5003 quod
1823 4934 1854 4986 ii
1879 4933 1968 5001 qui

404 5028 572 5094 legem
618 5027 913 5080 secundum
948 5043 1168 5081 carnem
1222 5025 1565 5096 intelligunt,
1616 5026 1976 5080 adversantur

405 5121 488 5172 his
528 5120 615 5187 qui
650 5119 945 5173 secundum
982 5120 1235 5189 spiritum
1266 5121 1531 5185 sentiunt,
1559 5130 1611 5171 et
1639 5131 1975 5187 persequun-

401 5219 490 5264 tur
518 5225 631 5265 eos.
673 5209 892 5276 Quare?
939 5212 1062 5280 quia
1091 5212 1339 5265 animalis
1362 5212 1514 5263 homo
1540 5226 1641 5263 non
1670 5207 1889 5277 percipit
1917 5221 1978 5258 ea

468 5347 706 5403 ’Genes.
741 5364 853 5413 xxi,
885 5347 937 5404 9.
1020 5350 1039 5381 '
1077 5347 1252 5404 Galat.
1289 5362 1363 5412 tv,
1396 5347 1458 5400 21
1507 5354 1560 5399 et
1615 5358 1733 5411 seq.

397 5438 452 5477 ν.
484 5422 565 5473 17.
666 5421 710 5451 ’³
742 5422 899 5474 liotn.
929 5438 1023 5485 vtt,
1055 5425 1145 5476 ‘23.
1244 5423 1285 5453 "’
1318 5422 1332 5473 Ι
1395 5423 1517 5475 Cor.
1551 5439 1608 5483 Il,
1647 5422 1728 5473 14.

405 5493 446 5521 ¹⁸
474 5485 606 5543 ibid.
636 5492 716 5543 l'i.
799 5494 837 5522 "
870 5492 911 5544 ll
938 5491 1061 5545 Cor.
1094 5510 1144 5555 v,
1174 5491 1258 5545 16.
1337 5492 1381 5523 ²⁰
1409 5491 1578 5545 Galat.
1613 5507 1683 5554 Iv,
1716 5490 1803 5542 9.9.

472 5594 623 5664 (56)
677 5596 1061 5664 Munitionum,
1120 5596 1456 5667 cogitationes
1516 5599 1865 5661 destruentes,
1929 5610 1978 5652 ct

400 5681 625 5728 munem,
656 5675 761 5718 ctc.
795 5668 881 5720 Sic
929 5680 1074 5722 recte
1120 5670 1323 5721 habent
1353 5682 1481 5719 mss.
1534 5668 1667 5719 Male
1698 5684 1825 5723 vero
1864 5669 1980 5723 libri

400 5732 553 5799 editi,
594 5736 986 5805 cogitationum,
1018 5740 1335 5790 destruentcs
1363 5753 1581 5803 omnem,
1612 5748 1714 5792 ctc.

1807 5345 1828 5374 ⁹
1864 5342 2023 5406 ibid.,
2048 5341 2105 5393 3i

1822 5422 1862 5449 ¹⁶
1896 5420 2066 5469 (ὲεηίιι.
2104 5433 2161 5477 ν,
2194 5418 2280 5469 (ἰεί.

1882 5491 1921 5518 ²¹
1960 5487 2128 5539 lCor.
2165 5503 2238 5549 vi,
2276 5486 2357 5538 18.

2084 4568 2261 4628 putcs,
2303 4557 2521 4626 quando
2569 4554 2751 4607 lurore
2794 4552 3079 4623 gentilium
3134 4551 3198 4604 ad
3265 4551 3651 4605 immolandmn

2082 4650 2243 4705 idolis
2270 4649 2529 4717 cogeris:
2560 4650 2653 4699 sed
2680 4646 2723 4699 si
2763 4643 2903 4697 forte
2942 4654 2993 4696 te
3034 4642 3276 4711 voluptas
3315 4642 3498 4696 carnis
3547 4641 3653 4693 illi-

2081 4743 2209 4805 ciat,
2243 4742 2289 4795 si
2324 4740 2417 4793 tibi
2447 4738 2689 4792 libidinis
2740 4734 2945 4788 alludat
2978 4735 3252 4797 illecebra,
3301 4733 3434 4795 haec,
3468 4733 3511 4785 si
3540 4731 3653 4784 vir-

2081 4834 2210 4887 tutis
2253 4850 2313 4885 es
2360 4832 2524 4898 ﬁlius,
2576 4844 2834 4903 tanquam
2874 4827 3310 4901 persecutionem
3363 4824 3651 4885 maximam

2074 4925 2216 4994 fuge.
2275 4925 2483 4979 Idcirco
2534 4925 2682 4979 enim
2728 4935 2783 4979 et
2827 4921 3124 4993 Apostolus
3164 4921 3299 4975 dicit
3328 4919 3370 4950 ²¹
3410 4936 3423 4971 :
3460 4915 3653 4985 Fugite

2076 5015 2504 5082 fornicationem.
2535 5016 2640 5069 Sed
2676 5016 2718 5069 si
2754 5015 3017 5083 injustitia
3047 5012 3373 5073 blandiatur,
3416 5019 3473 5063 ut
3524 5026 3644 5078 per-

2077 5119 2264 5158 sonam
2295 5106 2529 5171 potentis
2556 5106 2832 5171 accipiens
2863 5104 3029 5177 (38),
3057 5116 3107 5156 et
3128 5102 3296 5171 gratia
3317 5101 3433 5166 ejus
3456 5100 3648 5162 nexus,

2081 5215 2185 5253 non
2217 5209 2425 5254 rectum
2454 5198 2719 5268 judicium
2747 5198 2915 5261 feras,
2954 5195 3254 5265 intelligere
3284 5196 3471 5247 debes.
3523 5194 3645 5262 quia

2786 5337 2824 5367 ¹¹
2864 5336 3047 5389 Galat.
3084 5347 3167 5396 tv,
3214 5330 3301 5384 99.
3384 5328 3427 5357 “
3467 5328 3644 5381 Gal-.t.

2217 5340 2258 5371 ¹⁰
2287 5339 2568 5401 Joan.vm,
2615 5336 2704 5391 56.
2786 5337 2824 5367 ¹¹
2864 5336 3047 5389 Galat.
3084 5347 3167 5396 tv,
3214 5336 3301 5384 29.
3384 5336 3427 5357 “
3467 5336 3644 5381 Gal-.t.

2380 5418 2418 5445 ιδ
2452 5416 2493 5467 εξ
2527 5418 2648 5467 (Lor.
2683 5430 2737 5467 χ.
2772 5413 2804 5464 5
2838 5418 2891 5463 ct
2921 5424 3070 5467 seqq.
3168 5408 3207 5437 ”
3248 5407 3405 5460 Rom.
3437 5417 3570 5467 vm,
3603 5397 3662 5455 9.

2380 5418 2418 5445 ιδ
2452 5416 2493 5467 ll
2527 5418 2648 5467 (Lor.
2683 5430 2737 5474 χ,
2772 5413 2804 5464 5
2838 5418 2891 5463 et
2921 5424 3070 5476 seqq.

2161 5598 2315 5663 (37)
2374 5595 2541 5648 iidem
2598 5608 2750 5652 mss..
2806 5600 2960 5643 natus
3005 5590 3197 5659 fuerat,
3246 5585 3387 5655 quod
3429 5583 3481 5637 in
3526 5581 3656 5637 libb.

2092 5668 2250 5723 editis
2294 5665 2579 5719 omittitur.

2163 5737 2311 5806 (58)
2355 5735 2571 5802 Aliquot
2615 5748 2768 5799 tnss.,
2826 5732 3076 5801 arripias.
