  <div class='ocr_page' id='page_1' title='image "/cluster/home/n/w/nwhite01/storage/ocr_20150623/12:no.2/coo.31924054873074/114.png"; bbox 0 0 4132 6452; ppageno 0'>
   <div class='ocr_carea' id='block_1_1' title="bbox 395 408 494 465">
    <p class='ocr_par' dir='ltr' id='par_1_1' title="bbox 395 408 494 465">
     <span class='ocr_line' id='line_1_1' title="bbox 395 408 494 465; baseline -0.03 0"><span class='ocrx_word' id='word_1_1' title='bbox 395 408 494 465; x_wconf 71' lang='grc'><strong>201</strong></span> 
     </span>
    </p>
   </div>
   <div class='ocr_carea' id='block_1_2' title="bbox 1582 391 2434 454">
    <p class='ocr_par' dir='ltr' id='par_1_2' title="bbox 1582 391 2434 454">
     <span class='ocr_line' id='line_1_2' title="bbox 1582 391 2434 454; baseline -0.005 -2"><span class='ocrx_word' id='word_1_2' title='bbox 1582 397 1648 452; x_wconf 88' lang='lat' dir='ltr'><strong>IN</strong></span> <span class='ocrx_word' id='word_1_3' title='bbox 1681 391 1978 454; x_wconf 80' lang='lat' dir='ltr'><strong>GENESIM</strong></span> <span class='ocrx_word' id='word_1_4' title='bbox 2013 392 2294 451; x_wconf 81' lang='lat' dir='ltr'><strong>IIOMILIA</strong></span> <span class='ocrx_word' id='word_1_5' title='bbox 2328 394 2434 450; x_wconf 77' lang='lat' dir='ltr'><strong>VII.</strong></span> 
     </span>
    </p>
   </div>
   <div class='ocr_carea' id='block_1_3' title="bbox 3527 402 3634 460">
    <p class='ocr_par' dir='ltr' id='par_1_3' title="bbox 3527 402 3634 460">
     <span class='ocr_line' id='line_1_3' title="bbox 3527 402 3634 460; baseline 0.037 -4"><span class='ocrx_word' id='word_1_6' title='bbox 3527 402 3634 460; x_wconf 70' lang='lat'><strong>202</strong></span> 
     </span>
    </p>
   </div>
   <div class='ocr_carea' id='block_1_4' title="bbox 399 514 3637 598">
    <p class='ocr_par' dir='ltr' id='par_1_4' title="bbox 399 514 3637 598">
     <span class='ocr_line' id='line_1_4' title="bbox 399 514 3637 598; baseline -0.002 -13"><span class='ocrx_word' id='word_1_7' title='bbox 399 530 499 586; x_wconf 86' lang='lat' dir='ltr'><strong>sub</strong></span> <span class='ocrx_word' id='word_1_8' title='bbox 525 527 705 598; x_wconf 88' lang='lat' dir='ltr'><strong>specie</strong></span> <span class='ocrx_word' id='word_1_9' title='bbox 725 527 836 582; x_wconf 92' lang='lat' dir='ltr'><strong>ludi</strong></span> <span class='ocrx_word' id='word_1_10' title='bbox 862 525 1112 583; x_wconf 81' lang='lat' dir='ltr'><strong>blandam</strong></span> <span class='ocrx_word' id='word_1_11' title='bbox 1136 523 1566 594; x_wconf 90' lang='lat' dir='ltr'><strong>persecutionem</strong></span> <span class='ocrx_word' id='word_1_12' title='bbox 1599 521 1665 574; x_wconf 90' lang='lat' dir='ltr'><strong>ab</strong></span> <span class='ocrx_word' id='word_1_13' title='bbox 1700 518 1964 590; x_wconf 85' lang='lat' dir='ltr'><strong>injustilia</strong></span> <span class='ocrx_word' id='word_1_14' title='bbox 1992 515 2040 574; x_wconf 87' lang='lat' dir='ltr'><strong>A</strong></span> <span class='ocrx_word' id='word_1_15' title='bbox 2065 525 2224 584; x_wconf 86' lang='lat' dir='ltr'><strong>gnata</strong></span> <span class='ocrx_word' id='word_1_16' title='bbox 2254 525 2338 572; x_wconf 89' lang='lat' dir='ltr'><strong>est</strong></span> <span class='ocrx_word' id='word_1_17' title='bbox 2380 516 2542 582; x_wconf 90' lang='lat' dir='ltr'><strong>Sara,</strong></span> <span class='ocrx_word' id='word_1_18' title='bbox 2567 515 2870 572; x_wconf 91' lang='lat' dir='ltr'><strong>videamus.</strong></span> <span class='ocrx_word' id='word_1_19' title='bbox 2916 514 3076 586; x_wconf 88' lang='lat' dir='ltr'><strong>Ejieit</strong></span> <span class='ocrx_word' id='word_1_20' title='bbox 3121 519 3372 576; x_wconf 90' lang='lat' dir='ltr'><strong>ancillam</strong></span> <span class='ocrx_word' id='word_1_21' title='bbox 3422 522 3536 593; x_wconf 77' lang='lat'><strong>80</strong></span> <span class='ocrx_word' id='word_1_22' title='bbox 3579 537 3637 579; x_wconf 84' lang='lat' dir='ltr'><strong>et</strong></span> 
     </span>
    </p>
   </div>
   <div class='ocr_carea' id='block_1_5' title="bbox 399 610 1963 689">
    <p class='ocr_par' dir='ltr' id='par_1_5' title="bbox 399 610 1963 689">
     <span class='ocr_line' id='line_1_5' title="bbox 399 610 1963 689; baseline -0.006 -15"><span class='ocrx_word' id='word_1_23' title='bbox 399 619 624 689; x_wconf 87' lang='lat' dir='ltr'><strong>pateris.</strong></span> <span class='ocrx_word' id='word_1_24' title='bbox 666 617 865 674; x_wconf 78' lang='lat' dir='ltr'><strong>Verum</strong></span> <span class='ocrx_word' id='word_1_25' title='bbox 921 627 977 672; x_wconf 91' lang='lat' dir='ltr'><strong>et</strong></span> <span class='ocrx_word' id='word_1_26' title='bbox 1027 631 1122 684; x_wconf 91' lang='lat' dir='ltr'><strong>per</strong></span> <span class='ocrx_word' id='word_1_27' title='bbox 1164 612 1406 682; x_wconf 79' lang='lat' dir='ltr'><strong>singulas</strong></span> <span class='ocrx_word' id='word_1_28' title='bbox 1456 611 1676 666; x_wconf 81' lang='lat' dir='ltr'><strong>malitiae</strong></span> <span class='ocrx_word' id='word_1_29' title='bbox 1732 610 1963 679; x_wconf 83' lang='lat' dir='ltr'><strong>species,</strong></span> 
     </span>
    </p>
   </div>
   <div class='ocr_carea' id='block_1_6' title="bbox 398 702 1968 770">
    <p class='ocr_par' dir='ltr' id='par_1_6' title="bbox 398 702 1968 770">
     <span class='ocr_line' id='line_1_6' title="bbox 398 702 1968 770; baseline -0.007 -2"><span class='ocrx_word' id='word_1_30' title='bbox 398 710 612 767; x_wconf 88' lang='lat' dir='ltr'><strong>etiamsi</strong></span> <span class='ocrx_word' id='word_1_31' title='bbox 645 709 830 766; x_wconf 90' lang='lat' dir='ltr'><strong>molles</strong></span> <span class='ocrx_word' id='word_1_32' title='bbox 855 719 910 764; x_wconf 88' lang='lat' dir='ltr'><strong>et</strong></span> <span class='ocrx_word' id='word_1_33' title='bbox 949 708 1200 763; x_wconf 79' lang='lat' dir='ltr'><strong>delicata:</strong></span> <span class='ocrx_word' id='word_1_34' title='bbox 1237 705 1345 761; x_wconf 90' lang='lat' dir='ltr'><strong>sint</strong></span> <span class='ocrx_word' id='word_1_35' title='bbox 1370 714 1425 760; x_wconf 92' lang='lat' dir='ltr'><strong>et</strong></span> <span class='ocrx_word' id='word_1_36' title='bbox 1460 704 1587 758; x_wconf 92' lang='lat' dir='ltr'><strong>ludo</strong></span> <span class='ocrx_word' id='word_1_37' title='bbox 1615 702 1840 770; x_wconf 88' lang='lat' dir='ltr'><strong>similes,</strong></span> <span class='ocrx_word' id='word_1_38' title='bbox 1871 704 1968 757; x_wconf 88' lang='lat' dir='ltr'><strong>has</strong></span> 
     </span>
    </p>
   </div>
   <div class='ocr_carea' id='block_1_7' title="bbox 399 793 1969 870">
    <p class='ocr_par' dir='ltr' id='par_1_7' title="bbox 399 793 1969 870">
     <span class='ocr_line' id='line_1_7' title="bbox 399 793 1969 870; baseline -0.004 -15"><span class='ocrx_word' id='word_1_39' title='bbox 399 799 831 870; x_wconf 72' lang='lat' dir='ltr'><strong>persecutionem</strong></span> <span class='ocrx_word' id='word_1_40' title='bbox 863 799 1085 868; x_wconf 76' lang='lat' dir='ltr'><strong>spiritus</strong></span> <span class='ocrx_word' id='word_1_41' title='bbox 1114 798 1312 861; x_wconf 87' lang='lat' dir='ltr'><strong>dicito,</strong></span> <span class='ocrx_word' id='word_1_42' title='bbox 1359 795 1485 865; x_wconf 86' lang='lat' dir='ltr'><strong>quia</strong></span> <span class='ocrx_word' id='word_1_43' title='bbox 1519 795 1572 848; x_wconf 90' lang='lat' dir='ltr'><strong>in</strong></span> <span class='ocrx_word' id='word_1_44' title='bbox 1601 794 1686 849; x_wconf 88' lang='lat' dir='ltr'><strong>his</strong></span> <span class='ocrx_word' id='word_1_45' title='bbox 1715 793 1969 850; x_wconf 88' lang='lat' dir='ltr'><strong>omnibus</strong></span> 
     </span>
    </p>
   </div>
   <div class='ocr_carea' id='block_1_8' title="bbox 398 888 915 946">
    <p class='ocr_par' dir='ltr' id='par_1_8' title="bbox 398 888 915 946">
     <span class='ocr_line' id='line_1_8' title="bbox 398 888 915 946; baseline -0.004 -2"><span class='ocrx_word' id='word_1_46' title='bbox 398 890 574 946; x_wconf 89' lang='lat' dir='ltr'><strong>virtus</strong></span> <span class='ocrx_word' id='word_1_47' title='bbox 601 888 915 945; x_wconf 83' lang='lat' dir='ltr'><strong>oll‘enditur.</strong></span> 
     </span>
    </p>
   </div>
   <div class='ocr_carea' id='block_1_9' title="bbox 469 975 1969 1053">
    <p class='ocr_par' dir='ltr' id='par_1_9' title="bbox 469 975 1969 1053">
     <span class='ocr_line' id='line_1_9' title="bbox 469 975 1969 1053; baseline -0.003 -16"><span class='ocrx_word' id='word_1_48' title='bbox 469 983 524 1037; x_wconf 93' lang='grc'><strong>4.</strong></span> <span class='ocrx_word' id='word_1_49' title='bbox 559 983 676 1038; x_wconf 91' lang='lat' dir='ltr'><strong>Duo</strong></span> <span class='ocrx_word' id='word_1_50' title='bbox 705 990 832 1036; x_wconf 89' lang='lat' dir='ltr'><strong>sunt</strong></span> <span class='ocrx_word' id='word_1_51' title='bbox 862 997 994 1053; x_wconf 86' lang='lat' dir='ltr'><strong>ergo</strong></span> <span class='ocrx_word' id='word_1_52' title='bbox 1021 981 1116 1036; x_wconf 80' lang='lat' dir='ltr'><strong>lilii</strong></span> <span class='ocrx_word' id='word_1_53' title='bbox 1145 980 1419 1036; x_wconf 84' lang='lat' dir='ltr'><strong>Abraham</strong></span> <span class='ocrx_word' id='word_1_54' title='bbox 1445 1021 1460 1046; x_wconf 92' lang='lat'><strong>,</strong></span> <span class='ocrx_word' id='word_1_55' title='bbox 1498 993 1638 1033; x_wconf 90' lang='lat' dir='ltr'><strong>unus</strong></span> <span class='ocrx_word' id='word_1_56' title='bbox 1671 979 1738 1033; x_wconf 89' lang='lat' dir='ltr'><strong>de</strong></span> <span class='ocrx_word' id='word_1_57' title='bbox 1771 975 1969 1032; x_wconf 86' lang='lat' dir='ltr'><strong>ancilla</strong></span> 
     </span>
    </p>
   </div>
   <div class='ocr_carea' id='block_1_10' title="bbox 398 1070 1967 1142">
    <p class='ocr_par' dir='ltr' id='par_1_10' title="bbox 398 1070 1967 1142">
     <span class='ocr_line' id='line_1_10' title="bbox 398 1070 1967 1142; baseline -0.004 -13"><span class='ocrx_word' id='word_1_58' title='bbox 398 1083 453 1130; x_wconf 87' lang='lat' dir='ltr'><strong>et</strong></span> <span class='ocrx_word' id='word_1_59' title='bbox 477 1089 616 1128; x_wconf 88' lang='lat' dir='ltr'><strong>unus</strong></span> <span class='ocrx_word' id='word_1_60' title='bbox 642 1074 708 1128; x_wconf 91' lang='lat' dir='ltr'><strong>de</strong></span> <span class='ocrx_word' id='word_1_61' title='bbox 735 1073 902 1128; x_wconf 88' lang='lat' dir='ltr'><strong>libera</strong></span> <span class='ocrx_word' id='word_1_62' title='bbox 935 1091 949 1128; x_wconf 91' lang='lat'><strong>:</strong></span> <span class='ocrx_word' id='word_1_63' title='bbox 986 1083 1213 1142; x_wconf 90' lang='lat' dir='ltr'><strong>uterque</strong></span> <span class='ocrx_word' id='word_1_64' title='bbox 1267 1081 1446 1127; x_wconf 85' lang='lat' dir='ltr'><strong>tamen</strong></span> <span class='ocrx_word' id='word_1_65' title='bbox 1495 1071 1637 1126; x_wconf 79' lang='lat' dir='ltr'><strong>filius</strong></span> <span class='ocrx_word' id='word_1_66' title='bbox 1669 1070 1967 1135; x_wconf 83' lang='lat' dir='ltr'><strong>Abraham,</strong></span> 
     </span>
    </p>
   </div>
   <div class='ocr_carea' id='block_1_11' title="bbox 329 1159 1970 1242">
    <p class='ocr_par' dir='ltr' id='par_1_11' title="bbox 329 1159 1970 1242">
     <span class='ocr_line' id='line_1_11' title="bbox 329 1159 1970 1242; baseline -0.004 -22"><span class='ocrx_word' id='word_1_67' title='bbox 329 1235 343 1242; x_wconf 82' lang='lat'><em>_</em></span> <span class='ocrx_word' id='word_1_68' title='bbox 398 1165 529 1220; x_wconf 89' lang='lat' dir='ltr'><strong>licet</strong></span> <span class='ocrx_word' id='word_1_69' title='bbox 555 1179 662 1218; x_wconf 90' lang='lat' dir='ltr'><strong>non</strong></span> <span class='ocrx_word' id='word_1_70' title='bbox 693 1173 924 1232; x_wconf 90' lang='lat' dir='ltr'><strong>uterque</strong></span> <span class='ocrx_word' id='word_1_71' title='bbox 962 1166 1032 1219; x_wconf 90' lang='lat' dir='ltr'><strong>de</strong></span> <span class='ocrx_word' id='word_1_72' title='bbox 1073 1163 1263 1218; x_wconf 91' lang='lat' dir='ltr'><strong>libera.</strong></span> <span class='ocrx_word' id='word_1_73' title='bbox 1299 1164 1589 1233; x_wconf 82' lang='lat' dir='ltr'><strong>Propterea</strong></span> <span class='ocrx_word' id='word_1_74' title='bbox 1620 1170 1674 1217; x_wconf 89' lang='lat' dir='ltr'><strong>et</strong></span> <span class='ocrx_word' id='word_1_75' title='bbox 1704 1162 1749 1216; x_wconf 89' lang='lat' dir='ltr'><strong>is</strong></span> <span class='ocrx_word' id='word_1_76' title='bbox 1777 1159 1870 1230; x_wconf 89' lang='lat' dir='ltr'><strong>qui</strong></span> <span class='ocrx_word' id='word_1_77' title='bbox 1904 1162 1970 1214; x_wconf 91' lang='lat' dir='ltr'><strong>de</strong></span> 
     </span>
    </p>
   </div>
   <div class='ocr_carea' id='block_1_12' title="bbox 398 1251 1970 1326">
    <p class='ocr_par' dir='ltr' id='par_1_12' title="bbox 398 1251 1970 1326">
     <span class='ocr_line' id='line_1_12' title="bbox 398 1251 1970 1326; baseline -0.003 -14"><span class='ocrx_word' id='word_1_78' title='bbox 398 1257 596 1312; x_wconf 85' lang='lat' dir='ltr'><strong>ancilla</strong></span> <span class='ocrx_word' id='word_1_79' title='bbox 633 1257 893 1322; x_wconf 88' lang='lat' dir='ltr'><strong>nascitur,</strong></span> <span class='ocrx_word' id='word_1_80' title='bbox 943 1257 1117 1311; x_wconf 74' lang='lat' dir='ltr'><strong>haeres</strong></span> <span class='ocrx_word' id='word_1_81' title='bbox 1165 1256 1380 1326; x_wconf 87' lang='lat' dir='ltr'><strong>quidem</strong></span> <span class='ocrx_word' id='word_1_82' title='bbox 1424 1271 1529 1310; x_wconf 90' lang='lat' dir='ltr'><strong>non</strong></span> <span class='ocrx_word' id='word_1_83' title='bbox 1576 1255 1636 1308; x_wconf 86' lang='lat' dir='ltr'><strong>lit</strong></span> <span class='ocrx_word' id='word_1_84' title='bbox 1681 1269 1803 1310; x_wconf 90' lang='lat' dir='ltr'><strong>cum</strong></span> <span class='ocrx_word' id='word_1_85' title='bbox 1862 1251 1970 1308; x_wconf 84' lang='lat' dir='ltr'><strong>lilio</strong></span> 
     </span>
    </p>
   </div>
   <div class='ocr_carea' id='block_1_13' title="bbox 400 1343 1968 1417">
    <p class='ocr_par' dir='ltr' id='par_1_13' title="bbox 400 1343 1968 1417">
     <span class='ocr_line' id='line_1_13' title="bbox 400 1343 1968 1417; baseline -0.004 -15"><span class='ocrx_word' id='word_1_86' title='bbox 400 1347 622 1413; x_wconf 70' lang='lat' dir='ltr'><strong>liberte,</strong></span> <span class='ocrx_word' id='word_1_87' title='bbox 655 1346 866 1417; x_wconf 89' lang='lat' dir='ltr'><strong>accepit</strong></span> <span class='ocrx_word' id='word_1_88' title='bbox 913 1355 1093 1400; x_wconf 88' lang='lat' dir='ltr'><strong>tamen</strong></span> <span class='ocrx_word' id='word_1_89' title='bbox 1128 1346 1269 1400; x_wconf 90' lang='lat' dir='ltr'><strong>dona</strong></span> <span class='ocrx_word' id='word_1_90' title='bbox 1303 1355 1359 1399; x_wconf 90' lang='lat' dir='ltr'><strong>et</strong></span> <span class='ocrx_word' id='word_1_91' title='bbox 1396 1360 1501 1400; x_wconf 90' lang='lat' dir='ltr'><strong>non</strong></span> <span class='ocrx_word' id='word_1_92' title='bbox 1547 1343 1839 1398; x_wconf 87' lang='lat' dir='ltr'><strong>dimittitur</strong></span> <span class='ocrx_word' id='word_1_93' title='bbox 1872 1358 1968 1396; x_wconf 84' lang='lat' dir='ltr'><strong>va-</strong></span> 
     </span>
    </p>
   </div>
   <div class='ocr_carea' id='block_1_14' title="bbox 400 1436 1971 1509">
    <p class='ocr_par' dir='ltr' id='par_1_14' title="bbox 400 1436 1971 1509">
     <span class='ocr_line' id='line_1_14' title="bbox 400 1436 1971 1509; baseline -0.002 -14"><span class='ocrx_word' id='word_1_94' title='bbox 400 1455 557 1495; x_wconf 89' lang='lat' dir='ltr'><strong>cuus.</strong></span> <span class='ocrx_word' id='word_1_95' title='bbox 601 1438 827 1509; x_wconf 86' lang='lat' dir='ltr'><strong>Accepit</strong></span> <span class='ocrx_word' id='word_1_96' title='bbox 878 1446 932 1493; x_wconf 90' lang='lat' dir='ltr'><strong>et</strong></span> <span class='ocrx_word' id='word_1_97' title='bbox 968 1439 1083 1507; x_wconf 87' lang='lat' dir='ltr'><strong>ipse</strong></span> <span class='ocrx_word' id='word_1_98' title='bbox 1144 1437 1613 1504; x_wconf 89' lang='lat' dir='ltr'><strong>benedictionem,</strong></span> <span class='ocrx_word' id='word_1_99' title='bbox 1681 1437 1776 1492; x_wconf 89' lang='lat' dir='ltr'><strong>sed</strong></span> <span class='ocrx_word' id='word_1_100' title='bbox 1830 1436 1971 1492; x_wconf 82' lang='lat' dir='ltr'><strong>ﬁlius</strong></span> 
     </span>
    </p>
   </div>
   <div class='ocr_carea' id='block_1_15' title="bbox 401 1527 1967 1600">
    <p class='ocr_par' dir='ltr' id='par_1_15' title="bbox 401 1527 1967 1600">
     <span class='ocr_line' id='line_1_15' title="bbox 401 1527 1967 1600; baseline -0.001 -16"><span class='ocrx_word' id='word_1_101' title='bbox 401 1529 590 1584; x_wconf 63' lang='lat' dir='ltr'><strong>liberae</strong></span> <span class='ocrx_word' id='word_1_102' title='bbox 629 1530 834 1599; x_wconf 91' lang='lat' dir='ltr'><strong>accepit</strong></span> <span class='ocrx_word' id='word_1_103' title='bbox 864 1529 1371 1599; x_wconf 89' lang='lat' dir='ltr'><strong>repromissionem.</strong></span> <span class='ocrx_word' id='word_1_104' title='bbox 1399 1529 1490 1583; x_wconf 54' lang='lat' dir='ltr'><strong>It‘it</strong></span> <span class='ocrx_word' id='word_1_105' title='bbox 1522 1538 1577 1583; x_wconf 93' lang='lat' dir='ltr'><strong>et</strong></span> <span class='ocrx_word' id='word_1_106' title='bbox 1613 1527 1700 1582; x_wconf 91' lang='lat' dir='ltr'><strong>ille</strong></span> <span class='ocrx_word' id='word_1_107' title='bbox 1740 1527 1878 1600; x_wconf 83' lang='grc'><strong>(59)</strong></span> <span class='ocrx_word' id='word_1_108' title='bbox 1915 1529 1967 1583; x_wconf 93' lang='lat' dir='ltr'><strong>in</strong></span> 
     </span>
    </p>
   </div>
   <div class='ocr_carea' id='block_1_16' title="bbox 400 1621 1965 1692">
    <p class='ocr_par' dir='ltr' id='par_1_16' title="bbox 400 1621 1965 1692">
     <span class='ocr_line' id='line_1_16' title="bbox 400 1621 1965 1692; baseline 0.001 -17"><span class='ocrx_word' id='word_1_109' title='bbox 400 1629 618 1692; x_wconf 85' lang='lat' dir='ltr'><strong>gentem</strong></span> <span class='ocrx_word' id='word_1_110' title='bbox 645 1637 916 1692; x_wconf 86' lang='lat' dir='ltr'><strong>magnam,</strong></span> <span class='ocrx_word' id='word_1_111' title='bbox 966 1623 1060 1678; x_wconf 92' lang='lat' dir='ltr'><strong>sed</strong></span> <span class='ocrx_word' id='word_1_112' title='bbox 1100 1623 1204 1677; x_wconf 90' lang='lat' dir='ltr'><strong>iste</strong></span> <span class='ocrx_word' id='word_1_113' title='bbox 1248 1622 1301 1676; x_wconf 94' lang='lat' dir='ltr'><strong>in</strong></span> <span class='ocrx_word' id='word_1_114' title='bbox 1348 1622 1605 1691; x_wconf 85' lang='lat' dir='ltr'><strong>populum</strong></span> <span class='ocrx_word' id='word_1_115' title='bbox 1643 1621 1965 1690; x_wconf 83' lang='lat' dir='ltr'><strong>adoptionis.</strong></span> 
     </span>
    </p>
   </div>
   <div class='ocr_carea' id='block_1_17' title="bbox 399 1713 1966 1784">
    <p class='ocr_par' dir='ltr' id='par_1_17' title="bbox 399 1713 1966 1784">
     <span class='ocr_line' id='line_1_17' title="bbox 399 1713 1966 1784; baseline 0.001 -17"><span class='ocrx_word' id='word_1_116' title='bbox 399 1713 734 1782; x_wconf 88' lang='lat' dir='ltr'><strong>Spiritaliter</strong></span> <span class='ocrx_word' id='word_1_117' title='bbox 797 1728 928 1784; x_wconf 90' lang='lat' dir='ltr'><strong>ergo</strong></span> <span class='ocrx_word' id='word_1_118' title='bbox 973 1728 1165 1769; x_wconf 89' lang='lat' dir='ltr'><strong>omnes</strong></span> <span class='ocrx_word' id='word_1_119' title='bbox 1218 1713 1436 1783; x_wconf 89' lang='lat' dir='ltr'><strong>quidem</strong></span> <span class='ocrx_word' id='word_1_120' title='bbox 1503 1713 1596 1784; x_wconf 85' lang='lat' dir='ltr'><strong>qui</strong></span> <span class='ocrx_word' id='word_1_121' title='bbox 1659 1729 1756 1783; x_wconf 86' lang='lat' dir='ltr'><strong>per</strong></span> <span class='ocrx_word' id='word_1_122' title='bbox 1810 1713 1966 1769; x_wconf 77' lang='lat' dir='ltr'><strong>[idem</strong></span> 
     </span>
    </p>
   </div>
   <div class='ocr_carea' id='block_1_18' title="bbox 397 1804 1968 1874">
    <p class='ocr_par' dir='ltr' id='par_1_18' title="bbox 397 1804 1968 1874">
     <span class='ocr_line' id='line_1_18' title="bbox 397 1804 1968 1874; baseline 0.001 -16"><span class='ocrx_word' id='word_1_123' title='bbox 397 1805 622 1859; x_wconf 88' lang='lat' dir='ltr'><strong>veniunt</strong></span> <span class='ocrx_word' id='word_1_124' title='bbox 651 1805 718 1858; x_wconf 91' lang='lat' dir='ltr'><strong>ad</strong></span> <span class='ocrx_word' id='word_1_125' title='bbox 755 1805 1085 1873; x_wconf 78' lang='lat' dir='ltr'><strong>agnitionem</strong></span> <span class='ocrx_word' id='word_1_126' title='bbox 1140 1805 1256 1871; x_wconf 89' lang='lat' dir='ltr'><strong>Dei,</strong></span> <span class='ocrx_word' id='word_1_127' title='bbox 1313 1815 1540 1874; x_wconf 90' lang='lat' dir='ltr'><strong>possunt</strong></span> <span class='ocrx_word' id='word_1_128' title='bbox 1592 1805 1686 1858; x_wconf 82' lang='lat' dir='ltr'><strong>lilii</strong></span> <span class='ocrx_word' id='word_1_129' title='bbox 1737 1804 1968 1859; x_wconf 64' lang='lat' dir='ltr'><strong>Abrahae</strong></span> 
     </span>
    </p>
   </div>
   <div class='ocr_carea' id='block_1_19' title="bbox 397 1894 1966 1965">
    <p class='ocr_par' dir='ltr' id='par_1_19' title="bbox 397 1894 1966 1965">
     <span class='ocr_line' id='line_1_19' title="bbox 397 1894 1966 1965; baseline 0 -16"><span class='ocrx_word' id='word_1_130' title='bbox 397 1896 530 1951; x_wconf 82' lang='lat' dir='ltr'><strong>dici.</strong></span> <span class='ocrx_word' id='word_1_131' title='bbox 568 1894 673 1949; x_wconf 90' lang='lat' dir='ltr'><strong>Sed</strong></span> <span class='ocrx_word' id='word_1_132' title='bbox 705 1895 758 1949; x_wconf 90' lang='lat' dir='ltr'><strong>iu</strong></span> <span class='ocrx_word' id='word_1_133' title='bbox 797 1895 882 1950; x_wconf 90' lang='lat' dir='ltr'><strong>his</strong></span> <span class='ocrx_word' id='word_1_134' title='bbox 916 1895 1226 1964; x_wconf 87' lang='lat' dir='ltr'><strong>suntaliqui</strong></span> <span class='ocrx_word' id='word_1_135' title='bbox 1257 1909 1354 1965; x_wconf 87' lang='lat' dir='ltr'><strong>pro</strong></span> <span class='ocrx_word' id='word_1_136' title='bbox 1383 1896 1652 1950; x_wconf 85' lang='lat' dir='ltr'><strong>charitate</strong></span> <span class='ocrx_word' id='word_1_137' title='bbox 1681 1896 1966 1950; x_wconf 64' lang='lat' dir='ltr'><strong>adhaeren-</strong></span> 
     </span>
    </p>
   </div>
   <div class='ocr_carea' id='block_1_20' title="bbox 400 1987 1966 2058">
    <p class='ocr_par' dir='ltr' id='par_1_20' title="bbox 400 1987 1966 2058">
     <span class='ocr_line' id='line_1_20' title="bbox 400 1987 1966 2058; baseline -0.002 -14"><span class='ocrx_word' id='word_1_138' title='bbox 400 1998 482 2044; x_wconf 90' lang='lat' dir='ltr'><strong>tes</strong></span> <span class='ocrx_word' id='word_1_139' title='bbox 533 1988 664 2057; x_wconf 88' lang='lat' dir='ltr'><strong>Deo,</strong></span> <span class='ocrx_word' id='word_1_140' title='bbox 711 1988 800 2043; x_wconf 86' lang='lat' dir='ltr'><strong>alii</strong></span> <span class='ocrx_word' id='word_1_141' title='bbox 855 2004 954 2058; x_wconf 93' lang='lat' dir='ltr'><strong>pro</strong></span> <span class='ocrx_word' id='word_1_142' title='bbox 1006 1999 1150 2044; x_wconf 88' lang='lat' dir='ltr'><strong>metu</strong></span> <span class='ocrx_word' id='word_1_143' title='bbox 1198 2000 1254 2044; x_wconf 87' lang='lat' dir='ltr'><strong>et</strong></span> <span class='ocrx_word' id='word_1_144' title='bbox 1303 1989 1496 2043; x_wconf 84' lang='lat' dir='ltr'><strong>timore</strong></span> <span class='ocrx_word' id='word_1_145' title='bbox 1527 1987 1694 2041; x_wconf 81' lang='lat' dir='ltr'><strong>futuri</strong></span> <span class='ocrx_word' id='word_1_146' title='bbox 1751 1987 1966 2056; x_wconf 86' lang='lat' dir='ltr'><strong>judicii.</strong></span> 
     </span>
    </p>
   </div>
   <div class='ocr_carea' id='block_1_21' title="bbox 400 2079 1970 2150">
    <p class='ocr_par' dir='ltr' id='par_1_21' title="bbox 400 2079 1970 2150">
     <span class='ocr_line' id='line_1_21' title="bbox 400 2079 1970 2150; baseline -0.003 -11"><span class='ocrx_word' id='word_1_147' title='bbox 400 2082 555 2139; x_wconf 89' lang='lat' dir='ltr'><strong>Unde</strong></span> <span class='ocrx_word' id='word_1_148' title='bbox 587 2091 642 2137; x_wconf 92' lang='lat' dir='ltr'><strong>et</strong></span> <span class='ocrx_word' id='word_1_149' title='bbox 677 2081 953 2150; x_wconf 87' lang='lat' dir='ltr'><strong>apostolus</strong></span> <span class='ocrx_word' id='word_1_150' title='bbox 981 2080 1220 2139; x_wconf 84' lang='lat' dir='ltr'><strong>Joannes</strong></span> <span class='ocrx_word' id='word_1_151' title='bbox 1251 2081 1382 2135; x_wconf 87' lang='lat' dir='ltr'><strong>dicit</strong></span> <span class='ocrx_word' id='word_1_152' title='bbox 1403 2082 1448 2113; x_wconf 77' lang='lat'>“</span> <span class='ocrx_word' id='word_1_153' title='bbox 1479 2098 1493 2134; x_wconf 89' lang='lat'><strong>:</strong></span> <span class='ocrx_word' id='word_1_154' title='bbox 1529 2079 1633 2144; x_wconf 97' lang='lat' dir='ltr'><strong>Qui</strong></span> <span class='ocrx_word' id='word_1_155' title='bbox 1660 2080 1838 2146; x_wconf 80' lang='lat' dir='ltr'><strong>timet,</strong></span> <span class='ocrx_word' id='word_1_156' title='bbox 1867 2098 1970 2134; x_wconf 82' lang='lat' dir='ltr'><strong>non</strong></span> 
     </span>
    </p>
   </div>
   <div class='ocr_carea' id='block_1_22' title="bbox 399 2167 1968 2238">
    <p class='ocr_par' dir='ltr' id='par_1_22' title="bbox 399 2167 1968 2238">
     <span class='ocr_line' id='line_1_22' title="bbox 399 2167 1968 2238; baseline -0.001 -14"><span class='ocrx_word' id='word_1_157' title='bbox 399 2180 476 2225; x_wconf 83' lang='lat' dir='ltr'><strong>est</strong></span> <span class='ocrx_word' id='word_1_158' title='bbox 524 2171 786 2238; x_wconf 82' lang='lat' dir='ltr'><strong>perfectus</strong></span> <span class='ocrx_word' id='word_1_159' title='bbox 836 2171 891 2223; x_wconf 89' lang='lat' dir='ltr'><strong>in</strong></span> <span class='ocrx_word' id='word_1_160' title='bbox 925 2171 1206 2224; x_wconf 84' lang='lat' dir='ltr'><strong>clmritate.</strong></span> <span class='ocrx_word' id='word_1_161' title='bbox 1254 2167 1498 2238; x_wconf 78' lang='lat' dir='ltr'><strong>Perfecta</strong></span> <span class='ocrx_word' id='word_1_162' title='bbox 1540 2178 1714 2222; x_wconf 80' lang='lat' dir='ltr'><strong>autent</strong></span> <span class='ocrx_word' id='word_1_163' title='bbox 1759 2169 1968 2223; x_wconf 79' lang='lat' dir='ltr'><strong>dilectio</strong></span> 
     </span>
    </p>
   </div>
   <div class='ocr_carea' id='block_1_23' title="bbox 399 2259 1970 2329">
    <p class='ocr_par' dir='ltr' id='par_1_23' title="bbox 399 2259 1970 2329">
     <span class='ocr_line' id='line_1_23' title="bbox 399 2259 1970 2329; baseline 0.003 -18"><span class='ocrx_word' id='word_1_164' title='bbox 399 2261 542 2326; x_wconf 84' lang='lat' dir='ltr'><strong>[oras</strong></span> <span class='ocrx_word' id='word_1_165' title='bbox 590 2259 749 2313; x_wconf 79' lang='lat' dir='ltr'><strong>mittit</strong></span> <span class='ocrx_word' id='word_1_166' title='bbox 803 2260 1064 2313; x_wconf 82' lang='lat' dir='ltr'><strong>timerem.</strong></span> <span class='ocrx_word' id='word_1_167' title='bbox 1124 2259 1232 2314; x_wconf 89' lang='lat' dir='ltr'><strong>Iste</strong></span> <span class='ocrx_word' id='word_1_168' title='bbox 1261 2274 1392 2329; x_wconf 89' lang='lat' dir='ltr'><strong>ergo</strong></span> <span class='ocrx_word' id='word_1_169' title='bbox 1440 2261 1530 2328; x_wconf 89' lang='lat' dir='ltr'><strong>qui</strong></span> <span class='ocrx_word' id='word_1_170' title='bbox 1594 2259 1646 2313; x_wconf 91' lang='lat' dir='ltr'><strong>in</strong></span> <span class='ocrx_word' id='word_1_171' title='bbox 1699 2260 1970 2316; x_wconf 88' lang='lat' dir='ltr'><strong>cbaritate</strong></span> 
     </span>
    </p>
   </div>
   <div class='ocr_carea' id='block_1_24' title="bbox 400 2351 1969 2420">
    <p class='ocr_par' dir='ltr' id='par_1_24' title="bbox 400 2351 1969 2420">
     <span class='ocr_line' id='line_1_24' title="bbox 400 2351 1969 2420; baseline 0.004 -17"><span class='ocrx_word' id='word_1_172' title='bbox 400 2352 669 2420; x_wconf 82' lang='lat' dir='ltr'><strong>perfectus</strong></span> <span class='ocrx_word' id='word_1_173' title='bbox 710 2359 812 2417; x_wconf 91' lang='lat' dir='ltr'><strong>est,</strong></span> <span class='ocrx_word' id='word_1_174' title='bbox 868 2361 921 2406; x_wconf 90' lang='lat' dir='ltr'><strong>et</strong></span> <span class='ocrx_word' id='word_1_175' title='bbox 973 2353 1040 2406; x_wconf 93' lang='lat' dir='ltr'><strong>de</strong></span> <span class='ocrx_word' id='word_1_176' title='bbox 1101 2351 1379 2406; x_wconf 88' lang='lat' dir='ltr'><strong>Abraham</strong></span> <span class='ocrx_word' id='word_1_177' title='bbox 1431 2351 1695 2419; x_wconf 88' lang='lat' dir='ltr'><strong>nascitur,</strong></span> <span class='ocrx_word' id='word_1_178' title='bbox 1742 2364 1795 2408; x_wconf 87' lang='lat' dir='ltr'><strong>et</strong></span> <span class='ocrx_word' id='word_1_179' title='bbox 1828 2352 1969 2408; x_wconf 79' lang='lat' dir='ltr'><strong>illius</strong></span> 
     </span>
    </p>
   </div>
   <div class='ocr_carea' id='block_1_25' title="bbox 399 2442 1969 2513">
    <p class='ocr_par' dir='ltr' id='par_1_25' title="bbox 399 2442 1969 2513">
     <span class='ocr_line' id='line_1_25' title="bbox 399 2442 1969 2513; baseline 0.002 -16"><span class='ocrx_word' id='word_1_180' title='bbox 399 2443 582 2498; x_wconf 73' lang='lat' dir='ltr'><strong>liberae</strong></span> <span class='ocrx_word' id='word_1_181' title='bbox 632 2454 736 2498; x_wconf 90' lang='lat' dir='ltr'><strong>est.</strong></span> <span class='ocrx_word' id='word_1_182' title='bbox 793 2443 892 2509; x_wconf 86' lang='lat' dir='ltr'><strong>Qui</strong></span> <span class='ocrx_word' id='word_1_183' title='bbox 927 2459 1056 2499; x_wconf 84' lang='lat' dir='ltr'><strong>vero</strong></span> <span class='ocrx_word' id='word_1_184' title='bbox 1101 2459 1206 2498; x_wconf 91' lang='lat' dir='ltr'><strong>non</strong></span> <span class='ocrx_word' id='word_1_185' title='bbox 1255 2442 1494 2513; x_wconf 84' lang='lat' dir='ltr'><strong>perfecta</strong></span> <span class='ocrx_word' id='word_1_186' title='bbox 1548 2445 1838 2510; x_wconf 89' lang='lat' dir='ltr'><strong>charitate,</strong></span> <span class='ocrx_word' id='word_1_187' title='bbox 1874 2447 1969 2500; x_wconf 88' lang='lat' dir='ltr'><strong>sed</strong></span> 
     </span>
    </p>
   </div>
   <div class='ocr_carea' id='block_1_26' title="bbox 402 2535 1967 2604">
    <p class='ocr_par' dir='ltr' id='par_1_26' title="bbox 402 2535 1967 2604">
     <span class='ocr_line' id='line_1_26' title="bbox 402 2535 1967 2604; baseline 0.003 -16"><span class='ocrx_word' id='word_1_188' title='bbox 402 2536 601 2589; x_wconf 80' lang='lat' dir='ltr'><strong>futurae</strong></span> <span class='ocrx_word' id='word_1_189' title='bbox 636 2549 810 2603; x_wconf 62' lang='lat' dir='ltr'><strong>pennae</strong></span> <span class='ocrx_word' id='word_1_190' title='bbox 835 2545 982 2589; x_wconf 90' lang='lat' dir='ltr'><strong>metu</strong></span> <span class='ocrx_word' id='word_1_191' title='bbox 1013 2545 1066 2589; x_wconf 91' lang='lat' dir='ltr'><strong>et</strong></span> <span class='ocrx_word' id='word_1_192' title='bbox 1094 2535 1479 2604; x_wconf 88' lang='lat' dir='ltr'><strong>suppliciorum</strong></span> <span class='ocrx_word' id='word_1_193' title='bbox 1506 2537 1698 2590; x_wconf 88' lang='lat' dir='ltr'><strong>timore</strong></span> <span class='ocrx_word' id='word_1_194' title='bbox 1717 2538 1967 2592; x_wconf 89' lang='lat' dir='ltr'><strong>mandata</strong></span> 
     </span>
    </p>
   </div>
   <div class='ocr_carea' id='block_1_27' title="bbox 401 2625 1971 2698">
    <p class='ocr_par' dir='ltr' id='par_1_27' title="bbox 401 2625 1971 2698">
     <span class='ocr_line' id='line_1_27' title="bbox 401 2625 1971 2698; baseline 0.003 -18"><span class='ocrx_word' id='word_1_195' title='bbox 401 2625 664 2690; x_wconf 87' lang='lat' dir='ltr'><strong>custodit,</strong></span> <span class='ocrx_word' id='word_1_196' title='bbox 696 2636 778 2680; x_wconf 88' lang='lat' dir='ltr'><strong>est</strong></span> <span class='ocrx_word' id='word_1_197' title='bbox 804 2627 1023 2695; x_wconf 87' lang='lat' dir='ltr'><strong>quidem</strong></span> <span class='ocrx_word' id='word_1_198' title='bbox 1056 2636 1110 2681; x_wconf 92' lang='lat' dir='ltr'><strong>et</strong></span> <span class='ocrx_word' id='word_1_199' title='bbox 1143 2627 1260 2696; x_wconf 89' lang='lat' dir='ltr'><strong>ipse</strong></span> <span class='ocrx_word' id='word_1_200' title='bbox 1291 2627 1434 2682; x_wconf 81' lang='lat' dir='ltr'><strong>illius</strong></span> <span class='ocrx_word' id='word_1_201' title='bbox 1463 2627 1697 2684; x_wconf 85' lang='lat' dir='ltr'><strong>Abrahae</strong></span> <span class='ocrx_word' id='word_1_202' title='bbox 1725 2668 1740 2693; x_wconf 88' lang='lat'><strong>,</strong></span> <span class='ocrx_word' id='word_1_203' title='bbox 1773 2628 1971 2698; x_wconf 88' lang='lat' dir='ltr'><strong>accipit</strong></span> 
     </span>
    </p>
   </div>
   <div class='ocr_carea' id='block_1_28' title="bbox 397 2717 1967 2795">
    <p class='ocr_par' dir='ltr' id='par_1_28' title="bbox 397 2717 1967 2795">
     <span class='ocr_line' id='line_1_28' title="bbox 397 2717 1967 2795; baseline 0.004 -25"><span class='ocrx_word' id='word_1_204' title='bbox 397 2726 455 2771; x_wconf 88' lang='lat' dir='ltr'><strong>et</strong></span> <span class='ocrx_word' id='word_1_205' title='bbox 487 2717 602 2787; x_wconf 91' lang='lat' dir='ltr'><strong>ipse</strong></span> <span class='ocrx_word' id='word_1_206' title='bbox 653 2718 819 2784; x_wconf 90' lang='lat' dir='ltr'><strong>dona,</strong></span> <span class='ocrx_word' id='word_1_207' title='bbox 868 2719 918 2773; x_wconf 96' lang='lat' dir='ltr'><strong>id</strong></span> <span class='ocrx_word' id='word_1_208' title='bbox 969 2728 1051 2773; x_wconf 87' lang='lat' dir='ltr'><strong>est</strong></span> <span class='ocrx_word' id='word_1_209' title='bbox 1117 2720 1298 2789; x_wconf 82' lang='lat' dir='ltr'><strong>Operis</strong></span> <span class='ocrx_word' id='word_1_210' title='bbox 1339 2721 1423 2795; x_wconf 88' lang='lat' dir='ltr'><strong>sui</strong></span> <span class='ocrx_word' id='word_1_211' title='bbox 1461 2722 1790 2788; x_wconf 80' lang='lat' dir='ltr'><strong>mercedem,</strong></span> <span class='ocrx_word' id='word_1_212' title='bbox 1841 2722 1967 2792; x_wconf 88' lang='lat' dir='ltr'><strong>quia</strong></span> 
     </span>
    </p>
   </div>
   <div class='ocr_carea' id='block_1_29' title="bbox 399 2811 1971 2884">
    <p class='ocr_par' dir='ltr' id='par_1_29' title="bbox 399 2811 1971 2884">
     <span class='ocr_line' id='line_1_29' title="bbox 399 2811 1971 2884; baseline 0.003 -18"><span class='ocrx_word' id='word_1_213' title='bbox 399 2812 560 2866; x_wconf 87' lang='lat' dir='ltr'><strong>etiam</strong></span> <span class='ocrx_word' id='word_1_214' title='bbox 591 2813 681 2881; x_wconf 88' lang='lat' dir='ltr'><strong>qui</strong></span> <span class='ocrx_word' id='word_1_215' title='bbox 711 2811 928 2866; x_wconf 80' lang='lat' dir='ltr'><strong>calicem</strong></span> <span class='ocrx_word' id='word_1_216' title='bbox 972 2829 1122 2882; x_wconf 72' lang='lat' dir='ltr'><strong>aqua:</strong></span> <span class='ocrx_word' id='word_1_217' title='bbox 1155 2813 1367 2884; x_wconf 78' lang='lat' dir='ltr'><strong>frigida:</strong></span> <span class='ocrx_word' id='word_1_218' title='bbox 1411 2815 1613 2869; x_wconf 82' lang='lat' dir='ltr'><strong>dederit</strong></span> <span class='ocrx_word' id='word_1_219' title='bbox 1659 2825 1864 2870; x_wconf 87' lang='lat' dir='ltr'><strong>tantunt</strong></span> <span class='ocrx_word' id='word_1_220' title='bbox 1913 2817 1971 2871; x_wconf 87' lang='lat' dir='ltr'><strong>in</strong></span> 
     </span>
    </p>
   </div>
   <div class='ocr_carea' id='block_1_30' title="bbox 405 2903 1968 2977">
    <p class='ocr_par' dir='ltr' id='par_1_30' title="bbox 405 2903 1968 2977">
     <span class='ocr_line' id='line_1_30' title="bbox 405 2903 1968 2977; baseline 0.006 -23"><span class='ocrx_word' id='word_1_221' title='bbox 405 2903 614 2956; x_wconf 84' lang='lat' dir='ltr'><strong>nomine</strong></span> <span class='ocrx_word' id='word_1_222' title='bbox 645 2903 912 2972; x_wconf 76' lang='lat' dir='ltr'><strong>discipuli,</strong></span> <span class='ocrx_word' id='word_1_223' title='bbox 943 2920 1044 2958; x_wconf 89' lang='lat' dir='ltr'><strong>non</strong></span> <span class='ocrx_word' id='word_1_224' title='bbox 1077 2905 1263 2974; x_wconf 82' lang='lat' dir='ltr'><strong>peribit</strong></span> <span class='ocrx_word' id='word_1_225' title='bbox 1292 2921 1487 2960; x_wconf 89' lang='lat' dir='ltr'><strong>merces</strong></span> <span class='ocrx_word' id='word_1_226' title='bbox 1513 2908 1626 2977; x_wconf 84' lang='lat' dir='ltr'><strong>ejus</strong></span> <span class='ocrx_word' id='word_1_227' title='bbox 1656 2907 1722 2962; x_wconf 80' lang='grc'><strong>³³.</strong></span> <span class='ocrx_word' id='word_1_228' title='bbox 1765 2907 1968 2964; x_wconf 88' lang='lat' dir='ltr'><strong>Tamen</strong></span> 
     </span>
    </p>
   </div>
   <div class='ocr_carea' id='block_1_31' title="bbox 402 2992 1974 3066">
    <p class='ocr_par' dir='ltr' id='par_1_31' title="bbox 402 2992 1974 3066">
     <span class='ocr_line' id='line_1_31' title="bbox 402 2992 1974 3066; baseline 0.007 -21"><span class='ocrx_word' id='word_1_229' title='bbox 402 2992 633 3049; x_wconf 81' lang='lat' dir='ltr'><strong>inferior</strong></span> <span class='ocrx_word' id='word_1_230' title='bbox 661 2994 754 3048; x_wconf 92' lang='lat' dir='ltr'><strong>illo</strong></span> <span class='ocrx_word' id='word_1_231' title='bbox 775 2995 970 3062; x_wconf 89' lang='lat' dir='ltr'><strong>estqui</strong></span> <span class='ocrx_word' id='word_1_232' title='bbox 1003 3010 1107 3049; x_wconf 93' lang='lat' dir='ltr'><strong>non</strong></span> <span class='ocrx_word' id='word_1_233' title='bbox 1143 2996 1324 3051; x_wconf 90' lang='lat' dir='ltr'><strong>servili</strong></span> <span class='ocrx_word' id='word_1_234' title='bbox 1355 2997 1547 3053; x_wconf 89' lang='lat' dir='ltr'><strong>timore</strong></span> <span class='ocrx_word' id='word_1_235' title='bbox 1569 3042 1584 3066; x_wconf 89' lang='lat'><strong>,</strong></span> <span class='ocrx_word' id='word_1_236' title='bbox 1636 2999 1732 3055; x_wconf 89' lang='lat' dir='ltr'><strong>sed</strong></span> <span class='ocrx_word' id='word_1_237' title='bbox 1762 3001 1812 3055; x_wconf 92' lang='lat' dir='ltr'><strong>in</strong></span> <span class='ocrx_word' id='word_1_238' title='bbox 1848 3001 1974 3056; x_wconf 88' lang='lat' dir='ltr'><strong>cha-</strong></span> 
     </span>
    </p>
   </div>
   <div class='ocr_carea' id='block_1_32' title="bbox 402 3084 1968 3162">
    <p class='ocr_par' dir='ltr' id='par_1_32' title="bbox 402 3084 1968 3162">
     <span class='ocr_line' id='line_1_32' title="bbox 402 3084 1968 3162; baseline 0.005 -22"><span class='ocrx_word' id='word_1_239' title='bbox 402 3084 582 3140; x_wconf 87' lang='lat' dir='ltr'><strong>ritatis</strong></span> <span class='ocrx_word' id='word_1_240' title='bbox 631 3086 878 3140; x_wconf 85' lang='lat' dir='ltr'><strong>libertate</strong></span> <span class='ocrx_word' id='word_1_241' title='bbox 910 3088 1185 3156; x_wconf 80' lang='lat' dir='ltr'><strong>perfectus</strong></span> <span class='ocrx_word' id='word_1_242' title='bbox 1230 3097 1331 3143; x_wconf 91' lang='lat' dir='ltr'><strong>est.</strong></span> <span class='ocrx_word' id='word_1_243' title='bbox 1376 3089 1506 3145; x_wconf 86' lang='lat' dir='ltr'><strong>Tale</strong></span> <span class='ocrx_word' id='word_1_244' title='bbox 1551 3092 1750 3162; x_wconf 90' lang='lat' dir='ltr'><strong>aliquid</strong></span> <span class='ocrx_word' id='word_1_245' title='bbox 1804 3095 1968 3149; x_wconf 82' lang='lat' dir='ltr'><strong>etiam</strong></span> 
     </span>
    </p>
   </div>
   <div class='ocr_carea' id='block_1_33' title="bbox 2067 607 3634 684">
    <p class='ocr_par' dir='ltr' id='par_1_33' title="bbox 2067 607 3634 684">
     <span class='ocr_line' id='line_1_33' title="bbox 2067 607 3634 684; baseline 0.007 -22"><span class='ocrx_word' id='word_1_246' title='bbox 2067 607 2235 662; x_wconf 85' lang='lat' dir='ltr'><strong>ﬁlium</strong></span> <span class='ocrx_word' id='word_1_247' title='bbox 2281 610 2417 679; x_wconf 88' lang='lat' dir='ltr'><strong>ejus,</strong></span> <span class='ocrx_word' id='word_1_248' title='bbox 2475 610 2572 665; x_wconf 89' lang='lat' dir='ltr'><strong>sed</strong></span> <span class='ocrx_word' id='word_1_249' title='bbox 2630 618 2810 664; x_wconf 87' lang='lat' dir='ltr'><strong>tamen</strong></span> <span class='ocrx_word' id='word_1_250' title='bbox 2852 608 2947 664; x_wconf 90' lang='lat' dir='ltr'><strong>dat</strong></span> <span class='ocrx_word' id='word_1_251' title='bbox 2978 610 3027 665; x_wconf 91' lang='lat' dir='ltr'><strong>ei</strong></span> <span class='ocrx_word' id='word_1_252' title='bbox 3069 620 3244 667; x_wconf 89' lang='lat' dir='ltr'><strong>utrem</strong></span> <span class='ocrx_word' id='word_1_253' title='bbox 3288 630 3460 684; x_wconf 68' lang='lat' dir='ltr'><strong>aquae.</strong></span> <span class='ocrx_word' id='word_1_254' title='bbox 3514 617 3634 674; x_wconf 82' lang='lat' dir='ltr'><strong>Non</strong></span> 
     </span>
    </p>
   </div>
   <div class='ocr_carea' id='block_1_34' title="bbox 2066 697 3640 773">
    <p class='ocr_par' dir='ltr' id='par_1_34' title="bbox 2066 697 3640 773">
     <span class='ocr_line' id='line_1_34' title="bbox 2066 697 3640 773; baseline 0.01 -22"><span class='ocrx_word' id='word_1_255' title='bbox 2066 697 2209 752; x_wconf 89' lang='lat' dir='ltr'><strong>enim</strong></span> <span class='ocrx_word' id='word_1_256' title='bbox 2252 699 2485 755; x_wconf 89' lang='lat' dir='ltr'><strong>habebat</strong></span> <span class='ocrx_word' id='word_1_257' title='bbox 2511 708 2685 754; x_wconf 88' lang='lat' dir='ltr'><strong>mater</strong></span> <span class='ocrx_word' id='word_1_258' title='bbox 2716 699 2835 770; x_wconf 86' lang='lat' dir='ltr'><strong>ejus</strong></span> <span class='ocrx_word' id='word_1_259' title='bbox 2864 709 3082 773; x_wconf 87' lang='lat' dir='ltr'><strong>puteum</strong></span> <span class='ocrx_word' id='word_1_260' title='bbox 3111 715 3266 770; x_wconf 67' lang='lat' dir='ltr'><strong>aqua:</strong></span> <span class='ocrx_word' id='word_1_261' title='bbox 3302 707 3434 761; x_wconf 82' lang='lat' dir='ltr'><strong>vivae</strong></span> <span class='ocrx_word' id='word_1_262' title='bbox 3459 747 3476 773; x_wconf 94' lang='lat'><strong>,</strong></span> <span class='ocrx_word' id='word_1_263' title='bbox 3531 723 3640 766; x_wconf 90' lang='lat' dir='ltr'><strong>nec</strong></span> 
     </span>
    </p>
   </div>
   <div class='ocr_carea' id='block_1_35' title="bbox 2068 791 3640 862">
    <p class='ocr_par' dir='ltr' id='par_1_35' title="bbox 2068 791 3640 862">
     <span class='ocr_line' id='line_1_35' title="bbox 2068 791 3640 862; baseline 0.01 -22"><span class='ocrx_word' id='word_1_264' title='bbox 2068 797 2280 857; x_wconf 89' lang='lat' dir='ltr'><strong>poterat</strong></span> <span class='ocrx_word' id='word_1_265' title='bbox 2312 803 2446 858; x_wconf 86' lang='lat' dir='ltr'><strong>puer</strong></span> <span class='ocrx_word' id='word_1_266' title='bbox 2485 791 2704 847; x_wconf 87' lang='lat' dir='ltr'><strong>haurire</strong></span> <span class='ocrx_word' id='word_1_267' title='bbox 2735 792 2801 847; x_wconf 91' lang='lat' dir='ltr'><strong>de</strong></span> <span class='ocrx_word' id='word_1_268' title='bbox 2827 802 2992 862; x_wconf 89' lang='lat' dir='ltr'><strong>puteo</strong></span> <span class='ocrx_word' id='word_1_269' title='bbox 3020 808 3239 862; x_wconf 88' lang='lat' dir='ltr'><strong>aquam.</strong></span> <span class='ocrx_word' id='word_1_270' title='bbox 3288 797 3438 852; x_wconf 89' lang='lat' dir='ltr'><strong>lsaac</strong></span> <span class='ocrx_word' id='word_1_271' title='bbox 3468 801 3640 856; x_wconf 86' lang='lat' dir='ltr'><strong>habe-</strong></span> 
     </span>
    </p>
   </div>
   <div class='ocr_carea' id='block_1_36' title="bbox 2068 878 3641 956">
    <p class='ocr_par' dir='ltr' id='par_1_36' title="bbox 2068 878 3641 956">
     <span class='ocr_line' id='line_1_36' title="bbox 2068 878 3641 956; baseline 0.008 -23"><span class='ocrx_word' id='word_1_272' title='bbox 2068 878 2159 933; x_wconf 88' lang='lat' dir='ltr'><strong>bat</strong></span> <span class='ocrx_word' id='word_1_273' title='bbox 2190 887 2398 948; x_wconf 90' lang='lat' dir='ltr'><strong>puteos,</strong></span> <span class='ocrx_word' id='word_1_274' title='bbox 2421 895 2519 949; x_wconf 89' lang='lat' dir='ltr'><strong>pro</strong></span> <span class='ocrx_word' id='word_1_275' title='bbox 2550 882 2749 950; x_wconf 89' lang='lat' dir='ltr'><strong>quibus</strong></span> <span class='ocrx_word' id='word_1_276' title='bbox 2786 896 2840 937; x_wconf 92' lang='lat' dir='ltr'><strong>et</strong></span> <span class='ocrx_word' id='word_1_277' title='bbox 2870 886 3171 940; x_wconf 90' lang='lat' dir='ltr'><strong>certamina</strong></span> <span class='ocrx_word' id='word_1_278' title='bbox 3201 888 3408 956; x_wconf 87' lang='lat' dir='ltr'><strong>patitur</strong></span> <span class='ocrx_word' id='word_1_279' title='bbox 3446 892 3641 946; x_wconf 88' lang='lat' dir='ltr'><strong>adver-</strong></span> 
     </span>
    </p>
   </div>
   <div class='ocr_carea' id='block_1_37' title="bbox 2069 971 3643 1038">
    <p class='ocr_par' dir='ltr' id='par_1_37' title="bbox 2069 971 3643 1038">
     <span class='ocr_line' id='line_1_37' title="bbox 2069 971 3643 1038; baseline 0.009 -14"><span class='ocrx_word' id='word_1_280' title='bbox 2069 985 2162 1025; x_wconf 89' lang='lat' dir='ltr'><strong>sus</strong></span> <span class='ocrx_word' id='word_1_281' title='bbox 2217 971 2572 1029; x_wconf 87' lang='lat' dir='ltr'><strong>Philistbinos</strong></span> <span class='ocrx_word' id='word_1_282' title='bbox 2621 975 2688 1027; x_wconf 66' lang='lat'><strong>&#39;9.</strong></span> <span class='ocrx_word' id='word_1_283' title='bbox 2736 974 2928 1030; x_wconf 89' lang='lat' dir='ltr'><strong>lsmael</strong></span> <span class='ocrx_word' id='word_1_284' title='bbox 2962 988 3145 1033; x_wconf 89' lang='lat' dir='ltr'><strong>autem</strong></span> <span class='ocrx_word' id='word_1_285' title='bbox 3195 979 3262 1035; x_wconf 84' lang='lat' dir='ltr'><strong>de</strong></span> <span class='ocrx_word' id='word_1_286' title='bbox 3313 989 3435 1037; x_wconf 87' lang='lat' dir='ltr'><strong>utre</strong></span> <span class='ocrx_word' id='word_1_287' title='bbox 3500 983 3643 1038; x_wconf 87' lang='lat' dir='ltr'><strong>bibit</strong></span> 
     </span>
    </p>
   </div>
   <div class='ocr_carea' id='block_1_38' title="bbox 2071 1059 3647 1136">
    <p class='ocr_par' dir='ltr' id='par_1_38' title="bbox 2071 1059 3647 1136">
     <span class='ocr_line' id='line_1_38' title="bbox 2071 1059 3647 1136; baseline 0.009 -24"><span class='ocrx_word' id='word_1_288' title='bbox 2071 1073 2292 1128; x_wconf 91' lang='lat' dir='ltr'><strong>aquam,</strong></span> <span class='ocrx_word' id='word_1_289' title='bbox 2340 1061 2434 1116; x_wconf 88' lang='lat' dir='ltr'><strong>sed</strong></span> <span class='ocrx_word' id='word_1_290' title='bbox 2465 1062 2553 1117; x_wconf 91' lang='lat' dir='ltr'><strong>hic</strong></span> <span class='ocrx_word' id='word_1_291' title='bbox 2585 1071 2705 1118; x_wconf 88' lang='lat' dir='ltr'><strong>uter</strong></span> <span class='ocrx_word' id='word_1_292' title='bbox 2733 1066 2887 1134; x_wconf 90' lang='lat' dir='ltr'><strong>quasi</strong></span> <span class='ocrx_word' id='word_1_293' title='bbox 2917 1075 3042 1123; x_wconf 85' lang='lat' dir='ltr'><strong>uter</strong></span> <span class='ocrx_word' id='word_1_294' title='bbox 3073 1068 3277 1136; x_wconf 77' lang='lat' dir='ltr'><strong>deficit,</strong></span> <span class='ocrx_word' id='word_1_295' title='bbox 3300 1059 3355 1125; x_wconf 77' lang='lat' dir='ltr'><strong>et</strong></span> <span class='ocrx_word' id='word_1_296' title='bbox 3378 1071 3499 1128; x_wconf 90' lang='lat' dir='ltr'><strong>ideo</strong></span> <span class='ocrx_word' id='word_1_297' title='bbox 3527 1073 3647 1128; x_wconf 91' lang='lat' dir='ltr'><strong>sitit</strong></span> 
     </span>
    </p>
   </div>
   <div class='ocr_carea' id='block_1_39' title="bbox 2073 1151 3645 1232">
    <p class='ocr_par' dir='ltr' id='par_1_39' title="bbox 2073 1151 3645 1232">
     <span class='ocr_line' id='line_1_39' title="bbox 2073 1151 3645 1232; baseline 0.01 -28"><span class='ocrx_word' id='word_1_298' title='bbox 2073 1151 2174 1224; x_wconf 81' lang='grc'><strong>(41</strong></span> <span class='ocrx_word' id='word_1_299' title='bbox 2207 1153 2225 1221; x_wconf 94' lang='grc'><strong>)</strong></span> <span class='ocrx_word' id='word_1_300' title='bbox 2256 1161 2443 1208; x_wconf 88' lang='lat' dir='ltr'><strong>etnon</strong></span> <span class='ocrx_word' id='word_1_301' title='bbox 2486 1154 2692 1209; x_wconf 87' lang='lat' dir='ltr'><strong>invenit</strong></span> <span class='ocrx_word' id='word_1_302' title='bbox 2719 1166 2928 1224; x_wconf 85' lang='lat' dir='ltr'><strong>potum.</strong></span> <span class='ocrx_word' id='word_1_303' title='bbox 2963 1157 3042 1213; x_wconf 85' lang='lat' dir='ltr'><strong>&#39;I‘u</strong></span> <span class='ocrx_word' id='word_1_304' title='bbox 3089 1168 3264 1216; x_wconf 90' lang='lat' dir='ltr'><strong>autem</strong></span> <span class='ocrx_word' id='word_1_305' title='bbox 3314 1165 3409 1232; x_wconf 91' lang='lat' dir='ltr'><strong>qui</strong></span> <span class='ocrx_word' id='word_1_306' title='bbox 3440 1178 3645 1219; x_wconf 80' lang='lat' dir='ltr'><strong>secun-</strong></span> 
     </span>
    </p>
   </div>
   <div class='ocr_carea' id='block_1_40' title="bbox 2072 1242 3644 1326">
    <p class='ocr_par' dir='ltr' id='par_1_40' title="bbox 2072 1242 3644 1326">
     <span class='ocr_line' id='line_1_40' title="bbox 2072 1242 3644 1326; baseline 0.009 -28"><span class='ocrx_word' id='word_1_307' title='bbox 2072 1244 2199 1298; x_wconf 89' lang='lat' dir='ltr'><strong>dum</strong></span> <span class='ocrx_word' id='word_1_308' title='bbox 2244 1242 2394 1299; x_wconf 91' lang='lat' dir='ltr'><strong>Isaac</strong></span> <span class='ocrx_word' id='word_1_309' title='bbox 2444 1248 2884 1315; x_wconf 89' lang='lat' dir='ltr'><strong>repromissionis</strong></span> <span class='ocrx_word' id='word_1_310' title='bbox 2925 1265 2986 1305; x_wconf 89' lang='lat' dir='ltr'><strong>es</strong></span> <span class='ocrx_word' id='word_1_311' title='bbox 3030 1251 3196 1315; x_wconf 78' lang='lat' dir='ltr'><strong>filius,</strong></span> <span class='ocrx_word' id='word_1_312' title='bbox 3223 1255 3338 1308; x_wconf 89' lang='lat' dir='ltr'><strong>bibe</strong></span> <span class='ocrx_word' id='word_1_313' title='bbox 3378 1272 3545 1326; x_wconf 86' lang='lat' dir='ltr'><strong>aquas</strong></span> <span class='ocrx_word' id='word_1_314' title='bbox 3574 1258 3644 1312; x_wconf 81' lang='lat' dir='ltr'><strong>de</strong></span> 
     </span>
    </p>
   </div>
   <div class='ocr_carea' id='block_1_41' title="bbox 2071 1336 3738 1419">
    <p class='ocr_par' dir='ltr' id='par_1_41' title="bbox 2071 1336 3738 1419">
     <span class='ocr_line' id='line_1_41' title="bbox 2071 1336 3738 1419; baseline 0.009 -29"><span class='ocrx_word' id='word_1_315' title='bbox 2071 1338 2175 1390; x_wconf 84' lang='lat' dir='ltr'><strong>tuis</strong></span> <span class='ocrx_word' id='word_1_316' title='bbox 2199 1336 2432 1405; x_wconf 77' lang='lat' dir='ltr'><strong>fontibus</strong></span> <span class='ocrx_word' id='word_1_317' title='bbox 2467 1347 2514 1390; x_wconf 89' lang='lat' dir='ltr'><strong>et</strong></span> <span class='ocrx_word' id='word_1_318' title='bbox 2553 1339 2616 1392; x_wconf 89' lang='lat' dir='ltr'><strong>de</strong></span> <span class='ocrx_word' id='word_1_319' title='bbox 2659 1339 2762 1392; x_wconf 89' lang='lat' dir='ltr'><strong>tuis</strong></span> <span class='ocrx_word' id='word_1_320' title='bbox 2805 1343 3010 1408; x_wconf 85' lang='lat' dir='ltr'><strong>puteis;</strong></span> <span class='ocrx_word' id='word_1_321' title='bbox 3060 1361 3212 1414; x_wconf 64' lang='lat' dir='ltr'><strong>aquae</strong></span> <span class='ocrx_word' id='word_1_322' title='bbox 3263 1363 3367 1400; x_wconf 88' lang='lat' dir='ltr'><strong>non</strong></span> <span class='ocrx_word' id='word_1_323' title='bbox 3423 1349 3642 1419; x_wconf 73' lang='lat' dir='ltr'><strong>eﬁiuant</strong></span> <span class='ocrx_word' id='word_1_324' title='bbox 3736 1409 3738 1411; x_wconf 95' lang='lat'><em>_</em></span> 
     </span>
    </p>
   </div>
   <div class='ocr_carea' id='block_1_42' title="bbox 2072 1427 3638 1509">
    <p class='ocr_par' dir='ltr' id='par_1_42' title="bbox 2072 1427 3638 1509">
     <span class='ocr_line' id='line_1_42' title="bbox 2072 1427 3638 1509; baseline 0.011 -28"><span class='ocrx_word' id='word_1_325' title='bbox 2072 1427 2240 1496; x_wconf 77' lang='lat' dir='ltr'><strong>foras,</strong></span> <span class='ocrx_word' id='word_1_326' title='bbox 2270 1429 2360 1483; x_wconf 89' lang='lat' dir='ltr'><strong>sed</strong></span> <span class='ocrx_word' id='word_1_327' title='bbox 2395 1429 2539 1483; x_wconf 90' lang='lat' dir='ltr'><strong>intus</strong></span> <span class='ocrx_word' id='word_1_328' title='bbox 2562 1429 2617 1484; x_wconf 91' lang='lat' dir='ltr'><strong>in</strong></span> <span class='ocrx_word' id='word_1_329' title='bbox 2646 1431 2749 1484; x_wconf 90' lang='lat' dir='ltr'><strong>tuis</strong></span> <span class='ocrx_word' id='word_1_330' title='bbox 2782 1431 2970 1500; x_wconf 79' lang='lat' dir='ltr'><strong>plateis</strong></span> <span class='ocrx_word' id='word_1_331' title='bbox 2998 1446 3213 1491; x_wconf 87' lang='lat' dir='ltr'><strong>currant</strong></span> <span class='ocrx_word' id='word_1_332' title='bbox 3250 1448 3358 1494; x_wconf 71' lang='lat' dir='ltr'><strong>tua:</strong></span> <span class='ocrx_word' id='word_1_333' title='bbox 3385 1457 3538 1509; x_wconf 76' lang='lat' dir='ltr'><strong>aqua:</strong></span> <span class='ocrx_word' id='word_1_334' title='bbox 3568 1439 3638 1498; x_wconf 79' lang='lat'><strong>&#39;°.</strong></span> 
     </span>
    </p>
   </div>
   <div class='ocr_carea' id='block_1_43' title="bbox 2070 1521 3643 1601">
    <p class='ocr_par' dir='ltr' id='par_1_43' title="bbox 2070 1521 3643 1601">
     <span class='ocr_line' id='line_1_43' title="bbox 2070 1521 3643 1601; baseline 0.01 -25"><span class='ocrx_word' id='word_1_335' title='bbox 2070 1521 2163 1576; x_wconf 89' lang='lat' dir='ltr'><strong>Ille</strong></span> <span class='ocrx_word' id='word_1_336' title='bbox 2201 1536 2330 1577; x_wconf 90' lang='lat' dir='ltr'><strong>vero</strong></span> <span class='ocrx_word' id='word_1_337' title='bbox 2355 1523 2446 1592; x_wconf 92' lang='lat' dir='ltr'><strong>qui</strong></span> <span class='ocrx_word' id='word_1_338' title='bbox 2471 1525 2765 1578; x_wconf 80' lang='lat' dir='ltr'><strong>seCundum</strong></span> <span class='ocrx_word' id='word_1_339' title='bbox 2808 1541 3024 1582; x_wconf 89' lang='lat' dir='ltr'><strong>carnem</strong></span> <span class='ocrx_word' id='word_1_340' title='bbox 3071 1540 3232 1586; x_wconf 88' lang='lat' dir='ltr'><strong>natus</strong></span> <span class='ocrx_word' id='word_1_341' title='bbox 3273 1543 3376 1601; x_wconf 82' lang='lat' dir='ltr'><strong>est,</strong></span> <span class='ocrx_word' id='word_1_342' title='bbox 3417 1536 3483 1590; x_wconf 91' lang='lat' dir='ltr'><strong>de</strong></span> <span class='ocrx_word' id='word_1_343' title='bbox 3519 1545 3643 1592; x_wconf 89' lang='lat' dir='ltr'><strong>utre</strong></span> 
     </span>
    </p>
   </div>
   <div class='ocr_carea' id='block_1_44' title="bbox 2072 1611 3643 1686">
    <p class='ocr_par' dir='ltr' id='par_1_44' title="bbox 2072 1611 3643 1686">
     <span class='ocr_line' id='line_1_44' title="bbox 2072 1611 3643 1686; baseline 0.013 -22"><span class='ocrx_word' id='word_1_344' title='bbox 2072 1625 2266 1678; x_wconf 90' lang='lat' dir='ltr'><strong>aquam</strong></span> <span class='ocrx_word' id='word_1_345' title='bbox 2299 1611 2456 1679; x_wconf 90' lang='lat' dir='ltr'><strong>bibit,</strong></span> <span class='ocrx_word' id='word_1_346' title='bbox 2485 1623 2540 1666; x_wconf 90' lang='lat' dir='ltr'><strong>et</strong></span> <span class='ocrx_word' id='word_1_347' title='bbox 2572 1629 2709 1683; x_wconf 90' lang='lat' dir='ltr'><strong>aqua</strong></span> <span class='ocrx_word' id='word_1_348' title='bbox 2756 1616 2869 1685; x_wconf 90' lang='lat' dir='ltr'><strong>ipsa</strong></span> <span class='ocrx_word' id='word_1_349' title='bbox 2910 1620 3089 1675; x_wconf 81' lang='lat' dir='ltr'><strong>delicit</strong></span> <span class='ocrx_word' id='word_1_350' title='bbox 3117 1623 3186 1686; x_wconf 83' lang='lat' dir='ltr'><strong>ei,</strong></span> <span class='ocrx_word' id='word_1_351' title='bbox 3241 1634 3295 1679; x_wconf 91' lang='lat' dir='ltr'><strong>et</strong></span> <span class='ocrx_word' id='word_1_352' title='bbox 3346 1625 3399 1680; x_wconf 92' lang='lat' dir='ltr'><strong>in</strong></span> <span class='ocrx_word' id='word_1_353' title='bbox 3458 1629 3643 1684; x_wconf 90' lang='lat' dir='ltr'><strong>multis</strong></span> 
     </span>
    </p>
   </div>
   <div class='ocr_carea' id='block_1_45' title="bbox 2072 1701 3644 1781">
    <p class='ocr_par' dir='ltr' id='par_1_45' title="bbox 2072 1701 3644 1781">
     <span class='ocr_line' id='line_1_45' title="bbox 2072 1701 3644 1781; baseline 0.011 -25"><span class='ocrx_word' id='word_1_354' title='bbox 2072 1702 2272 1759; x_wconf 81' lang='lat' dir='ltr'><strong>deﬁcit.</strong></span> <span class='ocrx_word' id='word_1_355' title='bbox 2307 1701 2436 1758; x_wconf 91' lang='lat' dir='ltr'><strong>Uter</strong></span> <span class='ocrx_word' id='word_1_356' title='bbox 2464 1704 2600 1774; x_wconf 79' lang='lat' dir='ltr'><strong>legis</strong></span> <span class='ocrx_word' id='word_1_357' title='bbox 2648 1715 2732 1760; x_wconf 91' lang='lat' dir='ltr'><strong>est</strong></span> <span class='ocrx_word' id='word_1_358' title='bbox 2783 1706 2980 1773; x_wconf 89' lang='lat' dir='ltr'><strong>littera,</strong></span> <span class='ocrx_word' id='word_1_359' title='bbox 3022 1714 3087 1766; x_wconf 89' lang='lat' dir='ltr'><strong>de</strong></span> <span class='ocrx_word' id='word_1_360' title='bbox 3115 1729 3216 1781; x_wconf 84' lang='lat' dir='ltr'><strong>qua</strong></span> <span class='ocrx_word' id='word_1_361' title='bbox 3266 1715 3353 1769; x_wconf 89' lang='lat' dir='ltr'><strong>ille</strong></span> <span class='ocrx_word' id='word_1_362' title='bbox 3403 1720 3644 1775; x_wconf 84' lang='lat' dir='ltr'><strong>carnalis</strong></span> 
     </span>
    </p>
   </div>
   <div class='ocr_carea' id='block_1_46' title="bbox 2071 1794 3646 1877">
    <p class='ocr_par' dir='ltr' id='par_1_46' title="bbox 2071 1794 3646 1877">
     <span class='ocr_line' id='line_1_46' title="bbox 2071 1794 3646 1877; baseline 0.011 -28"><span class='ocrx_word' id='word_1_363' title='bbox 2071 1794 2301 1864; x_wconf 90' lang='lat' dir='ltr'><strong>populus</strong></span> <span class='ocrx_word' id='word_1_364' title='bbox 2327 1796 2486 1859; x_wconf 89' lang='lat' dir='ltr'><strong>bibit,</strong></span> <span class='ocrx_word' id='word_1_365' title='bbox 2530 1806 2585 1851; x_wconf 91' lang='lat' dir='ltr'><strong>et</strong></span> <span class='ocrx_word' id='word_1_366' title='bbox 2633 1797 2758 1852; x_wconf 91' lang='lat' dir='ltr'><strong>inde</strong></span> <span class='ocrx_word' id='word_1_367' title='bbox 2794 1800 3121 1856; x_wconf 80' lang='lat' dir='ltr'><strong>intellectum</strong></span> <span class='ocrx_word' id='word_1_368' title='bbox 3169 1807 3314 1872; x_wconf 83' lang='lat' dir='ltr'><strong>capit</strong></span> <span class='ocrx_word' id='word_1_369' title='bbox 3351 1827 3363 1862; x_wconf 91' lang='lat'><strong>:</strong></span> <span class='ocrx_word' id='word_1_370' title='bbox 3401 1823 3522 1877; x_wconf 85' lang='lat' dir='ltr'><strong>quae</strong></span> <span class='ocrx_word' id='word_1_371' title='bbox 3555 1811 3646 1867; x_wconf 84' lang='lat' dir='ltr'><strong>lit-</strong></span> 
     </span>
    </p>
   </div>
   <div class='ocr_carea' id='block_1_47' title="bbox 2074 1886 3642 1963">
    <p class='ocr_par' dir='ltr' id='par_1_47' title="bbox 2074 1886 3642 1963">
     <span class='ocr_line' id='line_1_47' title="bbox 2074 1886 3642 1963; baseline 0.009 -19"><span class='ocrx_word' id='word_1_372' title='bbox 2074 1899 2187 1944; x_wconf 88' lang='lat' dir='ltr'><strong>tera</strong></span> <span class='ocrx_word' id='word_1_373' title='bbox 2239 1886 2551 1957; x_wconf 79' lang='lat' dir='ltr'><strong>irequenter</strong></span> <span class='ocrx_word' id='word_1_374' title='bbox 2607 1889 2654 1943; x_wconf 89' lang='lat' dir='ltr'><strong>ei</strong></span> <span class='ocrx_word' id='word_1_375' title='bbox 2717 1889 2939 1957; x_wconf 69' lang='lat' dir='ltr'><strong>deficit,</strong></span> <span class='ocrx_word' id='word_1_376' title='bbox 2991 1902 3046 1947; x_wconf 91' lang='lat' dir='ltr'><strong>ct</strong></span> <span class='ocrx_word' id='word_1_377' title='bbox 3101 1897 3377 1963; x_wconf 81' lang='lat' dir='ltr'><strong>explicare</strong></span> <span class='ocrx_word' id='word_1_378' title='bbox 3428 1917 3486 1956; x_wconf 90' lang='lat' dir='ltr'><strong>se</strong></span> <span class='ocrx_word' id='word_1_379' title='bbox 3537 1919 3642 1958; x_wconf 87' lang='lat' dir='ltr'><strong>non</strong></span> 
     </span>
    </p>
   </div>
   <div class='ocr_carea' id='block_1_48' title="bbox 2071 1979 3644 2054">
    <p class='ocr_par' dir='ltr' id='par_1_48' title="bbox 2071 1979 3644 2054">
     <span class='ocr_line' id='line_1_48' title="bbox 2071 1979 3644 2054; baseline 0.008 -18"><span class='ocrx_word' id='word_1_380' title='bbox 2071 1989 2269 2051; x_wconf 88' lang='lat' dir='ltr'><strong>potest.</strong></span> <span class='ocrx_word' id='word_1_381' title='bbox 2301 1979 2357 2035; x_wconf 89' lang='lat' dir='ltr'><strong>In</strong></span> <span class='ocrx_word' id='word_1_382' title='bbox 2387 1980 2570 2036; x_wconf 87' lang='lat' dir='ltr'><strong>multis</strong></span> <span class='ocrx_word' id='word_1_383' title='bbox 2601 1982 2744 2036; x_wconf 89' lang='lat' dir='ltr'><strong>enim</strong></span> <span class='ocrx_word' id='word_1_384' title='bbox 2793 1982 3066 2038; x_wconf 83' lang='lat' dir='ltr'><strong>delectum</strong></span> <span class='ocrx_word' id='word_1_385' title='bbox 3099 1989 3302 2054; x_wconf 71' lang='lat' dir='ltr'><strong>patitur</strong></span> <span class='ocrx_word' id='word_1_386' title='bbox 3345 1991 3644 2048; x_wconf 74' lang='lat' dir='ltr'><strong>historians</strong></span> 
     </span>
    </p>
   </div>
   <div class='ocr_carea' id='block_1_49' title="bbox 2071 2073 3646 2151">
    <p class='ocr_par' dir='ltr' id='par_1_49' title="bbox 2071 2073 3646 2151">
     <span class='ocr_line' id='line_1_49' title="bbox 2071 2073 3646 2151; baseline 0.008 -23"><span class='ocrx_word' id='word_1_387' title='bbox 2071 2073 2454 2144; x_wconf 84' lang='lat' dir='ltr'><strong>intelligentia.</strong></span> <span class='ocrx_word' id='word_1_388' title='bbox 2528 2074 2768 2129; x_wconf 87' lang='lat' dir='ltr'><strong>Ecclesia</strong></span> <span class='ocrx_word' id='word_1_389' title='bbox 2837 2085 3014 2130; x_wconf 90' lang='lat' dir='ltr'><strong>autem</strong></span> <span class='ocrx_word' id='word_1_390' title='bbox 3078 2078 3146 2132; x_wconf 88' lang='lat' dir='ltr'><strong>de</strong></span> <span class='ocrx_word' id='word_1_391' title='bbox 3205 2083 3532 2151; x_wconf 74' lang='lat' dir='ltr'><strong>evangelicis</strong></span> <span class='ocrx_word' id='word_1_392' title='bbox 3590 2096 3646 2140; x_wconf 90' lang='lat' dir='ltr'><strong>ct</strong></span> 
     </span>
    </p>
   </div>
   <div class='ocr_carea' id='block_1_50' title="bbox 2073 2164 3640 2238">
    <p class='ocr_par' dir='ltr' id='par_1_50' title="bbox 2073 2164 3640 2238">
     <span class='ocr_line' id='line_1_50' title="bbox 2073 2164 3640 2238; baseline 0.005 -19"><span class='ocrx_word' id='word_1_393' title='bbox 2073 2165 2388 2234; x_wconf 86' lang='lat' dir='ltr'><strong>apOStolicis</strong></span> <span class='ocrx_word' id='word_1_394' title='bbox 2436 2165 2674 2219; x_wconf 80' lang='lat' dir='ltr'><strong>fontibus</strong></span> <span class='ocrx_word' id='word_1_395' title='bbox 2720 2164 2874 2229; x_wconf 87' lang='lat' dir='ltr'><strong>bibit,</strong></span> <span class='ocrx_word' id='word_1_396' title='bbox 2910 2165 3002 2234; x_wconf 86' lang='lat' dir='ltr'><strong>qui</strong></span> <span class='ocrx_word' id='word_1_397' title='bbox 3046 2183 3318 2236; x_wconf 88' lang='lat' dir='ltr'><strong>nunquam</strong></span> <span class='ocrx_word' id='word_1_398' title='bbox 3361 2173 3640 2238; x_wconf 81' lang='lat' dir='ltr'><strong>deﬁciunt,</strong></span> 
     </span>
    </p>
   </div>
   <div class='ocr_carea' id='block_1_51' title="bbox 2073 2257 3644 2326">
    <p class='ocr_par' dir='ltr' id='par_1_51' title="bbox 2073 2257 3644 2326">
     <span class='ocr_line' id='line_1_51' title="bbox 2073 2257 3644 2326; baseline 0.01 -22"><span class='ocrx_word' id='word_1_399' title='bbox 2073 2258 2167 2313; x_wconf 78' lang='lat' dir='ltr'><strong>sed</strong></span> <span class='ocrx_word' id='word_1_400' title='bbox 2202 2258 2252 2311; x_wconf 88' lang='lat' dir='ltr'><strong>in</strong></span> <span class='ocrx_word' id='word_1_401' title='bbox 2295 2257 2488 2326; x_wconf 86' lang='lat' dir='ltr'><strong>plateis</strong></span> <span class='ocrx_word' id='word_1_402' title='bbox 2537 2257 2654 2312; x_wconf 91' lang='lat' dir='ltr'><strong>suis</strong></span> <span class='ocrx_word' id='word_1_403' title='bbox 2706 2264 3052 2325; x_wconf 83' lang='lat' dir='ltr'><strong>percurrunt,</strong></span> <span class='ocrx_word' id='word_1_404' title='bbox 3102 2259 3226 2326; x_wconf 91' lang='lat' dir='ltr'><strong>quia</strong></span> <span class='ocrx_word' id='word_1_405' title='bbox 3267 2261 3318 2312; x_wconf 90' lang='lat' dir='ltr'><strong>in</strong></span> <span class='ocrx_word' id='word_1_406' title='bbox 3355 2261 3644 2319; x_wconf 85' lang='lat' dir='ltr'><strong>latitudine</strong></span> 
     </span>
    </p>
   </div>
   <div class='ocr_carea' id='block_1_52' title="bbox 2073 2347 3645 2422">
    <p class='ocr_par' dir='ltr' id='par_1_52' title="bbox 2073 2347 3645 2422">
     <span class='ocr_line' id='line_1_52' title="bbox 2073 2347 3645 2422; baseline 0.003 -18"><span class='ocrx_word' id='word_1_407' title='bbox 2073 2350 2333 2420; x_wconf 90' lang='lat' dir='ltr'><strong>spiritalis</strong></span> <span class='ocrx_word' id='word_1_408' title='bbox 2414 2349 2877 2418; x_wconf 87' lang='lat' dir='ltr'><strong>interpretationis</strong></span> <span class='ocrx_word' id='word_1_409' title='bbox 2948 2347 3226 2404; x_wconf 86' lang='lat' dir='ltr'><strong>abundant</strong></span> <span class='ocrx_word' id='word_1_410' title='bbox 3303 2368 3519 2422; x_wconf 89' lang='lat' dir='ltr'><strong>semper</strong></span> <span class='ocrx_word' id='word_1_411' title='bbox 3589 2369 3645 2412; x_wconf 89' lang='lat' dir='ltr'><strong>et</strong></span> 
     </span>
    </p>
   </div>
   <div class='ocr_carea' id='block_1_53' title="bbox 2072 2439 3665 2516">
    <p class='ocr_par' dir='ltr' id='par_1_53' title="bbox 2072 2439 3665 2516">
     <span class='ocr_line' id='line_1_53' title="bbox 2072 2439 3665 2516; baseline 0.004 -22"><span class='ocrx_word' id='word_1_412' title='bbox 2072 2439 2263 2496; x_wconf 83' lang='lat' dir='ltr'><strong>ﬂuunt.</strong></span> <span class='ocrx_word' id='word_1_413' title='bbox 2289 2441 2434 2495; x_wconf 88' lang='lat' dir='ltr'><strong>Bibit</strong></span> <span class='ocrx_word' id='word_1_414' title='bbox 2471 2450 2525 2495; x_wconf 91' lang='lat' dir='ltr'><strong>et</strong></span> <span class='ocrx_word' id='word_1_415' title='bbox 2547 2441 2612 2495; x_wconf 85' lang='lat' dir='ltr'><strong>de</strong></span> <span class='ocrx_word' id='word_1_416' title='bbox 2647 2440 2844 2509; x_wconf 88' lang='lat' dir='ltr'><strong>puteis,</strong></span> <span class='ocrx_word' id='word_1_417' title='bbox 2879 2453 2999 2492; x_wconf 85' lang='lat' dir='ltr'><strong>cum</strong></span> <span class='ocrx_word' id='word_1_418' title='bbox 3037 2439 3386 2507; x_wconf 87' lang='lat' dir='ltr'><strong>prolundiora</strong></span> <span class='ocrx_word' id='word_1_419' title='bbox 3417 2460 3665 2516; x_wconf 76' lang='lat' dir='ltr'><strong>quaeque-</strong></span> 
     </span>
    </p>
   </div>
   <div class='ocr_carea' id='block_1_54' title="bbox 2075 2529 3640 2603">
    <p class='ocr_par' dir='ltr' id='par_1_54' title="bbox 2075 2529 3640 2603">
     <span class='ocr_line' id='line_1_54' title="bbox 2075 2529 3640 2603; baseline 0.004 -19"><span class='ocrx_word' id='word_1_420' title='bbox 2075 2531 2258 2586; x_wconf 89' lang='lat' dir='ltr'><strong>haurit</strong></span> <span class='ocrx_word' id='word_1_421' title='bbox 2299 2540 2351 2586; x_wconf 89' lang='lat' dir='ltr'><strong>et</strong></span> <span class='ocrx_word' id='word_1_422' title='bbox 2381 2540 2658 2587; x_wconf 85' lang='lat' dir='ltr'><strong>scrutatur</strong></span> <span class='ocrx_word' id='word_1_423' title='bbox 2706 2547 2771 2586; x_wconf 84' lang='lat' dir='ltr'><strong>ex</strong></span> <span class='ocrx_word' id='word_1_424' title='bbox 2824 2531 2960 2599; x_wconf 74' lang='lat' dir='ltr'><strong>lege.</strong></span> <span class='ocrx_word' id='word_1_425' title='bbox 3015 2529 3120 2584; x_wconf 82' lang='lat' dir='ltr'><strong>Per</strong></span> <span class='ocrx_word' id='word_1_426' title='bbox 3175 2533 3322 2599; x_wconf 88' lang='lat' dir='ltr'><strong>hoc,</strong></span> <span class='ocrx_word' id='word_1_427' title='bbox 3384 2537 3640 2603; x_wconf 81' lang='lat' dir='ltr'><strong>arbitror,</strong></span> 
     </span>
    </p>
   </div>
   <div class='ocr_carea' id='block_1_55' title="bbox 2075 2625 3645 2697">
    <p class='ocr_par' dir='ltr' id='par_1_55' title="bbox 2075 2625 3645 2697">
     <span class='ocr_line' id='line_1_55' title="bbox 2075 2625 3645 2697; baseline 0.003 -18"><span class='ocrx_word' id='word_1_428' title='bbox 2075 2627 2390 2696; x_wconf 89' lang='lat' dir='ltr'><strong>mysterium</strong></span> <span class='ocrx_word' id='word_1_429' title='bbox 2429 2627 2588 2682; x_wconf 89' lang='lat' dir='ltr'><strong>etiam</strong></span> <span class='ocrx_word' id='word_1_430' title='bbox 2616 2625 2876 2681; x_wconf 88' lang='lat' dir='ltr'><strong>Dominus</strong></span> <span class='ocrx_word' id='word_1_431' title='bbox 2902 2625 3045 2697; x_wconf 73' lang='grc'><strong>(42)</strong></span> <span class='ocrx_word' id='word_1_432' title='bbox 3091 2635 3146 2680; x_wconf 86' lang='lat' dir='ltr'><strong>et</strong></span> <span class='ocrx_word' id='word_1_433' title='bbox 3179 2625 3434 2681; x_wconf 86' lang='lat' dir='ltr'><strong>Salvator</strong></span> <span class='ocrx_word' id='word_1_434' title='bbox 3462 2641 3645 2684; x_wconf 86' lang='lat' dir='ltr'><strong>noster</strong></span> 
     </span>
    </p>
   </div>
   <div class='ocr_carea' id='block_1_56' title="bbox 2073 2717 3645 2790">
    <p class='ocr_par' dir='ltr' id='par_1_56' title="bbox 2073 2717 3645 2790">
     <span class='ocr_line' id='line_1_56' title="bbox 2073 2717 3645 2790; baseline -0.001 -16"><span class='ocrx_word' id='word_1_435' title='bbox 2073 2719 2284 2775; x_wconf 90' lang='lat' dir='ltr'><strong>dicebat</strong></span> <span class='ocrx_word' id='word_1_436' title='bbox 2307 2719 2373 2774; x_wconf 84' lang='lat' dir='ltr'><strong>ad</strong></span> <span class='ocrx_word' id='word_1_437' title='bbox 2399 2717 2822 2784; x_wconf 85' lang='lat' dir='ltr'><strong>Samaritanam,</strong></span> <span class='ocrx_word' id='word_1_438' title='bbox 2849 2717 2938 2771; x_wconf 91' lang='lat' dir='ltr'><strong>ubi</strong></span> <span class='ocrx_word' id='word_1_439' title='bbox 2972 2717 3116 2773; x_wconf 90' lang='lat' dir='ltr'><strong>velut</strong></span> <span class='ocrx_word' id='word_1_440' title='bbox 3137 2717 3180 2772; x_wconf 93' lang='lat' dir='ltr'><strong>si</strong></span> <span class='ocrx_word' id='word_1_441' title='bbox 3211 2733 3333 2772; x_wconf 88' lang='lat' dir='ltr'><strong>cum</strong></span> <span class='ocrx_word' id='word_1_442' title='bbox 3361 2719 3473 2787; x_wconf 85' lang='lat' dir='ltr'><strong>ipsa</strong></span> <span class='ocrx_word' id='word_1_443' title='bbox 3490 2722 3645 2790; x_wconf 63' lang='grc' dir='ltr'><strong>Δείδι-</strong></span> 
     </span>
    </p>
   </div>
   <div class='ocr_carea' id='block_1_57' title="bbox 2075 2805 3643 2878">
    <p class='ocr_par' dir='ltr' id='par_1_57' title="bbox 2075 2805 3643 2878">
     <span class='ocr_line' id='line_1_57' title="bbox 2075 2805 3643 2878; baseline 0.002 -18"><span class='ocrx_word' id='word_1_444' title='bbox 2075 2806 2413 2878; x_wconf 86' lang='lat' dir='ltr'><strong>loqueretur,</strong></span> <span class='ocrx_word' id='word_1_445' title='bbox 2477 2807 2658 2862; x_wconf 85' lang='lat' dir='ltr'><strong>aiebat</strong></span> <span class='ocrx_word' id='word_1_446' title='bbox 2699 2806 2742 2842; x_wconf 82' lang='grc' dir='ltr'><strong>³ί</strong></span> <span class='ocrx_word' id='word_1_447' title='bbox 2774 2825 2786 2861; x_wconf 93' lang='lat'>:</span> <span class='ocrx_word' id='word_1_448' title='bbox 2820 2805 3004 2862; x_wconf 88' lang='lat' dir='ltr'><strong>Omnis</strong></span> <span class='ocrx_word' id='word_1_449' title='bbox 3052 2809 3142 2878; x_wconf 86' lang='lat' dir='ltr'><strong>qui</strong></span> <span class='ocrx_word' id='word_1_450' title='bbox 3192 2809 3381 2862; x_wconf 85' lang='lat' dir='ltr'><strong>biberit</strong></span> <span class='ocrx_word' id='word_1_451' title='bbox 3436 2826 3501 2863; x_wconf 82' lang='lat' dir='ltr'><strong>ea:</strong></span> <span class='ocrx_word' id='word_1_452' title='bbox 3547 2810 3643 2864; x_wconf 80' lang='lat' dir='ltr'><strong>hac</strong></span> 
     </span>
    </p>
   </div>
   <div class='ocr_carea' id='block_1_58' title="bbox 2073 2899 3642 2971">
    <p class='ocr_par' dir='ltr' id='par_1_58' title="bbox 2073 2899 3642 2971">
     <span class='ocr_line' id='line_1_58' title="bbox 2073 2899 3642 2971; baseline 0.001 -17"><span class='ocrx_word' id='word_1_453' title='bbox 2073 2917 2233 2970; x_wconf 87' lang='lat' dir='ltr'><strong>aqua,</strong></span> <span class='ocrx_word' id='word_1_454' title='bbox 2257 2901 2398 2956; x_wconf 87' lang='lat' dir='ltr'><strong>sitiet</strong></span> <span class='ocrx_word' id='word_1_455' title='bbox 2430 2900 2616 2953; x_wconf 85' lang='lat' dir='ltr'><strong>iterum</strong></span> <span class='ocrx_word' id='word_1_456' title='bbox 2641 2915 2661 2964; x_wconf 90' lang='lat'><em>;</em></span> <span class='ocrx_word' id='word_1_457' title='bbox 2689 2899 2776 2969; x_wconf 86' lang='lat' dir='ltr'><strong>qui</strong></span> <span class='ocrx_word' id='word_1_458' title='bbox 2808 2909 2984 2953; x_wconf 87' lang='lat' dir='ltr'><strong>autent</strong></span> <span class='ocrx_word' id='word_1_459' title='bbox 3016 2900 3202 2954; x_wconf 87' lang='lat' dir='ltr'><strong>biberit</strong></span> <span class='ocrx_word' id='word_1_460' title='bbox 3232 2901 3294 2954; x_wconf 84' lang='lat' dir='ltr'><strong>de</strong></span> <span class='ocrx_word' id='word_1_461' title='bbox 3324 2919 3460 2971; x_wconf 83' lang='lat' dir='ltr'><strong>aqua</strong></span> <span class='ocrx_word' id='word_1_462' title='bbox 3485 2919 3642 2970; x_wconf 84' lang='lat' dir='ltr'><strong>quam</strong></span> 
     </span>
    </p>
   </div>
   <div class='ocr_carea' id='block_1_59' title="bbox 2073 2991 3642 3062">
    <p class='ocr_par' dir='ltr' id='par_1_59' title="bbox 2073 2991 3642 3062">
     <span class='ocr_line' id='line_1_59' title="bbox 2073 2991 3642 3062; baseline 0 -15"><span class='ocrx_word' id='word_1_463' title='bbox 2073 3009 2167 3062; x_wconf 83' lang='lat' dir='ltr'><strong>ego</strong></span> <span class='ocrx_word' id='word_1_464' title='bbox 2200 2992 2334 3045; x_wconf 86' lang='lat' dir='ltr'><strong>dabo</strong></span> <span class='ocrx_word' id='word_1_465' title='bbox 2362 2993 2446 3057; x_wconf 88' lang='lat' dir='ltr'><strong>ei,</strong></span> <span class='ocrx_word' id='word_1_466' title='bbox 2479 3007 2583 3045; x_wconf 88' lang='lat' dir='ltr'><strong>non</strong></span> <span class='ocrx_word' id='word_1_467' title='bbox 2607 2991 2746 3044; x_wconf 77' lang='lat' dir='ltr'><strong>sitiet</strong></span> <span class='ocrx_word' id='word_1_468' title='bbox 2777 2992 2829 3044; x_wconf 86' lang='lat' dir='ltr'><strong>in</strong></span> <span class='ocrx_word' id='word_1_469' title='bbox 2859 3001 3135 3047; x_wconf 76' lang='lat' dir='ltr'><strong>(vternunt.</strong></span> <span class='ocrx_word' id='word_1_470' title='bbox 3184 2991 3249 3044; x_wconf 87' lang='lat' dir='ltr'><strong>Et</strong></span> <span class='ocrx_word' id='word_1_471' title='bbox 3291 2992 3380 3046; x_wconf 90' lang='lat' dir='ltr'><strong>illa</strong></span> <span class='ocrx_word' id='word_1_472' title='bbox 3415 2993 3548 3047; x_wconf 84' lang='lat' dir='ltr'><strong>dicit</strong></span> <span class='ocrx_word' id='word_1_473' title='bbox 3576 2997 3642 3048; x_wconf 88' lang='lat' dir='ltr'><strong>ad</strong></span> 
     </span>
    </p>
   </div>
   <div class='ocr_carea' id='block_1_60' title="bbox 2078 3081 3644 3151">
    <p class='ocr_par' dir='ltr' id='par_1_60' title="bbox 2078 3081 3644 3151">
     <span class='ocr_line' id='line_1_60' title="bbox 2078 3081 3644 3151; baseline 0.002 -14"><span class='ocrx_word' id='word_1_474' title='bbox 2078 3084 2417 3140; x_wconf 87' lang='lat' dir='ltr'><strong>Salvatorem</strong></span> <span class='ocrx_word' id='word_1_475' title='bbox 2452 3083 2495 3114; x_wconf 77' lang='lat'><strong><em>”</em></strong></span> <span class='ocrx_word' id='word_1_476' title='bbox 2525 3097 2538 3136; x_wconf 90' lang='lat'><strong>:</strong></span> <span class='ocrx_word' id='word_1_477' title='bbox 2569 3081 2651 3136; x_wconf 88' lang='lat' dir='ltr'><strong>Da</strong></span> <span class='ocrx_word' id='word_1_478' title='bbox 2682 3082 2834 3148; x_wconf 83' lang='lat' dir='ltr'><strong>nti/ti,</strong></span> <span class='ocrx_word' id='word_1_479' title='bbox 2870 3081 3107 3148; x_wconf 82' lang='lat' dir='ltr'><strong>Domine,</strong></span> <span class='ocrx_word' id='word_1_480' title='bbox 3146 3084 3281 3136; x_wconf 85' lang='lat' dir='ltr'><strong>hanc</strong></span> <span class='ocrx_word' id='word_1_481' title='bbox 3313 3101 3540 3151; x_wconf 84' lang='lat' dir='ltr'><strong>aquam,</strong></span> <span class='ocrx_word' id='word_1_482' title='bbox 3588 3099 3644 3142; x_wconf 86' lang='lat' dir='ltr'><strong>ut</strong></span> 
     </span>
    </p>
   </div>
   <div class='ocr_carea' id='block_1_61' title="bbox 401 3173 3644 3255">
    <p class='ocr_par' dir='ltr' id='par_1_61' title="bbox 401 3173 3644 3255">
     <span class='ocr_line' id='line_1_61' title="bbox 401 3173 3644 3255; baseline 0.002 -32"><span class='ocrx_word' id='word_1_483' title='bbox 401 3175 688 3245; x_wconf 82' lang='lat' dir='ltr'><strong>Apostolus</strong></span> <span class='ocrx_word' id='word_1_484' title='bbox 719 3178 999 3243; x_wconf 82' lang='lat' dir='ltr'><strong>ostendit,</strong></span> <span class='ocrx_word' id='word_1_485' title='bbox 1030 3192 1153 3233; x_wconf 85' lang='lat' dir='ltr'><strong>cum</strong></span> <span class='ocrx_word' id='word_1_486' title='bbox 1194 3179 1325 3235; x_wconf 81' lang='lat' dir='ltr'><strong>dicit</strong></span> <span class='ocrx_word' id='word_1_487' title='bbox 1363 3180 1408 3212; x_wconf 64' lang='grc'><strong>³⁸</strong></span> <span class='ocrx_word' id='word_1_488' title='bbox 1439 3199 1453 3235; x_wconf 75' lang='grc' dir='ltr'>ε</span> <span class='ocrx_word' id='word_1_489' title='bbox 1485 3181 1736 3246; x_wconf 76' lang='lat' dir='ltr'><strong>Quandiu</strong></span> <span class='ocrx_word' id='word_1_490' title='bbox 1762 3186 1966 3255; x_wconf 72' lang='lat' dir='ltr'><strong>quidem</strong></span> <span class='ocrx_word' id='word_1_491' title='bbox 1997 3195 2040 3254; x_wconf 67' lang='grc' dir='ltr'><strong>(ς</strong></span> <span class='ocrx_word' id='word_1_492' title='bbox 2078 3195 2180 3233; x_wconf 83' lang='lat' dir='ltr'><strong>non</strong></span> <span class='ocrx_word' id='word_1_493' title='bbox 2205 3177 2403 3244; x_wconf 88' lang='lat' dir='ltr'><strong>sitiam,</strong></span> <span class='ocrx_word' id='word_1_494' title='bbox 2451 3192 2608 3245; x_wconf 87' lang='lat' dir='ltr'><strong>neque</strong></span> <span class='ocrx_word' id='word_1_495' title='bbox 2651 3175 2855 3229; x_wconf 83' lang='lat' dir='ltr'><strong>ueniam</strong></span> <span class='ocrx_word' id='word_1_496' title='bbox 2910 3174 3009 3228; x_wconf 83' lang='lat' dir='ltr'><strong>huc</strong></span> <span class='ocrx_word' id='word_1_497' title='bbox 3053 3174 3290 3228; x_wconf 87' lang='lat' dir='ltr'><strong>haurire.</strong></span> <span class='ocrx_word' id='word_1_498' title='bbox 3338 3173 3471 3228; x_wconf 84' lang='lat' dir='ltr'><strong>Post</strong></span> <span class='ocrx_word' id='word_1_499' title='bbox 3526 3176 3644 3231; x_wconf 61' lang='lat' dir='ltr'><strong>hate</strong></span> 
     </span>
    </p>
   </div>
   <div class='ocr_carea' id='block_1_62' title="bbox 403 3267 1965 3339">
    <p class='ocr_par' dir='ltr' id='par_1_62' title="bbox 403 3267 1965 3339">
     <span class='ocr_line' id='line_1_62' title="bbox 403 3267 1965 3339; baseline 0.008 -21"><span class='ocrx_word' id='word_1_500' title='bbox 403 3269 567 3321; x_wconf 78' lang='lat' dir='ltr'><strong>Itwres</strong></span> <span class='ocrx_word' id='word_1_501' title='bbox 613 3267 865 3335; x_wconf 83' lang='lat' dir='ltr'><strong>parvulus</strong></span> <span class='ocrx_word' id='word_1_502' title='bbox 920 3278 1017 3333; x_wconf 88' lang='lat' dir='ltr'><strong>est,</strong></span> <span class='ocrx_word' id='word_1_503' title='bbox 1080 3269 1211 3322; x_wconf 81' lang='lat' dir='ltr'><strong>nihil</strong></span> <span class='ocrx_word' id='word_1_504' title='bbox 1247 3271 1424 3339; x_wconf 77' lang='lat' dir='ltr'><strong>di/fert</strong></span> <span class='ocrx_word' id='word_1_505' title='bbox 1449 3290 1479 3325; x_wconf 77' lang='grc' dir='ltr'><strong><em>ιι</em></strong></span> <span class='ocrx_word' id='word_1_506' title='bbox 1507 3290 1654 3328; x_wconf 84' lang='lat' dir='ltr'><strong>servo</strong></span> <span class='ocrx_word' id='word_1_507' title='bbox 1679 3315 1692 3338; x_wconf 92' lang='lat'><strong>,</strong></span> <span class='ocrx_word' id='word_1_508' title='bbox 1731 3293 1847 3329; x_wconf 87' lang='lat' dir='ltr'><strong>cum</strong></span> <span class='ocrx_word' id='word_1_509' title='bbox 1896 3279 1965 3331; x_wconf 85' lang='lat' dir='ltr'><strong>sit</strong></span> 
     </span>
    </p>
   </div>
   <div class='ocr_carea' id='block_1_63' title="bbox 402 3357 1965 3435">
    <p class='ocr_par' dir='ltr' id='par_1_63' title="bbox 402 3357 1965 3435">
     <span class='ocr_line' id='line_1_63' title="bbox 402 3357 1965 3435; baseline 0.008 -25"><span class='ocrx_word' id='word_1_510' title='bbox 402 3357 646 3413; x_wconf 87' lang='lat' dir='ltr'><strong>dominus</strong></span> <span class='ocrx_word' id='word_1_511' title='bbox 676 3359 909 3413; x_wconf 86' lang='lat' dir='ltr'><strong>omnium</strong></span> <span class='ocrx_word' id='word_1_512' title='bbox 931 3399 946 3426; x_wconf 91' lang='lat'><strong>,</strong></span> <span class='ocrx_word' id='word_1_513' title='bbox 975 3361 1065 3416; x_wconf 86' lang='lat' dir='ltr'><strong>sed</strong></span> <span class='ocrx_word' id='word_1_514' title='bbox 1093 3361 1188 3415; x_wconf 87' lang='lat' dir='ltr'><strong>sub</strong></span> <span class='ocrx_word' id='word_1_515' title='bbox 1212 3363 1472 3417; x_wconf 79' lang='lat' dir='ltr'><strong>tutoribus</strong></span> <span class='ocrx_word' id='word_1_516' title='bbox 1495 3375 1543 3418; x_wconf 87' lang='lat' dir='ltr'><strong>et</strong></span> <span class='ocrx_word' id='word_1_517' title='bbox 1567 3367 1834 3421; x_wconf 86' lang='lat' dir='ltr'><strong>actoribus</strong></span> <span class='ocrx_word' id='word_1_518' title='bbox 1867 3380 1965 3435; x_wconf 82' lang='lat' dir='ltr'><strong>est,</strong></span> 
     </span>
    </p>
   </div>
   <div class='ocr_carea' id='block_1_64' title="bbox 404 3451 1969 3532">
    <p class='ocr_par' dir='ltr' id='par_1_64' title="bbox 404 3451 1969 3532">
     <span class='ocr_line' id='line_1_64' title="bbox 404 3451 1969 3532; baseline 0.009 -30"><span class='ocrx_word' id='word_1_519' title='bbox 404 3466 566 3519; x_wconf 86' lang='lat' dir='ltr'><strong>usque</strong></span> <span class='ocrx_word' id='word_1_520' title='bbox 594 3451 662 3504; x_wconf 86' lang='lat' dir='ltr'><strong>ad</strong></span> <span class='ocrx_word' id='word_1_521' title='bbox 681 3451 1004 3519; x_wconf 74' lang='lat' dir='ltr'><strong>pne/initum</strong></span> <span class='ocrx_word' id='word_1_522' title='bbox 1031 3462 1231 3522; x_wconf 83' lang='lat' dir='ltr'><strong>tempus</strong></span> <span class='ocrx_word' id='word_1_523' title='bbox 1259 3472 1290 3508; x_wconf 92' lang='lat' dir='ltr'><strong>a</strong></span> <span class='ocrx_word' id='word_1_524' title='bbox 1311 3465 1483 3523; x_wconf 81' lang='lat' dir='ltr'><strong>patre.</strong></span> <span class='ocrx_word' id='word_1_525' title='bbox 1533 3456 1798 3514; x_wconf 89' lang='lat' dir='ltr'><strong>Parvulus</strong></span> <span class='ocrx_word' id='word_1_526' title='bbox 1838 3476 1969 3532; x_wconf 85' lang='lat' dir='ltr'><strong>ergo</strong></span> 
     </span>
    </p>
   </div>
   <div class='ocr_carea' id='block_1_65' title="bbox 399 3539 1965 3618">
    <p class='ocr_par' dir='ltr' id='par_1_65' title="bbox 399 3539 1965 3618">
     <span class='ocr_line' id='line_1_65' title="bbox 399 3539 1965 3618; baseline 0.007 -24"><span class='ocrx_word' id='word_1_527' title='bbox 399 3547 484 3594; x_wconf 89' lang='lat' dir='ltr'><strong>est</strong></span> <span class='ocrx_word' id='word_1_528' title='bbox 504 3540 594 3608; x_wconf 92' lang='lat' dir='ltr'><strong>qui</strong></span> <span class='ocrx_word' id='word_1_529' title='bbox 625 3539 766 3596; x_wconf 91' lang='lat' dir='ltr'><strong>laete</strong></span> <span class='ocrx_word' id='word_1_530' title='bbox 793 3540 981 3607; x_wconf 90' lang='lat' dir='ltr'><strong>alitur,</strong></span> <span class='ocrx_word' id='word_1_531' title='bbox 1007 3550 1061 3597; x_wconf 89' lang='lat' dir='ltr'><strong>et</strong></span> <span class='ocrx_word' id='word_1_532' title='bbox 1087 3557 1283 3613; x_wconf 80' lang='lat' dir='ltr'><strong>expers</strong></span> <span class='ocrx_word' id='word_1_533' title='bbox 1321 3555 1408 3600; x_wconf 78' lang='lat' dir='ltr'><strong>est</strong></span> <span class='ocrx_word' id='word_1_534' title='bbox 1432 3547 1700 3602; x_wconf 90' lang='lat' dir='ltr'><strong>sermonis</strong></span> <span class='ocrx_word' id='word_1_535' title='bbox 1717 3549 1965 3618; x_wconf 64' lang='lat' dir='ltr'><strong>justitia&#39;,</strong></span> 
     </span>
    </p>
   </div>
   <div class='ocr_carea' id='block_1_66' title="bbox 397 3620 1970 3711">
    <p class='ocr_par' dir='ltr' id='par_1_66' title="bbox 397 3620 1970 3711">
     <span class='ocr_line' id='line_1_66' title="bbox 397 3620 1970 3711; baseline 0.008 -27"><span class='ocrx_word' id='word_1_536' title='bbox 397 3645 500 3686; x_wconf 90' lang='lat' dir='ltr'><strong>nec</strong></span> <span class='ocrx_word' id='word_1_537' title='bbox 529 3640 705 3698; x_wconf 87' lang='lat' dir='ltr'><strong>potest</strong></span> <span class='ocrx_word' id='word_1_538' title='bbox 741 3633 923 3689; x_wconf 90' lang='lat' dir='ltr'><strong>cibum</strong></span> <span class='ocrx_word' id='word_1_539' title='bbox 967 3620 1480 3707; x_wconf 27' lang='lat' dir='ltr'><strong>solidum-accipere</strong></span> <span class='ocrx_word' id='word_1_540' title='bbox 1512 3641 1796 3711; x_wconf 76' lang='lat' dir='ltr'><strong>sapientia:</strong></span> <span class='ocrx_word' id='word_1_541' title='bbox 1831 3644 1970 3697; x_wconf 81' lang='lat' dir='ltr'><strong>divi-</strong></span> 
     </span>
    </p>
   </div>
   <div class='ocr_carea' id='block_1_67' title="bbox 398 3721 1966 3801">
    <p class='ocr_par' dir='ltr' id='par_1_67' title="bbox 398 3721 1966 3801">
     <span class='ocr_line' id='line_1_67' title="bbox 398 3721 1966 3801; baseline 0.01 -28"><span class='ocrx_word' id='word_1_542' title='bbox 398 3736 519 3786; x_wconf 66' lang='lat' dir='ltr'><strong>nat,</strong></span> <span class='ocrx_word' id='word_1_543' title='bbox 573 3730 628 3776; x_wconf 92' lang='lat' dir='ltr'><strong>et</strong></span> <span class='ocrx_word' id='word_1_544' title='bbox 681 3721 922 3778; x_wconf 71' lang='lat' dir='ltr'><strong>scientia:</strong></span> <span class='ocrx_word' id='word_1_545' title='bbox 961 3723 1140 3793; x_wconf 54' lang='lat' dir='ltr'><strong>legis,‘</strong></span> <span class='ocrx_word' id='word_1_546' title='bbox 1174 3727 1264 3794; x_wconf 92' lang='lat' dir='ltr'><strong>qui</strong></span> <span class='ocrx_word' id='word_1_547' title='bbox 1313 3742 1417 3783; x_wconf 90' lang='lat' dir='ltr'><strong>non</strong></span> <span class='ocrx_word' id='word_1_548' title='bbox 1469 3739 1649 3800; x_wconf 91' lang='lat' dir='ltr'><strong>potest</strong></span> <span class='ocrx_word' id='word_1_549' title='bbox 1703 3731 1966 3801; x_wconf 86' lang='lat' dir='ltr'><strong>spiritalia</strong></span> 
     </span>
    </p>
   </div>
   <div class='ocr_carea' id='block_1_68' title="bbox 396 3811 1971 3892">
    <p class='ocr_par' dir='ltr' id='par_1_68' title="bbox 396 3811 1971 3892">
     <span class='ocr_line' id='line_1_68' title="bbox 396 3811 1971 3892; baseline 0.008 -26"><span class='ocrx_word' id='word_1_550' title='bbox 396 3811 732 3880; x_wconf 87' lang='lat' dir='ltr'><strong>spiritalibus</strong></span> <span class='ocrx_word' id='word_1_551' title='bbox 781 3827 1147 3882; x_wconf 89' lang='lat' dir='ltr'><strong>comparare,</strong></span> <span class='ocrx_word' id='word_1_552' title='bbox 1203 3819 1293 3886; x_wconf 89' lang='lat' dir='ltr'><strong>qui</strong></span> <span class='ocrx_word' id='word_1_553' title='bbox 1359 3819 1602 3874; x_wconf 90' lang='lat' dir='ltr'><strong>nondum</strong></span> <span class='ocrx_word' id='word_1_554' title='bbox 1659 3830 1842 3892; x_wconf 87' lang='lat' dir='ltr'><strong>potest</strong></span> <span class='ocrx_word' id='word_1_555' title='bbox 1888 3823 1971 3878; x_wconf 91' lang='lat' dir='ltr'><strong>di-</strong></span> 
     </span>
    </p>
   </div>
   <div class='ocr_carea' id='block_1_69' title="bbox 396 3901 1971 3983">
    <p class='ocr_par' dir='ltr' id='par_1_69' title="bbox 396 3901 1971 3983">
     <span class='ocr_line' id='line_1_69' title="bbox 396 3901 1971 3983; baseline 0.006 -27"><span class='ocrx_word' id='word_1_556' title='bbox 396 3915 524 3958; x_wconf 84' lang='lat' dir='ltr'><strong>cere</strong></span> <span class='ocrx_word' id='word_1_557' title='bbox 552 3901 601 3934; x_wconf 78' lang='lat'><strong>&quot;</strong></span> <span class='ocrx_word' id='word_1_558' title='bbox 627 3919 640 3956; x_wconf 92' lang='lat'>:</span> <span class='ocrx_word' id='word_1_559' title='bbox 673 3903 803 3956; x_wconf 78' lang='lat' dir='ltr'><strong>Cum</strong></span> <span class='ocrx_word' id='word_1_560' title='bbox 833 3912 1007 3957; x_wconf 85' lang='lat' dir='ltr'><strong>autem</strong></span> <span class='ocrx_word' id='word_1_561' title='bbox 1037 3904 1208 3973; x_wconf 77' lang='lat' dir='ltr'><strong>factus</strong></span> <span class='ocrx_word' id='word_1_562' title='bbox 1239 3923 1354 3961; x_wconf 82' lang='lat' dir='ltr'><strong>sum</strong></span> <span class='ocrx_word' id='word_1_563' title='bbox 1385 3910 1487 3974; x_wconf 77' lang='lat' dir='ltr'><strong>vir,</strong></span> <span class='ocrx_word' id='word_1_564' title='bbox 1515 3903 1631 3981; x_wconf 61' lang='lat' dir='ltr'><strong>quin</strong></span> <span class='ocrx_word' id='word_1_565' title='bbox 1656 3923 1805 3967; x_wconf 88' lang='lat' dir='ltr'><strong>erant</strong></span> <span class='ocrx_word' id='word_1_566' title='bbox 1845 3931 1971 3983; x_wconf 81' lang='lat' dir='ltr'><strong>par-</strong></span> 
     </span>
    </p>
   </div>
   <div class='ocr_carea' id='block_1_70' title="bbox 395 3992 1967 4069">
    <p class='ocr_par' dir='ltr' id='par_1_70' title="bbox 395 3992 1967 4069">
     <span class='ocr_line' id='line_1_70' title="bbox 395 3992 1967 4069; baseline 0.008 -19"><span class='ocrx_word' id='word_1_567' title='bbox 395 3995 503 4050; x_wconf 79' lang='lat' dir='ltr'><strong>uuli</strong></span> <span class='ocrx_word' id='word_1_568' title='bbox 525 3995 740 4064; x_wconf 84' lang='lat' dir='ltr'><strong>deposui</strong></span> <span class='ocrx_word' id='word_1_569' title='bbox 768 3992 909 4066; x_wconf 89' lang='grc'><strong>(40)</strong></span> <span class='ocrx_word' id='word_1_570' title='bbox 938 4011 953 4062; x_wconf 89' lang='grc'><strong>;</strong></span> <span class='ocrx_word' id='word_1_571' title='bbox 987 3996 1088 4052; x_wconf 89' lang='lat' dir='ltr'><strong>iste</strong></span> <span class='ocrx_word' id='word_1_572' title='bbox 1107 4014 1237 4069; x_wconf 86' lang='lat' dir='ltr'><strong>ergo</strong></span> <span class='ocrx_word' id='word_1_573' title='bbox 1269 4001 1403 4055; x_wconf 90' lang='lat' dir='ltr'><strong>nihil</strong></span> <span class='ocrx_word' id='word_1_574' title='bbox 1427 4003 1607 4059; x_wconf 75' lang='lat' dir='ltr'><strong>ditl‘ert</strong></span> <span class='ocrx_word' id='word_1_575' title='bbox 1633 4021 1661 4059; x_wconf 91' lang='lat' dir='ltr'><strong>a</strong></span> <span class='ocrx_word' id='word_1_576' title='bbox 1694 4021 1875 4065; x_wconf 90' lang='lat' dir='ltr'><strong>servo.</strong></span> <span class='ocrx_word' id='word_1_577' title='bbox 1910 4007 1967 4064; x_wconf 91' lang='lat' dir='ltr'><strong>Si</strong></span> 
     </span>
    </p>
   </div>
   <div class='ocr_carea' id='block_1_71' title="bbox 393 4088 1970 4158">
    <p class='ocr_par' dir='ltr' id='par_1_71' title="bbox 393 4088 1970 4158">
     <span class='ocr_line' id='line_1_71' title="bbox 393 4088 1970 4158; baseline 0.009 -15"><span class='ocrx_word' id='word_1_578' title='bbox 393 4102 527 4143; x_wconf 86' lang='lat' dir='ltr'><strong>vero</strong></span> <span class='ocrx_word' id='word_1_579' title='bbox 576 4088 890 4157; x_wconf 88' lang='lat' dir='ltr'><strong>relinquens</strong></span> <span class='ocrx_word' id='word_1_580' title='bbox 953 4088 1230 4146; x_wconf 90' lang='lat' dir='ltr'><strong>initiorum</strong></span> <span class='ocrx_word' id='word_1_581' title='bbox 1271 4094 1471 4150; x_wconf 87' lang='lat' dir='ltr'><strong>Christi</strong></span> <span class='ocrx_word' id='word_1_582' title='bbox 1536 4113 1845 4155; x_wconf 90' lang='lat' dir='ltr'><strong>sermonem</strong></span> <span class='ocrx_word' id='word_1_583' title='bbox 1903 4104 1970 4158; x_wconf 89' lang='lat' dir='ltr'><strong>ad</strong></span> 
     </span>
    </p>
   </div>
   <div class='ocr_carea' id='block_1_72' title="bbox 391 4176 1966 4259">
    <p class='ocr_par' dir='ltr' id='par_1_72' title="bbox 391 4176 1966 4259">
     <span class='ocr_line' id='line_1_72' title="bbox 391 4176 1966 4259; baseline 0.008 -26"><span class='ocrx_word' id='word_1_584' title='bbox 391 4176 784 4248; x_wconf 82' lang='lat' dir='ltr'><strong>perfectionem</strong></span> <span class='ocrx_word' id='word_1_585' title='bbox 815 4177 1044 4246; x_wconf 77' lang='lat' dir='ltr'><strong>feratur,</strong></span> <span class='ocrx_word' id='word_1_586' title='bbox 1095 4192 1149 4237; x_wconf 89' lang='lat' dir='ltr'><strong>et</strong></span> <span class='ocrx_word' id='word_1_587' title='bbox 1179 4199 1294 4252; x_wconf 70' lang='lat' dir='ltr'><strong>qua:</strong></span> <span class='ocrx_word' id='word_1_588' title='bbox 1320 4201 1530 4240; x_wconf 86' lang='lat' dir='ltr'><strong>sursum</strong></span> <span class='ocrx_word' id='word_1_589' title='bbox 1579 4199 1698 4242; x_wconf 89' lang='lat' dir='ltr'><strong>sunt</strong></span> <span class='ocrx_word' id='word_1_590' title='bbox 1739 4201 1966 4259; x_wconf 75' lang='lat' dir='ltr'><strong>quzerat,</strong></span> 
     </span>
    </p>
   </div>
   <div class='ocr_carea' id='block_1_73' title="bbox 393 4268 1990 4352">
    <p class='ocr_par' dir='ltr' id='par_1_73' title="bbox 393 4268 1990 4352">
     <span class='ocr_line' id='line_1_73' title="bbox 393 4268 1990 4352; baseline 0.006 -27"><span class='ocrx_word' id='word_1_591' title='bbox 393 4271 484 4326; x_wconf 87' lang='lat' dir='ltr'><strong>ubi</strong></span> <span class='ocrx_word' id='word_1_592' title='bbox 511 4268 752 4326; x_wconf 84' lang='lat' dir='ltr'><strong>Christus</strong></span> <span class='ocrx_word' id='word_1_593' title='bbox 777 4281 851 4327; x_wconf 88' lang='lat' dir='ltr'><strong>est</strong></span> <span class='ocrx_word' id='word_1_594' title='bbox 875 4273 931 4326; x_wconf 89' lang='lat' dir='ltr'><strong>in</strong></span> <span class='ocrx_word' id='word_1_595' title='bbox 959 4275 1148 4329; x_wconf 71' lang='lat' dir='ltr'><strong>dextra</strong></span> <span class='ocrx_word' id='word_1_596' title='bbox 1174 4273 1272 4329; x_wconf 88' lang='lat' dir='ltr'><strong>Dei</strong></span> <span class='ocrx_word' id='word_1_597' title='bbox 1302 4277 1506 4346; x_wconf 86' lang='lat' dir='ltr'><strong>sedens,</strong></span> <span class='ocrx_word' id='word_1_598' title='bbox 1547 4297 1648 4334; x_wconf 88' lang='lat' dir='ltr'><strong>non</strong></span> <span class='ocrx_word' id='word_1_599' title='bbox 1673 4298 1790 4350; x_wconf 81' lang='lat' dir='ltr'><strong>qua:</strong></span> <span class='ocrx_word' id='word_1_600' title='bbox 1815 4276 1990 4352; x_wconf 64' lang='lat' dir='ltr'><strong>super&quot;</strong></span> 
     </span>
    </p>
   </div>
   <div class='ocr_carea' id='block_1_74' title="bbox 394 4365 1969 4441">
    <p class='ocr_par' dir='ltr' id='par_1_74' title="bbox 394 4365 1969 4441">
     <span class='ocr_line' id='line_1_74' title="bbox 394 4365 1969 4441; baseline 0.008 -25"><span class='ocrx_word' id='word_1_601' title='bbox 394 4370 590 4441; x_wconf 82' lang='lat' dir='ltr'><strong>terram</strong></span> <span class='ocrx_word' id='word_1_602' title='bbox 620 4365 687 4428; x_wconf 79' lang='lat'><strong>’°,</strong></span> <span class='ocrx_word' id='word_1_603' title='bbox 717 4373 773 4420; x_wconf 89' lang='lat' dir='ltr'><strong>et</strong></span> <span class='ocrx_word' id='word_1_604' title='bbox 803 4365 1195 4436; x_wconf 85' lang='lat' dir='ltr'><strong>contempletur</strong></span> <span class='ocrx_word' id='word_1_605' title='bbox 1217 4384 1320 4422; x_wconf 86' lang='lat' dir='ltr'><strong>non</strong></span> <span class='ocrx_word' id='word_1_606' title='bbox 1349 4384 1409 4422; x_wconf 89' lang='lat' dir='ltr'><strong>ea</strong></span> <span class='ocrx_word' id='word_1_607' title='bbox 1439 4387 1555 4438; x_wconf 75' lang='lat' dir='ltr'><strong>qua:</strong></span> <span class='ocrx_word' id='word_1_608' title='bbox 1582 4372 1844 4440; x_wconf 79' lang='lat' dir='ltr'><strong>videntur,</strong></span> <span class='ocrx_word' id='word_1_609' title='bbox 1877 4375 1969 4428; x_wconf 84' lang='lat' dir='ltr'><strong>sed</strong></span> 
     </span>
    </p>
   </div>
   <div class='ocr_carea' id='block_1_75' title="bbox 393 4453 1967 4532">
    <p class='ocr_par' dir='ltr' id='par_1_75' title="bbox 393 4453 1967 4532">
     <span class='ocr_line' id='line_1_75' title="bbox 393 4453 1967 4532; baseline 0.01 -29"><span class='ocrx_word' id='word_1_610' title='bbox 393 4469 511 4522; x_wconf 75' lang='lat' dir='ltr'><strong>qua:</strong></span> <span class='ocrx_word' id='word_1_611' title='bbox 555 4469 658 4508; x_wconf 87' lang='lat' dir='ltr'><strong>non</strong></span> <span class='ocrx_word' id='word_1_612' title='bbox 702 4453 947 4508; x_wconf 85' lang='lat' dir='ltr'><strong>videntur</strong></span> <span class='ocrx_word' id='word_1_613' title='bbox 995 4455 1062 4520; x_wconf 70' lang='grc'><strong>’⁷,</strong></span> <span class='ocrx_word' id='word_1_614' title='bbox 1108 4470 1284 4526; x_wconf 89' lang='lat' dir='ltr'><strong>neque</strong></span> <span class='ocrx_word' id='word_1_615' title='bbox 1326 4457 1378 4512; x_wconf 90' lang='lat' dir='ltr'><strong>in</strong></span> <span class='ocrx_word' id='word_1_616' title='bbox 1425 4459 1622 4515; x_wconf 85' lang='lat' dir='ltr'><strong>divinis</strong></span> <span class='ocrx_word' id='word_1_617' title='bbox 1669 4460 1967 4532; x_wconf 90' lang='lat' dir='ltr'><strong>Scripturis</strong></span> 
     </span>
    </p>
   </div>
   <div class='ocr_carea' id='block_1_76' title="bbox 2074 3265 3645 3340">
    <p class='ocr_par' dir='ltr' id='par_1_76' title="bbox 2074 3265 3645 3340">
     <span class='ocr_line' id='line_1_76' title="bbox 2074 3265 3645 3340; baseline -0.001 -16"><span class='ocrx_word' id='word_1_618' title='bbox 2074 3271 2334 3327; x_wconf 87' lang='lat' dir='ltr'><strong>Dominus</strong></span> <span class='ocrx_word' id='word_1_619' title='bbox 2378 3270 2444 3324; x_wconf 86' lang='lat' dir='ltr'><strong>ad</strong></span> <span class='ocrx_word' id='word_1_620' title='bbox 2480 3284 2596 3324; x_wconf 89' lang='lat' dir='ltr'><strong>eam</strong></span> <span class='ocrx_word' id='word_1_621' title='bbox 2641 3266 2785 3340; x_wconf 79' lang='grc'><strong>(45)</strong></span> <span class='ocrx_word' id='word_1_622' title='bbox 2819 3283 2835 3317; x_wconf 89' lang='lat'>:</span> <span class='ocrx_word' id='word_1_623' title='bbox 2872 3267 2976 3332; x_wconf 89' lang='lat' dir='ltr'><strong>Qui</strong></span> <span class='ocrx_word' id='word_1_624' title='bbox 3021 3265 3208 3327; x_wconf 87' lang='lat' dir='ltr'><strong>credit,</strong></span> <span class='ocrx_word' id='word_1_625' title='bbox 3250 3266 3426 3336; x_wconf 89' lang='lat' dir='ltr'><strong>inquit</strong></span> <span class='ocrx_word' id='word_1_626' title='bbox 3479 3267 3545 3332; x_wconf 83' lang='grc'><strong>³³,</strong></span> <span class='ocrx_word' id='word_1_627' title='bbox 3589 3269 3645 3322; x_wconf 85' lang='lat' dir='ltr'><strong>in</strong></span> 
     </span>
    </p>
   </div>
   <div class='ocr_carea' id='block_1_77' title="bbox 2070 3357 3642 3431">
    <p class='ocr_par' dir='ltr' id='par_1_77' title="bbox 2070 3357 3642 3431">
     <span class='ocr_line' id='line_1_77' title="bbox 2070 3357 3642 3431; baseline -0.001 -15"><span class='ocrx_word' id='word_1_628' title='bbox 2070 3379 2172 3426; x_wconf 89' lang='lat' dir='ltr'><strong>me,</strong></span> <span class='ocrx_word' id='word_1_629' title='bbox 2205 3362 2292 3431; x_wconf 86' lang='lat' dir='ltr'><strong>ﬁet</strong></span> <span class='ocrx_word' id='word_1_630' title='bbox 2323 3363 2375 3415; x_wconf 93' lang='lat' dir='ltr'><strong>in</strong></span> <span class='ocrx_word' id='word_1_631' title='bbox 2402 3377 2461 3415; x_wconf 88' lang='lat' dir='ltr'><strong>eo</strong></span> <span class='ocrx_word' id='word_1_632' title='bbox 2493 3359 2608 3430; x_wconf 77' lang='lat' dir='ltr'><strong>fons</strong></span> <span class='ocrx_word' id='word_1_633' title='bbox 2644 3375 2793 3429; x_wconf 74' lang='lat' dir='ltr'><strong>aqua:</strong></span> <span class='ocrx_word' id='word_1_634' title='bbox 2825 3357 3058 3413; x_wconf 86' lang='lat' dir='ltr'><strong>salientis</strong></span> <span class='ocrx_word' id='word_1_635' title='bbox 3088 3357 3138 3410; x_wconf 90' lang='lat' dir='ltr'><strong>in</strong></span> <span class='ocrx_word' id='word_1_636' title='bbox 3180 3357 3339 3412; x_wconf 84' lang='lat' dir='ltr'><strong>vitam</strong></span> <span class='ocrx_word' id='word_1_637' title='bbox 3371 3368 3642 3414; x_wconf 75' lang='lat' dir='ltr'><strong>a‘ternam.</strong></span> 
     </span>
    </p>
   </div>
   <div class='ocr_carea' id='block_1_78' title="bbox 2142 3450 3642 3522">
    <p class='ocr_par' dir='ltr' id='par_1_78' title="bbox 2142 3450 3642 3522">
     <span class='ocr_line' id='line_1_78' title="bbox 2142 3450 3642 3522; baseline -0.002 -14"><span class='ocrx_word' id='word_1_638' title='bbox 2142 3454 2195 3509; x_wconf 85' lang='lat'><strong>6.</strong></span> <span class='ocrx_word' id='word_1_639' title='bbox 2237 3453 2470 3509; x_wconf 85' lang='lat' dir='ltr'><strong>Errabat</strong></span> <span class='ocrx_word' id='word_1_640' title='bbox 2501 3467 2630 3522; x_wconf 88' lang='lat' dir='ltr'><strong>ergo</strong></span> <span class='ocrx_word' id='word_1_641' title='bbox 2659 3451 2805 3521; x_wconf 84' lang='lat' dir='ltr'><strong>Agar</strong></span> <span class='ocrx_word' id='word_1_642' title='bbox 2851 3465 2944 3519; x_wconf 91' lang='lat' dir='ltr'><strong>per</strong></span> <span class='ocrx_word' id='word_1_643' title='bbox 2971 3450 3241 3506; x_wconf 86' lang='lat' dir='ltr'><strong>desertum</strong></span> <span class='ocrx_word' id='word_1_644' title='bbox 3286 3465 3407 3505; x_wconf 90' lang='lat' dir='ltr'><strong>cum</strong></span> <span class='ocrx_word' id='word_1_645' title='bbox 3451 3467 3642 3521; x_wconf 86' lang='lat' dir='ltr'><strong>puero,</strong></span> 
     </span>
    </p>
   </div>
   <div class='ocr_carea' id='block_1_79' title="bbox 2072 3543 3644 3615">
    <p class='ocr_par' dir='ltr' id='par_1_79' title="bbox 2072 3543 3644 3615">
     <span class='ocr_line' id='line_1_79' title="bbox 2072 3543 3644 3615; baseline -0.003 -13"><span class='ocrx_word' id='word_1_646' title='bbox 2072 3555 2127 3602; x_wconf 93' lang='lat' dir='ltr'><strong>et</strong></span> <span class='ocrx_word' id='word_1_647' title='bbox 2158 3561 2290 3614; x_wconf 89' lang='lat' dir='ltr'><strong>puer</strong></span> <span class='ocrx_word' id='word_1_648' title='bbox 2319 3544 2588 3615; x_wconf 89' lang='lat' dir='ltr'><strong>plorabat,</strong></span> <span class='ocrx_word' id='word_1_649' title='bbox 2618 3551 2671 3598; x_wconf 91' lang='lat' dir='ltr'><strong>et</strong></span> <span class='ocrx_word' id='word_1_650' title='bbox 2702 3543 2926 3612; x_wconf 83' lang='lat' dir='ltr'><strong>projecit</strong></span> <span class='ocrx_word' id='word_1_651' title='bbox 2954 3557 3076 3597; x_wconf 91' lang='lat' dir='ltr'><strong>eum</strong></span> <span class='ocrx_word' id='word_1_652' title='bbox 3109 3543 3276 3612; x_wconf 84' lang='lat' dir='ltr'><strong>Agar,</strong></span> <span class='ocrx_word' id='word_1_653' title='bbox 3309 3543 3530 3607; x_wconf 84' lang='lat' dir='ltr'><strong>dicens,</strong></span> <span class='ocrx_word' id='word_1_654' title='bbox 3566 3544 3644 3599; x_wconf 83' lang='lat' dir='ltr'><strong>Ne</strong></span> 
     </span>
    </p>
   </div>
   <div class='ocr_carea' id='block_1_80' title="bbox 2073 3634 3642 3705">
    <p class='ocr_par' dir='ltr' id='par_1_80' title="bbox 2073 3634 3642 3705">
     <span class='ocr_line' id='line_1_80' title="bbox 2073 3634 3642 3705; baseline -0.001 -13"><span class='ocrx_word' id='word_1_655' title='bbox 2073 3638 2293 3693; x_wconf 90' lang='lat' dir='ltr'><strong>videam</strong></span> <span class='ocrx_word' id='word_1_656' title='bbox 2317 3646 2545 3692; x_wconf 86' lang='lat' dir='ltr'><strong>mortem</strong></span> <span class='ocrx_word' id='word_1_657' title='bbox 2573 3636 2666 3690; x_wconf 83' lang='lat' dir='ltr'><strong>lilii</strong></span> <span class='ocrx_word' id='word_1_658' title='bbox 2693 3635 2821 3691; x_wconf 89' lang='lat' dir='ltr'><strong>mei.</strong></span> <span class='ocrx_word' id='word_1_659' title='bbox 2869 3634 2996 3690; x_wconf 87' lang='lat' dir='ltr'><strong>Post</strong></span> <span class='ocrx_word' id='word_1_660' title='bbox 3040 3635 3153 3689; x_wconf 68' lang='lat' dir='ltr'><strong>haec</strong></span> <span class='ocrx_word' id='word_1_661' title='bbox 3194 3650 3315 3689; x_wconf 90' lang='lat' dir='ltr'><strong>cum</strong></span> <span class='ocrx_word' id='word_1_662' title='bbox 3342 3635 3454 3705; x_wconf 85' lang='lat' dir='ltr'><strong>jam</strong></span> <span class='ocrx_word' id='word_1_663' title='bbox 3483 3639 3642 3704; x_wconf 90' lang='lat' dir='ltr'><strong>quasi</strong></span> 
     </span>
    </p>
   </div>
   <div class='ocr_carea' id='block_1_81' title="bbox 2073 3725 3646 3794">
    <p class='ocr_par' dir='ltr' id='par_1_81' title="bbox 2073 3725 3646 3794">
     <span class='ocr_line' id='line_1_81' title="bbox 2073 3725 3646 3794; baseline -0.001 -11"><span class='ocrx_word' id='word_1_664' title='bbox 2073 3729 2370 3783; x_wconf 89' lang='lat' dir='ltr'><strong>moriturus</strong></span> <span class='ocrx_word' id='word_1_665' title='bbox 2415 3727 2608 3782; x_wconf 80' lang='lat' dir='ltr'><strong>fuisset</strong></span> <span class='ocrx_word' id='word_1_666' title='bbox 2658 3725 2924 3794; x_wconf 88' lang='lat' dir='ltr'><strong>abjectus,</strong></span> <span class='ocrx_word' id='word_1_667' title='bbox 2976 3735 3031 3780; x_wconf 91' lang='lat' dir='ltr'><strong>et</strong></span> <span class='ocrx_word' id='word_1_668' title='bbox 3068 3725 3327 3792; x_wconf 79' lang='lat' dir='ltr'><strong>ﬂevisset,</strong></span> <span class='ocrx_word' id='word_1_669' title='bbox 3384 3729 3540 3782; x_wconf 89' lang='lat' dir='ltr'><strong>adest</strong></span> <span class='ocrx_word' id='word_1_670' title='bbox 3592 3728 3646 3781; x_wconf 89' lang='lat' dir='ltr'><strong>ei</strong></span> 
     </span>
    </p>
   </div>
   <div class='ocr_carea' id='block_1_82' title="bbox 2074 3818 3648 3889">
    <p class='ocr_par' dir='ltr' id='par_1_82' title="bbox 2074 3818 3648 3889">
     <span class='ocr_line' id='line_1_82' title="bbox 2074 3818 3648 3889; baseline -0.001 -14"><span class='ocrx_word' id='word_1_671' title='bbox 2074 3820 2298 3889; x_wconf 78' lang='lat' dir='ltr'><strong>angelus</strong></span> <span class='ocrx_word' id='word_1_672' title='bbox 2341 3818 2600 3883; x_wconf 91' lang='lat' dir='ltr'><strong>Domini,</strong></span> <span class='ocrx_word' id='word_1_673' title='bbox 2633 3829 2688 3872; x_wconf 92' lang='lat' dir='ltr'><strong>et</strong></span> <span class='ocrx_word' id='word_1_674' title='bbox 2717 3819 2932 3889; x_wconf 87' lang='lat' dir='ltr'><strong>aperuit</strong></span> <span class='ocrx_word' id='word_1_675' title='bbox 2973 3819 3166 3874; x_wconf 92' lang='lat' dir='ltr'><strong>oculos</strong></span> <span class='ocrx_word' id='word_1_676' title='bbox 3186 3819 3354 3889; x_wconf 86' lang='lat' dir='ltr'><strong>Agar,</strong></span> <span class='ocrx_word' id='word_1_677' title='bbox 3413 3830 3469 3873; x_wconf 79' lang='lat' dir='ltr'><strong>et</strong></span> <span class='ocrx_word' id='word_1_678' title='bbox 3512 3818 3648 3874; x_wconf 82' lang='lat' dir='ltr'><strong>vidit</strong></span> 
     </span>
    </p>
   </div>
   <div class='ocr_carea' id='block_1_83' title="bbox 2073 3909 3744 3980">
    <p class='ocr_par' dir='ltr' id='par_1_83' title="bbox 2073 3909 3744 3980">
     <span class='ocr_line' id='line_1_83' title="bbox 2073 3909 3744 3980; baseline 0 -16"><span class='ocrx_word' id='word_1_679' title='bbox 2073 3921 2295 3980; x_wconf 88' lang='lat' dir='ltr'><strong>puteum</strong></span> <span class='ocrx_word' id='word_1_680' title='bbox 2329 3926 2483 3980; x_wconf 65' lang='lat' dir='ltr'><strong>aqum</strong></span> <span class='ocrx_word' id='word_1_681' title='bbox 2505 3912 2660 3966; x_wconf 71' lang='lat' dir='ltr'><strong>vivae.</strong></span> <span class='ocrx_word' id='word_1_682' title='bbox 2687 3909 2811 3965; x_wconf 74' lang='lat' dir='ltr'><strong>Ilmc</strong></span> <span class='ocrx_word' id='word_1_683' title='bbox 2835 3911 2901 3967; x_wconf 91' lang='lat' dir='ltr'><strong>ad</strong></span> <span class='ocrx_word' id='word_1_684' title='bbox 2928 3912 3210 3966; x_wconf 89' lang='lat' dir='ltr'><strong>historiam</strong></span> <span class='ocrx_word' id='word_1_685' title='bbox 3238 3912 3426 3966; x_wconf 80' lang='lat' dir='ltr'><strong>referri</strong></span> <span class='ocrx_word' id='word_1_686' title='bbox 3455 3927 3647 3980; x_wconf 85' lang='lat' dir='ltr'><strong>quem-</strong></span> <span class='ocrx_word' id='word_1_687' title='bbox 3740 3937 3744 3941; x_wconf 96' lang='lat'><strong><em>-</em></strong></span> 
     </span>
    </p>
   </div>
   <div class='ocr_carea' id='block_1_84' title="bbox 2073 4001 3647 4073">
    <p class='ocr_par' dir='ltr' id='par_1_84' title="bbox 2073 4001 3647 4073">
     <span class='ocr_line' id='line_1_84' title="bbox 2073 4001 3647 4073; baseline 0.001 -18"><span class='ocrx_word' id='word_1_688' title='bbox 2073 4002 2362 4057; x_wconf 88' lang='lat' dir='ltr'><strong>admodum</strong></span> <span class='ocrx_word' id='word_1_689' title='bbox 2415 4003 2690 4071; x_wconf 87' lang='lat' dir='ltr'><strong>possunt?</strong></span> <span class='ocrx_word' id='word_1_690' title='bbox 2751 4001 2852 4058; x_wconf 85' lang='lat' dir='ltr'><strong>Ubi</strong></span> <span class='ocrx_word' id='word_1_691' title='bbox 2905 4003 3047 4058; x_wconf 90' lang='lat' dir='ltr'><strong>enim</strong></span> <span class='ocrx_word' id='word_1_692' title='bbox 3121 4003 3431 4058; x_wconf 88' lang='lat' dir='ltr'><strong>invenimus</strong></span> <span class='ocrx_word' id='word_1_693' title='bbox 3500 4004 3647 4073; x_wconf 91' lang='lat' dir='ltr'><strong>quod</strong></span> 
     </span>
    </p>
   </div>
   <div class='ocr_carea' id='block_1_85' title="bbox 2071 4085 3649 4167">
    <p class='ocr_par' dir='ltr' id='par_1_85' title="bbox 2071 4085 3649 4167">
     <span class='ocr_line' id='line_1_85' title="bbox 2071 4085 3649 4167; baseline 0.001 -19"><span class='ocrx_word' id='word_1_694' title='bbox 2071 4095 2217 4164; x_wconf 87' lang='lat' dir='ltr'><strong>Agar</strong></span> <span class='ocrx_word' id='word_1_695' title='bbox 2269 4094 2485 4150; x_wconf 88' lang='lat' dir='ltr'><strong>clausos</strong></span> <span class='ocrx_word' id='word_1_696' title='bbox 2535 4085 2814 4152; x_wconf 31' lang='lat' dir='ltr'><strong>&#39;habuerit</strong></span> <span class='ocrx_word' id='word_1_697' title='bbox 2879 4096 3091 4163; x_wconf 90' lang='lat' dir='ltr'><strong>oculos,</strong></span> <span class='ocrx_word' id='word_1_698' title='bbox 3155 4105 3208 4152; x_wconf 91' lang='lat' dir='ltr'><strong>ct</strong></span> <span class='ocrx_word' id='word_1_699' title='bbox 3274 4098 3445 4167; x_wconf 89' lang='lat' dir='ltr'><strong>aperti</strong></span> <span class='ocrx_word' id='word_1_700' title='bbox 3517 4107 3649 4152; x_wconf 85' lang='lat' dir='ltr'><strong>sunt</strong></span> 
     </span>
    </p>
   </div>
   <div class='ocr_carea' id='block_1_86' title="bbox 2074 4185 3650 4256">
    <p class='ocr_par' dir='ltr' id='par_1_86' title="bbox 2074 4185 3650 4256">
     <span class='ocr_line' id='line_1_86' title="bbox 2074 4185 3650 4256; baseline 0.003 -17"><span class='ocrx_word' id='word_1_701' title='bbox 2074 4185 2465 4256; x_wconf 86' lang='lat' dir='ltr'><strong>postmodum?</strong></span> <span class='ocrx_word' id='word_1_702' title='bbox 2507 4185 2696 4243; x_wconf 86' lang='lat' dir='ltr'><strong>Nonne</strong></span> <span class='ocrx_word' id='word_1_703' title='bbox 2735 4187 2853 4243; x_wconf 80' lang='lat' dir='ltr'><strong>luce</strong></span> <span class='ocrx_word' id='word_1_704' title='bbox 2883 4189 3081 4244; x_wconf 79' lang='lat' dir='ltr'><strong>t-larior</strong></span> <span class='ocrx_word' id='word_1_705' title='bbox 3111 4199 3194 4244; x_wconf 92' lang='lat' dir='ltr'><strong>cst</strong></span> <span class='ocrx_word' id='word_1_706' title='bbox 3233 4190 3285 4244; x_wconf 93' lang='lat' dir='ltr'><strong>in</strong></span> <span class='ocrx_word' id='word_1_707' title='bbox 3327 4191 3409 4245; x_wconf 90' lang='lat' dir='ltr'><strong>his</strong></span> <span class='ocrx_word' id='word_1_708' title='bbox 3451 4190 3650 4245; x_wconf 86' lang='lat' dir='ltr'><strong>intelli-</strong></span> 
     </span>
    </p>
   </div>
   <div class='ocr_carea' id='block_1_87' title="bbox 2074 4277 3644 4351">
    <p class='ocr_par' dir='ltr' id='par_1_87' title="bbox 2074 4277 3644 4351">
     <span class='ocr_line' id='line_1_87' title="bbox 2074 4277 3644 4351; baseline 0.003 -19"><span class='ocrx_word' id='word_1_709' title='bbox 2074 4277 2252 4346; x_wconf 81' lang='lat' dir='ltr'><strong>gentia</strong></span> <span class='ocrx_word' id='word_1_710' title='bbox 2282 4277 2546 4346; x_wconf 87' lang='lat' dir='ltr'><strong>spiritalis</strong></span> <span class='ocrx_word' id='word_1_711' title='bbox 2573 4288 2626 4333; x_wconf 88' lang='lat' dir='ltr'><strong>et</strong></span> <span class='ocrx_word' id='word_1_712' title='bbox 2651 4280 2906 4349; x_wconf 88' lang='lat' dir='ltr'><strong>mystica,</strong></span> <span class='ocrx_word' id='word_1_713' title='bbox 2939 4281 3082 4349; x_wconf 89' lang='lat' dir='ltr'><strong>quod</strong></span> <span class='ocrx_word' id='word_1_714' title='bbox 3107 4283 3351 4351; x_wconf 73' lang='lat' dir='ltr'><strong>abiectus</strong></span> <span class='ocrx_word' id='word_1_715' title='bbox 3377 4293 3460 4337; x_wconf 91' lang='lat' dir='ltr'><strong>est</strong></span> <span class='ocrx_word' id='word_1_716' title='bbox 3482 4283 3527 4338; x_wconf 87' lang='lat' dir='ltr'><strong>is</strong></span> <span class='ocrx_word' id='word_1_717' title='bbox 3555 4285 3644 4351; x_wconf 87' lang='lat' dir='ltr'><strong>qui</strong></span> 
     </span>
    </p>
   </div>
   <div class='ocr_carea' id='block_1_88' title="bbox 2075 4370 3648 4446">
    <p class='ocr_par' dir='ltr' id='par_1_88' title="bbox 2075 4370 3648 4446">
     <span class='ocr_line' id='line_1_88' title="bbox 2075 4370 3648 4446; baseline 0.005 -22"><span class='ocrx_word' id='word_1_718' title='bbox 2075 4370 2372 4424; x_wconf 88' lang='lat' dir='ltr'><strong>secundum</strong></span> <span class='ocrx_word' id='word_1_719' title='bbox 2425 4386 2648 4425; x_wconf 91' lang='lat' dir='ltr'><strong>carnem</strong></span> <span class='ocrx_word' id='word_1_720' title='bbox 2701 4381 2785 4426; x_wconf 89' lang='lat' dir='ltr'><strong>est</strong></span> <span class='ocrx_word' id='word_1_721' title='bbox 2828 4374 3082 4442; x_wconf 89' lang='lat' dir='ltr'><strong>populus,</strong></span> <span class='ocrx_word' id='word_1_722' title='bbox 3120 4385 3176 4431; x_wconf 89' lang='lat' dir='ltr'><strong>et</strong></span> <span class='ocrx_word' id='word_1_723' title='bbox 3201 4377 3384 4431; x_wconf 89' lang='lat' dir='ltr'><strong>tandiu</strong></span> <span class='ocrx_word' id='word_1_724' title='bbox 3421 4377 3564 4446; x_wconf 85' lang='lat' dir='ltr'><strong>jacet</strong></span> <span class='ocrx_word' id='word_1_725' title='bbox 3596 4378 3648 4432; x_wconf 90' lang='lat' dir='ltr'><strong>in</strong></span> 
     </span>
    </p>
   </div>
   <div class='ocr_carea' id='block_1_89' title="bbox 2075 4461 3652 4541">
    <p class='ocr_par' dir='ltr' id='par_1_89' title="bbox 2075 4461 3652 4541">
     <span class='ocr_line' id='line_1_89' title="bbox 2075 4461 3652 4541; baseline 0.008 -26"><span class='ocrx_word' id='word_1_726' title='bbox 2075 4461 2217 4517; x_wconf 80' lang='lat' dir='ltr'><strong>fatue</strong></span> <span class='ocrx_word' id='word_1_727' title='bbox 2245 4472 2295 4517; x_wconf 91' lang='lat' dir='ltr'><strong>et</strong></span> <span class='ocrx_word' id='word_1_728' title='bbox 2320 4462 2435 4529; x_wconf 90' lang='lat' dir='ltr'><strong>siti,</strong></span> <span class='ocrx_word' id='word_1_729' title='bbox 2461 4478 2565 4517; x_wconf 87' lang='lat' dir='ltr'><strong>non</strong></span> <span class='ocrx_word' id='word_1_730' title='bbox 2598 4465 2790 4532; x_wconf 78' lang='lat' dir='ltr'><strong>[autem</strong></span> <span class='ocrx_word' id='word_1_731' title='bbox 2822 4465 2960 4536; x_wconf 66' lang='grc'><strong>(44)</strong></span> <span class='ocrx_word' id='word_1_732' title='bbox 2984 4468 3136 4534; x_wconf 83' lang='lat' dir='ltr'><strong>panis</strong></span> <span class='ocrx_word' id='word_1_733' title='bbox 3167 4469 3466 4539; x_wconf 86' lang='lat' dir='ltr'><strong>perferens,</strong></span> <span class='ocrx_word' id='word_1_734' title='bbox 3491 4488 3652 4541; x_wconf 79' lang='lat' dir='ltr'><strong>neque</strong></span> 
     </span>
    </p>
   </div>
   <div class='ocr_carea' id='block_1_90' title="bbox 395 4537 3651 4633">
    <p class='ocr_par' dir='ltr' id='par_1_90' title="bbox 395 4537 3651 4633">
     <span class='ocr_line' id='line_1_90' title="bbox 395 4537 3651 4633; baseline 0.006 -35"><span class='ocrx_word' id='word_1_735' title='bbox 395 4555 653 4614; x_wconf 85' lang='lat' dir='ltr'><strong>sequatur</strong></span> <span class='ocrx_word' id='word_1_736' title='bbox 714 4548 1050 4603; x_wconf 91' lang='lat' dir='ltr'><strong>occidentem</strong></span> <span class='ocrx_word' id='word_1_737' title='bbox 1103 4546 1342 4603; x_wconf 89' lang='lat' dir='ltr'><strong>litteram</strong></span> <span class='ocrx_word' id='word_1_738' title='bbox 1364 4590 1379 4615; x_wconf 91' lang='lat'><strong>,</strong></span> <span class='ocrx_word' id='word_1_739' title='bbox 1425 4552 1519 4606; x_wconf 86' lang='lat' dir='ltr'><strong>sed</strong></span> <span class='ocrx_word' id='word_1_740' title='bbox 1591 4552 1963 4608; x_wconf 81' lang='lat' dir='ltr'><strong>viviﬁcantem</strong></span> <span class='ocrx_word' id='word_1_741' title='bbox 1996 4537 2047 4598; x_wconf 80' lang='grc' dir='ltr'><strong>ι)</strong></span> <span class='ocrx_word' id='word_1_742' title='bbox 2072 4555 2216 4607; x_wconf 85' lang='lat' dir='ltr'><strong>sitim</strong></span> <span class='ocrx_word' id='word_1_743' title='bbox 2251 4569 2428 4624; x_wconf 72' lang='lat' dir='ltr'><strong>aqum,</strong></span> <span class='ocrx_word' id='word_1_744' title='bbox 2463 4555 2552 4608; x_wconf 86' lang='lat' dir='ltr'><strong>sed</strong></span> <span class='ocrx_word' id='word_1_745' title='bbox 2578 4557 2719 4610; x_wconf 84' lang='lat' dir='ltr'><strong>sitim</strong></span> <span class='ocrx_word' id='word_1_746' title='bbox 2743 4555 2883 4610; x_wconf 82' lang='lat' dir='ltr'><strong>verbi</strong></span> <span class='ocrx_word' id='word_1_747' title='bbox 2912 4557 3004 4612; x_wconf 88' lang='lat' dir='ltr'><strong>Dei</strong></span> <span class='ocrx_word' id='word_1_748' title='bbox 3033 4558 3098 4624; x_wconf 65' lang='grc'><strong>³⁵,</strong></span> <span class='ocrx_word' id='word_1_749' title='bbox 3140 4560 3314 4616; x_wconf 88' lang='lat' dir='ltr'><strong>donec</strong></span> <span class='ocrx_word' id='word_1_750' title='bbox 3335 4537 3651 4633; x_wconf 80' lang='lat' dir='ltr'><strong>aperiantur</strong></span> 
     </span>
    </p>
   </div>
   <div class='ocr_carea' id='block_1_91' title="bbox 394 4637 1971 4714">
    <p class='ocr_par' dir='ltr' id='par_1_91' title="bbox 394 4637 1971 4714">
     <span class='ocr_line' id='line_1_91' title="bbox 394 4637 1971 4714; baseline 0.006 -24"><span class='ocrx_word' id='word_1_751' title='bbox 394 4637 645 4706; x_wconf 78' lang='lat' dir='ltr'><strong>Spiritum</strong></span> <span class='ocrx_word' id='word_1_752' title='bbox 676 4653 690 4693; x_wconf 89' lang='lat'><strong>:</strong></span> <span class='ocrx_word' id='word_1_753' title='bbox 723 4653 786 4693; x_wconf 81' lang='lat' dir='ltr'><strong>ex</strong></span> <span class='ocrx_word' id='word_1_754' title='bbox 815 4638 919 4694; x_wconf 88' lang='lat' dir='ltr'><strong>illis</strong></span> <span class='ocrx_word' id='word_1_755' title='bbox 940 4640 1043 4694; x_wconf 89' lang='lat' dir='ltr'><strong>erit</strong></span> <span class='ocrx_word' id='word_1_756' title='bbox 1067 4639 1187 4693; x_wconf 90' lang='lat' dir='ltr'><strong>sine</strong></span> <span class='ocrx_word' id='word_1_757' title='bbox 1219 4638 1402 4708; x_wconf 89' lang='lat' dir='ltr'><strong>dubio,</strong></span> <span class='ocrx_word' id='word_1_758' title='bbox 1433 4643 1525 4711; x_wconf 91' lang='lat' dir='ltr'><strong>qui</strong></span> <span class='ocrx_word' id='word_1_759' title='bbox 1561 4658 1666 4697; x_wconf 89' lang='lat' dir='ltr'><strong>non</strong></span> <span class='ocrx_word' id='word_1_760' title='bbox 1695 4644 1971 4714; x_wconf 84' lang='lat' dir='ltr'><strong>accipiunt</strong></span> 
     </span>
    </p>
   </div>
   <div class='ocr_carea' id='block_1_92' title="bbox 394 4731 1962 4807">
    <p class='ocr_par' dir='ltr' id='par_1_92' title="bbox 394 4731 1962 4807">
     <span class='ocr_line' id='line_1_92' title="bbox 394 4731 1962 4807; baseline 0.006 -25"><span class='ocrx_word' id='word_1_761' title='bbox 394 4731 637 4799; x_wconf 81' lang='lat' dir='ltr'><strong>spiritum</strong></span> <span class='ocrx_word' id='word_1_762' title='bbox 683 4733 946 4788; x_wconf 82' lang='lat' dir='ltr'><strong>servitutis</strong></span> <span class='ocrx_word' id='word_1_763' title='bbox 987 4735 1180 4789; x_wconf 86' lang='lat' dir='ltr'><strong>iterum</strong></span> <span class='ocrx_word' id='word_1_764' title='bbox 1218 4735 1273 4788; x_wconf 89' lang='lat' dir='ltr'><strong>in</strong></span> <span class='ocrx_word' id='word_1_765' title='bbox 1311 4736 1498 4789; x_wconf 86' lang='lat' dir='ltr'><strong>timore</strong></span> <span class='ocrx_word' id='word_1_766' title='bbox 1523 4775 1538 4800; x_wconf 96' lang='lat'><strong>,</strong></span> <span class='ocrx_word' id='word_1_767' title='bbox 1577 4737 1668 4790; x_wconf 87' lang='lat' dir='ltr'><strong>sed</strong></span> <span class='ocrx_word' id='word_1_768' title='bbox 1714 4739 1962 4807; x_wconf 81' lang='lat' dir='ltr'><strong>spiritum</strong></span> 
     </span>
    </p>
   </div>
   <div class='ocr_carea' id='block_1_93' title="bbox 397 4822 1720 4896">
    <p class='ocr_par' dir='ltr' id='par_1_93' title="bbox 397 4822 1720 4896">
     <span class='ocr_line' id='line_1_93' title="bbox 397 4822 1720 4896; baseline 0.008 -24"><span class='ocrx_word' id='word_1_769' title='bbox 397 4822 718 4890; x_wconf 85' lang='lat' dir='ltr'><strong>adoptionis,</strong></span> <span class='ocrx_word' id='word_1_770' title='bbox 758 4825 812 4878; x_wconf 90' lang='lat' dir='ltr'><strong>in</strong></span> <span class='ocrx_word' id='word_1_771' title='bbox 839 4842 940 4896; x_wconf 87' lang='lat' dir='ltr'><strong>quo</strong></span> <span class='ocrx_word' id='word_1_772' title='bbox 972 4826 1209 4882; x_wconf 89' lang='lat' dir='ltr'><strong>clament</strong></span> <span class='ocrx_word' id='word_1_773' title='bbox 1241 4844 1256 4881; x_wconf 87' lang='lat'><strong>:</strong></span> <span class='ocrx_word' id='word_1_774' title='bbox 1288 4826 1435 4880; x_wconf 82' lang='lat' dir='ltr'><strong>Abba</strong></span> <span class='ocrx_word' id='word_1_775' title='bbox 1467 4827 1630 4883; x_wconf 86' lang='lat' dir='ltr'><strong>Pater</strong></span> <span class='ocrx_word' id='word_1_776' title='bbox 1655 4830 1720 4883; x_wconf 74' lang='grc'><strong>³⁸.</strong></span> 
     </span>
    </p>
   </div>
   <div class='ocr_carea' id='block_1_94' title="bbox 470 4915 1969 4992">
    <p class='ocr_par' dir='ltr' id='par_1_94' title="bbox 470 4915 1969 4992">
     <span class='ocr_line' id='line_1_94' title="bbox 470 4915 1969 4992; baseline 0.01 -26"><span class='ocrx_word' id='word_1_777' title='bbox 470 4915 522 4967; x_wconf 88' lang='grc'><strong>5.</strong></span> <span class='ocrx_word' id='word_1_778' title='bbox 566 4916 703 4981; x_wconf 83' lang='lat' dir='ltr'><strong>Quid</strong></span> <span class='ocrx_word' id='word_1_779' title='bbox 753 4919 969 4974; x_wconf 89' lang='lat' dir='ltr'><strong>interim</strong></span> <span class='ocrx_word' id='word_1_780' title='bbox 1001 4931 1128 4989; x_wconf 83' lang='lat' dir='ltr'><strong>agat</strong></span> <span class='ocrx_word' id='word_1_781' title='bbox 1178 4921 1455 4975; x_wconf 87' lang='lat' dir='ltr'><strong>Abraham</strong></span> <span class='ocrx_word' id='word_1_782' title='bbox 1502 4934 1787 4992; x_wconf 89' lang='lat' dir='ltr'><strong>postquam</strong></span> <span class='ocrx_word' id='word_1_783' title='bbox 1830 4925 1969 4981; x_wconf 88' lang='lat' dir='ltr'><strong>indi-</strong></span> 
     </span>
    </p>
   </div>
   <div class='ocr_carea' id='block_1_95' title="bbox 474 5051 1968 5128">
    <p class='ocr_par' dir='ltr' id='par_1_95' title="bbox 474 5051 1968 5128">
     <span class='ocr_line' id='line_1_95' title="bbox 474 5051 1968 5128; baseline 0.008 -24"><span class='ocrx_word' id='word_1_784' title='bbox 474 5051 559 5128; x_wconf 55' lang='grc' dir='ltr'><strong>’ξι</strong></span> <span class='ocrx_word' id='word_1_785' title='bbox 589 5053 720 5108; x_wconf 82' lang='lat' dir='ltr'><strong>Joan</strong></span> <span class='ocrx_word' id='word_1_786' title='bbox 759 5056 939 5128; x_wconf 40' lang='lat'><strong>“7.18.</strong></span> <span class='ocrx_word' id='word_1_787' title='bbox 1016 5058 1062 5089; x_wconf 83' lang='grc'><strong>’³</strong></span> <span class='ocrx_word' id='word_1_788' title='bbox 1087 5057 1273 5115; x_wconf 81' lang='lat' dir='ltr'><strong>Matth.</strong></span> <span class='ocrx_word' id='word_1_789' title='bbox 1301 5075 1356 5124; x_wconf 75' lang='grc' dir='ltr'>χ,</span> <span class='ocrx_word' id='word_1_790' title='bbox 1381 5059 1472 5115; x_wconf 79' lang='grc'><strong>45.</strong></span> <span class='ocrx_word' id='word_1_791' title='bbox 1549 5062 1594 5093; x_wconf 64' lang='grc'><strong><em>⁸⁵</em></strong></span> <span class='ocrx_word' id='word_1_792' title='bbox 1623 5061 1742 5116; x_wconf 86' lang='lat' dir='ltr'><strong>Gal.</strong></span> <span class='ocrx_word' id='word_1_793' title='bbox 1774 5079 1848 5128; x_wconf 88' lang='lat' dir='ltr'><strong>tv,</strong></span> <span class='ocrx_word' id='word_1_794' title='bbox 1885 5064 1968 5127; x_wconf 61' lang='lat' dir='ltr'><strong>L1</strong></span> 
     </span>
    </p>
   </div>
   <div class='ocr_carea' id='block_1_96' title="bbox 2072 5051 2552 5128">
    <p class='ocr_par' dir='ltr' id='par_1_96' title="bbox 2095 5060 2552 5123">
     <span class='ocr_line' id='line_1_96' title="bbox 2095 5060 2552 5123; baseline -0.004 -9"><span class='ocrx_word' id='word_1_795' title='bbox 2095 5065 2140 5097; x_wconf 78' lang='lat'><strong><em>“</em></strong></span> <span class='ocrx_word' id='word_1_796' title='bbox 2162 5063 2183 5114; x_wconf 96' lang='lat' dir='ltr'><strong>I</strong></span> <span class='ocrx_word' id='word_1_797' title='bbox 2203 5061 2328 5117; x_wconf 90' lang='lat' dir='ltr'><strong>Cor.</strong></span> <span class='ocrx_word' id='word_1_798' title='bbox 2348 5060 2552 5123; x_wconf 67' lang='lat'><strong>3&quot;,“.</strong></span> 
     </span>
    </p>
   </div>
   <div class='ocr_carea' id='block_1_97' title="bbox 1587 5131 2174 5201">
    <p class='ocr_par' dir='ltr' id='par_1_97' title="bbox 1587 5131 2174 5201">
     <span class='ocr_line' id='line_1_97' title="bbox 1587 5131 2174 5201; baseline 0.003 -16"><span class='ocrx_word' id='word_1_799' title='bbox 1587 5131 1632 5161; x_wconf 77' lang='lat'><strong>&#39;°</strong></span> <span class='ocrx_word' id='word_1_800' title='bbox 1669 5131 1828 5188; x_wconf 75' lang='lat' dir='ltr'><strong>Prov.</strong></span> <span class='ocrx_word' id='word_1_801' title='bbox 1876 5150 1924 5198; x_wconf 83' lang='lat' dir='ltr'><strong>v,</strong></span> <span class='ocrx_word' id='word_1_802' title='bbox 1957 5135 2054 5201; x_wconf 80' lang='grc'><strong>15,</strong></span> <span class='ocrx_word' id='word_1_803' title='bbox 2088 5137 2174 5189; x_wconf 79' lang='lat'><strong>16.</strong></span> 
     </span>
    </p>
   </div>
   <div class='ocr_carea' id='block_1_98' title="bbox 400 5123 922 5188">
    <p class='ocr_par' dir='ltr' id='par_1_98' title="bbox 400 5123 922 5188">
     <span class='ocr_line' id='line_1_98' title="bbox 400 5123 922 5188; baseline 0.011 -13"><span class='ocrx_word' id='word_1_804' title='bbox 400 5123 448 5154; x_wconf 74' lang='grc'><strong>’³</strong></span> <span class='ocrx_word' id='word_1_805' title='bbox 489 5124 642 5176; x_wconf 80' lang='lat' dir='ltr'><strong>Rom.</strong></span> <span class='ocrx_word' id='word_1_806' title='bbox 678 5139 806 5188; x_wconf 88' lang='lat' dir='ltr'><strong>vm,</strong></span> <span class='ocrx_word' id='word_1_807' title='bbox 838 5126 922 5182; x_wconf 78' lang='lat' dir='ltr'><strong>I5.</strong></span> 
     </span>
    </p>
   </div>
   <div class='ocr_carea' id='block_1_99' title="bbox 402 5191 906 5260">
    <p class='ocr_par' dir='ltr' id='par_1_99' title="bbox 402 5191 906 5260">
     <span class='ocr_line' id='line_1_99' title="bbox 402 5191 906 5260; baseline 0.01 -15"><span class='ocrx_word' id='word_1_808' title='bbox 402 5191 449 5224; x_wconf 74' lang='lat'><strong>”</strong></span> <span class='ocrx_word' id='word_1_809' title='bbox 480 5195 645 5246; x_wconf 86' lang='lat' dir='ltr'><strong>Amos</strong></span> <span class='ocrx_word' id='word_1_810' title='bbox 679 5209 794 5260; x_wconf 86' lang='lat' dir='ltr'><strong>vm,</strong></span> <span class='ocrx_word' id='word_1_811' title='bbox 824 5196 906 5250; x_wconf 86' lang='lat' dir='ltr'><strong>ll.</strong></span> 
     </span>
    </p>
   </div>
   <div class='ocr_carea' id='block_1_100' title="bbox 1031 5129 1482 5184">
    <p class='ocr_par' dir='ltr' id='par_1_100' title="bbox 1031 5129 1482 5184">
     <span class='ocr_line' id='line_1_100' title="bbox 1031 5129 1482 5184; baseline 0.009 -3"><span class='ocrx_word' id='word_1_812' title='bbox 1031 5129 1075 5158; x_wconf 80' lang='grc'><strong>²⁰</strong></span> <span class='ocrx_word' id='word_1_813' title='bbox 1103 5129 1298 5184; x_wconf 88' lang='lat' dir='ltr'><strong>Geues.</strong></span> <span class='ocrx_word' id='word_1_814' title='bbox 1334 5146 1398 5182; x_wconf 75' lang='lat' dir='ltr'><strong>sx</strong></span> <span class='ocrx_word' id='word_1_815' title='bbox 1410 5146 1482 5184; x_wconf 82' lang='lat' dir='ltr'><strong>vt.</strong></span> 
     </span>
    </p>
   </div>
   <div class='ocr_carea' id='block_1_101' title="bbox 983 5197 1450 5264">
    <p class='ocr_par' dir='ltr' id='par_1_101' title="bbox 983 5197 1450 5264">
     <span class='ocr_line' id='line_1_101' title="bbox 983 5197 1450 5264; baseline 0.011 -15"><span class='ocrx_word' id='word_1_816' title='bbox 983 5197 1026 5227; x_wconf 82' lang='grc'><strong>³⁵</strong></span> <span class='ocrx_word' id='word_1_817' title='bbox 1061 5197 1216 5255; x_wconf 76' lang='lat' dir='ltr'><strong>Boni.</strong></span> <span class='ocrx_word' id='word_1_818' title='bbox 1261 5216 1336 5264; x_wconf 74' lang='lat' dir='ltr'><strong>XI,</strong></span> <span class='ocrx_word' id='word_1_819' title='bbox 1359 5200 1450 5254; x_wconf 71' lang='grc'><strong>25.</strong></span> 
     </span>
    </p>
   </div>
   <div class='ocr_carea' id='block_1_102' title="bbox 473 5332 1819 5477">
    <p class='ocr_par' dir='ltr' id='par_1_102' title="bbox 473 5332 1819 5477">
     <span class='ocr_line' id='line_1_102' title="bbox 473 5332 1819 5477; baseline 0.009 -92"><span class='ocrx_word' id='word_1_820' title='bbox 473 5332 494 5477; x_wconf 48' lang='grc' dir='ltr'><strong>ἕ</strong></span> <span class='ocrx_word' id='word_1_821' title='bbox 521 5333 630 5402; x_wconf 78' lang='lat'><strong>39)</strong></span> <span class='ocrx_word' id='word_1_822' title='bbox 667 5333 819 5415; x_wconf 43' lang='lat' dir='ltr'><strong>M&#39;ssq</strong></span> <span class='ocrx_word' id='word_1_823' title='bbox 844 5335 976 5416; x_wconf 71' lang='lat' dir='ltr'><strong>ﬁte!</strong></span> <span class='ocrx_word' id='word_1_824' title='bbox 1002 5337 1088 5392; x_wconf 87' lang='lat' dir='ltr'><strong>ille</strong></span> <span class='ocrx_word' id='word_1_825' title='bbox 1110 5356 1126 5400; x_wconf 87' lang='lat'><strong><em>;</em></strong></span> <span class='ocrx_word' id='word_1_826' title='bbox 1149 5339 1282 5393; x_wconf 87' lang='lat' dir='ltr'><strong>libb.</strong></span> <span class='ocrx_word' id='word_1_827' title='bbox 1309 5341 1463 5405; x_wconf 81' lang='lat' dir='ltr'><strong>editi,</strong></span> <span class='ocrx_word' id='word_1_828' title='bbox 1500 5343 1593 5411; x_wconf 80' lang='lat' dir='ltr'><strong>ﬁat</strong></span> <span class='ocrx_word' id='word_1_829' title='bbox 1627 5353 1675 5396; x_wconf 87' lang='lat' dir='ltr'><strong>et</strong></span> <span class='ocrx_word' id='word_1_830' title='bbox 1712 5343 1819 5398; x_wconf 82' lang='lat' dir='ltr'><strong>ille.</strong></span> 
     </span>
     <span class='ocr_line' id='line_1_103' title="bbox 516 5402 1819 5477; baseline 0.009 -21"><span class='ocrx_word' id='word_1_831' title='bbox 516 5402 626 5472; x_wconf 85' lang='grc'><strong>40)</strong></span> <span class='ocrx_word' id='word_1_832' title='bbox 661 5403 814 5458; x_wconf 85' lang='lat' dir='ltr'><strong>Ltbb.</strong></span> <span class='ocrx_word' id='word_1_833' title='bbox 849 5407 1001 5466; x_wconf 79' lang='lat' dir='ltr'><strong>editi.</strong></span> <span class='ocrx_word' id='word_1_834' title='bbox 1033 5411 1275 5465; x_wconf 81' lang='lat' dir='ltr'><strong>euacuatu&#39;</strong></span> <span class='ocrx_word' id='word_1_835' title='bbox 1297 5427 1414 5477; x_wconf 69' lang='lat' dir='ltr'><strong>qua:</strong></span> <span class='ocrx_word' id='word_1_836' title='bbox 1437 5425 1588 5468; x_wconf 87' lang='lat' dir='ltr'><strong>erant</strong></span> <span class='ocrx_word' id='word_1_837' title='bbox 1614 5415 1819 5477; x_wconf 86' lang='lat' dir='ltr'><strong>parvuli</strong></span> 
     </span>
    </p>
   </div>
   <div class='ocr_carea' id='block_1_103' title="bbox 516 5402 1965 5487">
    <p class='ocr_par' dir='ltr' id='par_1_103' title="bbox 516 5402 1965 5487">
     <span class='ocr_line' id='line_1_104' title="bbox 516 5402 1965 5487; baseline 0.009 -31"><span class='ocrx_word' id='word_1_838' title='bbox 516 5402 626 5487; x_wconf 85' lang='grc'><strong>40)</strong></span> <span class='ocrx_word' id='word_1_839' title='bbox 661 5403 814 5487; x_wconf 60' lang='grc' dir='ltr'><strong>μω).</strong></span> <span class='ocrx_word' id='word_1_840' title='bbox 848 5407 1001 5487; x_wconf 83' lang='lat' dir='ltr'><strong>editi.</strong></span> <span class='ocrx_word' id='word_1_841' title='bbox 1033 5411 1275 5465; x_wconf 81' lang='lat' dir='ltr'><strong>euacuatu&#39;</strong></span> <span class='ocrx_word' id='word_1_842' title='bbox 1297 5427 1414 5478; x_wconf 69' lang='lat' dir='ltr'><strong>qua:</strong></span> <span class='ocrx_word' id='word_1_843' title='bbox 1437 5402 1588 5468; x_wconf 81' lang='lat' dir='ltr'><strong>erant</strong></span> <span class='ocrx_word' id='word_1_844' title='bbox 1614 5415 1843 5482; x_wconf 86' lang='lat' dir='ltr'><strong>parvuli,</strong></span> <span class='ocrx_word' id='word_1_845' title='bbox 1871 5415 1965 5469; x_wconf 89' lang='lat' dir='ltr'><strong>sed</strong></span> 
     </span>
    </p>
   </div>
   <div class='ocr_carea' id='block_1_104' title="bbox 400 5484 1130 5530">
    <p class='ocr_par' dir='ltr' id='par_1_104' title="bbox 400 5484 1130 5530">
     <span class='ocr_line' id='line_1_105' title="bbox 400 5484 1130 5530; baseline -0.001 0"><span class='ocrx_word' id='word_1_846' title='bbox 400 5489 533 5530; x_wconf 83' lang='lat' dir='ltr'><strong>mSS.</strong></span> <span class='ocrx_word' id='word_1_847' title='bbox 567 5485 625 5526; x_wconf 79' lang='lat' dir='ltr'><strong>III</strong></span> <span class='ocrx_word' id='word_1_848' title='bbox 659 5484 712 5527; x_wconf 85' lang='lat' dir='ltr'><strong>in</strong></span> <span class='ocrx_word' id='word_1_849' title='bbox 742 5484 928 5528; x_wconf 74' lang='lat' dir='ltr'><strong>DOSU&#39;O</strong></span> <span class='ocrx_word' id='word_1_850' title='bbox 962 5484 1130 5530; x_wconf 69' lang='lat' dir='ltr'><strong>lBXIII.</strong></span> 
     </span>
    </p>
   </div>
   <div class='ocr_carea' id='block_1_105' title="bbox 511 5539 1506 5618">
    <p class='ocr_par' dir='ltr' id='par_1_105' title="bbox 511 5539 1506 5618">
     <span class='ocr_line' id='line_1_106' title="bbox 511 5539 1506 5618; baseline 0.011 -24"><span class='ocrx_word' id='word_1_851' title='bbox 511 5543 578 5618; x_wconf 69' lang='lat' dir='ltr'><strong>4t</strong></span> <span class='ocrx_word' id='word_1_852' title='bbox 599 5541 808 5618; x_wconf 77' lang='lat' dir='ltr'><strong>_)_tt_s_s..</strong></span> <span class='ocrx_word' id='word_1_853' title='bbox 836 5545 984 5618; x_wconf 72' lang='lat' dir='ltr'><strong>sitit;</strong></span> <span class='ocrx_word' id='word_1_854' title='bbox 1012 5545 1140 5600; x_wconf 90' lang='lat' dir='ltr'><strong>libb.</strong></span> <span class='ocrx_word' id='word_1_855' title='bbox 1182 5548 1330 5618; x_wconf 88' lang='lat' dir='ltr'><strong>editi,</strong></span> <span class='ocrx_word' id='word_1_856' title='bbox 1357 5539 1506 5618; x_wconf 74' lang='lat' dir='ltr'><strong>petit.</strong></span> 
     </span>
    </p>
   </div>
   <div class='ocr_carea' id='block_1_106' title="bbox 459 5613 1964 5738">
    <p class='ocr_par' dir='ltr' id='par_1_106' title="bbox 459 5613 1964 5738">
     <span class='ocr_line' id='line_1_107' title="bbox 459 5613 1964 5738; baseline 0.009 -73"><span class='ocrx_word' id='word_1_857' title='bbox 459 5613 493 5695; x_wconf 41' lang='lat'><strong>.(</strong></span> <span class='ocrx_word' id='word_1_858' title='bbox 518 5613 790 5738; x_wconf 68' lang='lat' dir='ltr'><strong>42))Libb.</strong></span> <span class='ocrx_word' id='word_1_859' title='bbox 828 5615 959 5669; x_wconf 88' lang='lat' dir='ltr'><strong>editi</strong></span> <span class='ocrx_word' id='word_1_860' title='bbox 1001 5634 1014 5669; x_wconf 91' lang='lat'><strong>:</strong></span> <span class='ocrx_word' id='word_1_861' title='bbox 1050 5631 1142 5684; x_wconf 91' lang='lat' dir='ltr'><strong>pro</strong></span> <span class='ocrx_word' id='word_1_862' title='bbox 1177 5617 1276 5700; x_wconf 72' lang='lat' dir='ltr'><strong>hoc</strong></span> <span class='ocrx_word' id='word_1_863' title='bbox 1306 5613 1533 5676; x_wconf 79' lang='lat' dir='ltr'><strong>arbitror</strong></span> <span class='ocrx_word' id='word_1_864' title='bbox 1558 5624 1803 5694; x_wconf 83' lang='lat' dir='ltr'><strong>mysterio</strong></span> <span class='ocrx_word' id='word_1_865' title='bbox 1826 5626 1964 5694; x_wconf 86' lang='lat' dir='ltr'><strong>quod</strong></span> 
     </span>
     <span class='ocr_line' id='line_1_108' title="bbox 459 5684 1734 5738; baseline 0 0"><span class='ocrx_word' id='word_1_866' title='bbox 459 5701 557 5738; x_wconf 83' lang='lat' dir='ltr'><strong>tam</strong></span> <span class='ocrx_word' id='word_1_867' title='bbox 637 5700 860 5738; x_wconf 88' lang='lat' dir='ltr'><strong>ommtts.</strong></span> <span class='ocrx_word' id='word_1_868' title='bbox 887 5684 980 5738; x_wconf 88' lang='lat' dir='ltr'><strong>sed</strong></span> <span class='ocrx_word' id='word_1_869' title='bbox 1015 5701 1143 5738; x_wconf 90' lang='lat' dir='ltr'><strong>mss.</strong></span> <span class='ocrx_word' id='word_1_870' title='bbox 1171 5695 1232 5738; x_wconf 90' lang='lat' dir='ltr'><strong>ut</strong></span> <span class='ocrx_word' id='word_1_871' title='bbox 1263 5704 1315 5738; x_wconf 87' lang='grc' dir='ltr'><strong>ιη</strong></span> <span class='ocrx_word' id='word_1_872' title='bbox 1353 5701 1538 5738; x_wconf 78' lang='lat' dir='ltr'><strong>nostra</strong></span> <span class='ocrx_word' id='word_1_873' title='bbox 1565 5704 1734 5738; x_wconf 66' lang='lat' dir='ltr'><strong>textu-</strong></span> 
     </span>
    </p>
   </div>
   <div class='ocr_carea' id='block_1_107' title="bbox 398 5684 1734 5748">
    <p class='ocr_par' dir='ltr' id='par_1_107' title="bbox 398 5684 1734 5748">
     <span class='ocr_line' id='line_1_109' title="bbox 398 5684 1734 5748; baseline 0.007 -11"><span class='ocrx_word' id='word_1_874' title='bbox 398 5684 557 5742; x_wconf 81' lang='lat' dir='ltr'><strong>etiam</strong></span> <span class='ocrx_word' id='word_1_875' title='bbox 587 5684 860 5744; x_wconf 89' lang='lat' dir='ltr'><strong>Dominus.</strong></span> <span class='ocrx_word' id='word_1_876' title='bbox 887 5684 980 5739; x_wconf 89' lang='lat' dir='ltr'><strong>sed</strong></span> <span class='ocrx_word' id='word_1_877' title='bbox 1015 5701 1143 5740; x_wconf 89' lang='lat' dir='ltr'><strong>mss.</strong></span> <span class='ocrx_word' id='word_1_878' title='bbox 1171 5695 1232 5740; x_wconf 90' lang='lat' dir='ltr'><strong>ut</strong></span> <span class='ocrx_word' id='word_1_879' title='bbox 1263 5689 1315 5742; x_wconf 93' lang='lat' dir='ltr'><strong>in</strong></span> <span class='ocrx_word' id='word_1_880' title='bbox 1353 5701 1538 5746; x_wconf 90' lang='lat' dir='ltr'><strong>nostro</strong></span> <span class='ocrx_word' id='word_1_881' title='bbox 1565 5684 1734 5748; x_wconf 54' lang='lat' dir='ltr'><strong>teitu.</strong></span> 
     </span>
    </p>
   </div>
   <div class='ocr_carea' id='block_1_108' title="bbox 369 5753 1969 5831">
    <p class='ocr_par' dir='ltr' id='par_1_108' title="bbox 369 5753 1969 5831">
     <span class='ocr_line' id='line_1_110' title="bbox 369 5753 1969 5831; baseline 0.007 -22"><span class='ocrx_word' id='word_1_882' title='bbox 369 5823 373 5826; x_wconf 96' lang='lat'><em>_</em></span> <span class='ocrx_word' id='word_1_883' title='bbox 472 5755 606 5827; x_wconf 79' lang='grc'><strong>(45)</strong></span> <span class='ocrx_word' id='word_1_884' title='bbox 649 5753 779 5810; x_wconf 87' lang='lat' dir='ltr'><strong>Post</strong></span> <span class='ocrx_word' id='word_1_885' title='bbox 818 5754 929 5809; x_wconf 75' lang='lat' dir='ltr'><strong>ltwc</strong></span> <span class='ocrx_word' id='word_1_886' title='bbox 981 5754 1237 5810; x_wconf 85' lang='lat' dir='ltr'><strong>Dominus</strong></span> <span class='ocrx_word' id='word_1_887' title='bbox 1261 5758 1330 5810; x_wconf 90' lang='lat' dir='ltr'><strong>ad</strong></span> <span class='ocrx_word' id='word_1_888' title='bbox 1358 5775 1496 5831; x_wconf 88' lang='lat' dir='ltr'><strong>eant,</strong></span> <span class='ocrx_word' id='word_1_889' title='bbox 1536 5773 1643 5820; x_wconf 88' lang='lat' dir='ltr'><strong>etc.</strong></span> <span class='ocrx_word' id='word_1_890' title='bbox 1697 5763 1969 5820; x_wconf 64' lang='lat' dir='ltr'><strong>Memoriae</strong></span> 
     </span>
    </p>
   </div>
   <div class='ocr_carea' id='block_1_109' title="bbox 762 5848 1381 5914">
    <p class='ocr_par' dir='ltr' id='par_1_109' title="bbox 762 5848 1381 5914">
     <span class='ocr_line' id='line_1_111' title="bbox 762 5848 1381 5914; baseline 0.006 -4"><span class='ocrx_word' id='word_1_891' title='bbox 762 5849 1036 5912; x_wconf 77' lang='lat' dir='ltr'><strong>PATROL.</strong></span> <span class='ocrx_word' id='word_1_892' title='bbox 1071 5849 1191 5912; x_wconf 77' lang='lat' dir='ltr'><strong>Gtt.</strong></span> <span class='ocrx_word' id='word_1_893' title='bbox 1238 5848 1381 5914; x_wconf 81' lang='lat' dir='ltr'><strong>XII.</strong></span> 
     </span>
    </p>
   </div>
   <div class='ocr_carea' id='block_1_110' title="bbox 2075 4647 3650 4722">
    <p class='ocr_par' dir='ltr' id='par_1_110' title="bbox 2075 4647 3650 4722">
     <span class='ocr_line' id='line_1_112' title="bbox 2075 4647 3650 4722; baseline 0.004 -21"><span class='ocrx_word' id='word_1_894' title='bbox 2075 4647 2218 4702; x_wconf 89' lang='lat' dir='ltr'><strong>oculi</strong></span> <span class='ocrx_word' id='word_1_895' title='bbox 2245 4662 2538 4718; x_wconf 72' lang='lat' dir='ltr'><strong>synagoga:</strong></span> <span class='ocrx_word' id='word_1_896' title='bbox 2562 4649 2586 4702; x_wconf 67' lang='grc' dir='ltr'><em>ἲ</em></span> <span class='ocrx_word' id='word_1_897' title='bbox 2611 4648 2724 4704; x_wconf 89' lang='lat' dir='ltr'><strong>lloc</strong></span> <span class='ocrx_word' id='word_1_898' title='bbox 2756 4659 2838 4704; x_wconf 89' lang='lat' dir='ltr'><strong>est</strong></span> <span class='ocrx_word' id='word_1_899' title='bbox 2869 4651 3011 4722; x_wconf 90' lang='lat' dir='ltr'><strong>quod</strong></span> <span class='ocrx_word' id='word_1_900' title='bbox 3036 4651 3330 4720; x_wconf 89' lang='lat' dir='ltr'><strong>Apostolus</strong></span> <span class='ocrx_word' id='word_1_901' title='bbox 3357 4655 3490 4710; x_wconf 88' lang='lat' dir='ltr'><strong>dicit</strong></span> <span class='ocrx_word' id='word_1_902' title='bbox 3530 4670 3650 4710; x_wconf 90' lang='lat' dir='ltr'><strong>csse</strong></span> 
     </span>
    </p>
   </div>
   <div class='ocr_carea' id='block_1_111' title="bbox 2075 4739 3650 4814">
    <p class='ocr_par' dir='ltr' id='par_1_111' title="bbox 2075 4739 3650 4814">
     <span class='ocr_line' id='line_1_113' title="bbox 2075 4739 3650 4814; baseline 0.006 -21"><span class='ocrx_word' id='word_1_903' title='bbox 2075 4739 2394 4809; x_wconf 86' lang='lat' dir='ltr'><strong>mysterium</strong></span> <span class='ocrx_word' id='word_1_904' title='bbox 2446 4739 2493 4771; x_wconf 83' lang='grc'><strong>³⁵</strong></span> <span class='ocrx_word' id='word_1_905' title='bbox 2527 4755 2541 4794; x_wconf 87' lang='lat'><strong>:</strong></span> <span class='ocrx_word' id='word_1_906' title='bbox 2571 4740 2708 4806; x_wconf 84' lang='lat' dir='ltr'><strong>Quia</strong></span> <span class='ocrx_word' id='word_1_907' title='bbox 2755 4741 2962 4795; x_wconf 79' lang='lat' dir='ltr'><strong>cwcitas</strong></span> <span class='ocrx_word' id='word_1_908' title='bbox 3012 4743 3226 4811; x_wconf 81' lang='lat' dir='ltr'><strong>contigit</strong></span> <span class='ocrx_word' id='word_1_909' title='bbox 3281 4759 3345 4798; x_wconf 77' lang='lat' dir='ltr'><strong>ea:</strong></span> <span class='ocrx_word' id='word_1_910' title='bbox 3392 4759 3542 4814; x_wconf 81' lang='lat' dir='ltr'><strong>parte</strong></span> <span class='ocrx_word' id='word_1_911' title='bbox 3593 4747 3650 4802; x_wconf 83' lang='lat' dir='ltr'><strong>in</strong></span> 
     </span>
    </p>
   </div>
   <div class='ocr_carea' id='block_1_112' title="bbox 2080 4830 3649 4902">
    <p class='ocr_par' dir='ltr' id='par_1_112' title="bbox 2080 4830 3649 4902">
     <span class='ocr_line' id='line_1_114' title="bbox 2080 4830 3649 4902; baseline 0.004 -17"><span class='ocrx_word' id='word_1_912' title='bbox 2080 4830 2272 4896; x_wconf 82' lang='lat' dir='ltr'><strong>Israel,</strong></span> <span class='ocrx_word' id='word_1_913' title='bbox 2301 4831 2464 4885; x_wconf 85' lang='lat' dir='ltr'><strong>donec</strong></span> <span class='ocrx_word' id='word_1_914' title='bbox 2512 4832 2785 4900; x_wconf 88' lang='lat' dir='ltr'><strong>plenitudo</strong></span> <span class='ocrx_word' id='word_1_915' title='bbox 2827 4833 3059 4902; x_wconf 87' lang='lat' dir='ltr'><strong>gentium</strong></span> <span class='ocrx_word' id='word_1_916' title='bbox 3105 4834 3382 4900; x_wconf 87' lang='lat' dir='ltr'><strong>introiret,</strong></span> <span class='ocrx_word' id='word_1_917' title='bbox 3439 4848 3487 4891; x_wconf 85' lang='lat' dir='ltr'><strong>et</strong></span> <span class='ocrx_word' id='word_1_918' title='bbox 3527 4849 3649 4892; x_wconf 86' lang='lat' dir='ltr'><strong>tunc</strong></span> 
     </span>
    </p>
   </div>
   <div class='ocr_carea' id='block_1_113' title="bbox 2077 4925 3649 4999">
    <p class='ocr_par' dir='ltr' id='par_1_113' title="bbox 2077 4925 3649 4999">
     <span class='ocr_line' id='line_1_115' title="bbox 2077 4925 3649 4999; baseline 0.005 -19"><span class='ocrx_word' id='word_1_919' title='bbox 2077 4927 2247 4981; x_wconf 87' lang='lat' dir='ltr'><strong>ontnis</strong></span> <span class='ocrx_word' id='word_1_920' title='bbox 2280 4925 2451 4981; x_wconf 86' lang='lat' dir='ltr'><strong>Israel</strong></span> <span class='ocrx_word' id='word_1_921' title='bbox 2488 4927 2668 4982; x_wconf 81' lang='lat' dir='ltr'><strong>saluus</strong></span> <span class='ocrx_word' id='word_1_922' title='bbox 2695 4929 2865 4998; x_wconf 80' lang='lat' dir='ltr'><strong>ﬁeret.</strong></span> <span class='ocrx_word' id='word_1_923' title='bbox 2905 4926 3012 4984; x_wconf 88' lang='lat' dir='ltr'><strong>Ista</strong></span> <span class='ocrx_word' id='word_1_924' title='bbox 3048 4939 3132 4986; x_wconf 89' lang='lat' dir='ltr'><strong>est</strong></span> <span class='ocrx_word' id='word_1_925' title='bbox 3159 4946 3289 4999; x_wconf 77' lang='lat' dir='ltr'><strong>ergo</strong></span> <span class='ocrx_word' id='word_1_926' title='bbox 3323 4933 3541 4990; x_wconf 73' lang='lat' dir='ltr'><strong>catcitas</strong></span> <span class='ocrx_word' id='word_1_927' title='bbox 3592 4935 3649 4989; x_wconf 89' lang='lat' dir='ltr'><strong>in</strong></span> 
     </span>
    </p>
   </div>
   <div class='ocr_carea' id='block_1_114' title="bbox 2633 5058 3646 5141">
    <p class='ocr_par' dir='ltr' id='par_1_114' title="bbox 2633 5058 3646 5141">
     <span class='ocr_line' id='line_1_116' title="bbox 2633 5058 3646 5141; baseline 0.019 -32"><span class='ocrx_word' id='word_1_928' title='bbox 2633 5058 2900 5141; x_wconf 45' lang='lat' dir='ltr'><strong>&#39;igoloss.</strong></span> <span class='ocrx_word' id='word_1_929' title='bbox 2918 5065 3063 5141; x_wconf 77' lang='lat' dir='ltr'><strong>ttt,l.</strong></span> <span class='ocrx_word' id='word_1_930' title='bbox 3155 5070 3285 5141; x_wconf 13' lang='lat' dir='ltr'><strong>_V&quot;II</strong></span> <span class='ocrx_word' id='word_1_931' title='bbox 3303 5072 3428 5127; x_wconf 89' lang='lat' dir='ltr'><strong>Cor.</strong></span> <span class='ocrx_word' id='word_1_932' title='bbox 3462 5089 3534 5141; x_wconf 86' lang='lat' dir='ltr'><strong>Iv,</strong></span> <span class='ocrx_word' id='word_1_933' title='bbox 3558 5075 3646 5128; x_wconf 88' lang='lat' dir='ltr'><strong>l8.</strong></span> 
     </span>
    </p>
   </div>
   <div class='ocr_carea' id='block_1_115' title="bbox 2274 5135 3648 5202">
    <p class='ocr_par' dir='ltr' id='par_1_115' title="bbox 2274 5135 3648 5202">
     <span class='ocr_line' id='line_1_117' title="bbox 2274 5135 3648 5202; baseline 0.004 -14"><span class='ocrx_word' id='word_1_934' title='bbox 2274 5135 2316 5165; x_wconf 73' lang='lat'>“</span> <span class='ocrx_word' id='word_1_935' title='bbox 2356 5136 2514 5190; x_wconf 81' lang='lat' dir='ltr'><strong>Joan.</strong></span> <span class='ocrx_word' id='word_1_936' title='bbox 2545 5150 2615 5200; x_wconf 73' lang='grc' dir='ltr'><strong>ιν,</strong></span> <span class='ocrx_word' id='word_1_937' title='bbox 2663 5137 2750 5191; x_wconf 77' lang='grc'><strong>15.</strong></span> <span class='ocrx_word' id='word_1_938' title='bbox 2851 5137 2896 5169; x_wconf 79' lang='grc'>³³</span> <span class='ocrx_word' id='word_1_939' title='bbox 2936 5139 3068 5195; x_wconf 89' lang='lat' dir='ltr'><strong>ibid.</strong></span> <span class='ocrx_word' id='word_1_940' title='bbox 3115 5139 3203 5196; x_wconf 72' lang='lat'><strong>£5.</strong></span> <span class='ocrx_word' id='word_1_941' title='bbox 3307 5143 3352 5174; x_wconf 87' lang='grc'>³³</span> <span class='ocrx_word' id='word_1_942' title='bbox 3392 5135 3530 5202; x_wconf 68' lang='lat' dir='ltr'><strong>ibid.</strong></span> <span class='ocrx_word' id='word_1_943' title='bbox 3558 5143 3648 5195; x_wconf 74' lang='grc'><strong>14.</strong></span> 
     </span>
    </p>
   </div>
   <div class='ocr_carea' id='block_1_116' title="bbox 2072 5345 3643 5416">
    <p class='ocr_par' dir='ltr' id='par_1_116' title="bbox 2072 5345 3643 5416">
     <span class='ocr_line' id='line_1_118' title="bbox 2072 5345 3643 5416; baseline 0.003 -19"><span class='ocrx_word' id='word_1_944' title='bbox 2072 5345 2256 5412; x_wconf 86' lang='lat' dir='ltr'><strong>lapsus</strong></span> <span class='ocrx_word' id='word_1_945' title='bbox 2297 5355 2378 5399; x_wconf 87' lang='lat' dir='ltr'><strong>est</strong></span> <span class='ocrx_word' id='word_1_946' title='bbox 2406 5346 2458 5398; x_wconf 92' lang='lat' dir='ltr'><strong>in</strong></span> <span class='ocrx_word' id='word_1_947' title='bbox 2502 5345 2757 5416; x_wconf 82' lang='lat' dir='ltr'><strong>Origene,</strong></span> <span class='ocrx_word' id='word_1_948' title='bbox 2789 5361 2911 5399; x_wconf 88' lang='lat' dir='ltr'><strong>nam</strong></span> <span class='ocrx_word' id='word_1_949' title='bbox 2945 5363 3063 5416; x_wconf 72' lang='lat' dir='ltr'><strong>qua:</strong></span> <span class='ocrx_word' id='word_1_950' title='bbox 3097 5356 3399 5416; x_wconf 86' lang='lat' dir='ltr'><strong>sequuntur</strong></span> <span class='ocrx_word' id='word_1_951' title='bbox 3429 5347 3643 5403; x_wconf 87' lang='lat' dir='ltr'><strong>Domini</strong></span> 
     </span>
    </p>
   </div>
   <div class='ocr_carea' id='block_1_117' title="bbox 2071 5416 3628 5494">
    <p class='ocr_par' dir='ltr' id='par_1_117' title="bbox 2071 5416 3628 5494">
     <span class='ocr_line' id='line_1_119' title="bbox 2071 5416 3628 5494; baseline 0.003 -27"><span class='ocrx_word' id='word_1_952' title='bbox 2071 5416 2261 5494; x_wconf 76' lang='lat' dir='ltr'><strong>verba,</strong></span> <span class='ocrx_word' id='word_1_953' title='bbox 2296 5431 2401 5494; x_wconf 71' lang='lat' dir='ltr'><strong>non</strong></span> <span class='ocrx_word' id='word_1_954' title='bbox 2430 5424 2614 5494; x_wconf 77' lang='lat' dir='ltr'><strong>postea</strong></span> <span class='ocrx_word' id='word_1_955' title='bbox 2644 5453 2660 5481; x_wconf 88' lang='lat'><strong>,</strong></span> <span class='ocrx_word' id='word_1_956' title='bbox 2690 5418 2786 5471; x_wconf 87' lang='lat' dir='ltr'><strong>sed</strong></span> <span class='ocrx_word' id='word_1_957' title='bbox 2813 5419 2972 5471; x_wconf 88' lang='lat' dir='ltr'><strong>antea</strong></span> <span class='ocrx_word' id='word_1_958' title='bbox 3006 5419 3152 5473; x_wconf 87' lang='lat' dir='ltr'><strong>dicta</strong></span> <span class='ocrx_word' id='word_1_959' title='bbox 3194 5427 3338 5481; x_wconf 86' lang='lat' dir='ltr'><strong>sunt,</strong></span> <span class='ocrx_word' id='word_1_960' title='bbox 3372 5431 3567 5486; x_wconf 89' lang='lat' dir='ltr'><strong>nempe</strong></span> <span class='ocrx_word' id='word_1_961' title='bbox 3597 5428 3628 5494; x_wconf 65' lang='grc' dir='ltr'><em>ᾖ</em></span> 
     </span>
    </p>
   </div>
   <div class='ocr_carea' id='block_1_118' title="bbox 2073 5483 2668 5546">
    <p class='ocr_par' dir='ltr' id='par_1_118' title="bbox 2073 5483 2668 5546">
     <span class='ocr_line' id='line_1_120' title="bbox 2073 5483 2668 5546; baseline 0.008 -11"><span class='ocrx_word' id='word_1_962' title='bbox 2073 5483 2160 5546; x_wconf 77' lang='grc'><strong>14,</strong></span> <span class='ocrx_word' id='word_1_963' title='bbox 2189 5491 2243 5536; x_wconf 90' lang='lat' dir='ltr'><strong>et</strong></span> <span class='ocrx_word' id='word_1_964' title='bbox 2264 5485 2391 5540; x_wconf 90' lang='lat' dir='ltr'><strong>aliis</strong></span> <span class='ocrx_word' id='word_1_965' title='bbox 2426 5487 2668 5540; x_wconf 89' lang='lat' dir='ltr'><strong>vocibus.</strong></span> 
     </span>
    </p>
   </div>
   <div class='ocr_carea' id='block_1_119' title="bbox 2141 5552 3645 5625">
    <p class='ocr_par' dir='ltr' id='par_1_119' title="bbox 2141 5552 3645 5625">
     <span class='ocr_line' id='line_1_121' title="bbox 2141 5552 3645 5625; baseline 0.005 -19"><span class='ocrx_word' id='word_1_966' title='bbox 2141 5552 2294 5625; x_wconf 86' lang='grc'><strong>(44)</strong></span> <span class='ocrx_word' id='word_1_967' title='bbox 2357 5555 2486 5619; x_wconf 84' lang='lat' dir='ltr'><strong>Siti,</strong></span> <span class='ocrx_word' id='word_1_968' title='bbox 2525 5571 2626 5608; x_wconf 86' lang='lat' dir='ltr'><strong>non</strong></span> <span class='ocrx_word' id='word_1_969' title='bbox 2669 5556 2881 5625; x_wconf 80' lang='lat' dir='ltr'><strong>famem.</strong></span> <span class='ocrx_word' id='word_1_970' title='bbox 2929 5554 3022 5610; x_wconf 90' lang='lat' dir='ltr'><strong>Sic</strong></span> <span class='ocrx_word' id='word_1_971' title='bbox 3079 5555 3249 5609; x_wconf 82' lang='lat' dir='ltr'><strong>codex</strong></span> <span class='ocrx_word' id='word_1_972' title='bbox 3294 5552 3645 5614; x_wconf 86' lang='lat' dir='ltr'><strong>Belvacensis</strong></span> 
     </span>
    </p>
   </div>
   <div class='ocr_carea' id='block_1_120' title="bbox 2072 5624 3645 5694">
    <p class='ocr_par' dir='ltr' id='par_1_120' title="bbox 2072 5624 3645 5694">
     <span class='ocr_line' id='line_1_122' title="bbox 2072 5624 3645 5694; baseline 0.004 -18"><span class='ocrx_word' id='word_1_973' title='bbox 2072 5624 2273 5694; x_wconf 83' lang='lat' dir='ltr'><strong>melius</strong></span> <span class='ocrx_word' id='word_1_974' title='bbox 2293 5625 2605 5692; x_wconf 80' lang='lat' dir='ltr'><strong>quam&#39;libb.</strong></span> <span class='ocrx_word' id='word_1_975' title='bbox 2635 5624 2768 5682; x_wconf 87' lang='lat' dir='ltr'><strong>editi</strong></span> <span class='ocrx_word' id='word_1_976' title='bbox 2791 5626 2843 5680; x_wconf 91' lang='lat' dir='ltr'><strong>in</strong></span> <span class='ocrx_word' id='word_1_977' title='bbox 2875 5625 3073 5694; x_wconf 88' lang='lat' dir='ltr'><strong>quibus</strong></span> <span class='ocrx_word' id='word_1_978' title='bbox 3099 5625 3296 5694; x_wconf 74' lang='lat' dir='ltr'><strong>legitur</strong></span> <span class='ocrx_word' id='word_1_979' title='bbox 3331 5643 3345 5680; x_wconf 88' lang='lat'><strong>:</strong></span> <span class='ocrx_word' id='word_1_980' title='bbox 3375 5627 3488 5684; x_wconf 87' lang='lat' dir='ltr'><strong>siti.</strong></span> <span class='ocrx_word' id='word_1_981' title='bbox 3516 5625 3645 5683; x_wconf 75' lang='lat' dir='ltr'><strong>Non</strong></span> 
     </span>
    </p>
   </div>
   <div class='ocr_carea' id='block_1_121' title="bbox 2071 5693 2460 5764">
    <p class='ocr_par' dir='ltr' id='par_1_121' title="bbox 2071 5693 2460 5764">
     <span class='ocr_line' id='line_1_123' title="bbox 2071 5693 2460 5764; baseline 0.005 -16"><span class='ocrx_word' id='word_1_982' title='bbox 2071 5694 2208 5748; x_wconf 85' lang='lat' dir='ltr'><strong>enim</strong></span> <span class='ocrx_word' id='word_1_983' title='bbox 2247 5693 2460 5764; x_wconf 68' lang='lat' dir='ltr'><strong>(ornem.</strong></span> 
     </span>
    </p>
   </div>
   <div class='ocr_carea' id='block_1_122' title="bbox 3228 5859 3264 5915">
    <p class='ocr_par' dir='ltr' id='par_1_122' title="bbox 3228 5859 3264 5915">
     <span class='ocr_line' id='line_1_124' title="bbox 3228 5859 3264 5915; baseline 0 0"><span class='ocrx_word' id='word_1_984' title='bbox 3228 5859 3264 5915; x_wconf 86' lang='lat'><strong>7</strong></span> 
     </span>
    </p>
   </div>
   <div class='ocr_carea' id='block_1_123' title="bbox 2129 5938 2179 5950">
    <p class='ocr_par' dir='ltr' id='par_1_123' title="bbox 2129 5938 2179 5950">
     <span class='ocr_line' id='line_1_125' title="bbox 2129 5938 2179 5950; baseline 0 0"><span class='ocrx_word' id='word_1_985' title='bbox 2129 5942 2132 5946; x_wconf 77' lang='lat'>&#39;</span> <span class='ocrx_word' id='word_1_986' title='bbox 2144 5938 2179 5950; x_wconf 66' lang='grc' dir='ltr'><strong>-Α</strong></span> 
     </span>
    </p>
   </div>
  </div>
