4132 6410
475 367 581 423 203

1983 351 2304 410 ORIGENIS

3648 361 3747 417 ΞΜ

474 492 637 558 Agar,
686 500 807 556 qua:
848 482 1144 540 secundum
1178 494 1399 537 carnem
1438 480 1627 552 genuit
1662 497 1674 535 :
1706 493 1827 551 qua:
1876 478 2063 532 tandiu
2094 481 2142 540 Α
2170 478 2310 532 citus
2344 486 2427 532 cst
2473 478 2544 544 ei,
2596 477 2725 548 quia
2759 478 2813 533 in
2860 478 2973 535 lilio
3018 479 3112 549 qui
3163 490 3482 537 nasceretur
3511 496 3578 537 ex
3609 481 3742 541 Sara

476 583 527 633 in
565 593 628 632 ea
656 583 937 647 permanet
965 614 979 637 ,
1026 572 1202 628 donec
1255 571 1505 628 velamen
1548 571 1745 627 littera:
1782 569 2063 626 auferatur
2166 572 2530 642 complebitur
2557 572 2663 627 ista
2701 572 3014 641 promissio.
3049 575 3387 630 Accenderat
3436 589 3569 645 ergo
3619 576 3741 630 ani-

472 687 569 741 per
591 668 944 733 Evangelinm
973 666 1065 721 Dei
1112 666 1224 738 ($5
1246 666 1285 737 ),
1319 676 1377 721 et
1410 666 1591 720 videat
1627 679 1825 736 aquam
1855 665 2056 719 vivam.

474 764 625 818 Nunc
653 762 798 816 enim
836 759 1026 830 iacent
1072 758 1244 814 Judaei
1276 760 1421 815 circa
1461 760 1636 829 ipsum
1666 767 1888 828 puteum
1913 797 1931 825 ,
1962 758 2059 813 sed

466 855 610 909 oculi
634 869 824 909 eorum
850 853 1022 908 clausi
1050 862 1179 907 sunt
1208 869 1223 905 :
1253 861 1309 908 et
1357 866 1463 907 non
1498 860 1732 921 possunt
1774 850 1964 907 bibere
1992 851 2059 906 de

465 955 629 1013 puteo
659 945 796 1014 legis
832 954 884 999 et
917 945 1329 1013 prophetarum.
1378 941 1486 999 Sed
1519 951 1575 999 et
1602 957 1702 998 nos
1733 957 2053 1007 caveamus,

465 1038 592 1108 quia
632 1038 948 1108 frequenter
977 1046 1033 1092 et
1064 1052 1163 1092 nos
1193 1037 1340 1091 circa
1379 1046 1600 1106 puteum
1621 1035 1870 1106 jacemus
1903 1051 2056 1105 aqua:

464 1130 624 1196 vivae,
657 1130 709 1185 id
743 1139 825 1185 est
850 1130 996 1184 circa
1027 1129 1343 1200 Scripturas
1374 1128 1617 1193 divinas,
1640 1138 1696 1183 et
1721 1142 1970 1182 erramus
1998 1127 2052 1181 in

466 1222 618 1292 ipsis.
657 1220 931 1278 Tenemus
963 1222 1133 1277 libros
1173 1230 1228 1277 et
1265 1222 1534 1292 legimus,
1572 1222 1669 1276 sed
1711 1218 2051 1289 spiritualcm

465 1330 683 1370 sensum
717 1330 822 1370 non
848 1314 1187 1381 a'tingimus.
1230 1315 1296 1369 Et
1333 1317 1454 1371 ideo
1496 1331 1633 1385 opus
1671 1325 1755 1371 est
1797 1315 2052 1387 lacrymis

466 1417 524 1461 et
550 1408 891 1462 orationibus
920 1409 1355 1465 inde-sinentibus
1375 1411 1674 1479 postulare,
1703 1420 1760 1465 ut
1794 1411 2052 1465 Dominus

467 1495 679 1564 aperiat
713 1495 902 1550 oculos
932 1504 1187 1564 nostros;
1219 1498 1346 1567 quia
1386 1508 1441 1553 et
1473 1498 1550 1552 illi
1599 1500 1728 1553 czeci
1771 1500 1861 1569 qui
1891 1500 2048 1553 sede-

466 1588 604 1639 bant
635 1586 685 1639 in
731 1583 952 1640 Jericbo
982 1587 1053 1653 ³⁸,
1088 1588 1191 1642 nisi
1244 1588 1574 1643 clamassent
1618 1588 1685 1643 ad
1732 1588 2045 1653 Dominum,

466 1693 572 1731 non
604 1677 837 1733 fuissent
882 1680 1055 1747 aperti
1088 1679 1229 1733 oculi
1264 1693 1477 1735 eorum.
1537 1679 1605 1736 Et
1652 1681 1781 1750 quid
1824 1680 2047 1753 dico,ut

463 1770 787 1839 aperiantur
811 1771 951 1825 oculi
979 1771 1199 1825 nostri?
1226 1772 1351 1841 quia
1380 1772 1492 1843 jam
1518 1773 1692 1842 aperti
1718 1781 1866 1829 sunt.
1888 1771 2045 1828 Jesus

461 1861 603 1915 enim
648 1863 797 1917 venit
831 1864 1045 1931 aperire
1095 1864 1282 1918 oculos
1332 1878 1627 1919 caecorum.
1676 1865 1864 1935 Aperti
1911 1880 2043 1934 ergo

460 1959 586 2003 sunt
614 1950 759 2006 oculi
799 1952 993 2017 nostri,
1032 1962 1086 2008 ct
1114 1954 1182 2009 de
1216 1953 1394 2008 littera
1423 1953 1557 2024 legis
1594 1954 1843 2009 velamen
1890 1954 2043 2009 abla-

459 2048 572 2093 tum
609 2051 710 2097 est.
747 2040 853 2097 Sed
882 2058 1082 2097 vereor
1127 2058 1193 2099 ne
1232 2059 1331 2100 nos
1361 2045 1458 2115 ipsi
1487 2060 1585 2101 eos
1614 2060 1809 2101 somno
1844 2047 2043 2102 iterum

460 2133 813 2205 profundiore
869 2133 1211 2202 claudamns,
1269 2137 1395 2191 dum
1463 2153 1571 2193 non
1629 2138 1924 2209 vigilamus
1989 2141 2043 2195 in

461 2224 744 2280 intellectu
766 2224 1015 2293 spiritali,
1047 2240 1222 2297 neque
1245 2226 1458 2283 solliciti
1484 2244 1675 2284 sumus
1699 2238 1758 2284 ut
1785 2245 2043 2286 somnum

460 2317 817 2372 discutiamus
868 2317 938 2372 ab
990 2318 1163 2374 oculis
1223 2320 1455 2385 nostris,
1501 2329 1556 2376 et
1606 2322 2043 2392 contemplemur

461 2424 580 2479 qua:
606 2408 872 2478 spiritalia
900 2417 1049 2475 sunt,
1075 2411 1243 2466 utine
1268 2426 1391 2466 cum
1421 2413 1621 2483 populo
1653 2415 1864 2469 carnali
1893 2417 2043 2471 circa

462 2503 632 2570 ipsam
657 2515 850 2571 aquam
880 2502 1038 2572 positi
1071 2517 1337 2569 erremus,
1369 2506 1499 2574 quin
1523 2507 1707 2575 potius
1730 2507 2039 2577 vigilemus,

458 2602 514 2645 ct
558 2607 684 2645 cum
732 2591 999 2663 Propheta
1041 2593 1287 2649 dicamus
1320 2594 1361 2626 ³⁷
1395 2612 1409 2650 :
1448 2594 1510 2650 Si
1561 2596 1754 2651 dedero
1796 2613 2039 2651 somnum

458 2682 627 2736 oculis
656 2685 808 2750 meis,
853 2692 901 2738 et
947 2684 1211 2754 palpebris
1262 2686 1392 2741 meis
1439 2687 1895 2755 dormitationem,
1945 2701 2040 2744 aut

457 2777 690 2844 requiem
738 2778 1058 2846 temporibus
1111 2779 1283 2845 meis,
1328 2780 1491 2835 donec
1544 2780 1808 2835 inveniam
1866 2781 2038 2835 locum

458 2868 707 2933 Domino,
749 2870 1152 2925 tabernaculum
1202 2871 1313 2927 Deo
1364 2871 1553 2927 Iacob.
1604 2872 1713 2944 Ipsi
1768 2872 1941 2944 gloria
1985 2882 2042 2928 et

458 2960 748 3028 imperium
774 2963 827 3017 in
857 2963 1054 3019 sarcula
1091 2965 1434 3020 saeculorum.
1464 2964 1662 3021 Amen.

1015 3050 1293 3108 llOMlLlA
1338 3052 1471 3112 Vill.

492 3140 573 3197 De
601 3158 661 3196 eo
689 3143 829 3213 quod
860 3143 1045 3199 obtulit
1096 3145 1367 3201 Abraham
1405 3146 1580 3216 ﬁlium
1624 3163 1780 3203 suum
1822 3144 2000 3203 Isaac.

524 3234 579 3289 ς.
598 3236 864 3291 Adhibete
879 3237 983 3293 huc
1000 3252 1183 3307 aures,
1200 3240 1289 3310 qui
1314 3240 1629 3296 accessistis
1646 3240 1713 3295 ad
1730 3240 2036 3308 Dominum,

453 3327 547 3394 qui
580 3326 767 3383 lldcles
792 3343 915 3384 csse
943 3344 1040 3385 vos
1070 3332 1314 3398 creditis,
1342 3342 1399 3387 et
1430 3334 1777 3389 considerate
1806 3334 2038 3406 diligen-

458 3423 565 3475 tius
612 3422 1070 3489 quemadmodum
1125 3422 1364 3479 ﬁdelium
1400 3424 1533 3480 fides
1562 3425 1827 3495 probatur
1855 3439 1919 3480 ex
1952 3426 2038 3480 his

456 3527 576 3579 quae
617 3512 843 3567 recitata
890 3522 1017 3568 sunt
1048 3514 1224 3571 nobis.
1282 3516 1351 3570 Et
1382 3517 1583 3587 factum
1618 3526 1717 3582 est,
1761 3517 1936 3587 inquit
1968 3518 2036 3582 ⁸⁸,

453 3613 569 3670 post
599 3604 711 3658 lucc
741 3605 919 3670 verba,
960 3610 1178 3662 tentavit
1209 3607 1348 3663 Deus
1374 3609 1664 3678 Abraham,
1693 3619 1741 3663 et
1772 3610 1907 3664 dixit
1942 3610 1992 3663 ei
2019 3627 2036 3663 :

454 3695 747 3763 Abraham,
771 3696 1060 3751 Abraham.
1094 3698 1163 3753 Et
1190 3699 1280 3755 ille
1314 3700 1480 3754 dixit:
1502 3698 1637 3754 Ecce
1654 3716 1769 3771 ego.
1795 3702 2035 3758 Observa

453 3785 665 3856 singula
696 3803 817 3857 qua:
847 3790 1055 3858 scripta
1088 3800 1236 3845 sunt.
1300 3791 1357 3846 ιη
1405 3792 1637 3864 singulis
1662 3793 1807 3849 enim
1840 3794 1885 3850 si
1913 3797 2037 3865 quis

454 3880 557 3933 scit
579 3879 633 3933 in
657 3880 824 3935 altum
850 3881 1059 3947 fodere,
1087 3883 1329 3940 inveniet
1358 3884 1771 3953 thesaurum;et
1784 3886 2037 3943 fortassis

452 3975 619 4028 etiam
674 3974 763 4030 ubi
813 3990 919 4030 non
980 3976 1349 4044 existimatur,
1416 3978 1591 4033 latent
1648 3981 2033 4052 mysteriorum

452 4077 691 4147 pretiosa
721 4078 965 4137 monilia.
996 4079 1196 4135 Abram
1222 4081 1522 4136 vocabatur
1564 4081 1651 4136 vir
1692 4081 1800 4137 iste
1847 4082 2030 4152 prius,

448 4183 505 4229 et
555 4187 825 4242 nusquam
876 4171 1108 4242 legimus
1156 4174 1301 4243 quod
1346 4172 1449 4229 hoc
1487 4173 1705 4228 homine
1750 4174 2033 4230 vocaverit

446 4278 568 4319 eum
621 4263 783 4329 Deus,
837 4273 935 4318 aut
980 4263 1183 4319 dixerit
1233 4266 1305 4332 ei,
1361 4266 1590 4333 Abram,
1637 4267 1861 4323 Abram.
1912 4266 2028 4325 Non

445 4358 590 4412 enim
628 4372 658 4411 a
693 4356 801 4412 Deo
840 4357 1026 4412 vocari
1086 4365 1301 4428 poterat
1338 4360 1561 4415 nomine
1595 4359 1829 4417 delendo
1852 4400 1869 4427 ,
1931 4362 2027 4417 sed

448 4460 610 4505 vocat
647 4465 771 4505 eum
806 4448 911 4504 hoc
941 4450 1163 4506 nomine
1206 4450 1353 4520 quod
1392 4452 1509 4519 ipse
1538 4454 1799 4519 donavit,
1835 4462 1890 4510 et
1918 4470 2026 4510 non

2165 677 2315 717 mum
2350 664 2522 732 ipsius
2550 662 2602 717 in
2627 675 2871 717 amorem
2898 662 3019 729 lilii,
3055 680 3161 720 non
3198 666 3370 720 solum
3398 666 3743 737 posteritatis

2162 756 2367 826 gratia,
2399 758 2495 812 sed
2517 769 2573 813 et
2601 758 3029 828 promisslonum
3062 772 3179 826 spe.
3226 757 3332 811 Sed
3373 757 3516 813 hunc
3555 758 3609 813 in
3637 772 3745 828 quo

2162 846 2212 901 ci
2236 848 2426 916 posita:
2452 860 2579 903 sunt
2605 849 2998 919 promissiones
3030 862 3238 916 magna:
3286 848 3401 903 ista
3428 858 3484 905 et
3514 850 3741 905 mirabi—

2162 938 2242 994 les
2272 983 2287 1006 ,
2324 941 2489 1007 hunc,
2528 941 2770 1010 inquam,
2804 940 2973 994 lilium
3026 939 3078 993 in
3104 954 3213 1009 quo
3241 948 3493 995 vocatum
3519 951 3603 996 est
3642 956 3743 996 no-

2160 1046 2283 1089 men
2315 1033 2435 1100 ejus
2474 1033 2775 1099 Abraham,
2818 1032 3193 1087 holocaustum
3240 1032 3470 1087 Domino
3510 1032 3744 1102 jubetur

2156 1124 2352 1180 ollerre
2385 1126 2437 1179 in
2473 1139 2582 1179 uno
2608 1139 2675 1180 ex
2701 1124 2997 1180 montibus.
3025 1123 3164 1192 Quid
3194 1134 3247 1178 tu
3271 1125 3337 1179 ad
3361 1126 3496 1191 haec,
3515 1140 3549 1179 ο
3568 1126 3745 1181 Abra-

2156 1215 2319 1269 ham?
2344 1214 2475 1280 Qua:
2498 1222 2553 1269 et
2576 1214 2769 1283 quales
2792 1214 3153 1285 cogitationes
3171 1222 3465 1268 moventur
3497 1213 3552 1267 in
3576 1215 3741 1269 corde

2157 1307 2286 1361 tuo?
2318 1305 2532 1359 Prolata
2561 1315 2647 1361 est
2674 1320 2775 1361 vos
2805 1320 2833 1359 a
2866 1305 3001 1369 Deo,
3032 1320 3152 1375 qua:
3177 1305 3438 1359 discutiat
3466 1313 3519 1360 et
3544 1306 3740 1375 probet

2156 1398 2313 1453 fidem
2345 1408 2511 1454 tuam.
2542 1398 2683 1465 Quid
2706 1398 2773 1452 ad
2800 1397 2917 1453 haec
2949 1398 3121 1453 dicis?
3150 1397 3289 1464 Quid
3317 1398 3565 1465 cogitas?
3592 1398 3737 1465 Quid

2154 1490 2455 1546 retractas?
2477 1490 2716 1544 Putasne
2738 1490 2975 1545 revolvis
3004 1492 3057 1543 in
3088 1491 3253 1545 corde
3283 1501 3395 1555 tuo,
3427 1492 3579 1561 quia,
3609 1491 3653 1545 si
3682 1492 3735 1545 in

2150 1580 2299 1638 Isaac
2320 1583 2444 1637 data
2466 1592 2551 1637 cst
2586 1582 2716 1637 mihi
2752 1582 3127 1651 repromissio,
3170 1584 3315 1639 hunc
3351 1594 3532 1640 autem
3562 1585 3736 1642 olere

2155 1674 2561 1740 holocaustum,
2587 1683 2839 1745 superest
2864 1684 2923 1729 ut
2959 1688 3065 1728 non
3099 1685 3351 1747 speretur
3375 1676 3479 1731 ulla
3506 1683 3737 1746 promis-

2161 1769 2243 1823 sio
2274 1767 2435 1840 (46)?
2463 1768 2569 1822 Aut
2604 1766 2775 1838 magis
2812 1766 2899 1820 illa
2939 1766 3149 1837 cogitas
3191 1777 3247 1821 et
3279 1767 3439 1831 dicis,
3472 1768 3599 1838 quia
3633 1769 3733 1823 im-

2152 1861 2410 1933 possibile
2437 1869 2521 1916 est
2547 1858 2766 1915 mentiri
2791 1874 2916 1915 eum
2960 1859 3051 1928 qui
3092 1860 3439 1929 repromisit;
3470 1861 3734 1931 quidquid

2150 1952 2281 2007 illud
2305 1950 2489 2017 fuerit,
2511 1951 2804 2022 promissio
2826 1953 3205 2022 permanebit?
3232 1953 3431 2008 Verum
3456 1969 3580 2024 ego,
3605 1955 3733 2023 quia

2150 2045 2408 2100 minimus
2456 2059 2597 2109 sum,
2659 2044 2793 2099 tanti
2844 2045 3175 2115 patriarcha:
3212 2046 3583 2117 cogitationes
3617 2062 3729 2102 non

2148 2136 2303 2192 valeo
2344 2135 2698 2207 perscrutari,
2750 2149 2854 2189 nec
2900 2135 3045 2190 scire
3083 2149 3333 2203 possum,
3359 2151 3461 2192 vox
3491 2136 3583 2191 Dei
3611 2152 3734 2207 qua:

2146 2226 2211 2281 ad
2246 2226 2560 2281 tentandum
2591 2240 2713 2281 eum
2733 2235 3101 2295 processerat,
3131 2240 3269 2296 quas
3299 2228 3347 2282 ei
3372 2228 3734 2297 cogitationes

2146 2319 2394 2384 moverit,
2444 2317 2574 2388 quid
2607 2318 2775 2371 animi
2809 2317 3080 2385 attulerit,
3127 2332 3249 2373 cum
3275 2317 3562 2387 iuberetur
3609 2322 3731 2373 nni-

2144 2424 2266 2465 cum
2312 2407 2585 2479 jugulare.
2634 2404 2744 2461 Sed
2794 2407 3053 2476 quoniam
3092 2409 3310 2477 spiritus
3352 2410 3729 2477 prophetarum

2142 2500 2404 2570 prophetis
2434 2498 2701 2569 subjectus
2741 2510 2816 2553 est
2852 2498 2917 2565 “,
2951 2498 3153 2556 Paulus
3198 2501 3475 2571 apostolus
3504 2502 3595 2572 qui
3632 2517 3731 2573 per

2143 2590 2418 2661 spiritum,
2450 2588 2635 2655 credo,
2662 2588 2933 2643 didicerat
2962 2590 3093 2659 quid
3130 2590 3322 2656 animi,
3350 2592 3478 2661 quid
3513 2594 3727 2648 consilii

2142 2681 2419 2735 Abraham
2445 2680 2699 2749 gesserit,
2733 2679 2998 2734 indicavit
3050 2680 3241 2735 dicens
3261 2680 3307 2713 δ’
3336 2698 3349 2734 :
3390 2682 3525 2738 Fide
3552 2684 3727 2738 Abra-

2142 2776 2264 2829 ham
2291 2790 2393 2829 non
2422 2774 2705 2841 ha'sitavit,
2736 2790 2853 2828 cum
2895 2775 3107 2829 unicum
3142 2776 3378 2845 oﬁ‘erret,
3411 2778 3463 2830 iu
3492 2793 3594 2847 quo
3634 2795 3728 2832 ac-

2142 2878 2348 2939 ceperat
2398 2868 2857 2935 repromissiones,
2912 2869 3153 2938 cogitans
3200 2870 3329 2938 quia
3368 2879 3417 2924 et
3444 2887 3475 2924 a
3506 2872 3727 2924 mortuis

2133 2977 2260 3020 eum
2293 2960 2550 3015 suscitare
2575 2969 2756 3027 potens
2806 2970 2881 3013 est
2916 2959 3081 3015 Deus.
3133 2960 3379 3017 Prodidit
3406 2977 3536 3031 ergo
3574 2964 3730 3017 nobis

2142 3053 2501 3125 cogitationes
2534 3052 2635 3107 viri
2668 3050 2845 3107 fidelis
2891 3052 3205 3121 Apostolus,
3252 3055 3395 3124 quod
3453 3055 3586 3110 fides
3642 3070 3730 3111 rc-

2066 3177 2110 3237 ο
2144 3143 2506 3201 surrectionis
2544 3144 2655 3215 jam
2702 3152 2815 3198 tum
2874 3143 3065 3199 haberi
3126 3147 3359 3215 cmperit
3427 3146 3479 3201 in
3545 3146 3723 3202 Isaac.

2142 3240 2420 3294 Abraham
2467 3252 2598 3308 ergo
2645 3249 3090 3294 resurrecturum
3138 3241 3396 3310 sperabat
3446 3240 3617 3305 lsaac,
3674 3249 3731 3296 et

2142 3330 2398 3386 credebat
2437 3329 2553 3401 (47)
2602 3328 2882 3395 futurum,
2927 3332 3072 3402 quod
3117 3332 3294 3387 adhuc
3333 3348 3437 3386 non
3479 3342 3599 3387 erat
3641 3331 3730 3388 fa-

2140 3430 2312 3478 ctum.
2345 3421 2630 3488 Quomodo
2648 3436 2779 3492 ergo
2806 3420 2899 3475 ﬁlii
2920 3431 3047 3476 sunt
3078 3422 3380 3490 Abraham,
3404 3425 3493 3493 qui
3518 3424 3726 3481 factum

2142 3528 2250 3569 non
2284 3512 2521 3568 credunt
2552 3513 2605 3567 in
2630 3511 2879 3578 Christo,
2912 3519 3055 3584 quod
3088 3515 3174 3572 ille
3207 3516 3447 3572 futurum
3492 3519 3729 3575 credidit

2141 3606 2195 3660 in
2244 3605 2432 3659 Isaac?
2473 3604 2605 3670 Ιιιιο,
2660 3613 2720 3659 ιιι
2765 3607 3006 3675 apertius
3042 3607 3261 3677 loquar,
3298 3610 3504 3665 sciebat
3551 3611 3607 3665 in
3659 3626 3720 3667 se

2140 3696 2417 3751 Abraham
2465 3695 2661 3751 futura:
2708 3698 2958 3752 veritatis
3000 3699 3292 3767 imaginem
3348 3700 3725 3769 praeformari,

2140 3788 2351 3843 sciebat
2380 3789 2446 3843 de
2481 3789 2691 3843 semine
2722 3803 2823 3843 suo
2854 3792 3193 3845 nasciturum
3220 3791 3523 3856 Christum,
3554 3792 3647 3862 qui
3673 3803 3729 3845 et

2138 3880 2449 3937 oll‘erendus
2484 3893 2632 3937 esset
2669 3882 2835 3938 totius
2872 3884 3058 3939 mundi
3101 3884 3287 3941 verior
3318 3886 3523 3951 hostia,
3551 3894 3607 3941 et
3635 3898 3726 3940 re-

2138 3983 2491 4029 surrecturus
2527 3988 2557 4028 a
2588 3974 2843 4030 mortuis.

2206 4088 2262 4141 2.
2281 4087 2386 4143 Sed
2416 4102 2560 4142 nunc
2588 4086 2805 4142 interim
2836 4086 3090 4152 tentabat,
3117 4088 3368 4159 inquit”,
3402 4088 3540 4143 Deus
3563 4088 3729 4143 Abra-

2135 4184 2260 4237 ham
2299 4192 2346 4237 et
2375 4182 2503 4235 dicit
2526 4184 2593 4235 ad
2622 4197 2739 4235 eum
2770 4199 2790 4237 :
2830 4181 3021 4249 Accipe
3049 4181 3222 4249 ﬁlium
3273 4192 3421 4235 tuum
3475 4180 3727 4235 charissi-

2133 4290 2279 4329 munt
2323 4289 2476 4345 quem
2527 4273 2727 4343 diligis.
2787 4271 2904 4327 Non
2966 4274 3113 4326 enim
3174 4272 3466 4328 suffecerat
3523 4274 3725 4328 dixisse

2133 4367 2323 4434 ﬁlium,
2362 4367 2455 4423 sed
2492 4365 2746 4435 adjicitur
2782 4374 2838 4419 et
2886 4363 3276 4418 charissimam.
3316 4364 3445 4420 Esto
3485 4376 3539 4420 ct
3574 4366 3677 4421 hoc
3707 4382 3721 4418 :

2134 4461 2266 4528 quid
2294 4459 2474 4514 adhuc
2504 4457 2724 4513 additur
2745 4466 2801 4511 et
2835 4472 2990 4523 quem
3046 4457 3267 4525 diligis?
3307 4456 3412 4512 Sed
3446 4459 3570 4512 vide
3598 4467 3714 4512 ten-

448 4547 628 4601 solum
670 4556 829 4602 vocat
862 4562 985 4601 eum
1021 4548 1123 4603 hoc
1154 4548 1376 4604 nomine
1398 4590 1411 4609 .
1467 4549 1564 4602 sed
1612 4557 1669 4603 et
1706 4549 2027 4618 ingeminat.
2063 4530 2111 4588 θ
2140 4550 2365 4607 talionis
2406 4550 2638 4618 pondus.
2663 4548 2861 4603 Charis
2902 4559 2956 4603 et
2988 4547 3240 4604 dulcibus
3263 4548 3726 4620 appellationibus

448 4639 695 4708 Cumque
758 4638 849 4691 ille
907 4639 1278 4703 respondisset
1322 4656 1337 4693 :
1384 4638 1524 4693 Ecce
1576 4655 1693 4709 ego,
1758 4640 1892 4694 dicit
1958 4640 2027 4694 ad

448 4746 571 4787 eum
595 4731 639 4762 "
660 4748 674 4787 :
698 4731 886 4800 Accipe
909 4730 1084 4800 ﬁlium
1110 4740 1256 4784 tuum
1283 4730 1653 4785 charissimam
1670 4747 1821 4802 quem
1845 4731 2027 4802 diligis

446 4819 627 4887 Isaac,
656 4832 703 4875 et
734 4821 922 4891 o/I'eres
953 4819 1249 4874 mihicum.
1298 4819 1474 4889 Vade,
1509 4820 1710 4891 inquit,
1743 4823 1798 4875 in
1831 4831 2026 4877 terram

445 4916 732 4981 excelsam,
771 4924 822 4970 et
856 4916 928 4969 ibi
982 4914 1169 4984 o/Ieres
1219 4931 1337 4970 eum
1392 4916 1764 4990 holocaustum
1802 4916 1861 4971 in
1915 4931 2026 4971 uno

445 5025 513 5064 ex
560 5010 845 5077 montibus,
890 5024 1043 5078 quem
1086 5009 1362 5063 ostendero
1396 5009 1512 5063 tibi.
1552 5006 1761 5063 Nomen
1804 5010 2024 5078 quidem

446 5116 544 5157 cur
568 5102 630 5155 ei
673 5102 956 5157 donaverit
989 5102 1153 5169 Deus,
1180 5113 1235 5158 et
1260 5103 1540 5158 vocaverit
1568 5117 1693 5158 eum
1717 5102 2025 5168 Abraham,

446 5191 565 5261 ipse
589 5190 979 5261 interpretatus
1008 5202 1113 5259 est,
1144 5194 1268 5262 quia
1300 5203 1537 5261 patrem,
1571 5194 1748 5262 inquit
1774 5192 1845 5258 ⁸⁸,
1885 5194 2028 5247 mul-

448 5291 623 5336 tarum
652 5283 886 5353 gentium
907 5285 1060 5352 posui
1084 5295 1154 5338 te.
1186 5283 1337 5339 Hanc
1362 5284 1843 5353 repromissionem
1877 5282 2030 5337 dedit

444 5372 551 5443 81
586 5374 633 5428 ei
663 5373 824 5443 Deus,
862 5390 988 5431 cum
1026 5374 1251 5431 haberet
1291 5376 1457 5430 tilium
1489 5376 1710 5443 lsmael,
1740 5376 1837 5433 sed
1868 5376 2033 5446 polli-

518 5493 565 5525 ³⁸
602 5492 789 5549 Matth.
826 5510 924 5560 xx,
963 5494 1053 5550 30.

449 5576 563 5629 ιιν,
591 5563 680 5616 32.
780 5564 825 5593 υ
865 5564 1029 5619 Hebr.
1066 5578 1147 5630 χι,
1178 5563 1266 5617 l7.
1362 5562 1409 5593 “
1433 5563 1632 5619 Cenes.
1659 5579 1799 5629 xxii,
1838 5564 1892 5629 1,
1924 5564 1982 5617 2.

908 5705 1244 5776 livangelium
1289 5703 1409 5761 Dei.
1455 5704 1593 5761 Tres
1658 5718 1795 5760 mss.
1847 5703 2025 5762 Turo-

898 5774 1061 5835 Jelunt
1094 5774 1209 5829 Dei.

880 5874 917 5897 κ.
952 5844 1097 5901 Alias
1124 5859 1287 5911 vero.
1314 5844 1406 5901 illa
1436 5844 1742 5916 promissio.

1156 5491 1199 5524 ³⁷
1241 5492 1386 5548 Psal.
1424 5508 1614 5557 cum,
1654 5494 1711 5560 ι,
1736 5492 1795 5547 5.
1874 5494 1918 5525 ⁸⁸
1955 5494 2155 5550 Cenes.
2202 5508 2336 5561 χιιι,
2370 5493 2423 5547 l.

2139 4644 2338 4698 iterum
2373 4655 2438 4697 ac
2469 4654 2611 4709 saepe
2657 4640 2931 4707 repetitis,
2970 4640 3184 4709 paterni
3223 4641 3557 4697 suscitantur
3593 4639 3725 4696 alle-

2136 4745 2281 4799 ctus,
2309 4743 2368 4789 ut
2392 4731 2597 4788 amoris
2619 4731 2913 4802 evigilante
2944 4733 3203 4787 memoria
3230 4733 3297 4789 ad
3331 4733 3722 4789 immolandum

2136 4827 2307 4882 lilium
2350 4835 2575 4897 paterna
2614 4823 2841 4878 dextera
2885 4822 3261 4878 retardaretur
3287 4865 3304 4891 ,
3352 4836 3407 4879 et
3458 4825 3722 4879 adversus

2134 4918 2296 4973 iidem
2326 4915 2495 4971 animi
2531 4923 2640 4969 tota
2671 4912 2861 4970 carnis
2884 4913 3076 4968 militia
3125 4926 3475 4986 repugnaret,
3502 4917 3724 4971 additur

2132 5006 2456 5066 tentationis
2513 5015 2762 5075 tempore
2803 5024 2815 5060 :
2852 5004 3066 5071 Accipe,
3126 5007 3323 5078 inquit,
3374 5022 3505 5078 ergo
3547 5008 3721 5077 ﬁlium

2131 5110 2282 5155 tuum
2323 5096 2713 5162 charissimum,
2740 5110 2889 5166 quem
2923 5096 3309 5165 diligis,lsaac.
3349 5096 3502 5161 Esto,
3535 5095 3719 5151 Domi-

2132 5205 2221 5257 ne,
2246 5191 2373 5259 quia
2402 5202 2801 5243 commemoras
2828 5186 2895 5241 de
2924 5185 3034 5241 lilio
3063 5198 3293 5256 patrem,
3325 5187 3483 5243 addis
3513 5198 3570 5243 et
3591 5189 3721 5242 cha-

2133 5285 2426 5345 rissimum,
2456 5295 2617 5350 quem
2661 5279 2915 5350 praecipis
2938 5279 3199 5351 iugulari.
3225 5278 3471 5336 Sufﬁciat
3514 5282 3615 5336 hoc
3649 5283 3719 5336 ad

2133 5376 2465 5447 supplicium
2497 5374 2695 5444 patris.
2746 5374 2919 5432 Addis
2951 5390 3193 5440 rursum,
3230 5385 3285 5430 et
3322 5392 3477 5446 quem
3508 5376 3718 5448 diligis.

2501 5491 2547 5523 ³⁹
2567 5491 2700 5547 ibid.
2733 5492 2789 5546 2.
2863 5491 2909 5523 “
2928 5491 3125 5548 Cenes.
3148 5506 3281 5555 xvn,
3304 5491 3357 5547 5.
3460 5493 3504 5526 “
3531 5492 3553 5549 Ι
3582 5490 3717 5551 Cor.

2210 5702 2321 5774 (47)
2360 5702 2529 5774 Alias,
2578 5705 2818 5759 credidit.
2857 5704 2922 5760 Et
2963 5702 3127 5774 paulo
3185 5702 3361 5766 infra,
3411 5705 3607 5758 sciebat
3663 5725 3720 5761 se

2138 5773 2405 5829 Abraham
2438 5773 2635 5841 futurae
2664 5776 2897 5832 veritatis
2928 5773 3211 5846 imaginem
3242 5774 3603 5844 pralornrari.
