  <div class='ocr_page' id='page_1' title='image "/cluster/home/n/w/nwhite01/storage/ocr_20150623/12:no.2/coo.31924054873074/116.png"; bbox 0 0 4132 6414; ppageno 0'>
   <div class='ocr_carea' id='block_1_1' title="bbox 536 330 642 390">
    <p class='ocr_par' dir='ltr' id='par_1_1' title="bbox 536 330 642 390">
     <span class='ocr_line' id='line_1_1' title="bbox 536 330 642 390; baseline 0.047 -4"><span class='ocrx_word' id='word_1_1' title='bbox 536 330 642 390; x_wconf 73' lang='lat'><strong>9.05</strong></span> 
     </span>
    </p>
   </div>
   <div class='ocr_carea' id='block_1_2' title="bbox 1734 332 2624 391">
    <p class='ocr_par' dir='ltr' id='par_1_2' title="bbox 1734 332 2624 391">
     <span class='ocr_line' id='line_1_2' title="bbox 1734 332 2624 391; baseline 0.001 -2"><span class='ocrx_word' id='word_1_2' title='bbox 1734 335 1800 391; x_wconf 82' lang='grc' dir='ltr'><strong>ΙΝ</strong></span> <span class='ocrx_word' id='word_1_3' title='bbox 1836 333 2135 391; x_wconf 80' lang='lat' dir='ltr'><strong>GENESIM</strong></span> <span class='ocrx_word' id='word_1_4' title='bbox 2172 332 2455 389; x_wconf 75' lang='lat' dir='ltr'><strong>liOMlLlA</strong></span> <span class='ocrx_word' id='word_1_5' title='bbox 2492 333 2624 391; x_wconf 78' lang='lat' dir='ltr'><strong>V&#39;Ill.</strong></span> 
     </span>
    </p>
   </div>
   <div class='ocr_carea' id='block_1_3' title="bbox 3690 332 3793 387">
    <p class='ocr_par' dir='ltr' id='par_1_3' title="bbox 3690 332 3793 387">
     <span class='ocr_line' id='line_1_3' title="bbox 3690 332 3793 387; baseline 0 0"><span class='ocrx_word' id='word_1_6' title='bbox 3690 332 3793 387; x_wconf 68' lang='grc'><strong>906</strong></span> 
     </span>
    </p>
   </div>
   <div class='ocr_carea' id='block_1_4' title="bbox 538 450 3781 525">
    <p class='ocr_par' dir='ltr' id='par_1_4' title="bbox 538 450 3781 525">
     <span class='ocr_line' id='line_1_4' title="bbox 538 450 3781 525; baseline 0.002 -22"><span class='ocrx_word' id='word_1_7' title='bbox 538 450 661 506; x_wconf 91' lang='lat' dir='ltr'><strong>Sint</strong></span> <span class='ocrx_word' id='word_1_8' title='bbox 690 461 744 506; x_wconf 93' lang='lat' dir='ltr'><strong>et</strong></span> <span class='ocrx_word' id='word_1_9' title='bbox 778 452 829 507; x_wconf 92' lang='lat' dir='ltr'><strong>iu</strong></span> <span class='ocrx_word' id='word_1_10' title='bbox 857 452 955 507; x_wconf 87' lang='lat' dir='ltr'><strong>hoc</strong></span> <span class='ocrx_word' id='word_1_11' title='bbox 978 452 1191 523; x_wconf 87' lang='lat' dir='ltr'><strong>parenti</strong></span> <span class='ocrx_word' id='word_1_12' title='bbox 1217 453 1482 523; x_wconf 89' lang='lat' dir='ltr'><strong>triplicata</strong></span> <span class='ocrx_word' id='word_1_13' title='bbox 1506 452 1948 523; x_wconf 89' lang='lat' dir='ltr'><strong>supplicia.Quid</strong></span> <span class='ocrx_word' id='word_1_14' title='bbox 1970 471 2106 525; x_wconf 92' lang='lat' dir='ltr'><strong>opus</strong></span> <span class='ocrx_word' id='word_1_15' title='bbox 2136 460 2177 517; x_wconf 80' lang='grc' dir='ltr'>Α</span> <span class='ocrx_word' id='word_1_16' title='bbox 2207 455 2295 510; x_wconf 91' lang='lat' dir='ltr'><strong>die</strong></span> <span class='ocrx_word' id='word_1_17' title='bbox 2334 453 2494 509; x_wconf 63' lang='lat' dir='ltr'><strong>ol‘l‘ert</strong></span> <span class='ocrx_word' id='word_1_18' title='bbox 2526 454 2856 509; x_wconf 88' lang='lat' dir='ltr'><strong>sacrilicium</strong></span> <span class='ocrx_word' id='word_1_19' title='bbox 2908 454 3032 517; x_wconf 85' lang='lat' dir='ltr'><strong>Deo,</strong></span> <span class='ocrx_word' id='word_1_20' title='bbox 3066 466 3117 511; x_wconf 85' lang='lat' dir='ltr'><strong>et</strong></span> <span class='ocrx_word' id='word_1_21' title='bbox 3149 458 3201 511; x_wconf 92' lang='lat' dir='ltr'><strong>in</strong></span> <span class='ocrx_word' id='word_1_22' title='bbox 3228 457 3315 512; x_wconf 87' lang='lat' dir='ltr'><strong>die</strong></span> <span class='ocrx_word' id='word_1_23' title='bbox 3353 456 3509 512; x_wconf 87' lang='lat' dir='ltr'><strong>tertia</strong></span> <span class='ocrx_word' id='word_1_24' title='bbox 3539 456 3781 525; x_wconf 77' lang='lat' dir='ltr'><strong>puriﬁca-</strong></span> 
     </span>
    </p>
   </div>
   <div class='ocr_carea' id='block_1_5' title="bbox 535 544 2110 617">
    <p class='ocr_par' dir='ltr' id='par_1_5' title="bbox 535 544 2110 617">
     <span class='ocr_line' id='line_1_5' title="bbox 535 544 2110 617; baseline 0.006 -22"><span class='ocrx_word' id='word_1_25' title='bbox 535 551 623 596; x_wconf 91' lang='lat' dir='ltr'><strong>est</strong></span> <span class='ocrx_word' id='word_1_26' title='bbox 653 544 829 597; x_wconf 87' lang='lat' dir='ltr'><strong>adhuc</strong></span> <span class='ocrx_word' id='word_1_27' title='bbox 854 553 910 598; x_wconf 91' lang='lat' dir='ltr'><strong>ut</strong></span> <span class='ocrx_word' id='word_1_28' title='bbox 941 560 1335 600; x_wconf 89' lang='lat' dir='ltr'><strong>commemores</strong></span> <span class='ocrx_word' id='word_1_29' title='bbox 1358 556 1413 601; x_wconf 90' lang='lat' dir='ltr'><strong>et</strong></span> <span class='ocrx_word' id='word_1_30' title='bbox 1434 545 1587 600; x_wconf 87' lang='lat' dir='ltr'><strong>lsaac</strong></span> <span class='ocrx_word' id='word_1_31' title='bbox 1604 545 1882 617; x_wconf 84' lang='lat' dir='ltr'><strong>?Nunquid</strong></span> <span class='ocrx_word' id='word_1_32' title='bbox 1904 550 2110 604; x_wconf 90' lang='lat' dir='ltr'><strong>nescie-</strong></span> 
     </span>
    </p>
   </div>
   <div class='ocr_carea' id='block_1_6' title="bbox 537 632 2110 704">
    <p class='ocr_par' dir='ltr' id='par_1_6' title="bbox 537 632 2110 704">
     <span class='ocr_line' id='line_1_6' title="bbox 537 632 2110 704; baseline 0.004 -19"><span class='ocrx_word' id='word_1_33' title='bbox 537 632 631 686; x_wconf 89' lang='lat' dir='ltr'><strong>bat</strong></span> <span class='ocrx_word' id='word_1_34' title='bbox 666 632 939 687; x_wconf 90' lang='lat' dir='ltr'><strong>Abraham</strong></span> <span class='ocrx_word' id='word_1_35' title='bbox 972 635 1099 704; x_wconf 91' lang='lat' dir='ltr'><strong>quia</strong></span> <span class='ocrx_word' id='word_1_36' title='bbox 1132 636 1273 691; x_wconf 91' lang='lat' dir='ltr'><strong>ﬁlius</strong></span> <span class='ocrx_word' id='word_1_37' title='bbox 1304 652 1434 692; x_wconf 90' lang='lat' dir='ltr'><strong>suus</strong></span> <span class='ocrx_word' id='word_1_38' title='bbox 1474 636 1564 692; x_wconf 90' lang='lat' dir='ltr'><strong>ille</strong></span> <span class='ocrx_word' id='word_1_39' title='bbox 1593 638 1982 703; x_wconf 89' lang='lat' dir='ltr'><strong>charissimns,</strong></span> <span class='ocrx_word' id='word_1_40' title='bbox 2022 638 2110 692; x_wconf 90' lang='lat' dir='ltr'><strong>ille</strong></span> 
     </span>
    </p>
   </div>
   <div class='ocr_carea' id='block_1_7' title="bbox 536 723 2111 792">
    <p class='ocr_par' dir='ltr' id='par_1_7' title="bbox 536 723 2111 792">
     <span class='ocr_line' id='line_1_7' title="bbox 536 723 2111 792; baseline 0.006 -19"><span class='ocrx_word' id='word_1_41' title='bbox 536 734 696 790; x_wconf 86' lang='lat' dir='ltr'><strong>quem</strong></span> <span class='ocrx_word' id='word_1_42' title='bbox 728 723 1002 792; x_wconf 83' lang='lat' dir='ltr'><strong>diligebat,</strong></span> <span class='ocrx_word' id='word_1_43' title='bbox 1044 725 1197 780; x_wconf 89' lang='lat' dir='ltr'><strong>lsaac</strong></span> <span class='ocrx_word' id='word_1_44' title='bbox 1214 726 1670 783; x_wconf 87' lang='lat' dir='ltr'><strong>vocaretur?.Sed</strong></span> <span class='ocrx_word' id='word_1_45' title='bbox 1701 742 1798 782; x_wconf 91' lang='lat' dir='ltr'><strong>cur</strong></span> <span class='ocrx_word' id='word_1_46' title='bbox 1826 730 1931 785; x_wconf 88' lang='lat' dir='ltr'><strong>hoc</strong></span> <span class='ocrx_word' id='word_1_47' title='bbox 1959 730 2111 783; x_wconf 88' lang='lat' dir='ltr'><strong>addi-</strong></span> 
     </span>
    </p>
   </div>
   <div class='ocr_carea' id='block_1_8' title="bbox 539 813 2109 890">
    <p class='ocr_par' dir='ltr' id='par_1_8' title="bbox 539 813 2109 890">
     <span class='ocr_line' id='line_1_8' title="bbox 539 813 2109 890; baseline 0.007 -26"><span class='ocrx_word' id='word_1_48' title='bbox 539 821 625 865; x_wconf 88' lang='lat' dir='ltr'><strong>tur</strong></span> <span class='ocrx_word' id='word_1_49' title='bbox 662 813 712 866; x_wconf 93' lang='lat' dir='ltr'><strong>in</strong></span> <span class='ocrx_word' id='word_1_50' title='bbox 774 816 1051 883; x_wconf 86' lang='lat' dir='ltr'><strong>tempore?</strong></span> <span class='ocrx_word' id='word_1_51' title='bbox 1093 816 1160 873; x_wconf 91' lang='lat' dir='ltr'><strong>Ut</strong></span> <span class='ocrx_word' id='word_1_52' title='bbox 1212 819 1592 872; x_wconf 91' lang='lat' dir='ltr'><strong>recordaretur</strong></span> <span class='ocrx_word' id='word_1_53' title='bbox 1649 819 1926 875; x_wconf 83' lang='lat' dir='ltr'><strong>Abraham</strong></span> <span class='ocrx_word' id='word_1_54' title='bbox 1982 821 2109 890; x_wconf 85' lang='lat' dir='ltr'><strong>quia</strong></span> 
     </span>
    </p>
   </div>
   <div class='ocr_carea' id='block_1_9' title="bbox 538 900 2109 977">
    <p class='ocr_par' dir='ltr' id='par_1_9' title="bbox 538 900 2109 977">
     <span class='ocr_line' id='line_1_9' title="bbox 538 900 2109 977; baseline 0.007 -21"><span class='ocrx_word' id='word_1_55' title='bbox 538 900 757 959; x_wconf 76' lang='lat' dir='ltr'><strong>dixeras</strong></span> <span class='ocrx_word' id='word_1_56' title='bbox 775 908 840 960; x_wconf 86' lang='lat' dir='ltr'><strong>ad</strong></span> <span class='ocrx_word' id='word_1_57' title='bbox 858 923 978 961; x_wconf 87' lang='lat' dir='ltr'><strong>eutn</strong></span> <span class='ocrx_word' id='word_1_58' title='bbox 1000 910 1136 977; x_wconf 83' lang='lat' dir='ltr'><strong>quod</strong></span> <span class='ocrx_word' id='word_1_59' title='bbox 1160 909 1213 961; x_wconf 88' lang='lat' dir='ltr'><strong>in</strong></span> <span class='ocrx_word' id='word_1_60' title='bbox 1245 907 1403 962; x_wconf 87' lang='lat' dir='ltr'><strong>Isaac</strong></span> <span class='ocrx_word' id='word_1_61' title='bbox 1420 910 1694 964; x_wconf 80' lang='lat' dir='ltr'><strong>vocabitur</strong></span> <span class='ocrx_word' id='word_1_62' title='bbox 1723 911 1821 964; x_wconf 87' lang='lat' dir='ltr'><strong>tibi</strong></span> <span class='ocrx_word' id='word_1_63' title='bbox 1849 927 2023 966; x_wconf 97' lang='lat' dir='ltr'><strong>semen</strong></span> <span class='ocrx_word' id='word_1_64' title='bbox 2042 912 2109 977; x_wconf 70' lang='lat'><strong>“,</strong></span> 
     </span>
    </p>
   </div>
   <div class='ocr_carea' id='block_1_10' title="bbox 535 996 2112 1069">
    <p class='ocr_par' dir='ltr' id='par_1_10' title="bbox 535 996 2112 1069">
     <span class='ocr_line' id='line_1_10' title="bbox 535 996 2112 1069; baseline 0.005 -19"><span class='ocrx_word' id='word_1_65' title='bbox 535 996 758 1064; x_wconf 87' lang='lat' dir='ltr'><strong>etquod</strong></span> <span class='ocrx_word' id='word_1_66' title='bbox 790 996 840 1050; x_wconf 91' lang='lat' dir='ltr'><strong>in</strong></span> <span class='ocrx_word' id='word_1_67' title='bbox 876 996 1024 1051; x_wconf 87' lang='lat' dir='ltr'><strong>Isaac</strong></span> <span class='ocrx_word' id='word_1_68' title='bbox 1051 1008 1213 1052; x_wconf 92' lang='lat' dir='ltr'><strong>erunt</strong></span> <span class='ocrx_word' id='word_1_69' title='bbox 1252 999 1346 1055; x_wconf 90' lang='lat' dir='ltr'><strong>tibi</strong></span> <span class='ocrx_word' id='word_1_70' title='bbox 1398 1000 1874 1069; x_wconf 88' lang='lat' dir='ltr'><strong>rcpromissiones.</strong></span> <span class='ocrx_word' id='word_1_71' title='bbox 1924 1002 2012 1058; x_wconf 87' lang='lat' dir='ltr'><strong>Fit</strong></span> <span class='ocrx_word' id='word_1_72' title='bbox 2055 1013 2112 1058; x_wconf 90' lang='lat' dir='ltr'><strong>et</strong></span> 
     </span>
    </p>
   </div>
   <div class='ocr_carea' id='block_1_11' title="bbox 538 1089 2111 1168">
    <p class='ocr_par' dir='ltr' id='par_1_11' title="bbox 538 1089 2111 1168">
     <span class='ocr_line' id='line_1_11' title="bbox 538 1089 2111 1168; baseline 0.008 -28"><span class='ocrx_word' id='word_1_73' title='bbox 538 1089 987 1141; x_wconf 85' lang='lat' dir='ltr'><strong>commemoratio</strong></span> <span class='ocrx_word' id='word_1_74' title='bbox 1031 1091 1293 1156; x_wconf 88' lang='lat' dir='ltr'><strong>nominis,</strong></span> <span class='ocrx_word' id='word_1_75' title='bbox 1331 1102 1391 1147; x_wconf 89' lang='lat' dir='ltr'><strong>ut</strong></span> <span class='ocrx_word' id='word_1_76' title='bbox 1435 1101 1502 1147; x_wconf 85' lang='lat' dir='ltr'><strong>et&#39;</strong></span> <span class='ocrx_word' id='word_1_77' title='bbox 1531 1095 1957 1163; x_wconf 82' lang='lat' dir='ltr'><strong>promissionum</strong></span> <span class='ocrx_word' id='word_1_78' title='bbox 1990 1112 2111 1168; x_wconf 75' lang='lat' dir='ltr'><strong>qua:</strong></span> 
     </span>
    </p>
   </div>
   <div class='ocr_carea' id='block_1_12' title="bbox 538 1177 2109 1255">
    <p class='ocr_par' dir='ltr' id='par_1_12' title="bbox 538 1177 2109 1255">
     <span class='ocr_line' id='line_1_12' title="bbox 538 1177 2109 1255; baseline 0.011 -28"><span class='ocrx_word' id='word_1_79' title='bbox 538 1177 638 1230; x_wconf 88' lang='lat' dir='ltr'><strong>sub</strong></span> <span class='ocrx_word' id='word_1_80' title='bbox 670 1177 775 1231; x_wconf 87' lang='lat' dir='ltr'><strong>hoc</strong></span> <span class='ocrx_word' id='word_1_81' title='bbox 811 1181 1027 1234; x_wconf 88' lang='lat' dir='ltr'><strong>nomine</strong></span> <span class='ocrx_word' id='word_1_82' title='bbox 1059 1179 1216 1236; x_wconf 74' lang='lat' dir='ltr'><strong>factm</strong></span> <span class='ocrx_word' id='word_1_83' title='bbox 1246 1194 1395 1250; x_wconf 88' lang='lat' dir='ltr'><strong>sunt,</strong></span> <span class='ocrx_word' id='word_1_84' title='bbox 1431 1186 1741 1255; x_wconf 83' lang='lat' dir='ltr'><strong>desperatio</strong></span> <span class='ocrx_word' id='word_1_85' title='bbox 1766 1191 1980 1244; x_wconf 84' lang='lat' dir='ltr'><strong>subeat.</strong></span> <span class='ocrx_word' id='word_1_86' title='bbox 2001 1187 2109 1244; x_wconf 87' lang='lat' dir='ltr'><strong>Sed</strong></span> 
     </span>
    </p>
   </div>
   <div class='ocr_carea' id='block_1_13' title="bbox 541 1264 1807 1337">
    <p class='ocr_par' dir='ltr' id='par_1_13' title="bbox 541 1264 1807 1337">
     <span class='ocr_line' id='line_1_13' title="bbox 541 1264 1807 1337; baseline 0.012 -20"><span class='ocrx_word' id='word_1_87' title='bbox 541 1264 655 1318; x_wconf 65' lang='lat' dir='ltr'><strong>haec</strong></span> <span class='ocrx_word' id='word_1_88' title='bbox 677 1268 878 1331; x_wconf 82' lang='lat' dir='ltr'><strong>omnia,</strong></span> <span class='ocrx_word' id='word_1_89' title='bbox 910 1269 1031 1337; x_wconf 85' lang='lat' dir='ltr'><strong>quia</strong></span> <span class='ocrx_word' id='word_1_90' title='bbox 1070 1274 1309 1327; x_wconf 90' lang='lat' dir='ltr'><strong>tentabat</strong></span> <span class='ocrx_word' id='word_1_91' title='bbox 1342 1275 1482 1330; x_wconf 88' lang='lat' dir='ltr'><strong>Deus</strong></span> <span class='ocrx_word' id='word_1_92' title='bbox 1507 1275 1807 1331; x_wconf 80' lang='lat' dir='ltr'><strong>Abraham.</strong></span> 
     </span>
    </p>
   </div>
   <div class='ocr_carea' id='block_1_14' title="bbox 608 1356 2109 1443">
    <p class='ocr_par' dir='ltr' id='par_1_14' title="bbox 608 1356 2109 1443">
     <span class='ocr_line' id='line_1_14' title="bbox 608 1356 2109 1443; baseline 0.011 -34"><span class='ocrx_word' id='word_1_93' title='bbox 608 1356 661 1409; x_wconf 80' lang='lat'><strong>3.</strong></span> <span class='ocrx_word' id='word_1_94' title='bbox 697 1357 833 1424; x_wconf 85' lang='lat' dir='ltr'><strong>Quid</strong></span> <span class='ocrx_word' id='word_1_95' title='bbox 867 1370 986 1429; x_wconf 89' lang='lat' dir='ltr'><strong>post</strong></span> <span class='ocrx_word' id='word_1_96' title='bbox 1012 1364 1159 1417; x_wconf 77' lang='lat' dir='ltr'><strong>lucc?</strong></span> <span class='ocrx_word' id='word_1_97' title='bbox 1202 1362 1370 1443; x_wconf 72' lang='lat' dir='ltr'><strong>Vade,</strong></span> <span class='ocrx_word' id='word_1_98' title='bbox 1396 1367 1573 1436; x_wconf 88' lang='lat' dir='ltr'><strong>inquit</strong></span> <span class='ocrx_word' id='word_1_99' title='bbox 1596 1368 1663 1433; x_wconf 70' lang='grc'><strong>⁸⁸,</strong></span> <span class='ocrx_word' id='word_1_100' title='bbox 1691 1369 1747 1422; x_wconf 91' lang='lat' dir='ltr'><strong>in</strong></span> <span class='ocrx_word' id='word_1_101' title='bbox 1774 1378 1973 1426; x_wconf 78' lang='lat' dir='ltr'><strong>terram</strong></span> <span class='ocrx_word' id='word_1_102' title='bbox 2018 1387 2109 1425; x_wconf 81' lang='lat' dir='ltr'><strong>ea:-</strong></span> 
     </span>
    </p>
   </div>
   <div class='ocr_carea' id='block_1_15' title="bbox 538 1449 2110 1531">
    <p class='ocr_par' dir='ltr' id='par_1_15' title="bbox 538 1449 2110 1531">
     <span class='ocr_line' id='line_1_15' title="bbox 538 1449 2110 1531; baseline 0.011 -30"><span class='ocrx_word' id='word_1_103' title='bbox 538 1449 729 1502; x_wconf 85' lang='lat' dir='ltr'><strong>celsam</strong></span> <span class='ocrx_word' id='word_1_104' title='bbox 757 1453 808 1504; x_wconf 88' lang='lat' dir='ltr'><strong>in</strong></span> <span class='ocrx_word' id='word_1_105' title='bbox 836 1470 994 1506; x_wconf 85' lang='lat' dir='ltr'><strong>unum</strong></span> <span class='ocrx_word' id='word_1_106' title='bbox 1022 1472 1086 1509; x_wconf 76' lang='lat' dir='ltr'><strong>ea:</strong></span> <span class='ocrx_word' id='word_1_107' title='bbox 1114 1458 1401 1526; x_wconf 86' lang='lat' dir='ltr'><strong>montibus,</strong></span> <span class='ocrx_word' id='word_1_108' title='bbox 1427 1478 1580 1531; x_wconf 91' lang='lat' dir='ltr'><strong>quem</strong></span> <span class='ocrx_word' id='word_1_109' title='bbox 1613 1462 1709 1515; x_wconf 85' lang='lat' dir='ltr'><strong>tibi</strong></span> <span class='ocrx_word' id='word_1_110' title='bbox 1736 1462 2028 1527; x_wconf 76' lang='lat' dir='ltr'><strong>ostendero,</strong></span> <span class='ocrx_word' id='word_1_111' title='bbox 2060 1474 2110 1519; x_wconf 86' lang='lat' dir='ltr'><strong>et</strong></span> 
     </span>
    </p>
   </div>
   <div class='ocr_carea' id='block_1_16' title="bbox 534 1540 2108 1626">
    <p class='ocr_par' dir='ltr' id='par_1_16' title="bbox 534 1540 2108 1626">
     <span class='ocr_line' id='line_1_16' title="bbox 534 1540 2108 1626; baseline 0.012 -35"><span class='ocrx_word' id='word_1_112' title='bbox 534 1540 611 1593; x_wconf 84' lang='lat' dir='ltr'><strong>ibi</strong></span> <span class='ocrx_word' id='word_1_113' title='bbox 637 1558 752 1594; x_wconf 88' lang='lat' dir='ltr'><strong>eum</strong></span> <span class='ocrx_word' id='word_1_114' title='bbox 783 1543 972 1611; x_wconf 69' lang='lat' dir='ltr'><strong>oﬁ&#39;eres</strong></span> <span class='ocrx_word' id='word_1_115' title='bbox 1012 1548 1400 1606; x_wconf 71' lang='lat' dir='ltr'><strong>holocaustum.</strong></span> <span class='ocrx_word' id='word_1_116' title='bbox 1449 1552 1734 1606; x_wconf 82' lang='lat' dir='ltr'><strong>intuemini</strong></span> <span class='ocrx_word' id='word_1_117' title='bbox 1771 1568 1867 1622; x_wconf 89' lang='lat' dir='ltr'><strong>per</strong></span> <span class='ocrx_word' id='word_1_118' title='bbox 1895 1554 2108 1626; x_wconf 79' lang='lat' dir='ltr'><strong>singula</strong></span> 
     </span>
    </p>
   </div>
   <div class='ocr_carea' id='block_1_17' title="bbox 537 1636 2109 1715">
    <p class='ocr_par' dir='ltr' id='par_1_17' title="bbox 537 1636 2109 1715">
     <span class='ocr_line' id='line_1_17' title="bbox 537 1636 2109 1715; baseline 0.011 -29"><span class='ocrx_word' id='word_1_119' title='bbox 537 1636 806 1701; x_wconf 90' lang='lat' dir='ltr'><strong>quomodo</strong></span> <span class='ocrx_word' id='word_1_120' title='bbox 833 1638 967 1693; x_wconf 91' lang='lat' dir='ltr'><strong>ﬁunt</strong></span> <span class='ocrx_word' id='word_1_121' title='bbox 992 1643 1309 1698; x_wconf 89' lang='lat' dir='ltr'><strong>tentationis</strong></span> <span class='ocrx_word' id='word_1_122' title='bbox 1327 1655 1642 1715; x_wconf 79' lang='lat' dir='ltr'><strong>augmenta.</strong></span> <span class='ocrx_word' id='word_1_123' title='bbox 1672 1645 1815 1700; x_wconf 86' lang='lat' dir='ltr'><strong>Vade</strong></span> <span class='ocrx_word' id='word_1_124' title='bbox 1832 1648 1885 1701; x_wconf 91' lang='lat' dir='ltr'><strong>in</strong></span> <span class='ocrx_word' id='word_1_125' title='bbox 1914 1658 2109 1703; x_wconf 79' lang='lat' dir='ltr'><strong>terram</strong></span> 
     </span>
    </p>
   </div>
   <div class='ocr_carea' id='block_1_18' title="bbox 532 1725 2107 1806">
    <p class='ocr_par' dir='ltr' id='par_1_18' title="bbox 532 1725 2107 1806">
     <span class='ocr_line' id='line_1_18' title="bbox 532 1725 2107 1806; baseline 0.01 -29"><span class='ocrx_word' id='word_1_126' title='bbox 532 1725 818 1781; x_wconf 66' lang='lat' dir='ltr'><strong>excelsam.</strong></span> <span class='ocrx_word' id='word_1_127' title='bbox 846 1725 1096 1798; x_wconf 89' lang='lat' dir='ltr'><strong>Nunquid</strong></span> <span class='ocrx_word' id='word_1_128' title='bbox 1119 1746 1221 1785; x_wconf 88' lang='lat' dir='ltr'><strong>non</strong></span> <span class='ocrx_word' id='word_1_129' title='bbox 1240 1743 1489 1801; x_wconf 87' lang='lat' dir='ltr'><strong>potuerat</strong></span> <span class='ocrx_word' id='word_1_130' title='bbox 1514 1734 1635 1791; x_wconf 89' lang='lat' dir='ltr'><strong>duci</strong></span> <span class='ocrx_word' id='word_1_131' title='bbox 1659 1737 1810 1806; x_wconf 90' lang='lat' dir='ltr'><strong>prius</strong></span> <span class='ocrx_word' id='word_1_132' title='bbox 1839 1737 2107 1793; x_wconf 86' lang='lat' dir='ltr'><strong>Abraham</strong></span> 
     </span>
    </p>
   </div>
   <div class='ocr_carea' id='block_1_19' title="bbox 2216 546 3788 609">
    <p class='ocr_par' dir='ltr' id='par_1_19' title="bbox 2216 546 3788 609">
     <span class='ocr_line' id='line_1_19' title="bbox 2216 546 3788 609; baseline 0.003 -11"><span class='ocrx_word' id='word_1_133' title='bbox 2216 556 2320 600; x_wconf 91' lang='lat' dir='ltr'><strong>tur.</strong></span> <span class='ocrx_word' id='word_1_134' title='bbox 2354 546 2419 601; x_wconf 83' lang='lat' dir='ltr'><strong>Et</strong></span> <span class='ocrx_word' id='word_1_135' title='bbox 2448 549 2787 603; x_wconf 71' lang='lat' dir='ltr'><strong>resurrectio</strong></span> <span class='ocrx_word' id='word_1_136' title='bbox 2818 546 3031 603; x_wconf 89' lang='lat' dir='ltr'><strong>Domini</strong></span> <span class='ocrx_word' id='word_1_137' title='bbox 3064 550 3223 603; x_wconf 86' lang='lat' dir='ltr'><strong>tertia</strong></span> <span class='ocrx_word' id='word_1_138' title='bbox 3252 559 3337 603; x_wconf 89' lang='lat' dir='ltr'><strong>est</strong></span> <span class='ocrx_word' id='word_1_139' title='bbox 3364 550 3488 609; x_wconf 87' lang='lat' dir='ltr'><strong>die;</strong></span> <span class='ocrx_word' id='word_1_140' title='bbox 3536 559 3591 605; x_wconf 88' lang='lat' dir='ltr'><strong>et</strong></span> <span class='ocrx_word' id='word_1_141' title='bbox 3622 550 3788 604; x_wconf 84' lang='lat' dir='ltr'><strong>multa</strong></span> 
     </span>
    </p>
   </div>
   <div class='ocr_carea' id='block_1_20' title="bbox 2214 636 3575 707">
    <p class='ocr_par' dir='ltr' id='par_1_20' title="bbox 2214 636 3575 707">
     <span class='ocr_line' id='line_1_20' title="bbox 2214 636 3575 707; baseline 0.004 -19"><span class='ocrx_word' id='word_1_142' title='bbox 2214 636 2318 690; x_wconf 88' lang='lat' dir='ltr'><strong>alia</strong></span> <span class='ocrx_word' id='word_1_143' title='bbox 2354 636 2497 690; x_wconf 90' lang='lat' dir='ltr'><strong>intra</strong></span> <span class='ocrx_word' id='word_1_144' title='bbox 2528 637 2667 691; x_wconf 89' lang='lat' dir='ltr'><strong>hanc</strong></span> <span class='ocrx_word' id='word_1_145' title='bbox 2688 636 2833 691; x_wconf 90' lang='lat' dir='ltr'><strong>diem</strong></span> <span class='ocrx_word' id='word_1_146' title='bbox 2871 640 3127 707; x_wconf 85' lang='lat' dir='ltr'><strong>mysteria</strong></span> <span class='ocrx_word' id='word_1_147' title='bbox 3161 640 3575 694; x_wconf 76' lang='lat' dir='ltr'><strong>concluduntur.</strong></span> 
     </span>
    </p>
   </div>
   <div class='ocr_carea' id='block_1_21' title="bbox 2283 728 3791 799">
    <p class='ocr_par' dir='ltr' id='par_1_21' title="bbox 2283 728 3791 799">
     <span class='ocr_line' id='line_1_21' title="bbox 2283 728 3791 799; baseline 0.003 -17"><span class='ocrx_word' id='word_1_148' title='bbox 2283 728 2335 783; x_wconf 80' lang='grc'>5.</span> <span class='ocrx_word' id='word_1_149' title='bbox 2364 728 2686 797; x_wconf 72' lang='lat' dir='ltr'><strong>Respiciens,</strong></span> <span class='ocrx_word' id='word_1_150' title='bbox 2726 729 2903 799; x_wconf 88' lang='lat' dir='ltr'><strong>inquit</strong></span> <span class='ocrx_word' id='word_1_151' title='bbox 2922 729 2988 796; x_wconf 65' lang='grc' dir='ltr'>υ,</span> <span class='ocrx_word' id='word_1_152' title='bbox 3028 732 3296 785; x_wconf 80' lang='lat' dir='ltr'><strong>Abraham</strong></span> <span class='ocrx_word' id='word_1_153' title='bbox 3343 734 3469 787; x_wconf 81' lang='lat' dir='ltr'><strong>uidit</strong></span> <span class='ocrx_word' id='word_1_154' title='bbox 3522 732 3697 789; x_wconf 88' lang='lat' dir='ltr'><strong>locum</strong></span> <span class='ocrx_word' id='word_1_155' title='bbox 3728 734 3791 787; x_wconf 87' lang='lat' dir='ltr'><strong>de</strong></span> 
     </span>
    </p>
   </div>
   <div class='ocr_carea' id='block_1_22' title="bbox 2212 820 3788 891">
    <p class='ocr_par' dir='ltr' id='par_1_22' title="bbox 2212 820 3788 891">
     <span class='ocr_line' id='line_1_22' title="bbox 2212 820 3788 891; baseline 0.004 -18"><span class='ocrx_word' id='word_1_156' title='bbox 2212 820 2387 891; x_wconf 85' lang='lat' dir='ltr'><strong>longe,</strong></span> <span class='ocrx_word' id='word_1_157' title='bbox 2417 832 2463 876; x_wconf 91' lang='lat' dir='ltr'><strong>et</strong></span> <span class='ocrx_word' id='word_1_158' title='bbox 2484 821 2618 876; x_wconf 60' lang='lat' dir='ltr'><strong>dixit</strong></span> <span class='ocrx_word' id='word_1_159' title='bbox 2647 824 2718 875; x_wconf 89' lang='lat' dir='ltr'><strong>ad</strong></span> <span class='ocrx_word' id='word_1_160' title='bbox 2745 838 2935 888; x_wconf 87' lang='lat' dir='ltr'><strong>pueros</strong></span> <span class='ocrx_word' id='word_1_161' title='bbox 2964 839 3086 877; x_wconf 86' lang='lat' dir='ltr'><strong>suos</strong></span> <span class='ocrx_word' id='word_1_162' title='bbox 3109 838 3129 877; x_wconf 89' lang='lat'><strong><em>:</em></strong></span> <span class='ocrx_word' id='word_1_163' title='bbox 3158 822 3341 878; x_wconf 89' lang='lat' dir='ltr'><strong>Sedete</strong></span> <span class='ocrx_word' id='word_1_164' title='bbox 3360 824 3442 878; x_wconf 84' lang='lat' dir='ltr'><strong>hic</strong></span> <span class='ocrx_word' id='word_1_165' title='bbox 3466 842 3584 879; x_wconf 86' lang='lat' dir='ltr'><strong>cum</strong></span> <span class='ocrx_word' id='word_1_166' title='bbox 3613 827 3788 888; x_wconf 86' lang='lat' dir='ltr'><strong>asina,</strong></span> 
     </span>
    </p>
   </div>
   <div class='ocr_carea' id='block_1_23' title="bbox 2212 915 3789 986">
    <p class='ocr_par' dir='ltr' id='par_1_23' title="bbox 2212 915 3789 986">
     <span class='ocr_line' id='line_1_23' title="bbox 2212 915 3789 986; baseline 0.003 -20"><span class='ocrx_word' id='word_1_167' title='bbox 2212 930 2305 983; x_wconf 81' lang='lat' dir='ltr'><strong>ego</strong></span> <span class='ocrx_word' id='word_1_168' title='bbox 2346 925 2520 969; x_wconf 83' lang='lat' dir='ltr'><strong>autem</strong></span> <span class='ocrx_word' id='word_1_169' title='bbox 2549 923 2599 968; x_wconf 91' lang='lat' dir='ltr'><strong>et</strong></span> <span class='ocrx_word' id='word_1_170' title='bbox 2619 931 2748 983; x_wconf 86' lang='lat' dir='ltr'><strong>puer</strong></span> <span class='ocrx_word' id='word_1_171' title='bbox 2770 915 2960 969; x_wconf 80' lang='lat' dir='ltr'><strong>ibimus</strong></span> <span class='ocrx_word' id='word_1_172' title='bbox 2999 932 3161 986; x_wconf 83' lang='lat' dir='ltr'><strong>usque</strong></span> <span class='ocrx_word' id='word_1_173' title='bbox 3189 917 3338 983; x_wconf 87' lang='lat' dir='ltr'><strong>illuc,</strong></span> <span class='ocrx_word' id='word_1_174' title='bbox 3370 928 3421 972; x_wconf 89' lang='lat' dir='ltr'><strong>et</strong></span> <span class='ocrx_word' id='word_1_175' title='bbox 3456 935 3570 972; x_wconf 87' lang='lat' dir='ltr'><strong>cum</strong></span> <span class='ocrx_word' id='word_1_176' title='bbox 3594 919 3789 971; x_wconf 83' lang='lat' dir='ltr'><strong>adora-</strong></span> 
     </span>
    </p>
   </div>
   <div class='ocr_carea' id='block_1_24' title="bbox 2211 1008 3785 1069">
    <p class='ocr_par' dir='ltr' id='par_1_24' title="bbox 2211 1008 3785 1069">
     <span class='ocr_line' id='line_1_24' title="bbox 2211 1008 3785 1069; baseline 0.004 -10"><span class='ocrx_word' id='word_1_177' title='bbox 2211 1008 2458 1069; x_wconf 80' lang='lat' dir='ltr'><strong>verimus,</strong></span> <span class='ocrx_word' id='word_1_178' title='bbox 2496 1017 2812 1062; x_wconf 77' lang='lat' dir='ltr'><strong>revertemur</strong></span> <span class='ocrx_word' id='word_1_179' title='bbox 2853 1009 2922 1062; x_wconf 90' lang='lat' dir='ltr'><strong>ad</strong></span> <span class='ocrx_word' id='word_1_180' title='bbox 2963 1024 3076 1063; x_wconf 82' lang='lat' dir='ltr'><strong>vos.</strong></span> <span class='ocrx_word' id='word_1_181' title='bbox 3130 1009 3341 1064; x_wconf 79' lang='lat' dir='ltr'><strong>Pueros</strong></span> <span class='ocrx_word' id='word_1_182' title='bbox 3391 1012 3635 1068; x_wconf 77' lang='lat' dir='ltr'><strong>dimittit.</strong></span> <span class='ocrx_word' id='word_1_183' title='bbox 3670 1010 3785 1066; x_wconf 82' lang='lat' dir='ltr'><strong>Non</strong></span> 
     </span>
    </p>
   </div>
   <div class='ocr_carea' id='block_1_25' title="bbox 2212 1096 3788 1165">
    <p class='ocr_par' dir='ltr' id='par_1_25' title="bbox 2212 1096 3788 1165">
     <span class='ocr_line' id='line_1_25' title="bbox 2212 1096 3788 1165; baseline 0.003 -14"><span class='ocrx_word' id='word_1_184' title='bbox 2212 1096 2358 1151; x_wconf 88' lang='lat' dir='ltr'><strong>enim</strong></span> <span class='ocrx_word' id='word_1_185' title='bbox 2408 1106 2657 1165; x_wconf 85' lang='lat' dir='ltr'><strong>poterant</strong></span> <span class='ocrx_word' id='word_1_186' title='bbox 2706 1097 3003 1153; x_wconf 87' lang='lat' dir='ltr'><strong>ascendere</strong></span> <span class='ocrx_word' id='word_1_187' title='bbox 3032 1100 3186 1165; x_wconf 88' lang='lat' dir='ltr'><strong>pueri</strong></span> <span class='ocrx_word' id='word_1_188' title='bbox 3241 1115 3365 1153; x_wconf 91' lang='lat' dir='ltr'><strong>cum</strong></span> <span class='ocrx_word' id='word_1_189' title='bbox 3412 1101 3689 1155; x_wconf 80' lang='lat' dir='ltr'><strong>Abraham</strong></span> <span class='ocrx_word' id='word_1_190' title='bbox 3720 1101 3788 1155; x_wconf 81' lang='lat' dir='ltr'><strong>ad</strong></span> 
     </span>
    </p>
   </div>
   <div class='ocr_carea' id='block_1_26' title="bbox 2215 1187 3791 1257">
    <p class='ocr_par' dir='ltr' id='par_1_26' title="bbox 2215 1187 3791 1257">
     <span class='ocr_line' id='line_1_26' title="bbox 2215 1187 3791 1257; baseline 0.002 -15"><span class='ocrx_word' id='word_1_191' title='bbox 2215 1187 2519 1244; x_wconf 89' lang='lat' dir='ltr'><strong>holocausti</strong></span> <span class='ocrx_word' id='word_1_192' title='bbox 2561 1188 2737 1243; x_wconf 91' lang='lat' dir='ltr'><strong>locum</strong></span> <span class='ocrx_word' id='word_1_193' title='bbox 2768 1203 2929 1257; x_wconf 89' lang='lat' dir='ltr'><strong>quem</strong></span> <span class='ocrx_word' id='word_1_194' title='bbox 2956 1191 3272 1243; x_wconf 86' lang='lat' dir='ltr'><strong>ostenderat</strong></span> <span class='ocrx_word' id='word_1_195' title='bbox 3303 1191 3465 1245; x_wconf 90' lang='lat' dir='ltr'><strong>Deus.</strong></span> <span class='ocrx_word' id='word_1_196' title='bbox 3500 1189 3605 1244; x_wconf 87' lang='lat' dir='ltr'><strong>Vos</strong></span> <span class='ocrx_word' id='word_1_197' title='bbox 3631 1204 3791 1257; x_wconf 76' lang='lat' dir='ltr'><strong>ergo,</strong></span> 
     </span>
    </p>
   </div>
   <div class='ocr_carea' id='block_1_27' title="bbox 2214 1280 3787 1352">
    <p class='ocr_par' dir='ltr' id='par_1_27' title="bbox 2214 1280 3787 1352">
     <span class='ocr_line' id='line_1_27' title="bbox 2214 1280 3787 1352; baseline 0.001 -17"><span class='ocrx_word' id='word_1_198' title='bbox 2214 1280 2411 1350; x_wconf 88' lang='lat' dir='ltr'><strong>inquit,</strong></span> <span class='ocrx_word' id='word_1_199' title='bbox 2444 1282 2652 1347; x_wconf 80' lang='lat' dir='ltr'><strong>sedete;</strong></span> <span class='ocrx_word' id='word_1_200' title='bbox 2677 1298 2769 1350; x_wconf 84' lang='lat' dir='ltr'><strong>ego</strong></span> <span class='ocrx_word' id='word_1_201' title='bbox 2797 1290 2970 1335; x_wconf 83' lang='lat' dir='ltr'><strong>autem</strong></span> <span class='ocrx_word' id='word_1_202' title='bbox 2994 1291 3040 1335; x_wconf 88' lang='lat' dir='ltr'><strong>et</strong></span> <span class='ocrx_word' id='word_1_203' title='bbox 3077 1282 3256 1352; x_wconf 77' lang='lat' dir='ltr'><strong>infans</strong></span> <span class='ocrx_word' id='word_1_204' title='bbox 3296 1282 3511 1347; x_wconf 82' lang='lat' dir='ltr'><strong>ibimus,</strong></span> <span class='ocrx_word' id='word_1_205' title='bbox 3564 1294 3613 1338; x_wconf 89' lang='lat' dir='ltr'><strong>et</strong></span> <span class='ocrx_word' id='word_1_206' title='bbox 3665 1300 3787 1337; x_wconf 87' lang='lat' dir='ltr'><strong>cum</strong></span> 
     </span>
    </p>
   </div>
   <div class='ocr_carea' id='block_1_28' title="bbox 2211 1373 3790 1441">
    <p class='ocr_par' dir='ltr' id='par_1_28' title="bbox 2211 1373 3790 1441">
     <span class='ocr_line' id='line_1_28' title="bbox 2211 1373 3790 1441; baseline 0.002 -16"><span class='ocrx_word' id='word_1_207' title='bbox 2211 1373 2627 1438; x_wconf 84' lang='lat' dir='ltr'><strong>adoraverimus,</strong></span> <span class='ocrx_word' id='word_1_208' title='bbox 2646 1383 2962 1427; x_wconf 80' lang='lat' dir='ltr'><strong>revertemur</strong></span> <span class='ocrx_word' id='word_1_209' title='bbox 2977 1374 3047 1427; x_wconf 87' lang='lat' dir='ltr'><strong>ad</strong></span> <span class='ocrx_word' id='word_1_210' title='bbox 3062 1390 3174 1428; x_wconf 87' lang='lat' dir='ltr'><strong>vos.</strong></span> <span class='ocrx_word' id='word_1_211' title='bbox 3203 1374 3297 1429; x_wconf 90' lang='lat' dir='ltr'><strong>Dic</strong></span> <span class='ocrx_word' id='word_1_212' title='bbox 3315 1375 3467 1441; x_wconf 90' lang='lat' dir='ltr'><strong>mihi,</strong></span> <span class='ocrx_word' id='word_1_213' title='bbox 3487 1376 3790 1439; x_wconf 82' lang='lat' dir='ltr'><strong>Abraham,</strong></span> 
     </span>
    </p>
   </div>
   <div class='ocr_carea' id='block_1_29' title="bbox 2213 1465 3787 1536">
    <p class='ocr_par' dir='ltr' id='par_1_29' title="bbox 2213 1465 3787 1536">
     <span class='ocr_line' id='line_1_29' title="bbox 2213 1465 3787 1536; baseline 0.001 -18"><span class='ocrx_word' id='word_1_214' title='bbox 2213 1480 2401 1519; x_wconf 89' lang='lat' dir='ltr'><strong>verum</strong></span> <span class='ocrx_word' id='word_1_215' title='bbox 2432 1465 2570 1520; x_wconf 88' lang='lat' dir='ltr'><strong>dicis</strong></span> <span class='ocrx_word' id='word_1_216' title='bbox 2599 1465 2664 1520; x_wconf 89' lang='lat' dir='ltr'><strong>ad</strong></span> <span class='ocrx_word' id='word_1_217' title='bbox 2694 1479 2913 1534; x_wconf 88' lang='lat' dir='ltr'><strong>pueros,</strong></span> <span class='ocrx_word' id='word_1_218' title='bbox 2941 1467 3082 1536; x_wconf 87' lang='lat' dir='ltr'><strong>quod</strong></span> <span class='ocrx_word' id='word_1_219' title='bbox 3112 1467 3329 1532; x_wconf 88' lang='lat' dir='ltr'><strong>adores,</strong></span> <span class='ocrx_word' id='word_1_220' title='bbox 3360 1476 3419 1522; x_wconf 91' lang='lat' dir='ltr'><strong>et</strong></span> <span class='ocrx_word' id='word_1_221' title='bbox 3447 1468 3635 1521; x_wconf 84' lang='lat' dir='ltr'><strong>redeas</strong></span> <span class='ocrx_word' id='word_1_222' title='bbox 3666 1483 3787 1521; x_wconf 91' lang='lat' dir='ltr'><strong>cum</strong></span> 
     </span>
    </p>
   </div>
   <div class='ocr_carea' id='block_1_30' title="bbox 2214 1555 3791 1627">
    <p class='ocr_par' dir='ltr' id='par_1_30' title="bbox 2214 1555 3791 1627">
     <span class='ocr_line' id='line_1_30' title="bbox 2214 1555 3791 1627; baseline 0.001 -16"><span class='ocrx_word' id='word_1_223' title='bbox 2214 1555 2443 1622; x_wconf 80' lang='lat' dir='ltr'><strong>infante,</strong></span> <span class='ocrx_word' id='word_1_224' title='bbox 2476 1570 2543 1610; x_wconf 90' lang='lat' dir='ltr'><strong>an</strong></span> <span class='ocrx_word' id='word_1_225' title='bbox 2578 1555 2765 1610; x_wconf 81' lang='lat' dir='ltr'><strong>l‘allis?</strong></span> <span class='ocrx_word' id='word_1_226' title='bbox 2800 1555 2857 1611; x_wconf 88' lang='lat' dir='ltr'><strong>Si</strong></span> <span class='ocrx_word' id='word_1_227' title='bbox 2889 1571 3078 1611; x_wconf 86' lang='lat' dir='ltr'><strong>verum</strong></span> <span class='ocrx_word' id='word_1_228' title='bbox 3115 1557 3271 1623; x_wconf 90' lang='lat' dir='ltr'><strong>dicis,</strong></span> <span class='ocrx_word' id='word_1_229' title='bbox 3316 1573 3450 1627; x_wconf 81' lang='lat' dir='ltr'><strong>ergo</strong></span> <span class='ocrx_word' id='word_1_230' title='bbox 3483 1573 3588 1613; x_wconf 91' lang='lat' dir='ltr'><strong>non</strong></span> <span class='ocrx_word' id='word_1_231' title='bbox 3624 1557 3791 1613; x_wconf 81' lang='lat' dir='ltr'><strong>facies</strong></span> 
     </span>
    </p>
   </div>
   <div class='ocr_carea' id='block_1_31' title="bbox 2212 1646 3788 1719">
    <p class='ocr_par' dir='ltr' id='par_1_31' title="bbox 2212 1646 3788 1719">
     <span class='ocr_line' id='line_1_31' title="bbox 2212 1646 3788 1719; baseline -0.001 -16"><span class='ocrx_word' id='word_1_232' title='bbox 2212 1663 2335 1703; x_wconf 86' lang='lat' dir='ltr'><strong>eum</strong></span> <span class='ocrx_word' id='word_1_233' title='bbox 2355 1646 2754 1703; x_wconf 83' lang='lat' dir='ltr'><strong>holocaustum.</strong></span> <span class='ocrx_word' id='word_1_234' title='bbox 2781 1646 2838 1702; x_wconf 88' lang='lat' dir='ltr'><strong>Si</strong></span> <span class='ocrx_word' id='word_1_235' title='bbox 2864 1646 3027 1713; x_wconf 83' lang='lat' dir='ltr'><strong>fallis,</strong></span> <span class='ocrx_word' id='word_1_236' title='bbox 3055 1657 3261 1703; x_wconf 86' lang='lat' dir='ltr'><strong>tantum</strong></span> <span class='ocrx_word' id='word_1_237' title='bbox 3290 1650 3657 1719; x_wconf 74' lang='lat' dir='ltr'><strong>patriarchatn</strong></span> <span class='ocrx_word' id='word_1_238' title='bbox 3683 1666 3788 1705; x_wconf 92' lang='lat' dir='ltr'><strong>non</strong></span> 
     </span>
    </p>
   </div>
   <div class='ocr_carea' id='block_1_32' title="bbox 2216 1736 3791 1804">
    <p class='ocr_par' dir='ltr' id='par_1_32' title="bbox 2216 1736 3791 1804">
     <span class='ocr_line' id='line_1_32' title="bbox 2216 1736 3791 1804; baseline 0.002 -14"><span class='ocrx_word' id='word_1_239' title='bbox 2216 1736 2369 1790; x_wconf 85' lang='lat' dir='ltr'><strong>decet</strong></span> <span class='ocrx_word' id='word_1_240' title='bbox 2398 1736 2609 1793; x_wconf 79' lang='lat' dir='ltr'><strong>fallere.</strong></span> <span class='ocrx_word' id='word_1_241' title='bbox 2641 1737 2782 1804; x_wconf 85' lang='lat' dir='ltr'><strong>Quid</strong></span> <span class='ocrx_word' id='word_1_242' title='bbox 2815 1736 2960 1791; x_wconf 89' lang='lat' dir='ltr'><strong>enim</strong></span> <span class='ocrx_word' id='word_1_243' title='bbox 2990 1739 3157 1792; x_wconf 87' lang='lat' dir='ltr'><strong>animi</strong></span> <span class='ocrx_word' id='word_1_244' title='bbox 3198 1740 3252 1792; x_wconf 91' lang='lat' dir='ltr'><strong>in</strong></span> <span class='ocrx_word' id='word_1_245' title='bbox 3285 1751 3337 1795; x_wconf 91' lang='lat' dir='ltr'><strong>te</strong></span> <span class='ocrx_word' id='word_1_246' title='bbox 3379 1741 3585 1796; x_wconf 87' lang='lat' dir='ltr'><strong>indicat</strong></span> <span class='ocrx_word' id='word_1_247' title='bbox 3611 1756 3791 1795; x_wconf 86' lang='lat' dir='ltr'><strong>sermo</strong></span> 
     </span>
    </p>
   </div>
   <div class='ocr_carea' id='block_1_33' title="bbox 535 1802 3790 1901">
    <p class='ocr_par' dir='ltr' id='par_1_33' title="bbox 535 1802 3790 1901">
     <span class='ocr_line' id='line_1_33' title="bbox 535 1802 3790 1901; baseline 0.006 -34"><span class='ocrx_word' id='word_1_248' title='bbox 535 1829 659 1867; x_wconf 90' lang='lat' dir='ltr'><strong>cum</strong></span> <span class='ocrx_word' id='word_1_249' title='bbox 696 1831 864 1884; x_wconf 86' lang='lat' dir='ltr'><strong>puero</strong></span> <span class='ocrx_word' id='word_1_250' title='bbox 913 1821 979 1874; x_wconf 93' lang='lat' dir='ltr'><strong>ad</strong></span> <span class='ocrx_word' id='word_1_251' title='bbox 1028 1821 1171 1877; x_wconf 88' lang='lat' dir='ltr'><strong>illam</strong></span> <span class='ocrx_word' id='word_1_252' title='bbox 1220 1832 1422 1880; x_wconf 88' lang='lat' dir='ltr'><strong>terram</strong></span> <span class='ocrx_word' id='word_1_253' title='bbox 1475 1802 1768 1894; x_wconf 75' lang='lat' dir='ltr'><strong>excelsam,</strong></span> <span class='ocrx_word' id='word_1_254' title='bbox 1803 1837 1859 1883; x_wconf 90' lang='lat' dir='ltr'><strong>et</strong></span> <span class='ocrx_word' id='word_1_255' title='bbox 1905 1830 2108 1900; x_wconf 85' lang='lat' dir='ltr'><strong>imponi</strong></span> <span class='ocrx_word' id='word_1_256' title='bbox 2143 1802 2184 1858; x_wconf 76' lang='grc' dir='ltr'>Β</span> <span class='ocrx_word' id='word_1_257' title='bbox 2216 1830 2347 1883; x_wconf 80' lang='lat' dir='ltr'><strong>hic?</strong></span> <span class='ocrx_word' id='word_1_258' title='bbox 2393 1828 2619 1897; x_wconf 84' lang='lat' dir='ltr'><strong>Verum,</strong></span> <span class='ocrx_word' id='word_1_259' title='bbox 2668 1802 2866 1901; x_wconf 81' lang='lat' dir='ltr'><strong>inquit,</strong></span> <span class='ocrx_word' id='word_1_260' title='bbox 2913 1832 3057 1897; x_wconf 90' lang='lat' dir='ltr'><strong>dico,</strong></span> <span class='ocrx_word' id='word_1_261' title='bbox 3102 1840 3156 1886; x_wconf 90' lang='lat' dir='ltr'><strong>ct</strong></span> <span class='ocrx_word' id='word_1_262' title='bbox 3204 1831 3575 1887; x_wconf 85' lang='lat' dir='ltr'><strong>holocaustum</strong></span> <span class='ocrx_word' id='word_1_263' title='bbox 3621 1831 3790 1887; x_wconf 82' lang='lat' dir='ltr'><strong>oil‘ero</strong></span> 
     </span>
    </p>
   </div>
   <div class='ocr_carea' id='block_1_34' title="bbox 537 1905 2109 1987">
    <p class='ocr_par' dir='ltr' id='par_1_34' title="bbox 537 1905 2109 1987">
     <span class='ocr_line' id='line_1_34' title="bbox 537 1905 2109 1987; baseline 0.013 -31"><span class='ocrx_word' id='word_1_264' title='bbox 537 1905 690 1973; x_wconf 84' lang='lat' dir='ltr'><strong>prius</strong></span> <span class='ocrx_word' id='word_1_265' title='bbox 738 1908 791 1961; x_wconf 92' lang='lat' dir='ltr'><strong>in</strong></span> <span class='ocrx_word' id='word_1_266' title='bbox 820 1920 1057 1965; x_wconf 86' lang='lat' dir='ltr'><strong>montem</strong></span> <span class='ocrx_word' id='word_1_267' title='bbox 1094 1927 1473 1984; x_wconf 89' lang='lat' dir='ltr'><strong>quemcunque</strong></span> <span class='ocrx_word' id='word_1_268' title='bbox 1514 1916 1794 1987; x_wconf 80' lang='lat' dir='ltr'><strong>delegerat</strong></span> <span class='ocrx_word' id='word_1_269' title='bbox 1827 1920 2109 1987; x_wconf 86' lang='lat' dir='ltr'><strong>Dominus,</strong></span> 
     </span>
    </p>
   </div>
   <div class='ocr_carea' id='block_1_35' title="bbox 534 1997 2109 2082">
    <p class='ocr_par' dir='ltr' id='par_1_35' title="bbox 534 1997 2109 2082">
     <span class='ocr_line' id='line_1_35' title="bbox 534 1997 2109 2082; baseline 0.011 -33"><span class='ocrx_word' id='word_1_270' title='bbox 534 2004 589 2049; x_wconf 91' lang='lat' dir='ltr'><strong>ct</strong></span> <span class='ocrx_word' id='word_1_271' title='bbox 622 1997 691 2051; x_wconf 91' lang='lat' dir='ltr'><strong>ibi</strong></span> <span class='ocrx_word' id='word_1_272' title='bbox 728 2000 794 2053; x_wconf 90' lang='lat' dir='ltr'><strong>ad</strong></span> <span class='ocrx_word' id='word_1_273' title='bbox 825 2016 947 2055; x_wconf 89' lang='lat' dir='ltr'><strong>eum</strong></span> <span class='ocrx_word' id='word_1_274' title='bbox 982 2003 1088 2058; x_wconf 88' lang='lat' dir='ltr'><strong>dici</strong></span> <span class='ocrx_word' id='word_1_275' title='bbox 1128 2014 1186 2059; x_wconf 87' lang='lat' dir='ltr'><strong>ut</strong></span> <span class='ocrx_word' id='word_1_276' title='bbox 1226 2006 1449 2061; x_wconf 70' lang='lat' dir='ltr'><strong>oderret</strong></span> <span class='ocrx_word' id='word_1_277' title='bbox 1483 2006 1692 2062; x_wconf 87' lang='lat' dir='ltr'><strong>ﬁlium?</strong></span> <span class='ocrx_word' id='word_1_278' title='bbox 1729 2008 1834 2065; x_wconf 89' lang='lat' dir='ltr'><strong>Sed</strong></span> <span class='ocrx_word' id='word_1_279' title='bbox 1884 2013 2035 2082; x_wconf 90' lang='lat' dir='ltr'><strong>prius</strong></span> <span class='ocrx_word' id='word_1_280' title='bbox 2056 2012 2109 2067; x_wconf 88' lang='lat' dir='ltr'><strong>ei</strong></span> 
     </span>
    </p>
   </div>
   <div class='ocr_carea' id='block_1_36' title="bbox 534 2087 2111 2172">
    <p class='ocr_par' dir='ltr' id='par_1_36' title="bbox 534 2087 2111 2172">
     <span class='ocr_line' id='line_1_36' title="bbox 534 2087 2111 2172; baseline 0.011 -31"><span class='ocrx_word' id='word_1_281' title='bbox 534 2087 736 2145; x_wconf 89' lang='lat' dir='ltr'><strong>dicitur</strong></span> <span class='ocrx_word' id='word_1_282' title='bbox 764 2093 892 2161; x_wconf 88' lang='lat' dir='ltr'><strong>quia</strong></span> <span class='ocrx_word' id='word_1_283' title='bbox 923 2095 1121 2153; x_wconf 81' lang='lat' dir='ltr'><strong>oﬁerre</strong></span> <span class='ocrx_word' id='word_1_284' title='bbox 1147 2099 1339 2154; x_wconf 88' lang='lat' dir='ltr'><strong>debeat</strong></span> <span class='ocrx_word' id='word_1_285' title='bbox 1370 2099 1536 2154; x_wconf 91' lang='lat' dir='ltr'><strong>ﬁlium</strong></span> <span class='ocrx_word' id='word_1_286' title='bbox 1571 2116 1752 2165; x_wconf 90' lang='lat' dir='ltr'><strong>suum,</strong></span> <span class='ocrx_word' id='word_1_287' title='bbox 1783 2113 1840 2158; x_wconf 84' lang='lat' dir='ltr'><strong>et</strong></span> <span class='ocrx_word' id='word_1_288' title='bbox 1872 2103 2111 2172; x_wconf 82' lang='lat' dir='ltr'><strong>tuncju-</strong></span> 
     </span>
    </p>
   </div>
   <div class='ocr_carea' id='block_1_37' title="bbox 536 2178 2113 2254">
    <p class='ocr_par' dir='ltr' id='par_1_37' title="bbox 536 2178 2113 2254">
     <span class='ocr_line' id='line_1_37' title="bbox 536 2178 2113 2254; baseline 0.011 -22"><span class='ocrx_word' id='word_1_289' title='bbox 536 2178 693 2235; x_wconf 89' lang='lat' dir='ltr'><strong>betur</strong></span> <span class='ocrx_word' id='word_1_290' title='bbox 724 2182 805 2238; x_wconf 91' lang='lat' dir='ltr'><strong>ire</strong></span> <span class='ocrx_word' id='word_1_291' title='bbox 835 2185 887 2238; x_wconf 90' lang='lat' dir='ltr'><strong>in</strong></span> <span class='ocrx_word' id='word_1_292' title='bbox 917 2194 1117 2241; x_wconf 91' lang='lat' dir='ltr'><strong>terram</strong></span> <span class='ocrx_word' id='word_1_293' title='bbox 1141 2190 1443 2254; x_wconf 85' lang='lat' dir='ltr'><strong>excelsam,</strong></span> <span class='ocrx_word' id='word_1_294' title='bbox 1464 2198 1523 2246; x_wconf 89' lang='lat' dir='ltr'><strong>et</strong></span> <span class='ocrx_word' id='word_1_295' title='bbox 1552 2193 1851 2247; x_wconf 88' lang='lat' dir='ltr'><strong>ascendere</strong></span> <span class='ocrx_word' id='word_1_296' title='bbox 1875 2193 1928 2248; x_wconf 92' lang='lat' dir='ltr'><strong>in</strong></span> <span class='ocrx_word' id='word_1_297' title='bbox 1954 2210 2113 2250; x_wconf 63' lang='lat' dir='ltr'><strong>mon~</strong></span> 
     </span>
    </p>
   </div>
   <div class='ocr_carea' id='block_1_38' title="bbox 536 2274 2113 2352">
    <p class='ocr_par' dir='ltr' id='par_1_38' title="bbox 536 2274 2113 2352">
     <span class='ocr_line' id='line_1_38' title="bbox 536 2274 2113 2352; baseline 0.011 -27"><span class='ocrx_word' id='word_1_298' title='bbox 536 2280 664 2331; x_wconf 85' lang='lat' dir='ltr'><strong>tem.</strong></span> <span class='ocrx_word' id='word_1_299' title='bbox 696 2274 814 2341; x_wconf 92' lang='lat' dir='ltr'><strong>Quo</strong></span> <span class='ocrx_word' id='word_1_300' title='bbox 842 2278 945 2335; x_wconf 88' lang='lat' dir='ltr'><strong>hoc</strong></span> <span class='ocrx_word' id='word_1_301' title='bbox 989 2282 1234 2351; x_wconf 82' lang='lat' dir='ltr'><strong>spectat?</strong></span> <span class='ocrx_word' id='word_1_302' title='bbox 1268 2281 1337 2338; x_wconf 89' lang='lat' dir='ltr'><strong>Ut</strong></span> <span class='ocrx_word' id='word_1_303' title='bbox 1382 2283 1511 2337; x_wconf 86' lang='lat' dir='ltr'><strong>dum</strong></span> <span class='ocrx_word' id='word_1_304' title='bbox 1555 2283 1821 2352; x_wconf 81' lang='lat' dir='ltr'><strong>ambulat,</strong></span> <span class='ocrx_word' id='word_1_305' title='bbox 1855 2286 1981 2340; x_wconf 89' lang='lat' dir='ltr'><strong>dum</strong></span> <span class='ocrx_word' id='word_1_306' title='bbox 2010 2287 2113 2343; x_wconf 86' lang='lat' dir='ltr'><strong>iter</strong></span> 
     </span>
    </p>
   </div>
   <div class='ocr_carea' id='block_1_39' title="bbox 534 2365 2114 2445">
    <p class='ocr_par' dir='ltr' id='par_1_39' title="bbox 534 2365 2114 2445">
     <span class='ocr_line' id='line_1_39' title="bbox 534 2365 2114 2445; baseline 0.01 -28"><span class='ocrx_word' id='word_1_307' title='bbox 534 2365 666 2434; x_wconf 73' lang='lat' dir='ltr'><strong>agit,</strong></span> <span class='ocrx_word' id='word_1_308' title='bbox 699 2382 796 2436; x_wconf 90' lang='lat' dir='ltr'><strong>per</strong></span> <span class='ocrx_word' id='word_1_309' title='bbox 828 2378 997 2426; x_wconf 91' lang='lat' dir='ltr'><strong>totam</strong></span> <span class='ocrx_word' id='word_1_310' title='bbox 1024 2374 1167 2427; x_wconf 87' lang='lat' dir='ltr'><strong>viam</strong></span> <span class='ocrx_word' id='word_1_311' title='bbox 1202 2374 1627 2445; x_wconf 81' lang='lat' dir='ltr'><strong>cogitationibus</strong></span> <span class='ocrx_word' id='word_1_312' title='bbox 1656 2375 2018 2445; x_wconf 90' lang='lat' dir='ltr'><strong>discerpatur,</strong></span> <span class='ocrx_word' id='word_1_313' title='bbox 2055 2387 2114 2433; x_wconf 93' lang='lat' dir='ltr'><strong>ut</strong></span> 
     </span>
    </p>
   </div>
   <div class='ocr_carea' id='block_1_40' title="bbox 537 2457 2111 2535">
    <p class='ocr_par' dir='ltr' id='par_1_40' title="bbox 537 2457 2111 2535">
     <span class='ocr_line' id='line_1_40' title="bbox 537 2457 2111 2535; baseline 0.01 -26"><span class='ocrx_word' id='word_1_314' title='bbox 537 2457 666 2512; x_wconf 91' lang='lat' dir='ltr'><strong>hinc</strong></span> <span class='ocrx_word' id='word_1_315' title='bbox 706 2473 1028 2532; x_wconf 81' lang='lat' dir='ltr'><strong>perurgente</strong></span> <span class='ocrx_word' id='word_1_316' title='bbox 1061 2474 1353 2535; x_wconf 71' lang='lat' dir='ltr'><strong>prazcepto,</strong></span> <span class='ocrx_word' id='word_1_317' title='bbox 1402 2467 1533 2523; x_wconf 90' lang='lat' dir='ltr'><strong>hinc</strong></span> <span class='ocrx_word' id='word_1_318' title='bbox 1582 2482 1711 2523; x_wconf 84' lang='lat' dir='ltr'><strong>vero</strong></span> <span class='ocrx_word' id='word_1_319' title='bbox 1742 2469 1887 2524; x_wconf 91' lang='lat' dir='ltr'><strong>unici</strong></span> <span class='ocrx_word' id='word_1_320' title='bbox 1914 2469 2111 2525; x_wconf 77' lang='lat' dir='ltr'><strong>aﬁ‘ectu</strong></span> 
     </span>
    </p>
   </div>
   <div class='ocr_carea' id='block_1_41' title="bbox 529 2547 2112 2632">
    <p class='ocr_par' dir='ltr' id='par_1_41' title="bbox 529 2547 2112 2632">
     <span class='ocr_line' id='line_1_41' title="bbox 529 2547 2112 2632; baseline 0.009 -31"><span class='ocrx_word' id='word_1_321' title='bbox 529 2547 847 2607; x_wconf 89' lang='lat' dir='ltr'><strong>obluctante</strong></span> <span class='ocrx_word' id='word_1_322' title='bbox 869 2555 1165 2611; x_wconf 87' lang='lat' dir='ltr'><strong>crucietur.</strong></span> <span class='ocrx_word' id='word_1_323' title='bbox 1180 2555 1474 2625; x_wconf 85' lang='lat' dir='ltr'><strong>Propterea</strong></span> <span class='ocrx_word' id='word_1_324' title='bbox 1491 2572 1625 2628; x_wconf 82' lang='lat' dir='ltr'><strong>ergo</strong></span> <span class='ocrx_word' id='word_1_325' title='bbox 1641 2559 1802 2613; x_wconf 89' lang='lat' dir='ltr'><strong>etiam</strong></span> <span class='ocrx_word' id='word_1_326' title='bbox 1823 2560 1908 2614; x_wconf 85' lang='lat' dir='ltr'><strong>via</strong></span> <span class='ocrx_word' id='word_1_327' title='bbox 1928 2560 2112 2632; x_wconf 82' lang='lat' dir='ltr'><strong>injun-</strong></span> 
     </span>
    </p>
   </div>
   <div class='ocr_carea' id='block_1_42' title="bbox 533 2638 2112 2721">
    <p class='ocr_par' dir='ltr' id='par_1_42' title="bbox 533 2638 2112 2721">
     <span class='ocr_line' id='line_1_42' title="bbox 533 2638 2112 2721; baseline 0.009 -30"><span class='ocrx_word' id='word_1_328' title='bbox 533 2638 700 2708; x_wconf 78' lang='lat' dir='ltr'><strong>gitur,</strong></span> <span class='ocrx_word' id='word_1_329' title='bbox 728 2642 889 2697; x_wconf 89' lang='lat' dir='ltr'><strong>etiam</strong></span> <span class='ocrx_word' id='word_1_330' title='bbox 916 2647 1114 2701; x_wconf 88' lang='lat' dir='ltr'><strong>montis</strong></span> <span class='ocrx_word' id='word_1_331' title='bbox 1133 2648 1399 2716; x_wconf 90' lang='lat' dir='ltr'><strong>ascensio,</strong></span> <span class='ocrx_word' id='word_1_332' title='bbox 1421 2658 1481 2704; x_wconf 92' lang='lat' dir='ltr'><strong>ut</strong></span> <span class='ocrx_word' id='word_1_333' title='bbox 1510 2650 1564 2704; x_wconf 90' lang='lat' dir='ltr'><strong>in</strong></span> <span class='ocrx_word' id='word_1_334' title='bbox 1588 2650 1674 2707; x_wconf 85' lang='lat' dir='ltr'><strong>bis</strong></span> <span class='ocrx_word' id='word_1_335' title='bbox 1703 2651 1959 2707; x_wconf 84' lang='lat' dir='ltr'><strong>omnibus</strong></span> <span class='ocrx_word' id='word_1_336' title='bbox 1990 2667 2112 2721; x_wconf 84' lang='lat' dir='ltr'><strong>spa-</strong></span> 
     </span>
    </p>
   </div>
   <div class='ocr_carea' id='block_1_43' title="bbox 537 2729 2115 2809">
    <p class='ocr_par' dir='ltr' id='par_1_43' title="bbox 537 2729 2115 2809">
     <span class='ocr_line' id='line_1_43' title="bbox 537 2729 2115 2809; baseline 0.012 -26"><span class='ocrx_word' id='word_1_337' title='bbox 537 2729 669 2784; x_wconf 85' lang='lat' dir='ltr'><strong>tium</strong></span> <span class='ocrx_word' id='word_1_338' title='bbox 692 2736 1006 2792; x_wconf 87' lang='lat' dir='ltr'><strong>certaminis</strong></span> <span class='ocrx_word' id='word_1_339' title='bbox 1022 2738 1495 2808; x_wconf 82' lang='lat' dir='ltr'><strong>accipiataﬁ‘ectus</strong></span> <span class='ocrx_word' id='word_1_340' title='bbox 1521 2751 1578 2797; x_wconf 90' lang='lat' dir='ltr'><strong>et</strong></span> <span class='ocrx_word' id='word_1_341' title='bbox 1596 2741 1750 2809; x_wconf 89' lang='lat' dir='ltr'><strong>ﬁdes,</strong></span> <span class='ocrx_word' id='word_1_342' title='bbox 1768 2758 1923 2799; x_wconf 90' lang='lat' dir='ltr'><strong>amor</strong></span> <span class='ocrx_word' id='word_1_343' title='bbox 1943 2744 2034 2800; x_wconf 89' lang='lat' dir='ltr'><strong>Dei</strong></span> <span class='ocrx_word' id='word_1_344' title='bbox 2058 2756 2115 2802; x_wconf 80' lang='lat' dir='ltr'><strong>et</strong></span> 
     </span>
    </p>
   </div>
   <div class='ocr_carea' id='block_1_44' title="bbox 532 2826 2113 2906">
    <p class='ocr_par' dir='ltr' id='par_1_44' title="bbox 532 2826 2113 2906">
     <span class='ocr_line' id='line_1_44' title="bbox 532 2826 2113 2906; baseline 0.013 -35"><span class='ocrx_word' id='word_1_345' title='bbox 532 2833 689 2875; x_wconf 88' lang='lat' dir='ltr'><strong>amor</strong></span> <span class='ocrx_word' id='word_1_346' title='bbox 701 2826 905 2891; x_wconf 90' lang='lat' dir='ltr'><strong>carnis,</strong></span> <span class='ocrx_word' id='word_1_347' title='bbox 926 2832 1274 2897; x_wconf 75' lang='lat' dir='ltr'><strong>praesentium</strong></span> <span class='ocrx_word' id='word_1_348' title='bbox 1294 2835 1467 2904; x_wconf 85' lang='lat' dir='ltr'><strong>gratia</strong></span> <span class='ocrx_word' id='word_1_349' title='bbox 1485 2837 1885 2906; x_wconf 83' lang='lat' dir='ltr'><strong>etexspectatio</strong></span> <span class='ocrx_word' id='word_1_350' title='bbox 1901 2836 2113 2892; x_wconf 75' lang='lat' dir='ltr'><strong>futuro-</strong></span> 
     </span>
    </p>
   </div>
   <div class='ocr_carea' id='block_1_45' title="bbox 534 2915 2114 2996">
    <p class='ocr_par' dir='ltr' id='par_1_45' title="bbox 534 2915 2114 2996">
     <span class='ocr_line' id='line_1_45' title="bbox 534 2915 2114 2996; baseline 0.012 -30"><span class='ocrx_word' id='word_1_351' title='bbox 534 2927 676 2968; x_wconf 89' lang='lat' dir='ltr'><strong>rum.</strong></span> <span class='ocrx_word' id='word_1_352' title='bbox 698 2915 930 2974; x_wconf 83' lang='lat' dir='ltr'><strong>Mittitur</strong></span> <span class='ocrx_word' id='word_1_353' title='bbox 953 2936 1084 2992; x_wconf 80' lang='lat' dir='ltr'><strong>ergo</strong></span> <span class='ocrx_word' id='word_1_354' title='bbox 1117 2926 1168 2977; x_wconf 90' lang='lat' dir='ltr'><strong>in</strong></span> <span class='ocrx_word' id='word_1_355' title='bbox 1190 2934 1388 2981; x_wconf 89' lang='lat' dir='ltr'><strong>terram</strong></span> <span class='ocrx_word' id='word_1_356' title='bbox 1410 2926 1708 2996; x_wconf 86' lang='lat' dir='ltr'><strong>excelsam,</strong></span> <span class='ocrx_word' id='word_1_357' title='bbox 1724 2936 1780 2982; x_wconf 90' lang='lat' dir='ltr'><strong>et</strong></span> <span class='ocrx_word' id='word_1_358' title='bbox 1796 2943 1902 2983; x_wconf 83' lang='lat' dir='ltr'><strong>non</strong></span> <span class='ocrx_word' id='word_1_359' title='bbox 1917 2929 2114 2985; x_wconf 70' lang='lat' dir='ltr'><strong>sufﬁcit</strong></span> 
     </span>
    </p>
   </div>
   <div class='ocr_carea' id='block_1_46' title="bbox 534 3007 2109 3089">
    <p class='ocr_par' dir='ltr' id='par_1_46' title="bbox 534 3007 2109 3089">
     <span class='ocr_line' id='line_1_46' title="bbox 534 3007 2109 3089; baseline 0.011 -32"><span class='ocrx_word' id='word_1_360' title='bbox 534 3007 861 3072; x_wconf 79' lang='lat' dir='ltr'><strong>patriarclue</strong></span> <span class='ocrx_word' id='word_1_361' title='bbox 908 3021 1116 3068; x_wconf 88' lang='lat' dir='ltr'><strong>tantum</strong></span> <span class='ocrx_word' id='word_1_362' title='bbox 1147 3031 1283 3086; x_wconf 89' lang='lat' dir='ltr'><strong>opus</strong></span> <span class='ocrx_word' id='word_1_363' title='bbox 1331 3018 1561 3073; x_wconf 84' lang='lat' dir='ltr'><strong>Domino</strong></span> <span class='ocrx_word' id='word_1_364' title='bbox 1610 3030 1906 3089; x_wconf 88' lang='lat' dir='ltr'><strong>peracturo</strong></span> <span class='ocrx_word' id='word_1_365' title='bbox 1961 3030 2109 3076; x_wconf 87' lang='lat' dir='ltr'><strong>terra</strong></span> 
     </span>
    </p>
   </div>
   <div class='ocr_carea' id='block_1_47' title="bbox 534 3097 2178 3202">
    <p class='ocr_par' dir='ltr' id='par_1_47' title="bbox 534 3097 2178 3202">
     <span class='ocr_line' id='line_1_47' title="bbox 534 3097 2178 3202; baseline 0.01 -53"><span class='ocrx_word' id='word_1_366' title='bbox 534 3097 770 3202; x_wconf 72' lang='lat' dir='ltr'><strong>excelsa,</strong></span> <span class='ocrx_word' id='word_1_367' title='bbox 807 3102 902 3155; x_wconf 89' lang='lat' dir='ltr'><strong>sed</strong></span> <span class='ocrx_word' id='word_1_368' title='bbox 935 3110 989 3157; x_wconf 87' lang='lat' dir='ltr'><strong>et</strong></span> <span class='ocrx_word' id='word_1_369' title='bbox 1014 3117 1251 3160; x_wconf 90' lang='lat' dir='ltr'><strong>montem</strong></span> <span class='ocrx_word' id='word_1_370' title='bbox 1284 3106 1506 3175; x_wconf 77' lang='lat' dir='ltr'><strong>iubetur</strong></span> <span class='ocrx_word' id='word_1_371' title='bbox 1536 3111 1833 3166; x_wconf 84' lang='lat' dir='ltr'><strong>ascendere</strong></span> <span class='ocrx_word' id='word_1_372' title='bbox 1854 3149 1871 3177; x_wconf 86' lang='lat'><strong>,</strong></span> <span class='ocrx_word' id='word_1_373' title='bbox 1897 3112 2108 3167; x_wconf 88' lang='lat' dir='ltr'><strong>scilicet</strong></span> <span class='ocrx_word' id='word_1_374' title='bbox 2131 3143 2178 3202; x_wconf 58' lang='grc' dir='ltr'>ρ</span> 
     </span>
    </p>
   </div>
   <div class='ocr_carea' id='block_1_48' title="bbox 535 3186 2110 3270">
    <p class='ocr_par' dir='ltr' id='par_1_48' title="bbox 535 3186 2110 3270">
     <span class='ocr_line' id='line_1_48' title="bbox 535 3186 2110 3270; baseline 0.013 -33"><span class='ocrx_word' id='word_1_375' title='bbox 535 3195 594 3238; x_wconf 81' lang='grc' dir='ltr'><strong>ιιι</strong></span> <span class='ocrx_word' id='word_1_376' title='bbox 615 3186 723 3240; x_wconf 88' lang='lat' dir='ltr'><strong>ﬁde</strong></span> <span class='ocrx_word' id='word_1_377' title='bbox 741 3188 916 3246; x_wconf 89' lang='lat' dir='ltr'><strong>elatus</strong></span> <span class='ocrx_word' id='word_1_378' title='bbox 944 3200 1160 3249; x_wconf 87' lang='lat' dir='ltr'><strong>terrena</strong></span> <span class='ocrx_word' id='word_1_379' title='bbox 1189 3196 1532 3268; x_wconf 82' lang='lat' dir='ltr'><strong>derelinquat</strong></span> <span class='ocrx_word' id='word_1_380' title='bbox 1554 3210 1610 3254; x_wconf 88' lang='lat' dir='ltr'><strong>et</strong></span> <span class='ocrx_word' id='word_1_381' title='bbox 1637 3199 1704 3255; x_wconf 89' lang='lat' dir='ltr'><strong>ad</strong></span> <span class='ocrx_word' id='word_1_382' title='bbox 1728 3215 1964 3270; x_wconf 86' lang='lat' dir='ltr'><strong>superna</strong></span> <span class='ocrx_word' id='word_1_383' title='bbox 1984 3217 2110 3258; x_wconf 88' lang='lat' dir='ltr'><strong>con-</strong></span> 
     </span>
    </p>
   </div>
   <div class='ocr_carea' id='block_1_49' title="bbox 531 3280 774 3335">
    <p class='ocr_par' dir='ltr' id='par_1_49' title="bbox 531 3280 774 3335">
     <span class='ocr_line' id='line_1_49' title="bbox 531 3280 774 3335; baseline 0.016 -5"><span class='ocrx_word' id='word_1_384' title='bbox 531 3280 774 3335; x_wconf 87' lang='lat' dir='ltr'><strong>scendat.</strong></span> 
     </span>
    </p>
   </div>
   <div class='ocr_carea' id='block_1_50' title="bbox 600 3370 2112 3451">
    <p class='ocr_par' dir='ltr' id='par_1_50' title="bbox 600 3370 2112 3451">
     <span class='ocr_line' id='line_1_50' title="bbox 600 3370 2112 3451; baseline 0.013 -27"><span class='ocrx_word' id='word_1_385' title='bbox 600 3370 659 3429; x_wconf 81' lang='grc'>4.</span> <span class='ocrx_word' id='word_1_386' title='bbox 698 3371 949 3431; x_wconf 67' lang='lat' dir='ltr'><strong>Surrexit</strong></span> <span class='ocrx_word' id='word_1_387' title='bbox 969 3396 1090 3449; x_wconf 84' lang='lat' dir='ltr'><strong>ergo</strong></span> <span class='ocrx_word' id='word_1_388' title='bbox 1113 3380 1381 3437; x_wconf 83' lang='lat' dir='ltr'><strong>Abraham</strong></span> <span class='ocrx_word' id='word_1_389' title='bbox 1406 3398 1587 3451; x_wconf 83' lang='lat' dir='ltr'><strong>mane,</strong></span> <span class='ocrx_word' id='word_1_390' title='bbox 1609 3397 1661 3439; x_wconf 89' lang='lat' dir='ltr'><strong>et</strong></span> <span class='ocrx_word' id='word_1_391' title='bbox 1692 3390 1876 3442; x_wconf 80' lang='lat' dir='ltr'><strong>strauit</strong></span> <span class='ocrx_word' id='word_1_392' title='bbox 1905 3390 2112 3444; x_wconf 78' lang='lat' dir='ltr'><strong>asinam</strong></span> 
     </span>
    </p>
   </div>
   <div class='ocr_carea' id='block_1_51' title="bbox 532 3470 2111 3552">
    <p class='ocr_par' dir='ltr' id='par_1_51' title="bbox 532 3470 2111 3552">
     <span class='ocr_line' id='line_1_51' title="bbox 532 3470 2111 3552; baseline 0.014 -37"><span class='ocrx_word' id='word_1_393' title='bbox 532 3479 706 3529; x_wconf 81' lang='lat' dir='ltr'><strong>suam,</strong></span> <span class='ocrx_word' id='word_1_394' title='bbox 743 3476 792 3520; x_wconf 91' lang='lat' dir='ltr'><strong>et</strong></span> <span class='ocrx_word' id='word_1_395' title='bbox 825 3470 1053 3523; x_wconf 83' lang='lat' dir='ltr'><strong>concidit</strong></span> <span class='ocrx_word' id='word_1_396' title='bbox 1086 3470 1229 3541; x_wconf 87' lang='lat' dir='ltr'><strong>ligna</strong></span> <span class='ocrx_word' id='word_1_397' title='bbox 1252 3474 1323 3526; x_wconf 90' lang='lat' dir='ltr'><strong>ad</strong></span> <span class='ocrx_word' id='word_1_398' title='bbox 1356 3475 1749 3533; x_wconf 86' lang='lat' dir='ltr'><strong>holocaustum.</strong></span> <span class='ocrx_word' id='word_1_399' title='bbox 1794 3479 1863 3534; x_wconf 87' lang='lat' dir='ltr'><strong>Et</strong></span> <span class='ocrx_word' id='word_1_400' title='bbox 1914 3483 2111 3552; x_wconf 82' lang='lat' dir='ltr'><strong>accepit</strong></span> 
     </span>
    </p>
   </div>
   <div class='ocr_carea' id='block_1_52' title="bbox 530 3555 2115 3640">
    <p class='ocr_par' dir='ltr' id='par_1_52' title="bbox 530 3555 2115 3640">
     <span class='ocr_line' id='line_1_52' title="bbox 530 3555 2115 3640; baseline 0.013 -32"><span class='ocrx_word' id='word_1_401' title='bbox 530 3555 872 3623; x_wconf 79' lang='lat' dir='ltr'><strong>ﬁliumsuum</strong></span> <span class='ocrx_word' id='word_1_402' title='bbox 901 3560 1084 3630; x_wconf 87' lang='lat' dir='ltr'><strong>Isaac,</strong></span> <span class='ocrx_word' id='word_1_403' title='bbox 1116 3574 1165 3619; x_wconf 89' lang='lat' dir='ltr'><strong>et</strong></span> <span class='ocrx_word' id='word_1_404' title='bbox 1196 3566 1330 3620; x_wconf 83' lang='lat' dir='ltr'><strong>duos</strong></span> <span class='ocrx_word' id='word_1_405' title='bbox 1355 3584 1568 3636; x_wconf 86' lang='lat' dir='ltr'><strong>pueros,</strong></span> <span class='ocrx_word' id='word_1_406' title='bbox 1602 3581 1650 3624; x_wconf 90' lang='lat' dir='ltr'><strong>et</strong></span> <span class='ocrx_word' id='word_1_407' title='bbox 1675 3574 1906 3640; x_wconf 77' lang='lat' dir='ltr'><strong>pervenit</strong></span> <span class='ocrx_word' id='word_1_408' title='bbox 1932 3577 2001 3627; x_wconf 87' lang='lat' dir='ltr'><strong>ad</strong></span> <span class='ocrx_word' id='word_1_409' title='bbox 2032 3575 2115 3628; x_wconf 62' lang='grc' dir='ltr'><strong>ιο-</strong></span> 
     </span>
    </p>
   </div>
   <div class='ocr_carea' id='block_1_53' title="bbox 532 3654 2112 3721">
    <p class='ocr_par' dir='ltr' id='par_1_53' title="bbox 532 3654 2112 3721">
     <span class='ocr_line' id='line_1_53' title="bbox 532 3654 2112 3721; baseline 0.015 -22"><span class='ocrx_word' id='word_1_410' title='bbox 532 3662 672 3714; x_wconf 88' lang='lat' dir='ltr'><strong>cum,</strong></span> <span class='ocrx_word' id='word_1_411' title='bbox 715 3667 871 3720; x_wconf 86' lang='lat' dir='ltr'><strong>quem</strong></span> <span class='ocrx_word' id='word_1_412' title='bbox 911 3654 1117 3710; x_wconf 73' lang='lat' dir='ltr'><strong>dixerat</strong></span> <span class='ocrx_word' id='word_1_413' title='bbox 1162 3658 1209 3710; x_wconf 87' lang='lat' dir='ltr'><strong>ei</strong></span> <span class='ocrx_word' id='word_1_414' title='bbox 1259 3658 1399 3713; x_wconf 87' lang='lat' dir='ltr'><strong>Deus</strong></span> <span class='ocrx_word' id='word_1_415' title='bbox 1441 3660 1525 3714; x_wconf 86' lang='lat' dir='ltr'><strong>die</strong></span> <span class='ocrx_word' id='word_1_416' title='bbox 1565 3664 1720 3716; x_wconf 87' lang='lat' dir='ltr'><strong>tertia</strong></span> <span class='ocrx_word' id='word_1_417' title='bbox 1750 3664 1817 3718; x_wconf 65' lang='grc'><strong>⁸⁸.</strong></span> <span class='ocrx_word' id='word_1_418' title='bbox 1864 3663 2112 3721; x_wconf 78' lang='lat' dir='ltr'><strong>Surrexit</strong></span> 
     </span>
    </p>
   </div>
   <div class='ocr_carea' id='block_1_54' title="bbox 527 3738 2109 3819">
    <p class='ocr_par' dir='ltr' id='par_1_54' title="bbox 527 3738 2109 3819">
     <span class='ocr_line' id='line_1_54' title="bbox 527 3738 2109 3819; baseline 0.013 -26"><span class='ocrx_word' id='word_1_419' title='bbox 527 3738 803 3797; x_wconf 82' lang='lat' dir='ltr'><strong>Abraham</strong></span> <span class='ocrx_word' id='word_1_420' title='bbox 838 3760 1015 3802; x_wconf 88' lang='lat' dir='ltr'><strong>mane.</strong></span> <span class='ocrx_word' id='word_1_421' title='bbox 1052 3748 1204 3815; x_wconf 86' lang='lat' dir='ltr'><strong>Quod</strong></span> <span class='ocrx_word' id='word_1_422' title='bbox 1232 3753 1444 3809; x_wconf 88' lang='lat' dir='ltr'><strong>addidit</strong></span> <span class='ocrx_word' id='word_1_423' title='bbox 1466 3771 1644 3819; x_wconf 79' lang='lat' dir='ltr'><strong>mane,</strong></span> <span class='ocrx_word' id='word_1_424' title='bbox 1680 3757 1967 3814; x_wconf 87' lang='lat' dir='ltr'><strong>ostendere</strong></span> <span class='ocrx_word' id='word_1_425' title='bbox 1993 3757 2109 3814; x_wconf 64' lang='lat' dir='ltr'><strong>fore</strong></span> 
     </span>
    </p>
   </div>
   <div class='ocr_carea' id='block_1_55' title="bbox 531 3835 2110 3916">
    <p class='ocr_par' dir='ltr' id='par_1_55' title="bbox 531 3835 2110 3916">
     <span class='ocr_line' id='line_1_55' title="bbox 531 3835 2110 3916; baseline 0.012 -30"><span class='ocrx_word' id='word_1_426' title='bbox 531 3842 676 3889; x_wconf 88' lang='lat' dir='ltr'><strong>tasse</strong></span> <span class='ocrx_word' id='word_1_427' title='bbox 709 3835 901 3903; x_wconf 91' lang='lat' dir='ltr'><strong>voluit,</strong></span> <span class='ocrx_word' id='word_1_428' title='bbox 928 3841 1052 3908; x_wconf 87' lang='lat' dir='ltr'><strong>quia</strong></span> <span class='ocrx_word' id='word_1_429' title='bbox 1088 3841 1300 3898; x_wconf 85' lang='lat' dir='ltr'><strong>initium</strong></span> <span class='ocrx_word' id='word_1_430' title='bbox 1332 3843 1469 3901; x_wconf 84' lang='lat' dir='ltr'><strong>lucis</strong></span> <span class='ocrx_word' id='word_1_431' title='bbox 1500 3846 1812 3916; x_wconf 82' lang='lat' dir='ltr'><strong>splenderet</strong></span> <span class='ocrx_word' id='word_1_432' title='bbox 1855 3849 1906 3903; x_wconf 82' lang='lat' dir='ltr'><strong>in</strong></span> <span class='ocrx_word' id='word_1_433' title='bbox 1943 3850 2110 3905; x_wconf 88' lang='lat' dir='ltr'><strong>corde</strong></span> 
     </span>
    </p>
   </div>
   <div class='ocr_carea' id='block_1_56' title="bbox 528 3924 2108 4010">
    <p class='ocr_par' dir='ltr' id='par_1_56' title="bbox 528 3924 2108 4010">
     <span class='ocr_line' id='line_1_56' title="bbox 528 3924 2108 4010; baseline 0.011 -32"><span class='ocrx_word' id='word_1_434' title='bbox 528 3924 670 3993; x_wconf 86' lang='lat' dir='ltr'><strong>ejus.</strong></span> <span class='ocrx_word' id='word_1_435' title='bbox 727 3929 934 3985; x_wconf 87' lang='lat' dir='ltr'><strong>Stravit</strong></span> <span class='ocrx_word' id='word_1_436' title='bbox 1007 3933 1220 3989; x_wconf 87' lang='lat' dir='ltr'><strong>asinam</strong></span> <span class='ocrx_word' id='word_1_437' title='bbox 1268 3951 1465 4006; x_wconf 87' lang='lat' dir='ltr'><strong>suam,</strong></span> <span class='ocrx_word' id='word_1_438' title='bbox 1535 3937 1681 4009; x_wconf 82' lang='lat' dir='ltr'><strong>ligna</strong></span> <span class='ocrx_word' id='word_1_439' title='bbox 1744 3940 2108 4010; x_wconf 63' lang='lat' dir='ltr'><strong>prmparavit,</strong></span> 
     </span>
    </p>
   </div>
   <div class='ocr_carea' id='block_1_57' title="bbox 532 4020 2107 4097">
    <p class='ocr_par' dir='ltr' id='par_1_57' title="bbox 532 4020 2107 4097">
     <span class='ocr_line' id='line_1_57' title="bbox 532 4020 2107 4097; baseline 0.01 -26"><span class='ocrx_word' id='word_1_440' title='bbox 532 4020 830 4089; x_wconf 85' lang='lat' dir='ltr'><strong>assumpsit</strong></span> <span class='ocrx_word' id='word_1_441' title='bbox 852 4022 1039 4078; x_wconf 83' lang='lat' dir='ltr'><strong>ﬁlium.</strong></span> <span class='ocrx_word' id='word_1_442' title='bbox 1073 4026 1189 4079; x_wconf 83' lang='lat' dir='ltr'><strong>Non</strong></span> <span class='ocrx_word' id='word_1_443' title='bbox 1219 4028 1503 4094; x_wconf 84' lang='lat' dir='ltr'><strong>deliberat,</strong></span> <span class='ocrx_word' id='word_1_444' title='bbox 1536 4044 1643 4085; x_wconf 90' lang='lat' dir='ltr'><strong>non</strong></span> <span class='ocrx_word' id='word_1_445' title='bbox 1674 4031 1963 4097; x_wconf 87' lang='lat' dir='ltr'><strong>detractat,</strong></span> <span class='ocrx_word' id='word_1_446' title='bbox 1999 4047 2107 4087; x_wconf 90' lang='lat' dir='ltr'><strong>non</strong></span> 
     </span>
    </p>
   </div>
   <div class='ocr_carea' id='block_1_58' title="bbox 529 4113 2106 4188">
    <p class='ocr_par' dir='ltr' id='par_1_58' title="bbox 529 4113 2106 4188">
     <span class='ocr_line' id='line_1_58' title="bbox 529 4113 2106 4188; baseline 0.01 -27"><span class='ocrx_word' id='word_1_447' title='bbox 529 4113 899 4167; x_wconf 82' lang='lat' dir='ltr'><strong>communicat</strong></span> <span class='ocrx_word' id='word_1_448' title='bbox 928 4128 1048 4168; x_wconf 88' lang='lat' dir='ltr'><strong>cum</strong></span> <span class='ocrx_word' id='word_1_449' title='bbox 1081 4116 1188 4170; x_wconf 90' lang='lat' dir='ltr'><strong>ullo</strong></span> <span class='ocrx_word' id='word_1_450' title='bbox 1212 4116 1433 4175; x_wconf 81' lang='lat' dir='ltr'><strong>homine</strong></span> <span class='ocrx_word' id='word_1_451' title='bbox 1466 4121 1781 4188; x_wconf 89' lang='lat' dir='ltr'><strong>consilium,</strong></span> <span class='ocrx_word' id='word_1_452' title='bbox 1806 4127 1901 4178; x_wconf 87' lang='lat' dir='ltr'><strong>sed</strong></span> <span class='ocrx_word' id='word_1_453' title='bbox 1923 4126 2106 4179; x_wconf 80' lang='lat' dir='ltr'><strong>statim</strong></span> 
     </span>
    </p>
   </div>
   <div class='ocr_carea' id='block_1_59' title="bbox 530 4202 2108 4283">
    <p class='ocr_par' dir='ltr' id='par_1_59' title="bbox 530 4202 2108 4283">
     <span class='ocr_line' id='line_1_59' title="bbox 530 4202 2108 4283; baseline 0.008 -29"><span class='ocrx_word' id='word_1_454' title='bbox 530 4210 765 4271; x_wconf 90' lang='lat' dir='ltr'><strong>occupat</strong></span> <span class='ocrx_word' id='word_1_455' title='bbox 816 4203 944 4259; x_wconf 90' lang='lat' dir='ltr'><strong>iter.</strong></span> <span class='ocrx_word' id='word_1_456' title='bbox 975 4202 1045 4258; x_wconf 84' lang='lat' dir='ltr'><strong>Et</strong></span> <span class='ocrx_word' id='word_1_457' title='bbox 1091 4209 1344 4275; x_wconf 81' lang='lat' dir='ltr'><strong>pervenit,</strong></span> <span class='ocrx_word' id='word_1_458' title='bbox 1377 4209 1573 4279; x_wconf 87' lang='lat' dir='ltr'><strong>inquit,</strong></span> <span class='ocrx_word' id='word_1_459' title='bbox 1621 4214 1691 4266; x_wconf 88' lang='lat' dir='ltr'><strong>ad</strong></span> <span class='ocrx_word' id='word_1_460' title='bbox 1731 4213 1928 4278; x_wconf 71' lang='lat' dir='ltr'><strong>locum,</strong></span> <span class='ocrx_word' id='word_1_461' title='bbox 1954 4229 2108 4283; x_wconf 85' lang='lat' dir='ltr'><strong>quem</strong></span> 
     </span>
    </p>
   </div>
   <div class='ocr_carea' id='block_1_60' title="bbox 529 4296 2106 4375">
    <p class='ocr_par' dir='ltr' id='par_1_60' title="bbox 529 4296 2106 4375">
     <span class='ocr_line' id='line_1_60' title="bbox 529 4296 2106 4375; baseline 0.006 -27"><span class='ocrx_word' id='word_1_462' title='bbox 529 4296 737 4350; x_wconf 73' lang='lat' dir='ltr'><strong>dixerat</strong></span> <span class='ocrx_word' id='word_1_463' title='bbox 760 4299 809 4351; x_wconf 89' lang='lat' dir='ltr'><strong>ei</strong></span> <span class='ocrx_word' id='word_1_464' title='bbox 836 4297 1093 4354; x_wconf 77' lang='lat' dir='ltr'><strong>Dominus</strong></span> <span class='ocrx_word' id='word_1_465' title='bbox 1122 4302 1207 4355; x_wconf 84' lang='lat' dir='ltr'><strong>die</strong></span> <span class='ocrx_word' id='word_1_466' title='bbox 1230 4302 1407 4357; x_wconf 80' lang='lat' dir='ltr'><strong>tertia.</strong></span> <span class='ocrx_word' id='word_1_467' title='bbox 1440 4304 1644 4359; x_wconf 83' lang='lat' dir='ltr'><strong>Omitto</strong></span> <span class='ocrx_word' id='word_1_468' title='bbox 1679 4321 1825 4361; x_wconf 88' lang='lat' dir='ltr'><strong>nunc</strong></span> <span class='ocrx_word' id='word_1_469' title='bbox 1855 4305 1981 4375; x_wconf 80' lang='lat' dir='ltr'><strong>quid</strong></span> <span class='ocrx_word' id='word_1_470' title='bbox 2014 4319 2106 4360; x_wconf 85' lang='lat' dir='ltr'><strong>sa-</strong></span> 
     </span>
    </p>
   </div>
   <div class='ocr_carea' id='block_1_61' title="bbox 524 4390 2107 4465">
    <p class='ocr_par' dir='ltr' id='par_1_61' title="bbox 524 4390 2107 4465">
     <span class='ocr_line' id='line_1_61' title="bbox 524 4390 2107 4465; baseline 0.006 -23"><span class='ocrx_word' id='word_1_471' title='bbox 524 4390 793 4443; x_wconf 88' lang='lat' dir='ltr'><strong>cramenti</strong></span> <span class='ocrx_word' id='word_1_472' title='bbox 841 4391 1119 4446; x_wconf 89' lang='lat' dir='ltr'><strong>contineat</strong></span> <span class='ocrx_word' id='word_1_473' title='bbox 1147 4394 1267 4449; x_wconf 88' lang='lat' dir='ltr'><strong>dies</strong></span> <span class='ocrx_word' id='word_1_474' title='bbox 1297 4395 1480 4461; x_wconf 89' lang='lat' dir='ltr'><strong>tertia,</strong></span> <span class='ocrx_word' id='word_1_475' title='bbox 1518 4396 1845 4465; x_wconf 84' lang='lat' dir='ltr'><strong>sapientiam</strong></span> <span class='ocrx_word' id='word_1_476' title='bbox 1890 4404 1945 4451; x_wconf 91' lang='lat' dir='ltr'><strong>et</strong></span> <span class='ocrx_word' id='word_1_477' title='bbox 1973 4411 2107 4453; x_wconf 86' lang='lat' dir='ltr'><strong>con-</strong></span> 
     </span>
    </p>
   </div>
   <div class='ocr_carea' id='block_1_62' title="bbox 2214 1922 3788 1992">
    <p class='ocr_par' dir='ltr' id='par_1_62' title="bbox 2214 1922 3788 1992">
     <span class='ocr_line' id='line_1_62' title="bbox 2214 1922 3788 1992; baseline 0.004 -20"><span class='ocrx_word' id='word_1_478' title='bbox 2214 1937 2462 1991; x_wconf 71' lang='lat' dir='ltr'><strong>pucrum.</strong></span> <span class='ocrx_word' id='word_1_479' title='bbox 2517 1922 2723 1977; x_wconf 85' lang='lat' dir='ltr'><strong>idcirco</strong></span> <span class='ocrx_word' id='word_1_480' title='bbox 2752 1924 2894 1977; x_wconf 91' lang='lat' dir='ltr'><strong>enim</strong></span> <span class='ocrx_word' id='word_1_481' title='bbox 2929 1923 3072 1991; x_wconf 83' lang='lat' dir='ltr'><strong>ligna</strong></span> <span class='ocrx_word' id='word_1_482' title='bbox 3120 1937 3329 1977; x_wconf 89' lang='lat' dir='ltr'><strong>mecum</strong></span> <span class='ocrx_word' id='word_1_483' title='bbox 3376 1933 3554 1992; x_wconf 90' lang='lat' dir='ltr'><strong>porto,</strong></span> <span class='ocrx_word' id='word_1_484' title='bbox 3588 1935 3788 1978; x_wconf 91' lang='lat' dir='ltr'><strong>etcum</strong></span> 
     </span>
    </p>
   </div>
   <div class='ocr_carea' id='block_1_63' title="bbox 2213 2012 3791 2082">
    <p class='ocr_par' dir='ltr' id='par_1_63' title="bbox 2213 2012 3791 2082">
     <span class='ocr_line' id='line_1_63' title="bbox 2213 2012 3791 2082; baseline 0.002 -17"><span class='ocrx_word' id='word_1_485' title='bbox 2213 2013 2330 2082; x_wconf 89' lang='lat' dir='ltr'><strong>ipso</strong></span> <span class='ocrx_word' id='word_1_486' title='bbox 2364 2014 2524 2068; x_wconf 88' lang='lat' dir='ltr'><strong>redeo</strong></span> <span class='ocrx_word' id='word_1_487' title='bbox 2558 2014 2623 2068; x_wconf 90' lang='lat' dir='ltr'><strong>ad</strong></span> <span class='ocrx_word' id='word_1_488' title='bbox 2663 2029 2782 2068; x_wconf 89' lang='lat' dir='ltr'><strong>vos.</strong></span> <span class='ocrx_word' id='word_1_489' title='bbox 2828 2013 3004 2069; x_wconf 88' lang='lat' dir='ltr'><strong>Credo</strong></span> <span class='ocrx_word' id='word_1_490' title='bbox 3058 2012 3200 2067; x_wconf 89' lang='lat' dir='ltr'><strong>enim</strong></span> <span class='ocrx_word' id='word_1_491' title='bbox 3242 2023 3295 2067; x_wconf 91' lang='lat' dir='ltr'><strong>et</strong></span> <span class='ocrx_word' id='word_1_492' title='bbox 3336 2014 3470 2067; x_wconf 86' lang='lat' dir='ltr'><strong>ﬁdes</strong></span> <span class='ocrx_word' id='word_1_493' title='bbox 3507 2029 3625 2068; x_wconf 88' lang='lat' dir='ltr'><strong>mea</strong></span> <span class='ocrx_word' id='word_1_494' title='bbox 3676 2014 3791 2068; x_wconf 87' lang='lat' dir='ltr'><strong>haec</strong></span> 
     </span>
    </p>
   </div>
   <div class='ocr_carea' id='block_1_64' title="bbox 2212 2104 3790 2175">
    <p class='ocr_par' dir='ltr' id='par_1_64' title="bbox 2212 2104 3790 2175">
     <span class='ocr_line' id='line_1_64' title="bbox 2212 2104 3790 2175; baseline 0.001 -16"><span class='ocrx_word' id='word_1_495' title='bbox 2212 2114 2316 2170; x_wconf 91' lang='lat' dir='ltr'><strong>est,</strong></span> <span class='ocrx_word' id='word_1_496' title='bbox 2362 2104 2504 2175; x_wconf 90' lang='lat' dir='ltr'><strong>quod</strong></span> <span class='ocrx_word' id='word_1_497' title='bbox 2558 2117 2604 2159; x_wconf 90' lang='lat' dir='ltr'><strong>et</strong></span> <span class='ocrx_word' id='word_1_498' title='bbox 2653 2123 2685 2159; x_wconf 91' lang='lat' dir='ltr'><strong>a</strong></span> <span class='ocrx_word' id='word_1_499' title='bbox 2728 2107 2950 2161; x_wconf 77' lang='lat' dir='ltr'><strong>mortuis</strong></span> <span class='ocrx_word' id='word_1_500' title='bbox 3001 2108 3260 2161; x_wconf 82' lang='lat' dir='ltr'><strong>suscitare</strong></span> <span class='ocrx_word' id='word_1_501' title='bbox 3309 2123 3425 2160; x_wconf 86' lang='lat' dir='ltr'><strong>eum</strong></span> <span class='ocrx_word' id='word_1_502' title='bbox 3475 2117 3661 2175; x_wconf 76' lang='lat' dir='ltr'><strong>potens</strong></span> <span class='ocrx_word' id='word_1_503' title='bbox 3713 2118 3790 2161; x_wconf 86' lang='lat' dir='ltr'><strong>est</strong></span> 
     </span>
    </p>
   </div>
   <div class='ocr_carea' id='block_1_65' title="bbox 2212 2195 2449 2251">
    <p class='ocr_par' dir='ltr' id='par_1_65' title="bbox 2212 2195 2449 2251">
     <span class='ocr_line' id='line_1_65' title="bbox 2212 2195 2449 2251; baseline -0.004 0"><span class='ocrx_word' id='word_1_504' title='bbox 2212 2195 2355 2251; x_wconf 86' lang='lat' dir='ltr'><strong>Deus</strong></span> <span class='ocrx_word' id='word_1_505' title='bbox 2384 2197 2449 2250; x_wconf 66' lang='lat'><strong>“.</strong></span> 
     </span>
    </p>
   </div>
   <div class='ocr_carea' id='block_1_66' title="bbox 2252 2287 3789 2361">
    <p class='ocr_par' dir='ltr' id='par_1_66' title="bbox 2252 2287 3789 2361">
     <span class='ocr_line' id='line_1_66' title="bbox 2252 2287 3789 2361; baseline 0.002 -18"><span class='ocrx_word' id='word_1_506' title='bbox 2252 2307 2259 2313; x_wconf 76' lang='lat'>&#39;</span> <span class='ocrx_word' id='word_1_507' title='bbox 2286 2289 2338 2343; x_wconf 86' lang='lat'><strong>6.</strong></span> <span class='ocrx_word' id='word_1_508' title='bbox 2379 2287 2506 2344; x_wconf 84' lang='lat' dir='ltr'><strong>Post</strong></span> <span class='ocrx_word' id='word_1_509' title='bbox 2531 2290 2644 2345; x_wconf 65' lang='lat' dir='ltr'><strong>hare</strong></span> <span class='ocrx_word' id='word_1_510' title='bbox 2689 2291 2910 2360; x_wconf 85' lang='lat' dir='ltr'><strong>accepit,</strong></span> <span class='ocrx_word' id='word_1_511' title='bbox 2938 2289 3115 2360; x_wconf 89' lang='lat' dir='ltr'><strong>inquit</strong></span> <span class='ocrx_word' id='word_1_512' title='bbox 3145 2289 3214 2355; x_wconf 62' lang='grc' dir='ltr'>δ’,</span> <span class='ocrx_word' id='word_1_513' title='bbox 3245 2289 3512 2344; x_wconf 81' lang='lat' dir='ltr'><strong>Abraham</strong></span> <span class='ocrx_word' id='word_1_514' title='bbox 3549 2291 3691 2361; x_wconf 83' lang='lat' dir='ltr'><strong>ligna</strong></span> <span class='ocrx_word' id='word_1_515' title='bbox 3720 2292 3789 2346; x_wconf 88' lang='lat' dir='ltr'><strong>ad</strong></span> 
     </span>
    </p>
   </div>
   <div class='ocr_carea' id='block_1_67' title="bbox 2214 2380 3790 2453">
    <p class='ocr_par' dir='ltr' id='par_1_67' title="bbox 2214 2380 3790 2453">
     <span class='ocr_line' id='line_1_67' title="bbox 2214 2380 3790 2453; baseline 0.001 -19"><span class='ocrx_word' id='word_1_516' title='bbox 2214 2382 2605 2447; x_wconf 87' lang='lat' dir='ltr'><strong>holocaustum,</strong></span> <span class='ocrx_word' id='word_1_517' title='bbox 2641 2392 2691 2438; x_wconf 83' lang='lat' dir='ltr'><strong>ct</strong></span> <span class='ocrx_word' id='word_1_518' title='bbox 2738 2383 3081 2453; x_wconf 79' lang='lat' dir='ltr'><strong>superposuit</strong></span> <span class='ocrx_word' id='word_1_519' title='bbox 3118 2400 3179 2438; x_wconf 87' lang='lat' dir='ltr'><strong>ea</strong></span> <span class='ocrx_word' id='word_1_520' title='bbox 3223 2380 3382 2437; x_wconf 81' lang='lat' dir='ltr'><strong>Isaac</strong></span> <span class='ocrx_word' id='word_1_521' title='bbox 3425 2384 3535 2452; x_wconf 79' lang='lat' dir='ltr'><strong>[ilio</strong></span> <span class='ocrx_word' id='word_1_522' title='bbox 3574 2400 3695 2447; x_wconf 86' lang='lat' dir='ltr'><strong>suo,</strong></span> <span class='ocrx_word' id='word_1_523' title='bbox 3741 2394 3790 2437; x_wconf 91' lang='lat' dir='ltr'><strong>et</strong></span> 
     </span>
    </p>
   </div>
   <div class='ocr_carea' id='block_1_68' title="bbox 2214 2475 3792 2546">
    <p class='ocr_par' dir='ltr' id='par_1_68' title="bbox 2214 2475 3792 2546">
     <span class='ocr_line' id='line_1_68' title="bbox 2214 2475 3792 2546; baseline 0.002 -19"><span class='ocrx_word' id='word_1_524' title='bbox 2214 2475 2415 2545; x_wconf 82' lang='lat' dir='ltr'><strong>accepit</strong></span> <span class='ocrx_word' id='word_1_525' title='bbox 2445 2475 2615 2545; x_wconf 79' lang='lat' dir='ltr'><strong>ignem</strong></span> <span class='ocrx_word' id='word_1_526' title='bbox 2637 2475 2694 2530; x_wconf 87' lang='lat' dir='ltr'><strong>in</strong></span> <span class='ocrx_word' id='word_1_527' title='bbox 2720 2475 2965 2529; x_wconf 82' lang='lat' dir='ltr'><strong>manibus</strong></span> <span class='ocrx_word' id='word_1_528' title='bbox 2987 2476 3121 2540; x_wconf 88' lang='lat' dir='ltr'><strong>suis,</strong></span> <span class='ocrx_word' id='word_1_529' title='bbox 3157 2484 3205 2528; x_wconf 90' lang='lat' dir='ltr'><strong>et</strong></span> <span class='ocrx_word' id='word_1_530' title='bbox 3245 2475 3507 2546; x_wconf 80' lang='lat' dir='ltr'><strong>gladium,</strong></span> <span class='ocrx_word' id='word_1_531' title='bbox 3551 2487 3598 2530; x_wconf 89' lang='lat' dir='ltr'><strong>et</strong></span> <span class='ocrx_word' id='word_1_532' title='bbox 3644 2477 3792 2530; x_wconf 88' lang='lat' dir='ltr'><strong>abie-</strong></span> 
     </span>
    </p>
   </div>
   <div class='ocr_carea' id='block_1_69' title="bbox 2216 2565 3787 2637">
    <p class='ocr_par' dir='ltr' id='par_1_69' title="bbox 2216 2565 3787 2637">
     <span class='ocr_line' id='line_1_69' title="bbox 2216 2565 3787 2637; baseline 0.001 -19"><span class='ocrx_word' id='word_1_533' title='bbox 2216 2577 2337 2619; x_wconf 84' lang='lat' dir='ltr'><strong>runt</strong></span> <span class='ocrx_word' id='word_1_534' title='bbox 2369 2566 2551 2620; x_wconf 82' lang='lat' dir='ltr'><strong>simul.</strong></span> <span class='ocrx_word' id='word_1_535' title='bbox 2599 2566 2755 2634; x_wconf 85' lang='lat' dir='ltr'><strong>Quod</strong></span> <span class='ocrx_word' id='word_1_536' title='bbox 2806 2567 2921 2637; x_wconf 88' lang='lat' dir='ltr'><strong>ipse</strong></span> <span class='ocrx_word' id='word_1_537' title='bbox 2973 2566 3074 2621; x_wconf 84' lang='lat' dir='ltr'><strong>sibi</strong></span> <span class='ocrx_word' id='word_1_538' title='bbox 3129 2565 3271 2635; x_wconf 80' lang='lat' dir='ltr'><strong>ligna</strong></span> <span class='ocrx_word' id='word_1_539' title='bbox 3304 2566 3370 2619; x_wconf 88' lang='lat' dir='ltr'><strong>ad</strong></span> <span class='ocrx_word' id='word_1_540' title='bbox 3411 2566 3787 2622; x_wconf 88' lang='lat' dir='ltr'><strong>holocaustum</strong></span> 
     </span>
    </p>
   </div>
   <div class='ocr_carea' id='block_1_70' title="bbox 2215 2656 3792 2728">
    <p class='ocr_par' dir='ltr' id='par_1_70' title="bbox 2215 2656 3792 2728">
     <span class='ocr_line' id='line_1_70' title="bbox 2215 2656 3792 2728; baseline 0.001 -17"><span class='ocrx_word' id='word_1_541' title='bbox 2215 2665 2400 2726; x_wconf 88' lang='lat' dir='ltr'><strong>portat</strong></span> <span class='ocrx_word' id='word_1_542' title='bbox 2427 2656 2600 2723; x_wconf 89' lang='lat' dir='ltr'><strong>lsaac,</strong></span> <span class='ocrx_word' id='word_1_543' title='bbox 2640 2657 2728 2711; x_wconf 89' lang='lat' dir='ltr'><strong>illa</strong></span> <span class='ocrx_word' id='word_1_544' title='bbox 2774 2658 2944 2728; x_wconf 75' lang='lat' dir='ltr'><strong>ﬁgura</strong></span> <span class='ocrx_word' id='word_1_545' title='bbox 2975 2667 3078 2722; x_wconf 90' lang='lat' dir='ltr'><strong>est,</strong></span> <span class='ocrx_word' id='word_1_546' title='bbox 3118 2656 3262 2726; x_wconf 89' lang='lat' dir='ltr'><strong>quod</strong></span> <span class='ocrx_word' id='word_1_547' title='bbox 3294 2666 3348 2711; x_wconf 87' lang='lat' dir='ltr'><strong>et</strong></span> <span class='ocrx_word' id='word_1_548' title='bbox 3375 2657 3625 2713; x_wconf 87' lang='lat' dir='ltr'><strong>Christus</strong></span> <span class='ocrx_word' id='word_1_549' title='bbox 3674 2658 3792 2726; x_wconf 88' lang='lat' dir='ltr'><strong>ipse</strong></span> 
     </span>
    </p>
   </div>
   <div class='ocr_carea' id='block_1_71' title="bbox 2213 2748 3788 2819">
    <p class='ocr_par' dir='ltr' id='par_1_71' title="bbox 2213 2748 3788 2819">
     <span class='ocr_line' id='line_1_71' title="bbox 2213 2748 3788 2819; baseline -0.001 -16"><span class='ocrx_word' id='word_1_550' title='bbox 2213 2748 2317 2804; x_wconf 84' lang='lat' dir='ltr'><strong>sibi</strong></span> <span class='ocrx_word' id='word_1_551' title='bbox 2364 2748 2628 2818; x_wconf 86' lang='lat' dir='ltr'><strong>bajulavit</strong></span> <span class='ocrx_word' id='word_1_552' title='bbox 2673 2764 2918 2814; x_wconf 85' lang='lat' dir='ltr'><strong>crucem,</strong></span> <span class='ocrx_word' id='word_1_553' title='bbox 2959 2756 3015 2803; x_wconf 88' lang='lat' dir='ltr'><strong>et</strong></span> <span class='ocrx_word' id='word_1_554' title='bbox 3053 2758 3228 2803; x_wconf 88' lang='lat' dir='ltr'><strong>tamen</strong></span> <span class='ocrx_word' id='word_1_555' title='bbox 3281 2758 3504 2817; x_wconf 85' lang='lat' dir='ltr'><strong>portare</strong></span> <span class='ocrx_word' id='word_1_556' title='bbox 3550 2749 3692 2819; x_wconf 82' lang='lat' dir='ltr'><strong>ligna</strong></span> <span class='ocrx_word' id='word_1_557' title='bbox 3720 2751 3788 2802; x_wconf 90' lang='lat' dir='ltr'><strong>ad</strong></span> 
     </span>
    </p>
   </div>
   <div class='ocr_carea' id='block_1_72' title="bbox 2214 2839 3791 2910">
    <p class='ocr_par' dir='ltr' id='par_1_72' title="bbox 2214 2839 3791 2910">
     <span class='ocr_line' id='line_1_72' title="bbox 2214 2839 3791 2910; baseline -0.001 -15"><span class='ocrx_word' id='word_1_558' title='bbox 2214 2840 2593 2896; x_wconf 82' lang='lat' dir='ltr'><strong>holocaustum</strong></span> <span class='ocrx_word' id='word_1_559' title='bbox 2626 2840 2932 2895; x_wconf 86' lang='lat' dir='ltr'><strong>sacerdotis</strong></span> <span class='ocrx_word' id='word_1_560' title='bbox 2960 2839 3194 2896; x_wconf 76' lang='lat' dir='ltr'><strong>cilicium</strong></span> <span class='ocrx_word' id='word_1_561' title='bbox 3232 2849 3337 2896; x_wconf 87' lang='lat' dir='ltr'><strong>est.</strong></span> <span class='ocrx_word' id='word_1_562' title='bbox 3390 2839 3477 2894; x_wconf 85' lang='lat' dir='ltr'><strong>Fit</strong></span> <span class='ocrx_word' id='word_1_563' title='bbox 3514 2855 3644 2908; x_wconf 84' lang='lat' dir='ltr'><strong>ergo</strong></span> <span class='ocrx_word' id='word_1_564' title='bbox 3676 2840 3791 2910; x_wconf 89' lang='lat' dir='ltr'><strong>ipse</strong></span> 
     </span>
    </p>
   </div>
   <div class='ocr_carea' id='block_1_73' title="bbox 2214 2932 3790 3002">
    <p class='ocr_par' dir='ltr' id='par_1_73' title="bbox 2214 2932 3790 3002">
     <span class='ocr_line' id='line_1_73' title="bbox 2214 2932 3790 3002; baseline -0.004 -14"><span class='ocrx_word' id='word_1_565' title='bbox 2214 2932 2415 2996; x_wconf 89' lang='lat' dir='ltr'><strong>hostia,</strong></span> <span class='ocrx_word' id='word_1_566' title='bbox 2448 2941 2503 2988; x_wconf 89' lang='lat' dir='ltr'><strong>et</strong></span> <span class='ocrx_word' id='word_1_567' title='bbox 2528 2932 2809 2988; x_wconf 87' lang='lat' dir='ltr'><strong>sacerdos.</strong></span> <span class='ocrx_word' id='word_1_568' title='bbox 2841 2933 2946 2987; x_wconf 88' lang='lat' dir='ltr'><strong>Sed</strong></span> <span class='ocrx_word' id='word_1_569' title='bbox 2967 2941 3026 2987; x_wconf 88' lang='lat' dir='ltr'><strong>et</strong></span> <span class='ocrx_word' id='word_1_570' title='bbox 3054 2932 3197 3002; x_wconf 91' lang='lat' dir='ltr'><strong>quod</strong></span> <span class='ocrx_word' id='word_1_571' title='bbox 3214 2932 3457 2999; x_wconf 85' lang='lat' dir='ltr'><strong>additur,</strong></span> <span class='ocrx_word' id='word_1_572' title='bbox 3473 2942 3520 2985; x_wconf 84' lang='lat' dir='ltr'><strong>et</strong></span> <span class='ocrx_word' id='word_1_573' title='bbox 3549 2932 3790 2987; x_wconf 84' lang='lat' dir='ltr'><strong>abierunt</strong></span> 
     </span>
    </p>
   </div>
   <div class='ocr_carea' id='block_1_74' title="bbox 2213 3023 3790 3087">
    <p class='ocr_par' dir='ltr' id='par_1_74' title="bbox 2213 3023 3790 3087">
     <span class='ocr_line' id='line_1_74' title="bbox 2213 3023 3790 3087; baseline -0.003 -8"><span class='ocrx_word' id='word_1_574' title='bbox 2213 3024 2368 3080; x_wconf 80' lang='lat' dir='ltr'><strong>antbo</strong></span> <span class='ocrx_word' id='word_1_575' title='bbox 2394 3023 2574 3087; x_wconf 75' lang='lat' dir='ltr'><strong>simul,</strong></span> <span class='ocrx_word' id='word_1_576' title='bbox 2618 3023 2683 3077; x_wconf 88' lang='lat' dir='ltr'><strong>ad</strong></span> <span class='ocrx_word' id='word_1_577' title='bbox 2716 3024 2821 3079; x_wconf 88' lang='lat' dir='ltr'><strong>hoc</strong></span> <span class='ocrx_word' id='word_1_578' title='bbox 2868 3023 3125 3079; x_wconf 74' lang='lat' dir='ltr'><strong>refertur.</strong></span> <span class='ocrx_word' id='word_1_579' title='bbox 3156 3023 3292 3077; x_wconf 85' lang='lat' dir='ltr'><strong>Cum</strong></span> <span class='ocrx_word' id='word_1_580' title='bbox 3333 3023 3476 3076; x_wconf 83' lang='lat' dir='ltr'><strong>enim</strong></span> <span class='ocrx_word' id='word_1_581' title='bbox 3513 3023 3790 3077; x_wconf 88' lang='lat' dir='ltr'><strong>Abraham</strong></span> 
     </span>
    </p>
   </div>
   <div class='ocr_carea' id='block_1_75' title="bbox 2214 3112 3793 3183">
    <p class='ocr_par' dir='ltr' id='par_1_75' title="bbox 2214 3112 3793 3183">
     <span class='ocr_line' id='line_1_75' title="bbox 2214 3112 3793 3183; baseline -0.001 -15"><span class='ocrx_word' id='word_1_582' title='bbox 2214 3114 2361 3168; x_wconf 88' lang='lat' dir='ltr'><strong>velut</strong></span> <span class='ocrx_word' id='word_1_583' title='bbox 2379 3112 2784 3168; x_wconf 87' lang='lat' dir='ltr'><strong>sacriﬁcaturus</strong></span> <span class='ocrx_word' id='word_1_584' title='bbox 2809 3114 2988 3183; x_wconf 78' lang='lat' dir='ltr'><strong>ignem</strong></span> <span class='ocrx_word' id='word_1_585' title='bbox 3007 3121 3250 3181; x_wconf 88' lang='lat' dir='ltr'><strong>portaret</strong></span> <span class='ocrx_word' id='word_1_586' title='bbox 3278 3122 3332 3167; x_wconf 91' lang='lat' dir='ltr'><strong>et</strong></span> <span class='ocrx_word' id='word_1_587' title='bbox 3356 3112 3615 3178; x_wconf 89' lang='lat' dir='ltr'><strong>cultrum,</strong></span> <span class='ocrx_word' id='word_1_588' title='bbox 3646 3112 3793 3167; x_wconf 91' lang='lat' dir='ltr'><strong>Isaac</strong></span> 
     </span>
    </p>
   </div>
   <div class='ocr_carea' id='block_1_76' title="bbox 2218 3203 3792 3274">
    <p class='ocr_par' dir='ltr' id='par_1_76' title="bbox 2218 3203 3792 3274">
     <span class='ocr_line' id='line_1_76' title="bbox 2218 3203 3792 3274; baseline -0.002 -14"><span class='ocrx_word' id='word_1_589' title='bbox 2218 3220 2328 3261; x_wconf 91' lang='lat' dir='ltr'><strong>non</strong></span> <span class='ocrx_word' id='word_1_590' title='bbox 2365 3204 2513 3260; x_wconf 88' lang='lat' dir='ltr'><strong>vadit</strong></span> <span class='ocrx_word' id='word_1_591' title='bbox 2534 3214 2659 3274; x_wconf 88' lang='lat' dir='ltr'><strong>post</strong></span> <span class='ocrx_word' id='word_1_592' title='bbox 2694 3204 2893 3273; x_wconf 87' lang='lat' dir='ltr'><strong>ipsum,</strong></span> <span class='ocrx_word' id='word_1_593' title='bbox 2942 3206 3036 3259; x_wconf 90' lang='lat' dir='ltr'><strong>sed</strong></span> <span class='ocrx_word' id='word_1_594' title='bbox 3072 3219 3195 3258; x_wconf 90' lang='lat' dir='ltr'><strong>cum</strong></span> <span class='ocrx_word' id='word_1_595' title='bbox 3220 3203 3361 3273; x_wconf 86' lang='lat' dir='ltr'><strong>ipso,</strong></span> <span class='ocrx_word' id='word_1_596' title='bbox 3392 3205 3792 3258; x_wconf 87' lang='lat' dir='ltr'><strong>utostendatur</strong></span> 
     </span>
    </p>
   </div>
   <div class='ocr_carea' id='block_1_77' title="bbox 2216 3292 3792 3366">
    <p class='ocr_par' dir='ltr' id='par_1_77' title="bbox 2216 3292 3792 3366">
     <span class='ocr_line' id='line_1_77' title="bbox 2216 3292 3792 3366; baseline -0.003 -16"><span class='ocrx_word' id='word_1_597' title='bbox 2216 3310 2337 3350; x_wconf 89' lang='lat' dir='ltr'><strong>cum</strong></span> <span class='ocrx_word' id='word_1_598' title='bbox 2367 3294 2486 3366; x_wconf 89' lang='lat' dir='ltr'><strong>ipso</strong></span> <span class='ocrx_word' id='word_1_599' title='bbox 2510 3295 2719 3364; x_wconf 88' lang='lat' dir='ltr'><strong>pariter</strong></span> <span class='ocrx_word' id='word_1_600' title='bbox 2748 3294 2897 3365; x_wconf 79' lang='lat' dir='ltr'><strong>fungi</strong></span> <span class='ocrx_word' id='word_1_601' title='bbox 2929 3293 3261 3349; x_wconf 90' lang='lat' dir='ltr'><strong>sacerdotio.</strong></span> <span class='ocrx_word' id='word_1_602' title='bbox 3294 3292 3433 3358; x_wconf 88' lang='lat' dir='ltr'><strong>Quid</strong></span> <span class='ocrx_word' id='word_1_603' title='bbox 3483 3300 3605 3361; x_wconf 85' lang='lat' dir='ltr'><strong>post</strong></span> <span class='ocrx_word' id='word_1_604' title='bbox 3635 3292 3792 3347; x_wconf 85' lang='lat' dir='ltr'><strong>haec?</strong></span> 
     </span>
    </p>
   </div>
   <div class='ocr_carea' id='block_1_78' title="bbox 2216 3383 3789 3455">
    <p class='ocr_par' dir='ltr' id='par_1_78' title="bbox 2216 3383 3789 3455">
     <span class='ocr_line' id='line_1_78' title="bbox 2216 3383 3789 3455; baseline -0.002 -16"><span class='ocrx_word' id='word_1_605' title='bbox 2216 3384 2383 3453; x_wconf 75' lang='lat' dir='ltr'><strong>Dixit,</strong></span> <span class='ocrx_word' id='word_1_606' title='bbox 2436 3385 2614 3455; x_wconf 88' lang='lat' dir='ltr'><strong>inquit</strong></span> <span class='ocrx_word' id='word_1_607' title='bbox 2644 3386 2713 3451; x_wconf 74' lang='grc' dir='ltr'><strong>⁵ο,</strong></span> <span class='ocrx_word' id='word_1_608' title='bbox 2750 3384 2910 3439; x_wconf 88' lang='lat' dir='ltr'><strong>Isaac</strong></span> <span class='ocrx_word' id='word_1_609' title='bbox 2957 3384 3027 3437; x_wconf 87' lang='lat' dir='ltr'><strong>ad</strong></span> <span class='ocrx_word' id='word_1_610' title='bbox 3056 3383 3323 3436; x_wconf 83' lang='lat' dir='ltr'><strong>Abraham</strong></span> <span class='ocrx_word' id='word_1_611' title='bbox 3358 3393 3561 3450; x_wconf 85' lang='lat' dir='ltr'><strong>patrem</strong></span> <span class='ocrx_word' id='word_1_612' title='bbox 3592 3398 3746 3436; x_wconf 83' lang='lat' dir='ltr'><strong>suum</strong></span> <span class='ocrx_word' id='word_1_613' title='bbox 3770 3397 3789 3436; x_wconf 93' lang='lat'><strong><em>:</em></strong></span> 
     </span>
    </p>
   </div>
   <div class='ocr_carea' id='block_1_79' title="bbox 2215 3473 3790 3546">
    <p class='ocr_par' dir='ltr' id='par_1_79' title="bbox 2215 3473 3790 3546">
     <span class='ocr_line' id='line_1_79' title="bbox 2215 3473 3790 3546; baseline -0.002 -16"><span class='ocrx_word' id='word_1_614' title='bbox 2215 3475 2397 3532; x_wconf 83' lang='lat' dir='ltr'><strong>Pater.</strong></span> <span class='ocrx_word' id='word_1_615' title='bbox 2424 3476 2490 3531; x_wconf 88' lang='lat' dir='ltr'><strong>Et</strong></span> <span class='ocrx_word' id='word_1_616' title='bbox 2510 3477 2624 3532; x_wconf 61' lang='lat' dir='ltr'><strong>haec</strong></span> <span class='ocrx_word' id='word_1_617' title='bbox 2654 3490 2753 3546; x_wconf 85' lang='lat' dir='ltr'><strong>pro</strong></span> <span class='ocrx_word' id='word_1_618' title='bbox 2784 3485 3025 3544; x_wconf 91' lang='lat' dir='ltr'><strong>tempore</strong></span> <span class='ocrx_word' id='word_1_619' title='bbox 3053 3488 3082 3527; x_wconf 88' lang='lat' dir='ltr'><strong>a</strong></span> <span class='ocrx_word' id='word_1_620' title='bbox 3111 3473 3223 3528; x_wconf 87' lang='lat' dir='ltr'><strong>ﬁlio</strong></span> <span class='ocrx_word' id='word_1_621' title='bbox 3241 3473 3447 3543; x_wconf 85' lang='lat' dir='ltr'><strong>prolata</strong></span> <span class='ocrx_word' id='word_1_622' title='bbox 3474 3473 3790 3528; x_wconf 89' lang='lat' dir='ltr'><strong>tentationis</strong></span> 
     </span>
    </p>
   </div>
   <div class='ocr_carea' id='block_1_80' title="bbox 2214 3564 3792 3636">
    <p class='ocr_par' dir='ltr' id='par_1_80' title="bbox 2214 3564 3792 3636">
     <span class='ocr_line' id='line_1_80' title="bbox 2214 3564 3792 3636; baseline -0.004 -13"><span class='ocrx_word' id='word_1_623' title='bbox 2214 3577 2297 3623; x_wconf 90' lang='lat' dir='ltr'><strong>est</strong></span> <span class='ocrx_word' id='word_1_624' title='bbox 2328 3583 2448 3623; x_wconf 87' lang='lat' dir='ltr'><strong>vox.</strong></span> <span class='ocrx_word' id='word_1_625' title='bbox 2474 3568 2756 3635; x_wconf 87' lang='lat' dir='ltr'><strong>Quomodo</strong></span> <span class='ocrx_word' id='word_1_626' title='bbox 2786 3568 2931 3621; x_wconf 89' lang='lat' dir='ltr'><strong>enim</strong></span> <span class='ocrx_word' id='word_1_627' title='bbox 2968 3576 3125 3636; x_wconf 90' lang='lat' dir='ltr'><strong>putas</strong></span> <span class='ocrx_word' id='word_1_628' title='bbox 3146 3564 3511 3620; x_wconf 83' lang='lat' dir='ltr'><strong>immolandas</strong></span> <span class='ocrx_word' id='word_1_629' title='bbox 3535 3564 3677 3619; x_wconf 89' lang='lat' dir='ltr'><strong>ﬁlius</strong></span> <span class='ocrx_word' id='word_1_630' title='bbox 3696 3578 3792 3633; x_wconf 84' lang='lat' dir='ltr'><strong>per</strong></span> 
     </span>
    </p>
   </div>
   <div class='ocr_carea' id='block_1_81' title="bbox 2213 3656 3790 3729">
    <p class='ocr_par' dir='ltr' id='par_1_81' title="bbox 2213 3656 3790 3729">
     <span class='ocr_line' id='line_1_81' title="bbox 2213 3656 3790 3729; baseline -0.004 -13"><span class='ocrx_word' id='word_1_631' title='bbox 2213 3660 2356 3716; x_wconf 89' lang='lat' dir='ltr'><strong>hanc</strong></span> <span class='ocrx_word' id='word_1_632' title='bbox 2379 3675 2564 3717; x_wconf 87' lang='lat' dir='ltr'><strong>vocem</strong></span> <span class='ocrx_word' id='word_1_633' title='bbox 2593 3660 2803 3716; x_wconf 81' lang='lat' dir='ltr'><strong>viscera</strong></span> <span class='ocrx_word' id='word_1_634' title='bbox 2837 3667 3063 3729; x_wconf 88' lang='lat' dir='ltr'><strong>paterna</strong></span> <span class='ocrx_word' id='word_1_635' title='bbox 3090 3656 3413 3714; x_wconf 83' lang='lat' dir='ltr'><strong>concussit?</strong></span> <span class='ocrx_word' id='word_1_636' title='bbox 3443 3657 3511 3713; x_wconf 78' lang='lat' dir='ltr'><strong>Et</strong></span> <span class='ocrx_word' id='word_1_637' title='bbox 3539 3657 3790 3727; x_wconf 88' lang='lat' dir='ltr'><strong>quamvis</strong></span> 
     </span>
    </p>
   </div>
   <div class='ocr_carea' id='block_1_82' title="bbox 2212 3749 3789 3825">
    <p class='ocr_par' dir='ltr' id='par_1_82' title="bbox 2212 3749 3789 3825">
     <span class='ocr_line' id='line_1_82' title="bbox 2212 3749 3789 3825; baseline -0.006 -14"><span class='ocrx_word' id='word_1_638' title='bbox 2212 3755 2489 3811; x_wconf 76' lang='lat' dir='ltr'><strong>Abraham</strong></span> <span class='ocrx_word' id='word_1_639' title='bbox 2513 3754 2735 3825; x_wconf 78' lang='lat' dir='ltr'><strong>rigidior</strong></span> <span class='ocrx_word' id='word_1_640' title='bbox 2757 3762 2903 3809; x_wconf 87' lang='lat' dir='ltr'><strong>esset</strong></span> <span class='ocrx_word' id='word_1_641' title='bbox 2926 3767 3026 3823; x_wconf 90' lang='lat' dir='ltr'><strong>pro</strong></span> <span class='ocrx_word' id='word_1_642' title='bbox 3051 3751 3174 3815; x_wconf 87' lang='lat' dir='ltr'><strong>ﬁde,</strong></span> <span class='ocrx_word' id='word_1_643' title='bbox 3209 3751 3386 3805; x_wconf 88' lang='lat' dir='ltr'><strong>reddit</strong></span> <span class='ocrx_word' id='word_1_644' title='bbox 3414 3760 3592 3804; x_wconf 90' lang='lat' dir='ltr'><strong>tamen</strong></span> <span class='ocrx_word' id='word_1_645' title='bbox 3622 3749 3789 3806; x_wconf 87' lang='lat' dir='ltr'><strong>etiam</strong></span> 
     </span>
    </p>
   </div>
   <div class='ocr_carea' id='block_1_83' title="bbox 2212 3840 3792 3918">
    <p class='ocr_par' dir='ltr' id='par_1_83' title="bbox 2212 3840 3792 3918">
     <span class='ocr_line' id='line_1_83' title="bbox 2212 3840 3792 3918; baseline -0.004 -18"><span class='ocrx_word' id='word_1_646' title='bbox 2212 3847 2329 3918; x_wconf 89' lang='lat' dir='ltr'><strong>ipse</strong></span> <span class='ocrx_word' id='word_1_647' title='bbox 2351 3846 2659 3903; x_wconf 73' lang='lat' dir='ltr'><strong>affectionis</strong></span> <span class='ocrx_word' id='word_1_648' title='bbox 2690 3859 2908 3911; x_wconf 90' lang='lat' dir='ltr'><strong>vocem,</strong></span> <span class='ocrx_word' id='word_1_649' title='bbox 2940 3853 2998 3901; x_wconf 89' lang='lat' dir='ltr'><strong>et</strong></span> <span class='ocrx_word' id='word_1_650' title='bbox 3028 3843 3346 3914; x_wconf 83' lang='lat' dir='ltr'><strong>respondit:</strong></span> <span class='ocrx_word' id='word_1_651' title='bbox 3376 3840 3517 3906; x_wconf 84' lang='lat' dir='ltr'><strong>Quid</strong></span> <span class='ocrx_word' id='word_1_652' title='bbox 3543 3850 3641 3906; x_wconf 86' lang='lat' dir='ltr'><strong>est,</strong></span> <span class='ocrx_word' id='word_1_653' title='bbox 3669 3842 3746 3908; x_wconf 82' lang='lat' dir='ltr'><strong>ﬁli</strong></span> <span class='ocrx_word' id='word_1_654' title='bbox 3766 3841 3792 3893; x_wconf 75' lang='lat'><strong>.9</strong></span> 
     </span>
    </p>
   </div>
   <div class='ocr_carea' id='block_1_84' title="bbox 2211 3935 3790 4009">
    <p class='ocr_par' dir='ltr' id='par_1_84' title="bbox 2211 3935 3790 4009">
     <span class='ocr_line' id='line_1_84' title="bbox 2211 3935 3790 4009; baseline -0.004 -15"><span class='ocrx_word' id='word_1_655' title='bbox 2211 3940 2278 3994; x_wconf 82' lang='lat' dir='ltr'><strong>At</strong></span> <span class='ocrx_word' id='word_1_656' title='bbox 2306 3939 2395 3995; x_wconf 88' lang='lat' dir='ltr'><strong>ille</strong></span> <span class='ocrx_word' id='word_1_657' title='bbox 2424 3954 2441 3993; x_wconf 89' lang='lat'><strong><em>:</em></strong></span> <span class='ocrx_word' id='word_1_658' title='bbox 2472 3943 2631 4007; x_wconf 85' lang='lat' dir='ltr'><strong>Ecce,</strong></span> <span class='ocrx_word' id='word_1_659' title='bbox 2686 3939 2868 4009; x_wconf 87' lang='lat' dir='ltr'><strong>inquit</strong></span> <span class='ocrx_word' id='word_1_660' title='bbox 2891 3939 2962 4005; x_wconf 86' lang='grc'><strong>⁸¹,</strong></span> <span class='ocrx_word' id='word_1_661' title='bbox 3003 3939 3139 4008; x_wconf 87' lang='lat' dir='ltr'><strong>ignis</strong></span> <span class='ocrx_word' id='word_1_662' title='bbox 3162 3949 3209 3993; x_wconf 91' lang='lat' dir='ltr'><strong>et</strong></span> <span class='ocrx_word' id='word_1_663' title='bbox 3235 3938 3402 4008; x_wconf 76' lang='lat' dir='ltr'><strong>ligna,</strong></span> <span class='ocrx_word' id='word_1_664' title='bbox 3434 3936 3522 3990; x_wconf 87' lang='lat' dir='ltr'><strong>ubi</strong></span> <span class='ocrx_word' id='word_1_665' title='bbox 3554 3935 3663 3992; x_wconf 83' lang='lat' dir='ltr'><strong>ouis</strong></span> <span class='ocrx_word' id='word_1_666' title='bbox 3713 3944 3790 3989; x_wconf 87' lang='lat' dir='ltr'><strong>est</strong></span> 
     </span>
    </p>
   </div>
   <div class='ocr_carea' id='block_1_85' title="bbox 2208 4026 3788 4098">
    <p class='ocr_par' dir='ltr' id='par_1_85' title="bbox 2208 4026 3788 4098">
     <span class='ocr_line' id='line_1_85' title="bbox 2208 4026 3788 4098; baseline -0.004 -11"><span class='ocrx_word' id='word_1_667' title='bbox 2208 4034 2279 4087; x_wconf 84' lang='lat' dir='ltr'><strong>ad</strong></span> <span class='ocrx_word' id='word_1_668' title='bbox 2315 4032 2724 4088; x_wconf 80' lang='lat' dir='ltr'><strong>holocaustum?</strong></span> <span class='ocrx_word' id='word_1_669' title='bbox 2761 4031 2844 4087; x_wconf 82' lang='lat' dir='ltr'><strong>Ad</strong></span> <span class='ocrx_word' id='word_1_670' title='bbox 2868 4031 2981 4085; x_wconf 66' lang='lat' dir='ltr'><strong>haec</strong></span> <span class='ocrx_word' id='word_1_671' title='bbox 3004 4030 3272 4098; x_wconf 82' lang='lat' dir='ltr'><strong>respondit</strong></span> <span class='ocrx_word' id='word_1_672' title='bbox 3297 4030 3565 4083; x_wconf 76' lang='lat' dir='ltr'><strong>Abraham</strong></span> <span class='ocrx_word' id='word_1_673' title='bbox 3590 4043 3611 4082; x_wconf 86' lang='lat'><strong><em>:</em></strong></span> <span class='ocrx_word' id='word_1_674' title='bbox 3651 4026 3788 4081; x_wconf 82' lang='lat' dir='ltr'><strong>Deus</strong></span> 
     </span>
    </p>
   </div>
   <div class='ocr_carea' id='block_1_86' title="bbox 2209 4121 3789 4195">
    <p class='ocr_par' dir='ltr' id='par_1_86' title="bbox 2209 4121 3789 4195">
     <span class='ocr_line' id='line_1_86' title="bbox 2209 4121 3789 4195; baseline -0.004 -16"><span class='ocrx_word' id='word_1_675' title='bbox 2209 4126 2498 4195; x_wconf 70' lang='lat' dir='ltr'><strong>procidebit</strong></span> <span class='ocrx_word' id='word_1_676' title='bbox 2528 4126 2632 4180; x_wconf 80' lang='lat' dir='ltr'><strong>sibi</strong></span> <span class='ocrx_word' id='word_1_677' title='bbox 2660 4141 2803 4180; x_wconf 86' lang='lat' dir='ltr'><strong>orem</strong></span> <span class='ocrx_word' id='word_1_678' title='bbox 2834 4125 2903 4178; x_wconf 86' lang='lat' dir='ltr'><strong>ad</strong></span> <span class='ocrx_word' id='word_1_679' title='bbox 2933 4122 3322 4189; x_wconf 77' lang='lat' dir='ltr'><strong>holocaustum,</strong></span> <span class='ocrx_word' id='word_1_680' title='bbox 3355 4122 3457 4192; x_wconf 76' lang='lat' dir='ltr'><strong>ﬁli.</strong></span> <span class='ocrx_word' id='word_1_681' title='bbox 3494 4121 3673 4177; x_wconf 76' lang='lat' dir='ltr'><strong>Movet</strong></span> <span class='ocrx_word' id='word_1_682' title='bbox 3704 4132 3789 4173; x_wconf 89' lang='lat' dir='ltr'><strong>me</strong></span> 
     </span>
    </p>
   </div>
   <div class='ocr_carea' id='block_1_87' title="bbox 2211 4210 3789 4287">
    <p class='ocr_par' dir='ltr' id='par_1_87' title="bbox 2211 4210 3789 4287">
     <span class='ocr_line' id='line_1_87' title="bbox 2211 4210 3789 4287; baseline -0.004 -15"><span class='ocrx_word' id='word_1_683' title='bbox 2211 4216 2448 4272; x_wconf 67' lang='lat' dir='ltr'><strong>Abrahae</strong></span> <span class='ocrx_word' id='word_1_684' title='bbox 2500 4217 2638 4272; x_wconf 87' lang='lat' dir='ltr'><strong>satis</strong></span> <span class='ocrx_word' id='word_1_685' title='bbox 2673 4216 2903 4287; x_wconf 75' lang='lat' dir='ltr'><strong>diligens</strong></span> <span class='ocrx_word' id='word_1_686' title='bbox 2926 4225 2988 4272; x_wconf 85' lang='lat' dir='ltr'><strong>et</strong></span> <span class='ocrx_word' id='word_1_687' title='bbox 3014 4222 3172 4270; x_wconf 88' lang='lat' dir='ltr'><strong>cauta</strong></span> <span class='ocrx_word' id='word_1_688' title='bbox 3228 4213 3534 4283; x_wconf 89' lang='lat' dir='ltr'><strong>responsio.</strong></span> <span class='ocrx_word' id='word_1_689' title='bbox 3589 4210 3789 4267; x_wconf 81' lang='lat' dir='ltr'><strong>Nescio</strong></span> 
     </span>
    </p>
   </div>
   <div class='ocr_carea' id='block_1_88' title="bbox 2210 4302 3789 4378">
    <p class='ocr_par' dir='ltr' id='par_1_88' title="bbox 2210 4302 3789 4378">
     <span class='ocr_line' id='line_1_88' title="bbox 2210 4302 3789 4378; baseline -0.001 -19"><span class='ocrx_word' id='word_1_690' title='bbox 2210 4307 2338 4378; x_wconf 86' lang='lat' dir='ltr'><strong>quid</strong></span> <span class='ocrx_word' id='word_1_691' title='bbox 2368 4307 2585 4362; x_wconf 86' lang='lat' dir='ltr'><strong>videbat</strong></span> <span class='ocrx_word' id='word_1_692' title='bbox 2619 4307 2671 4361; x_wconf 90' lang='lat' dir='ltr'><strong>in</strong></span> <span class='ocrx_word' id='word_1_693' title='bbox 2711 4305 2931 4375; x_wconf 88' lang='lat' dir='ltr'><strong>spiritu,</strong></span> <span class='ocrx_word' id='word_1_694' title='bbox 2960 4304 3091 4375; x_wconf 86' lang='lat' dir='ltr'><strong>quia</strong></span> <span class='ocrx_word' id='word_1_695' title='bbox 3115 4318 3223 4359; x_wconf 88' lang='lat' dir='ltr'><strong>non</strong></span> <span class='ocrx_word' id='word_1_696' title='bbox 3257 4304 3322 4358; x_wconf 90' lang='lat' dir='ltr'><strong>de</strong></span> <span class='ocrx_word' id='word_1_697' title='bbox 3364 4302 3641 4373; x_wconf 73' lang='lat' dir='ltr'><strong>praesenti,</strong></span> <span class='ocrx_word' id='word_1_698' title='bbox 3693 4302 3789 4357; x_wconf 87' lang='lat' dir='ltr'><strong>sed</strong></span> 
     </span>
    </p>
   </div>
   <div class='ocr_carea' id='block_1_89' title="bbox 2209 4391 3790 4463">
    <p class='ocr_par' dir='ltr' id='par_1_89' title="bbox 2209 4391 3790 4463">
     <span class='ocr_line' id='line_1_89' title="bbox 2209 4391 3790 4463; baseline -0.005 -9"><span class='ocrx_word' id='word_1_699' title='bbox 2209 4399 2277 4454; x_wconf 90' lang='lat' dir='ltr'><strong>de</strong></span> <span class='ocrx_word' id='word_1_700' title='bbox 2300 4398 2483 4452; x_wconf 83' lang='lat' dir='ltr'><strong>futuro</strong></span> <span class='ocrx_word' id='word_1_701' title='bbox 2516 4396 2688 4451; x_wconf 89' lang='lat' dir='ltr'><strong>dicit:</strong></span> <span class='ocrx_word' id='word_1_702' title='bbox 2720 4395 2861 4449; x_wconf 87' lang='lat' dir='ltr'><strong>Deus</strong></span> <span class='ocrx_word' id='word_1_703' title='bbox 2887 4394 3172 4463; x_wconf 77' lang='lat' dir='ltr'><strong>providebit</strong></span> <span class='ocrx_word' id='word_1_704' title='bbox 3199 4393 3310 4460; x_wconf 83' lang='lat' dir='ltr'><strong>ipse</strong></span> <span class='ocrx_word' id='word_1_705' title='bbox 3350 4393 3452 4447; x_wconf 85' lang='lat' dir='ltr'><strong>sibi</strong></span> <span class='ocrx_word' id='word_1_706' title='bbox 3483 4407 3668 4457; x_wconf 84' lang='lat' dir='ltr'><strong>ovem;</strong></span> <span class='ocrx_word' id='word_1_707' title='bbox 3704 4391 3790 4447; x_wconf 76' lang='lat' dir='ltr'><strong>fu-</strong></span> 
     </span>
    </p>
   </div>
   <div class='ocr_carea' id='block_1_90' title="bbox 528 4478 3790 4559">
    <p class='ocr_par' dir='ltr' id='par_1_90' title="bbox 528 4478 3790 4559">
     <span class='ocr_line' id='line_1_90' title="bbox 528 4478 3790 4559; baseline 0.003 -27"><span class='ocrx_word' id='word_1_708' title='bbox 528 4478 709 4534; x_wconf 87' lang='lat' dir='ltr'><strong>silium</strong></span> <span class='ocrx_word' id='word_1_709' title='bbox 740 4481 1002 4537; x_wconf 86' lang='lat' dir='ltr'><strong>tentantis</strong></span> <span class='ocrx_word' id='word_1_710' title='bbox 1034 4482 1271 4538; x_wconf 85' lang='lat' dir='ltr'><strong>intueor.</strong></span> <span class='ocrx_word' id='word_1_711' title='bbox 1304 4484 1396 4540; x_wconf 86' lang='lat' dir='ltr'><strong>Sic</strong></span> <span class='ocrx_word' id='word_1_712' title='bbox 1425 4486 1478 4540; x_wconf 91' lang='lat' dir='ltr'><strong>in</strong></span> <span class='ocrx_word' id='word_1_713' title='bbox 1528 4487 1785 4556; x_wconf 80' lang='lat' dir='ltr'><strong>proximo</strong></span> <span class='ocrx_word' id='word_1_714' title='bbox 1826 4504 1934 4544; x_wconf 87' lang='lat' dir='ltr'><strong>non</strong></span> <span class='ocrx_word' id='word_1_715' title='bbox 1984 4500 2107 4546; x_wconf 90' lang='lat' dir='ltr'><strong>erat</strong></span> <span class='ocrx_word' id='word_1_716' title='bbox 2135 4482 2181 4540; x_wconf 87' lang='lat' dir='ltr'><strong>D</strong></span> <span class='ocrx_word' id='word_1_717' title='bbox 2213 4502 2338 4547; x_wconf 87' lang='lat' dir='ltr'><strong>tura</strong></span> <span class='ocrx_word' id='word_1_718' title='bbox 2377 4488 2657 4559; x_wconf 84' lang='lat' dir='ltr'><strong>respondit</strong></span> <span class='ocrx_word' id='word_1_719' title='bbox 2688 4488 2800 4542; x_wconf 90' lang='lat' dir='ltr'><strong>lilio</strong></span> <span class='ocrx_word' id='word_1_720' title='bbox 2830 4488 2897 4543; x_wconf 90' lang='lat' dir='ltr'><strong>de</strong></span> <span class='ocrx_word' id='word_1_721' title='bbox 2928 4486 3287 4556; x_wconf 64' lang='lat' dir='ltr'><strong>praisentibus</strong></span> <span class='ocrx_word' id='word_1_722' title='bbox 3322 4485 3639 4557; x_wconf 86' lang='lat' dir='ltr'><strong>requirenti.</strong></span> <span class='ocrx_word' id='word_1_723' title='bbox 3668 4485 3790 4556; x_wconf 87' lang='lat' dir='ltr'><strong>Ipso</strong></span> 
     </span>
    </p>
   </div>
   <div class='ocr_carea' id='block_1_91' title="bbox 526 4574 2109 4654">
    <p class='ocr_par' dir='ltr' id='par_1_91' title="bbox 526 4574 2109 4654">
     <span class='ocr_line' id='line_1_91' title="bbox 526 4574 2109 4654; baseline 0.008 -27"><span class='ocrx_word' id='word_1_724' title='bbox 526 4588 681 4628; x_wconf 89' lang='lat' dir='ltr'><strong>mons</strong></span> <span class='ocrx_word' id='word_1_725' title='bbox 697 4574 909 4645; x_wconf 85' lang='lat' dir='ltr'><strong>aliquis,</strong></span> <span class='ocrx_word' id='word_1_726' title='bbox 925 4592 1049 4632; x_wconf 91' lang='lat' dir='ltr'><strong>cum</strong></span> <span class='ocrx_word' id='word_1_727' title='bbox 1064 4586 1235 4632; x_wconf 91' lang='lat' dir='ltr'><strong>totum</strong></span> <span class='ocrx_word' id='word_1_728' title='bbox 1250 4587 1503 4648; x_wconf 81' lang='lat' dir='ltr'><strong>ageretur</strong></span> <span class='ocrx_word' id='word_1_729' title='bbox 1519 4580 1571 4633; x_wconf 90' lang='lat' dir='ltr'><strong>in</strong></span> <span class='ocrx_word' id='word_1_730' title='bbox 1587 4579 1881 4647; x_wconf 83' lang='lat' dir='ltr'><strong>montibus,</strong></span> <span class='ocrx_word' id='word_1_731' title='bbox 1898 4584 1994 4639; x_wconf 88' lang='lat' dir='ltr'><strong>sed</strong></span> <span class='ocrx_word' id='word_1_732' title='bbox 2008 4600 2109 4654; x_wconf 86' lang='lat' dir='ltr'><strong>per</strong></span> 
     </span>
    </p>
   </div>
   <div class='ocr_carea' id='block_1_92' title="bbox 524 4665 2107 4742">
    <p class='ocr_par' dir='ltr' id='par_1_92' title="bbox 524 4665 2107 4742">
     <span class='ocr_line' id='line_1_92' title="bbox 524 4665 2107 4742; baseline 0.008 -24"><span class='ocrx_word' id='word_1_733' title='bbox 524 4665 762 4722; x_wconf 82' lang='lat' dir='ltr'><strong>triduum</strong></span> <span class='ocrx_word' id='word_1_734' title='bbox 782 4668 885 4723; x_wconf 84' lang='lat' dir='ltr'><strong>iter</strong></span> <span class='ocrx_word' id='word_1_735' title='bbox 897 4671 1201 4738; x_wconf 88' lang='lat' dir='ltr'><strong>protenditu</strong></span> <span class='ocrx_word' id='word_1_736' title='bbox 1213 4686 1257 4736; x_wconf 92' lang='lat' dir='ltr'><strong>r,</strong></span> <span class='ocrx_word' id='word_1_737' title='bbox 1274 4684 1332 4726; x_wconf 88' lang='lat' dir='ltr'><strong>ut</strong></span> <span class='ocrx_word' id='word_1_738' title='bbox 1352 4686 1447 4742; x_wconf 86' lang='lat' dir='ltr'><strong>per</strong></span> <span class='ocrx_word' id='word_1_739' title='bbox 1469 4680 1641 4727; x_wconf 89' lang='lat' dir='ltr'><strong>totum</strong></span> <span class='ocrx_word' id='word_1_740' title='bbox 1661 4672 1895 4729; x_wconf 88' lang='lat' dir='ltr'><strong>triduum</strong></span> <span class='ocrx_word' id='word_1_741' title='bbox 1924 4689 2107 4732; x_wconf 81' lang='lat' dir='ltr'><strong>recur-</strong></span> 
     </span>
    </p>
   </div>
   <div class='ocr_carea' id='block_1_93' title="bbox 522 4759 2102 4832">
    <p class='ocr_par' dir='ltr' id='par_1_93' title="bbox 522 4759 2102 4832">
     <span class='ocr_line' id='line_1_93' title="bbox 522 4759 2102 4832; baseline 0.005 -19"><span class='ocrx_word' id='word_1_742' title='bbox 522 4759 774 4815; x_wconf 82' lang='lat' dir='ltr'><strong>santibus</strong></span> <span class='ocrx_word' id='word_1_743' title='bbox 820 4761 990 4827; x_wconf 88' lang='lat' dir='ltr'><strong>curis,</strong></span> <span class='ocrx_word' id='word_1_744' title='bbox 1025 4771 1250 4830; x_wconf 88' lang='lat' dir='ltr'><strong>paterna</strong></span> <span class='ocrx_word' id='word_1_745' title='bbox 1280 4765 1485 4820; x_wconf 86' lang='lat' dir='ltr'><strong>viscera</strong></span> <span class='ocrx_word' id='word_1_746' title='bbox 1509 4768 1844 4832; x_wconf 85' lang='lat' dir='ltr'><strong>crucientur,</strong></span> <span class='ocrx_word' id='word_1_747' title='bbox 1872 4779 1928 4821; x_wconf 89' lang='lat' dir='ltr'><strong>et</strong></span> <span class='ocrx_word' id='word_1_748' title='bbox 1956 4768 2102 4821; x_wconf 88' lang='lat' dir='ltr'><strong>omni</strong></span> 
     </span>
    </p>
   </div>
   <div class='ocr_carea' id='block_1_94' title="bbox 525 4851 2100 4931">
    <p class='ocr_par' dir='ltr' id='par_1_94' title="bbox 525 4851 2100 4931">
     <span class='ocr_line' id='line_1_94' title="bbox 525 4851 2100 4931; baseline 0.006 -26"><span class='ocrx_word' id='word_1_749' title='bbox 525 4851 628 4907; x_wconf 90' lang='lat' dir='ltr'><strong>hoc</strong></span> <span class='ocrx_word' id='word_1_750' title='bbox 659 4854 836 4923; x_wconf 86' lang='lat' dir='ltr'><strong>spatio</strong></span> <span class='ocrx_word' id='word_1_751' title='bbox 865 4854 978 4924; x_wconf 67' lang='grc'><strong>(48)</strong></span> <span class='ocrx_word' id='word_1_752' title='bbox 1011 4865 1120 4909; x_wconf 85' lang='lat' dir='ltr'><strong>tam</strong></span> <span class='ocrx_word' id='word_1_753' title='bbox 1174 4856 1390 4925; x_wconf 72' lang='lat' dir='ltr'><strong>prolixo</strong></span> <span class='ocrx_word' id='word_1_754' title='bbox 1426 4858 1740 4914; x_wconf 84' lang='lat' dir='ltr'><strong>intueretur</strong></span> <span class='ocrx_word' id='word_1_755' title='bbox 1788 4859 1957 4913; x_wconf 85' lang='lat' dir='ltr'><strong>ﬁlium</strong></span> <span class='ocrx_word' id='word_1_756' title='bbox 1990 4860 2100 4931; x_wconf 77' lang='lat'><strong>82</strong></span> 
     </span>
    </p>
   </div>
   <div class='ocr_carea' id='block_1_95' title="bbox 524 4946 2101 5020">
    <p class='ocr_par' dir='ltr' id='par_1_95' title="bbox 524 4946 2101 5020">
     <span class='ocr_line' id='line_1_95' title="bbox 524 4946 2101 5020; baseline 0.005 -24"><span class='ocrx_word' id='word_1_757' title='bbox 524 4953 705 5011; x_wconf 88' lang='lat' dir='ltr'><strong>pater,</strong></span> <span class='ocrx_word' id='word_1_758' title='bbox 729 4946 912 5001; x_wconf 88' lang='lat' dir='ltr'><strong>cibum</strong></span> <span class='ocrx_word' id='word_1_759' title='bbox 946 4962 1069 5001; x_wconf 88' lang='lat' dir='ltr'><strong>cum</strong></span> <span class='ocrx_word' id='word_1_760' title='bbox 1103 4963 1169 5003; x_wconf 90' lang='lat' dir='ltr'><strong>eo</strong></span> <span class='ocrx_word' id='word_1_761' title='bbox 1222 4960 1487 5015; x_wconf 87' lang='lat' dir='ltr'><strong>sumeret,</strong></span> <span class='ocrx_word' id='word_1_762' title='bbox 1540 4959 1619 5005; x_wconf 87' lang='lat' dir='ltr'><strong>tot</strong></span> <span class='ocrx_word' id='word_1_763' title='bbox 1666 4951 1921 5006; x_wconf 83' lang='lat' dir='ltr'><strong>noctibus</strong></span> <span class='ocrx_word' id='word_1_764' title='bbox 1965 4966 2101 5020; x_wconf 89' lang='lat' dir='ltr'><strong>puer</strong></span> 
     </span>
    </p>
   </div>
   <div class='ocr_carea' id='block_1_96' title="bbox 524 5034 2098 5113">
    <p class='ocr_par' dir='ltr' id='par_1_96' title="bbox 524 5034 2098 5113">
     <span class='ocr_line' id='line_1_96' title="bbox 524 5034 2098 5113; baseline 0.006 -26"><span class='ocrx_word' id='word_1_765' title='bbox 524 5034 789 5102; x_wconf 88' lang='lat' dir='ltr'><strong>penderet</strong></span> <span class='ocrx_word' id='word_1_766' title='bbox 826 5037 881 5091; x_wconf 93' lang='lat' dir='ltr'><strong>in</strong></span> <span class='ocrx_word' id='word_1_767' title='bbox 927 5038 1270 5108; x_wconf 82' lang='lat' dir='ltr'><strong>amplexibus</strong></span> <span class='ocrx_word' id='word_1_768' title='bbox 1301 5042 1496 5111; x_wconf 86' lang='lat' dir='ltr'><strong>patris,</strong></span> <span class='ocrx_word' id='word_1_769' title='bbox 1534 5041 1836 5097; x_wconf 68' lang='lat' dir='ltr'><strong>inhaereret</strong></span> <span class='ocrx_word' id='word_1_770' title='bbox 1864 5042 2098 5113; x_wconf 89' lang='lat' dir='ltr'><strong>pectori,</strong></span> 
     </span>
    </p>
   </div>
   <div class='ocr_carea' id='block_1_97' title="bbox 524 5125 2101 5202">
    <p class='ocr_par' dir='ltr' id='par_1_97' title="bbox 524 5125 2101 5202">
     <span class='ocr_line' id='line_1_97' title="bbox 524 5125 2101 5202; baseline 0.007 -24"><span class='ocrx_word' id='word_1_771' title='bbox 524 5125 795 5184; x_wconf 67' lang='lat' dir='ltr'><strong>cubitat-et</strong></span> <span class='ocrx_word' id='word_1_772' title='bbox 838 5129 891 5183; x_wconf 91' lang='lat' dir='ltr'><strong>in</strong></span> <span class='ocrx_word' id='word_1_773' title='bbox 910 5132 1118 5200; x_wconf 82' lang='lat' dir='ltr'><strong>gremio</strong></span> <span class='ocrx_word' id='word_1_774' title='bbox 1139 5132 1162 5185; x_wconf 90' lang='lat'><strong>?</strong></span> <span class='ocrx_word' id='word_1_775' title='bbox 1181 5130 1315 5188; x_wconf 78' lang='lat' dir='ltr'><strong>Vide</strong></span> <span class='ocrx_word' id='word_1_776' title='bbox 1334 5132 1653 5202; x_wconf 87' lang='lat' dir='ltr'><strong>inquantum</strong></span> <span class='ocrx_word' id='word_1_777' title='bbox 1672 5134 1899 5188; x_wconf 75' lang='lat' dir='ltr'><strong>teutatio</strong></span> <span class='ocrx_word' id='word_1_778' title='bbox 1912 5149 2101 5189; x_wconf 86' lang='lat' dir='ltr'><strong>cumu-</strong></span> 
     </span>
    </p>
   </div>
   <div class='ocr_carea' id='block_1_98' title="bbox 523 5217 2102 5295">
    <p class='ocr_par' dir='ltr' id='par_1_98' title="bbox 523 5217 2102 5295">
     <span class='ocr_line' id='line_1_98' title="bbox 523 5217 2102 5295; baseline 0.007 -25"><span class='ocrx_word' id='word_1_779' title='bbox 523 5217 686 5275; x_wconf 89' lang='lat' dir='ltr'><strong>latur.</strong></span> <span class='ocrx_word' id='word_1_780' title='bbox 719 5220 905 5278; x_wconf 85' lang='lat' dir='ltr'><strong>Tertia</strong></span> <span class='ocrx_word' id='word_1_781' title='bbox 941 5233 1121 5280; x_wconf 88' lang='lat' dir='ltr'><strong>tamen</strong></span> <span class='ocrx_word' id='word_1_782' title='bbox 1164 5226 1278 5282; x_wconf 88' lang='lat' dir='ltr'><strong>dies</strong></span> <span class='ocrx_word' id='word_1_783' title='bbox 1312 5240 1527 5295; x_wconf 88' lang='lat' dir='ltr'><strong>semper</strong></span> <span class='ocrx_word' id='word_1_784' title='bbox 1556 5235 1677 5295; x_wconf 89' lang='lat' dir='ltr'><strong>apta</strong></span> <span class='ocrx_word' id='word_1_785' title='bbox 1701 5225 1761 5280; x_wconf 89' lang='lat' dir='ltr'><strong>lit</strong></span> <span class='ocrx_word' id='word_1_786' title='bbox 1789 5241 2102 5281; x_wconf 83' lang='lat' dir='ltr'><strong>sacramen-</strong></span> 
     </span>
    </p>
   </div>
   <div class='ocr_carea' id='block_1_99' title="bbox 527 5309 2099 5388">
    <p class='ocr_par' dir='ltr' id='par_1_99' title="bbox 527 5309 2099 5388">
     <span class='ocr_line' id='line_1_99' title="bbox 527 5309 2099 5388; baseline 0.005 -25"><span class='ocrx_word' id='word_1_787' title='bbox 527 5309 618 5367; x_wconf 89' lang='lat' dir='ltr'><strong>tis.</strong></span> <span class='ocrx_word' id='word_1_788' title='bbox 652 5311 789 5366; x_wconf 84' lang='lat' dir='ltr'><strong>Nam</strong></span> <span class='ocrx_word' id='word_1_789' title='bbox 814 5323 868 5369; x_wconf 90' lang='lat' dir='ltr'><strong>et</strong></span> <span class='ocrx_word' id='word_1_790' title='bbox 912 5318 1138 5385; x_wconf 88' lang='lat' dir='ltr'><strong>populus</strong></span> <span class='ocrx_word' id='word_1_791' title='bbox 1168 5333 1296 5373; x_wconf 88' lang='lat' dir='ltr'><strong>cum</strong></span> <span class='ocrx_word' id='word_1_792' title='bbox 1325 5318 1528 5373; x_wconf 81' lang='lat' dir='ltr'><strong>exisset</strong></span> <span class='ocrx_word' id='word_1_793' title='bbox 1562 5318 1627 5370; x_wconf 88' lang='lat' dir='ltr'><strong>de</strong></span> <span class='ocrx_word' id='word_1_794' title='bbox 1650 5316 1907 5388; x_wconf 63' lang='lat' dir='ltr'><strong>Aigypto,</strong></span> <span class='ocrx_word' id='word_1_795' title='bbox 1936 5317 2099 5371; x_wconf 89' lang='lat' dir='ltr'><strong>tertia</strong></span> 
     </span>
    </p>
   </div>
   <div class='ocr_carea' id='block_1_100' title="bbox 628 5401 2109 5535">
    <p class='ocr_par' dir='ltr' id='par_1_100' title="bbox 628 5406 2109 5535">
     <span class='ocr_line' id='line_1_100' title="bbox 628 5406 2109 5475; baseline -0.002 -12"><span class='ocrx_word' id='word_1_796' title='bbox 628 5406 675 5438; x_wconf 80' lang='lat'><strong>“</strong></span> <span class='ocrx_word' id='word_1_797' title='bbox 705 5407 1038 5472; x_wconf 77' lang='lat' dir='ltr'><strong>Genes.xxr,</strong></span> <span class='ocrx_word' id='word_1_798' title='bbox 1061 5411 1162 5471; x_wconf 74' lang='lat' dir='ltr'><strong>l2;</strong></span> <span class='ocrx_word' id='word_1_799' title='bbox 1192 5412 1347 5464; x_wconf 75' lang='lat' dir='ltr'><strong>Rom.</strong></span> <span class='ocrx_word' id='word_1_800' title='bbox 1372 5427 1449 5475; x_wconf 77' lang='grc' dir='ltr'>ιιι,</span> <span class='ocrx_word' id='word_1_801' title='bbox 1479 5411 1545 5475; x_wconf 90' lang='lat'><strong>7;</strong></span> <span class='ocrx_word' id='word_1_802' title='bbox 1572 5406 1738 5462; x_wconf 88' lang='lat' dir='ltr'><strong>llebr.</strong></span> <span class='ocrx_word' id='word_1_803' title='bbox 1779 5424 1853 5469; x_wconf 77' lang='grc' dir='ltr'>ιιι,</span> <span class='ocrx_word' id='word_1_804' title='bbox 1888 5409 1987 5472; x_wconf 79' lang='grc' dir='ltr'><strong>18ς</strong></span> <span class='ocrx_word' id='word_1_805' title='bbox 2043 5406 2109 5462; x_wconf 83' lang='lat' dir='ltr'><strong>G:</strong></span> 
     </span>
     <span class='ocr_line' id='line_1_101' title="bbox 629 5477 2109 5535; baseline -0.001 -3"><span class='ocrx_word' id='word_1_806' title='bbox 629 5478 772 5533; x_wconf 82' lang='lat' dir='ltr'><strong>iebr.</strong></span> <span class='ocrx_word' id='word_1_807' title='bbox 837 5495 918 5535; x_wconf 85' lang='lat' dir='ltr'><strong>xt.</strong></span> <span class='ocrx_word' id='word_1_808' title='bbox 973 5482 1059 5535; x_wconf 83' lang='grc'>19.</span> <span class='ocrx_word' id='word_1_809' title='bbox 1154 5481 1419 5535; x_wconf 68' lang='lat' dir='ltr'><strong>“Cenes.</strong></span> <span class='ocrx_word' id='word_1_810' title='bbox 1453 5497 1590 5535; x_wconf 81' lang='lat' dir='ltr'><strong>xxu.</strong></span> <span class='ocrx_word' id='word_1_811' title='bbox 1627 5477 1680 5531; x_wconf 84' lang='lat'><strong>6.</strong></span> <span class='ocrx_word' id='word_1_812' title='bbox 1722 5521 1733 5533; x_wconf 91' lang='lat'><strong>.</strong></span> <span class='ocrx_word' id='word_1_813' title='bbox 1829 5479 1873 5510; x_wconf 83' lang='lat'><strong>&#39;°</strong></span> <span class='ocrx_word' id='word_1_814' title='bbox 1904 5479 2033 5535; x_wconf 89' lang='lat' dir='ltr'><strong>ibid.</strong></span> <span class='ocrx_word' id='word_1_815' title='bbox 2066 5480 2109 5531; x_wconf 64' lang='grc'><strong>6⁴</strong></span> 
     </span>
    </p>
   </div>
   <div class='ocr_carea' id='block_1_101' title="bbox 2211 5401 2997 5535">
    <p class='ocr_par' dir='ltr' id='par_1_101' title="bbox 2214 5401 2997 5535">
     <span class='ocr_line' id='line_1_102' title="bbox 2214 5401 2997 5465; baseline -0.005 -7"><span class='ocrx_word' id='word_1_816' title='bbox 2214 5422 2277 5465; x_wconf 84' lang='grc' dir='ltr'>ιι.</span> <span class='ocrx_word' id='word_1_817' title='bbox 2303 5405 2389 5459; x_wconf 87' lang='grc'><strong>16.</strong></span> <span class='ocrx_word' id='word_1_818' title='bbox 2468 5405 2513 5437; x_wconf 69' lang='grc'><strong>⁸⁸</strong></span> <span class='ocrx_word' id='word_1_819' title='bbox 2538 5403 2736 5458; x_wconf 64' lang='lat' dir='ltr'><strong>lienes.</strong></span> <span class='ocrx_word' id='word_1_820' title='bbox 2769 5417 2910 5464; x_wconf 63' lang='lat' dir='ltr'><strong>xum,</strong></span> <span class='ocrx_word' id='word_1_821' title='bbox 2940 5401 2997 5454; x_wconf 71' lang='grc'>2.</span> 
     </span>
     <span class='ocr_line' id='line_1_103' title="bbox 2231 5471 2997 5535; baseline -0.009 -3"><span class='ocrx_word' id='word_1_822' title='bbox 2231 5475 2273 5507; x_wconf 84' lang='grc'><strong>¹¹</strong></span> <span class='ocrx_word' id='word_1_823' title='bbox 2305 5476 2437 5531; x_wconf 88' lang='lat' dir='ltr'><strong>ibid.</strong></span> <span class='ocrx_word' id='word_1_824' title='bbox 2468 5475 2522 5535; x_wconf 88' lang='lat'><strong>7,</strong></span> <span class='ocrx_word' id='word_1_825' title='bbox 2556 5476 2611 5529; x_wconf 81' lang='lat'><strong>8.</strong></span> <span class='ocrx_word' id='word_1_826' title='bbox 2722 5473 2767 5504; x_wconf 78' lang='grc'><strong>⁸³</strong></span> <span class='ocrx_word' id='word_1_827' title='bbox 2800 5471 2961 5529; x_wconf 84' lang='lat' dir='ltr'><strong>Prov.</strong></span> <span class='ocrx_word' id='word_1_828' title='bbox 2993 5486 2997 5525; x_wconf 72' lang='grc' dir='ltr'><strong>ι</strong></span> 
     </span>
    </p>
   </div>
   <div class='ocr_carea' id='block_1_102' title="bbox 520 5475 1059 5544">
    <p class='ocr_par' dir='ltr' id='par_1_102' title="bbox 520 5475 1059 5544">
     <span class='ocr_line' id='line_1_104' title="bbox 520 5475 1059 5544; baseline 0.006 -13"><span class='ocrx_word' id='word_1_829' title='bbox 520 5475 566 5507; x_wconf 80' lang='grc'><strong>⁸⁸</strong></span> <span class='ocrx_word' id='word_1_830' title='bbox 605 5477 772 5533; x_wconf 80' lang='lat' dir='ltr'><strong>Iiebr.</strong></span> <span class='ocrx_word' id='word_1_831' title='bbox 837 5495 918 5544; x_wconf 85' lang='lat' dir='ltr'><strong>xt,</strong></span> <span class='ocrx_word' id='word_1_832' title='bbox 973 5482 1059 5535; x_wconf 83' lang='grc'>19.</span> 
     </span>
    </p>
   </div>
   <div class='ocr_carea' id='block_1_103' title="bbox 519 5546 1048 5616">
    <p class='ocr_par' dir='ltr' id='par_1_103' title="bbox 519 5546 1048 5616">
     <span class='ocr_line' id='line_1_105' title="bbox 519 5546 1048 5616; baseline 0 -11"><span class='ocrx_word' id='word_1_833' title='bbox 519 5546 565 5577; x_wconf 80' lang='grc'><strong>’³</strong></span> <span class='ocrx_word' id='word_1_834' title='bbox 593 5549 792 5605; x_wconf 84' lang='lat' dir='ltr'><strong>Genes.</strong></span> <span class='ocrx_word' id='word_1_835' title='bbox 820 5566 958 5616; x_wconf 85' lang='lat' dir='ltr'><strong>xxtt,</strong></span> <span class='ocrx_word' id='word_1_836' title='bbox 994 5550 1048 5605; x_wconf 89' lang='lat'><strong>9.</strong></span> 
     </span>
    </p>
   </div>
   <div class='ocr_carea' id='block_1_104' title="bbox 589 5638 2092 5711">
    <p class='ocr_par' dir='ltr' id='par_1_104' title="bbox 589 5638 2092 5711">
     <span class='ocr_line' id='line_1_106' title="bbox 589 5638 2092 5711; baseline -0.003 -16"><span class='ocrx_word' id='word_1_837' title='bbox 589 5640 700 5711; x_wconf 76' lang='grc'><strong>(18)</strong></span> <span class='ocrx_word' id='word_1_838' title='bbox 742 5639 834 5697; x_wconf 90' lang='lat' dir='ltr'><strong>Sic</strong></span> <span class='ocrx_word' id='word_1_839' title='bbox 860 5656 992 5695; x_wconf 91' lang='lat' dir='ltr'><strong>mss.</strong></span> <span class='ocrx_word' id='word_1_840' title='bbox 1026 5640 1197 5704; x_wconf 88' lang='lat' dir='ltr'><strong>Alias,</strong></span> <span class='ocrx_word' id='word_1_841' title='bbox 1238 5652 1285 5693; x_wconf 87' lang='lat' dir='ltr'><strong>et</strong></span> <span class='ocrx_word' id='word_1_842' title='bbox 1323 5658 1414 5708; x_wconf 82' lang='lat' dir='ltr'><strong>per</strong></span> <span class='ocrx_word' id='word_1_843' title='bbox 1436 5650 1600 5695; x_wconf 88' lang='lat' dir='ltr'><strong>totum</strong></span> <span class='ocrx_word' id='word_1_844' title='bbox 1630 5642 1867 5695; x_wconf 86' lang='lat' dir='ltr'><strong>triduum</strong></span> <span class='ocrx_word' id='word_1_845' title='bbox 1902 5638 2092 5711; x_wconf 81' lang='lat' dir='ltr'><strong>vi-</strong></span> 
     </span>
    </p>
   </div>
   <div class='ocr_carea' id='block_1_105' title="bbox 516 5708 2093 5780">
    <p class='ocr_par' dir='ltr' id='par_1_105' title="bbox 516 5708 2093 5780">
     <span class='ocr_line' id='line_1_107' title="bbox 516 5708 2093 5780; baseline -0.004 -15"><span class='ocrx_word' id='word_1_846' title='bbox 516 5708 1000 5766; x_wconf 32' lang='lat' dir='ltr'><strong>scera-cruciantur</strong></span> <span class='ocrx_word' id='word_1_847' title='bbox 1020 5722 1074 5764; x_wconf 86' lang='lat' dir='ltr'><strong>ut</strong></span> <span class='ocrx_word' id='word_1_848' title='bbox 1107 5712 1245 5765; x_wconf 88' lang='lat' dir='ltr'><strong>omni</strong></span> <span class='ocrx_word' id='word_1_849' title='bbox 1267 5711 1363 5765; x_wconf 88' lang='lat' dir='ltr'><strong>hoc</strong></span> <span class='ocrx_word' id='word_1_850' title='bbox 1380 5712 1566 5780; x_wconf 86' lang='lat' dir='ltr'><strong>spatio.</strong></span> <span class='ocrx_word' id='word_1_851' title='bbox 1596 5711 1763 5767; x_wconf 82' lang='lat' dir='ltr'><strong>Paulo</strong></span> <span class='ocrx_word' id='word_1_852' title='bbox 1796 5718 1914 5780; x_wconf 82' lang='lat' dir='ltr'><strong>post</strong></span> <span class='ocrx_word' id='word_1_853' title='bbox 1936 5708 2093 5762; x_wconf 88' lang='lat' dir='ltr'><strong>iidem</strong></span> 
     </span>
    </p>
   </div>
   <div class='ocr_carea' id='block_1_106' title="bbox 525 5779 2092 5851">
    <p class='ocr_par' dir='ltr' id='par_1_106' title="bbox 525 5779 2092 5851">
     <span class='ocr_line' id='line_1_108' title="bbox 525 5779 2092 5851; baseline -0.003 -16"><span class='ocrx_word' id='word_1_854' title='bbox 525 5798 681 5849; x_wconf 74' lang='lat' dir='ltr'><strong>nrss.,</strong></span> <span class='ocrx_word' id='word_1_855' title='bbox 710 5792 783 5838; x_wconf 86' lang='lat' dir='ltr'><strong>tot</strong></span> <span class='ocrx_word' id='word_1_856' title='bbox 808 5784 1050 5838; x_wconf 83' lang='lat' dir='ltr'><strong>noctibus</strong></span> <span class='ocrx_word' id='word_1_857' title='bbox 1072 5797 1205 5851; x_wconf 83' lang='lat' dir='ltr'><strong>puer</strong></span> <span class='ocrx_word' id='word_1_858' title='bbox 1229 5781 1497 5851; x_wconf 76' lang='lat' dir='ltr'><strong>penderet.</strong></span> <span class='ocrx_word' id='word_1_859' title='bbox 1538 5780 1687 5836; x_wconf 88' lang='lat' dir='ltr'><strong>Alias</strong></span> <span class='ocrx_word' id='word_1_860' title='bbox 1726 5796 1853 5851; x_wconf 83' lang='lat' dir='ltr'><strong>puer</strong></span> <span class='ocrx_word' id='word_1_861' title='bbox 1881 5779 2092 5844; x_wconf 85' lang='lat' dir='ltr'><strong>deerat,</strong></span> 
     </span>
    </p>
   </div>
   <div class='ocr_carea' id='block_1_107' title="bbox 1154 5477 1733 5544">
    <p class='ocr_par' dir='ltr' id='par_1_107' title="bbox 1154 5477 1733 5544">
     <span class='ocr_line' id='line_1_109' title="bbox 1154 5477 1733 5544; baseline -0.005 -8"><span class='ocrx_word' id='word_1_862' title='bbox 1154 5481 1197 5513; x_wconf 72' lang='lat'><strong>‘9</strong></span> <span class='ocrx_word' id='word_1_863' title='bbox 1220 5482 1419 5537; x_wconf 86' lang='lat' dir='ltr'><strong>Genes.</strong></span> <span class='ocrx_word' id='word_1_864' title='bbox 1453 5497 1590 5544; x_wconf 80' lang='lat' dir='ltr'><strong>xxu,</strong></span> <span class='ocrx_word' id='word_1_865' title='bbox 1627 5477 1680 5531; x_wconf 84' lang='lat'><strong>6.</strong></span> <span class='ocrx_word' id='word_1_866' title='bbox 1722 5521 1733 5533; x_wconf 92' lang='lat'><strong>.</strong></span> 
     </span>
    </p>
   </div>
   <div class='ocr_carea' id='block_1_108' title="bbox 1126 5551 1571 5618">
    <p class='ocr_par' dir='ltr' id='par_1_108' title="bbox 1126 5551 1571 5618">
     <span class='ocr_line' id='line_1_110' title="bbox 1126 5551 1571 5618; baseline -0.002 -13"><span class='ocrx_word' id='word_1_867' title='bbox 1126 5551 1171 5582; x_wconf 79' lang='grc'><strong>⁸⁸</strong></span> <span class='ocrx_word' id='word_1_868' title='bbox 1203 5552 1373 5606; x_wconf 82' lang='lat' dir='ltr'><strong>Exod.</strong></span> <span class='ocrx_word' id='word_1_869' title='bbox 1403 5568 1485 5618; x_wconf 89' lang='grc' dir='ltr'>ιιι,</span> <span class='ocrx_word' id='word_1_870' title='bbox 1516 5551 1571 5605; x_wconf 85' lang='grc'>5.</span> 
     </span>
    </p>
   </div>
   <div class='ocr_carea' id='block_1_109' title="bbox 2216 4576 3784 4652">
    <p class='ocr_par' dir='ltr' id='par_1_109' title="bbox 2216 4576 3784 4652">
     <span class='ocr_line' id='line_1_111' title="bbox 2216 4576 3784 4652; baseline -0.002 -15"><span class='ocrx_word' id='word_1_871' title='bbox 2216 4596 2451 4652; x_wconf 89' lang='lat' dir='ltr'><strong>namque</strong></span> <span class='ocrx_word' id='word_1_872' title='bbox 2472 4580 2574 4636; x_wconf 91' lang='lat' dir='ltr'><strong>sibi</strong></span> <span class='ocrx_word' id='word_1_873' title='bbox 2608 4579 2875 4635; x_wconf 87' lang='lat' dir='ltr'><strong>Dominus</strong></span> <span class='ocrx_word' id='word_1_874' title='bbox 2902 4592 3061 4633; x_wconf 90' lang='lat' dir='ltr'><strong>ovem</strong></span> <span class='ocrx_word' id='word_1_875' title='bbox 3104 4578 3424 4648; x_wconf 82' lang='lat' dir='ltr'><strong>providebat</strong></span> <span class='ocrx_word' id='word_1_876' title='bbox 3459 4576 3513 4632; x_wconf 90' lang='lat' dir='ltr'><strong>in</strong></span> <span class='ocrx_word' id='word_1_877' title='bbox 3540 4576 3784 4643; x_wconf 85' lang='lat' dir='ltr'><strong>Christe,</strong></span> 
     </span>
    </p>
   </div>
   <div class='ocr_carea' id='block_1_110' title="bbox 2213 4669 3789 4744">
    <p class='ocr_par' dir='ltr' id='par_1_110' title="bbox 2213 4669 3789 4744">
     <span class='ocr_line' id='line_1_112' title="bbox 2213 4669 3789 4744; baseline 0 -19"><span class='ocrx_word' id='word_1_878' title='bbox 2213 4674 2340 4744; x_wconf 89' lang='lat' dir='ltr'><strong>quia</strong></span> <span class='ocrx_word' id='word_1_879' title='bbox 2361 4680 2416 4726; x_wconf 91' lang='lat' dir='ltr'><strong>et</strong></span> <span class='ocrx_word' id='word_1_880' title='bbox 2432 4671 2695 4739; x_wconf 86' lang='lat' dir='ltr'><strong>sapientia</strong></span> <span class='ocrx_word' id='word_1_881' title='bbox 2714 4670 2826 4739; x_wconf 87' lang='lat' dir='ltr'><strong>ipsa</strong></span> <span class='ocrx_word' id='word_1_882' title='bbox 2846 4670 2945 4724; x_wconf 87' lang='lat' dir='ltr'><strong>sibi</strong></span> <span class='ocrx_word' id='word_1_883' title='bbox 2968 4669 3185 4723; x_wconf 87' lang='lat' dir='ltr'><strong>domum</strong></span> <span class='ocrx_word' id='word_1_884' title='bbox 3204 4669 3487 4737; x_wconf 75' lang='lat' dir='ltr'><strong>aediﬁcavit</strong></span> <span class='ocrx_word' id='word_1_885' title='bbox 3504 4669 3575 4734; x_wconf 82' lang='grc'><strong>⁸³,</strong></span> <span class='ocrx_word' id='word_1_886' title='bbox 3598 4678 3653 4724; x_wconf 89' lang='lat' dir='ltr'><strong>et</strong></span> <span class='ocrx_word' id='word_1_887' title='bbox 3672 4670 3789 4739; x_wconf 85' lang='lat' dir='ltr'><strong>ipse</strong></span> 
     </span>
    </p>
   </div>
   <div class='ocr_carea' id='block_1_111' title="bbox 2210 4762 3786 4833">
    <p class='ocr_par' dir='ltr' id='par_1_111' title="bbox 2210 4762 3786 4833">
     <span class='ocr_line' id='line_1_113' title="bbox 2210 4762 3786 4833; baseline -0.005 -12"><span class='ocrx_word' id='word_1_888' title='bbox 2210 4782 2263 4821; x_wconf 87' lang='lat' dir='ltr'><strong>se</strong></span> <span class='ocrx_word' id='word_1_889' title='bbox 2279 4765 2571 4820; x_wconf 85' lang='lat' dir='ltr'><strong>humiliavit</strong></span> <span class='ocrx_word' id='word_1_890' title='bbox 2595 4779 2756 4833; x_wconf 85' lang='lat' dir='ltr'><strong>usque</strong></span> <span class='ocrx_word' id='word_1_891' title='bbox 2772 4764 2841 4816; x_wconf 89' lang='lat' dir='ltr'><strong>ad</strong></span> <span class='ocrx_word' id='word_1_892' title='bbox 2860 4776 3075 4817; x_wconf 85' lang='lat' dir='ltr'><strong>mortem</strong></span> <span class='ocrx_word' id='word_1_893' title='bbox 3089 4762 3155 4815; x_wconf 71' lang='lat' dir='ltr'><strong>l&#39;3;</strong></span> <span class='ocrx_word' id='word_1_894' title='bbox 3175 4771 3229 4816; x_wconf 91' lang='lat' dir='ltr'><strong>et</strong></span> <span class='ocrx_word' id='word_1_895' title='bbox 3249 4762 3432 4817; x_wconf 87' lang='lat' dir='ltr'><strong>omnia</strong></span> <span class='ocrx_word' id='word_1_896' title='bbox 3451 4776 3786 4831; x_wconf 61' lang='lat' dir='ltr'><strong>quascunque</strong></span> 
     </span>
    </p>
   </div>
   <div class='ocr_carea' id='block_1_112' title="bbox 2210 4854 3785 4929">
    <p class='ocr_par' dir='ltr' id='par_1_112' title="bbox 2210 4854 3785 4929">
     <span class='ocr_line' id='line_1_114' title="bbox 2210 4854 3785 4929; baseline -0.002 -17"><span class='ocrx_word' id='word_1_897' title='bbox 2210 4858 2411 4929; x_wconf 82' lang='lat' dir='ltr'><strong>legeris</strong></span> <span class='ocrx_word' id='word_1_898' title='bbox 2467 4860 2536 4913; x_wconf 87' lang='lat' dir='ltr'><strong>de</strong></span> <span class='ocrx_word' id='word_1_899' title='bbox 2581 4856 2824 4923; x_wconf 89' lang='lat' dir='ltr'><strong>Christo,</strong></span> <span class='ocrx_word' id='word_1_900' title='bbox 2881 4869 2990 4910; x_wconf 91' lang='lat' dir='ltr'><strong>non</strong></span> <span class='ocrx_word' id='word_1_901' title='bbox 3042 4854 3393 4921; x_wconf 88' lang='lat' dir='ltr'><strong>necessitate,</strong></span> <span class='ocrx_word' id='word_1_902' title='bbox 3444 4856 3537 4909; x_wconf 89' lang='lat' dir='ltr'><strong>sed</strong></span> <span class='ocrx_word' id='word_1_903' title='bbox 3590 4864 3785 4925; x_wconf 88' lang='lat' dir='ltr'><strong>sponte</strong></span> 
     </span>
    </p>
   </div>
   <div class='ocr_carea' id='block_1_113' title="bbox 2206 4949 2646 5019">
    <p class='ocr_par' dir='ltr' id='par_1_113' title="bbox 2206 4949 2646 5019">
     <span class='ocr_line' id='line_1_115' title="bbox 2206 4949 2646 5019; baseline -0.009 -13"><span class='ocrx_word' id='word_1_904' title='bbox 2206 4953 2354 5006; x_wconf 81' lang='lat' dir='ltr'><strong>facta</strong></span> <span class='ocrx_word' id='word_1_905' title='bbox 2380 4949 2646 5019; x_wconf 84' lang='lat' dir='ltr'><strong>reperies.</strong></span> 
     </span>
    </p>
   </div>
   <div class='ocr_carea' id='block_1_114' title="bbox 2274 5036 3779 5109">
    <p class='ocr_par' dir='ltr' id='par_1_114' title="bbox 2274 5036 3779 5109">
     <span class='ocr_line' id='line_1_116' title="bbox 2274 5036 3779 5109; baseline -0.004 -14"><span class='ocrx_word' id='word_1_906' title='bbox 2274 5042 2331 5095; x_wconf 90' lang='lat'><strong>7.</strong></span> <span class='ocrx_word' id='word_1_907' title='bbox 2367 5038 2721 5095; x_wconf 62' lang='lat' dir='ltr'><strong>Perreuerunt</strong></span> <span class='ocrx_word' id='word_1_908' title='bbox 2751 5054 2874 5109; x_wconf 85' lang='lat' dir='ltr'><strong>ergo</strong></span> <span class='ocrx_word' id='word_1_909' title='bbox 2911 5037 3089 5101; x_wconf 86' lang='lat' dir='ltr'><strong>ambo,</strong></span> <span class='ocrx_word' id='word_1_910' title='bbox 3134 5047 3182 5092; x_wconf 89' lang='lat' dir='ltr'><strong>et</strong></span> <span class='ocrx_word' id='word_1_911' title='bbox 3221 5046 3470 5091; x_wconf 77' lang='lat' dir='ltr'><strong>venerunt</strong></span> <span class='ocrx_word' id='word_1_912' title='bbox 3502 5036 3571 5090; x_wconf 86' lang='lat' dir='ltr'><strong>ad</strong></span> <span class='ocrx_word' id='word_1_913' title='bbox 3608 5036 3779 5089; x_wconf 86' lang='lat' dir='ltr'><strong>locum</strong></span> 
     </span>
    </p>
   </div>
   <div class='ocr_carea' id='block_1_115' title="bbox 2204 5127 3778 5204">
    <p class='ocr_par' dir='ltr' id='par_1_115' title="bbox 2204 5127 3778 5204">
     <span class='ocr_line' id='line_1_117' title="bbox 2204 5127 3778 5204; baseline -0.006 -16"><span class='ocrx_word' id='word_1_914' title='bbox 2204 5149 2359 5204; x_wconf 82' lang='lat' dir='ltr'><strong>quem</strong></span> <span class='ocrx_word' id='word_1_915' title='bbox 2408 5132 2619 5186; x_wconf 72' lang='lat' dir='ltr'><strong>dixerat</strong></span> <span class='ocrx_word' id='word_1_916' title='bbox 2666 5132 2713 5185; x_wconf 90' lang='lat' dir='ltr'><strong>ei</strong></span> <span class='ocrx_word' id='word_1_917' title='bbox 2766 5129 2905 5185; x_wconf 82' lang='lat' dir='ltr'><strong>Deus</strong></span> <span class='ocrx_word' id='word_1_918' title='bbox 2945 5130 3016 5183; x_wconf 73' lang='lat'><strong>&quot;.</strong></span> <span class='ocrx_word' id='word_1_919' title='bbox 3051 5128 3263 5199; x_wconf 77' lang='lat' dir='ltr'><strong>Moyses</strong></span> <span class='ocrx_word' id='word_1_920' title='bbox 3296 5143 3418 5182; x_wconf 88' lang='lat' dir='ltr'><strong>cum</strong></span> <span class='ocrx_word' id='word_1_921' title='bbox 3446 5127 3683 5182; x_wconf 88' lang='lat' dir='ltr'><strong>venisset</strong></span> <span class='ocrx_word' id='word_1_922' title='bbox 3713 5130 3778 5178; x_wconf 87' lang='lat' dir='ltr'><strong>ad</strong></span> 
     </span>
    </p>
   </div>
   <div class='ocr_carea' id='block_1_116' title="bbox 2205 5213 3781 5290">
    <p class='ocr_par' dir='ltr' id='par_1_116' title="bbox 2205 5213 3781 5290">
     <span class='ocr_line' id='line_1_118' title="bbox 2205 5213 3781 5290; baseline -0.008 -13"><span class='ocrx_word' id='word_1_923' title='bbox 2205 5223 2384 5277; x_wconf 90' lang='lat' dir='ltr'><strong>locum</strong></span> <span class='ocrx_word' id='word_1_924' title='bbox 2437 5234 2597 5290; x_wconf 88' lang='lat' dir='ltr'><strong>quem</strong></span> <span class='ocrx_word' id='word_1_925' title='bbox 2647 5219 2887 5274; x_wconf 88' lang='lat' dir='ltr'><strong>ostendit</strong></span> <span class='ocrx_word' id='word_1_926' title='bbox 2938 5218 2990 5273; x_wconf 91' lang='lat' dir='ltr'><strong>ci</strong></span> <span class='ocrx_word' id='word_1_927' title='bbox 3055 5218 3230 5279; x_wconf 91' lang='lat' dir='ltr'><strong>Deus,</strong></span> <span class='ocrx_word' id='word_1_928' title='bbox 3288 5231 3393 5270; x_wconf 90' lang='lat' dir='ltr'><strong>non</strong></span> <span class='ocrx_word' id='word_1_929' title='bbox 3447 5213 3781 5283; x_wconf 84' lang='lat' dir='ltr'><strong>permittitur</strong></span> 
     </span>
    </p>
   </div>
   <div class='ocr_carea' id='block_1_117' title="bbox 2206 5303 3777 5374">
    <p class='ocr_par' dir='ltr' id='par_1_117' title="bbox 2206 5303 3777 5374">
     <span class='ocr_line' id='line_1_119' title="bbox 2206 5303 3777 5374; baseline -0.007 -8"><span class='ocrx_word' id='word_1_930' title='bbox 2206 5315 2530 5374; x_wconf 85' lang='lat' dir='ltr'><strong>ascendere,</strong></span> <span class='ocrx_word' id='word_1_931' title='bbox 2568 5313 2662 5369; x_wconf 87' lang='lat' dir='ltr'><strong>sed</strong></span> <span class='ocrx_word' id='word_1_932' title='bbox 2692 5319 2820 5366; x_wconf 88' lang='lat' dir='ltr'><strong>ante</strong></span> <span class='ocrx_word' id='word_1_933' title='bbox 2861 5309 2910 5364; x_wconf 88' lang='lat' dir='ltr'><strong>ei</strong></span> <span class='ocrx_word' id='word_1_934' title='bbox 2970 5309 3172 5363; x_wconf 88' lang='lat' dir='ltr'><strong>dicitur</strong></span> <span class='ocrx_word' id='word_1_935' title='bbox 3197 5307 3243 5338; x_wconf 83' lang='grc'><strong>⁸⁸</strong></span> <span class='ocrx_word' id='word_1_936' title='bbox 3276 5323 3290 5359; x_wconf 91' lang='lat'><strong>:</strong></span> <span class='ocrx_word' id='word_1_937' title='bbox 3322 5305 3474 5361; x_wconf 87' lang='lat' dir='ltr'><strong>Solve</strong></span> <span class='ocrx_word' id='word_1_938' title='bbox 3495 5303 3777 5373; x_wconf 85' lang='lat' dir='ltr'><strong>corrigiam</strong></span> 
     </span>
    </p>
   </div>
   <div class='ocr_carea' id='block_1_118' title="bbox 3075 5394 3777 5457">
    <p class='ocr_par' dir='ltr' id='par_1_118' title="bbox 3075 5394 3777 5457">
     <span class='ocr_line' id='line_1_120' title="bbox 3075 5394 3777 5457; baseline -0.01 -3"><span class='ocrx_word' id='word_1_939' title='bbox 3075 5399 3120 5432; x_wconf 65' lang='grc'><strong>⁸⁵</strong></span> <span class='ocrx_word' id='word_1_940' title='bbox 3140 5397 3269 5453; x_wconf 89' lang='lat' dir='ltr'><strong>ibid.</strong></span> <span class='ocrx_word' id='word_1_941' title='bbox 3293 5396 3347 5449; x_wconf 82' lang='grc'>5.</span> <span class='ocrx_word' id='word_1_942' title='bbox 3420 5394 3467 5430; x_wconf 71' lang='grc'><strong>⁵⁷</strong></span> <span class='ocrx_word' id='word_1_943' title='bbox 3492 5396 3621 5451; x_wconf 88' lang='lat' dir='ltr'><strong>ibid.</strong></span> <span class='ocrx_word' id='word_1_944' title='bbox 3643 5396 3698 5457; x_wconf 73' lang='grc'>4,</span> <span class='ocrx_word' id='word_1_945' title='bbox 3721 5397 3777 5448; x_wconf 82' lang='grc'>5.</span> 
     </span>
    </p>
   </div>
   <div class='ocr_carea' id='block_1_119' title="bbox 2231 5464 3775 5544">
    <p class='ocr_par' dir='ltr' id='par_1_119' title="bbox 2231 5464 3775 5544">
     <span class='ocr_line' id='line_1_121' title="bbox 2231 5464 3775 5544; baseline -0.008 -12"><span class='ocrx_word' id='word_1_946' title='bbox 2231 5475 2273 5507; x_wconf 84' lang='grc'><strong>¹¹</strong></span> <span class='ocrx_word' id='word_1_947' title='bbox 2305 5476 2437 5531; x_wconf 90' lang='lat' dir='ltr'><strong>ibid.</strong></span> <span class='ocrx_word' id='word_1_948' title='bbox 2468 5475 2522 5544; x_wconf 89' lang='lat'><strong>7,</strong></span> <span class='ocrx_word' id='word_1_949' title='bbox 2556 5476 2611 5529; x_wconf 83' lang='lat'><strong>8.</strong></span> <span class='ocrx_word' id='word_1_950' title='bbox 2722 5473 2767 5504; x_wconf 78' lang='grc'><strong>⁸³</strong></span> <span class='ocrx_word' id='word_1_951' title='bbox 2800 5471 2961 5529; x_wconf 84' lang='lat' dir='ltr'><strong>Prov.</strong></span> <span class='ocrx_word' id='word_1_952' title='bbox 2993 5486 3073 5537; x_wconf 82' lang='lat' dir='ltr'><strong>Ix,</strong></span> <span class='ocrx_word' id='word_1_953' title='bbox 3131 5470 3183 5522; x_wconf 92' lang='grc'><strong>1.</strong></span> <span class='ocrx_word' id='word_1_954' title='bbox 3296 5466 3343 5498; x_wconf 80' lang='grc'><strong>⁵³</strong></span> <span class='ocrx_word' id='word_1_955' title='bbox 3376 5464 3573 5536; x_wconf 88' lang='lat' dir='ltr'><strong>Philip.</strong></span> <span class='ocrx_word' id='word_1_956' title='bbox 3618 5481 3679 5533; x_wconf 91' lang='grc' dir='ltr'><strong>ιι,</strong></span> <span class='ocrx_word' id='word_1_957' title='bbox 3718 5464 3775 5522; x_wconf 88' lang='lat'><strong>8.</strong></span> 
     </span>
    </p>
   </div>
   <div class='ocr_carea' id='block_1_120' title="bbox 2198 5626 3772 5701">
    <p class='ocr_par' dir='ltr' id='par_1_120' title="bbox 2198 5626 3772 5701">
     <span class='ocr_line' id='line_1_122' title="bbox 2198 5626 3772 5701; baseline -0.005 -12"><span class='ocrx_word' id='word_1_958' title='bbox 2198 5643 2254 5689; x_wconf 89' lang='lat' dir='ltr'><strong>et</strong></span> <span class='ocrx_word' id='word_1_959' title='bbox 2286 5632 2599 5687; x_wconf 86' lang='lat' dir='ltr'><strong>adverbium</strong></span> <span class='ocrx_word' id='word_1_960' title='bbox 2635 5628 3006 5701; x_wconf 85' lang='lat' dir='ltr'><strong>semper,quod</strong></span> <span class='ocrx_word' id='word_1_961' title='bbox 3041 5645 3106 5684; x_wconf 84' lang='lat' dir='ltr'><strong>ex</strong></span> <span class='ocrx_word' id='word_1_962' title='bbox 3137 5642 3266 5701; x_wconf 85' lang='lat' dir='ltr'><strong>mss.</strong></span> <span class='ocrx_word' id='word_1_963' title='bbox 3322 5626 3661 5684; x_wconf 84' lang='lat' dir='ltr'><strong>restituimus</strong></span> <span class='ocrx_word' id='word_1_964' title='bbox 3719 5629 3772 5681; x_wconf 92' lang='lat' dir='ltr'><strong>in</strong></span> 
     </span>
    </p>
   </div>
   <div class='ocr_carea' id='block_1_121' title="bbox 2203 5700 3775 5781">
    <p class='ocr_par' dir='ltr' id='par_1_121' title="bbox 2203 5700 3775 5781">
     <span class='ocr_line' id='line_1_123' title="bbox 2203 5700 3775 5781; baseline -0.006 -22"><span class='ocrx_word' id='word_1_965' title='bbox 2203 5705 2388 5773; x_wconf 86' lang='lat' dir='ltr'><strong>phrasi</strong></span> <span class='ocrx_word' id='word_1_966' title='bbox 2420 5717 2542 5771; x_wconf 68' lang='lat' dir='ltr'><strong>quae</strong></span> <span class='ocrx_word' id='word_1_967' title='bbox 2572 5702 2708 5756; x_wconf 78' lang='lat' dir='ltr'><strong>infra</strong></span> <span class='ocrx_word' id='word_1_968' title='bbox 2736 5700 2989 5781; x_wconf 77' lang='lat' dir='ltr'><strong>habetur,</strong></span> <span class='ocrx_word' id='word_1_969' title='bbox 3038 5700 3192 5755; x_wconf 83' lang='lat' dir='ltr'><strong>tertia</strong></span> <span class='ocrx_word' id='word_1_970' title='bbox 3222 5709 3397 5753; x_wconf 85' lang='lat' dir='ltr'><strong>tamen</strong></span> <span class='ocrx_word' id='word_1_971' title='bbox 3428 5701 3535 5752; x_wconf 86' lang='lat' dir='ltr'><strong>dies</strong></span> <span class='ocrx_word' id='word_1_972' title='bbox 3573 5713 3775 5767; x_wconf 81' lang='lat' dir='ltr'><strong>semper</strong></span> 
     </span>
    </p>
   </div>
   <div class='ocr_carea' id='block_1_122' title="bbox 2202 5777 2796 5845">
    <p class='ocr_par' dir='ltr' id='par_1_122' title="bbox 2202 5777 2796 5845">
     <span class='ocr_line' id='line_1_124' title="bbox 2202 5777 2796 5845; baseline -0.007 -18"><span class='ocrx_word' id='word_1_973' title='bbox 2202 5787 2325 5845; x_wconf 82' lang='lat' dir='ltr'><strong>apta</strong></span> <span class='ocrx_word' id='word_1_974' title='bbox 2350 5777 2408 5843; x_wconf 76' lang='lat' dir='ltr'><strong>ﬁt</strong></span> <span class='ocrx_word' id='word_1_975' title='bbox 2429 5777 2796 5828; x_wconf 83' lang='lat' dir='ltr'><strong>sacramentis.</strong></span> 
     </span>
    </p>
   </div>
  </div>
