4132 6462
356 353 458 409 207

1849 347 2171 406 OlthENIS

3501 361 3609 418 208

356 469 701 525 caiceamenti
750 468 813 522 de
843 466 1058 536 pedibus
1111 465 1237 521 tuis.
1281 465 1514 521 Abrahae
1547 465 1682 521 nihil
1729 466 1923 522 borum
1955 472 2002 528 Α
2030 467 2290 537 praeferas
2337 469 2466 537 Deo,
2508 484 2623 527 non
2673 472 2988 541 agnosccris
3029 476 3155 546 quia
3188 474 3382 532 timeas
3417 476 3611 535 Deum.

356 561 581 624 dicitur,
626 568 680 613 et
711 557 883 622 Isaac,
936 559 1029 612 sed
1080 556 1408 623 ascendunt,
1438 572 1537 613 nec
1560 557 1927 613 calceamenta

360 655 655 723 deponunt.
692 652 743 705 lu
771 666 878 721 quo
904 650 991 705 illa
1018 650 1270 705 fortassis
1294 661 1379 705 est
1417 651 1579 715 ratio,
1606 649 1748 717 quod
1780 649 1929 721 Moy-

354 758 466 807 ses,
492 743 738 812 quamvis
769 751 915 796 esset
947 756 1201 812 magnus,
1235 749 1416 795 tamen
1449 740 1517 795 de
1551 740 1784 811 IEgypto
1834 755 1926 795 ve-

354 834 556 899 niebat,
588 844 641 888 et
671 844 829 889 erant
861 835 1043 905 aliqua
1083 834 1433 890 mortalitatis
1454 834 1670 889 vincula
1696 834 1925 904 pedibus

351 927 467 993 ejus
512 926 730 984 innexa.
778 926 1059 981 Abraham
1098 941 1229 982 vero
1264 936 1319 981 et
1359 926 1507 982 Isaac
1547 927 1681 982 nihil
1730 928 1921 983 borum

352 1020 574 1085 habent,
630 1019 727 1074 sed
778 1020 1007 1074 veniunt
1034 1019 1100 1073 ad
1136 1020 1340 1087 locum,
1380 1020 1613 1075 aedificat
1643 1019 1921 1077 Abraham

349 1111 548 1176 altare,
600 1112 835 1180 imponit
884 1111 1031 1181 ligna
1070 1126 1234 1181 super
1280 1111 1455 1166 altare
1508 1112 1641 1184 (49),
1700 1112 1924 1183 colligat

348 1214 599 1271 puerum,
636 1212 908 1270 praeparat
950 1216 1009 1256 se
1044 1201 1110 1256 ad
1163 1202 1545 1273 jugulandum.
1592 1202 1743 1258 Multi
1786 1203 1923 1259 estis

348 1303 535 1362 patres
584 1294 637 1347 in
687 1293 931 1348 Ecclesia
965 1294 1091 1359 Dei,
1148 1294 1241 1363 qui
1294 1294 1409 1349 haec
1459 1294 1708 1349 audistis.
1752 1294 1922 1351 Putas

349 1386 546 1454 aliquis
576 1395 819 1439 vestrum
845 1399 911 1438 ex
954 1384 1066 1454 ipsa
1101 1384 1343 1440 historiae
1366 1386 1682 1441 narratione
1706 1395 1919 1440 tantum

348 1478 692 1541 constantim,
742 1486 954 1531 tantum
988 1476 1155 1530 animi
1206 1478 1372 1532 robur
1398 1477 1671 1546 acquirit,
1705 1486 1764 1531 ut
1788 1491 1918 1530 cum

350 1570 491 1624 forte
537 1570 807 1624 amittitur
846 1570 987 1625 filius
1013 1579 1187 1624 morte
1216 1570 1515 1634 communi,
1562 1580 1615 1623 et
1668 1569 1920 1625 omnibus

348 1663 549 1725 debita,
604 1663 818 1718 etiamsi
872 1663 945 1717 sit
994 1664 1210 1728 unicus,
1273 1662 1490 1716 etiamsi
1532 1660 1605 1716 sit
1655 1661 1914 1727 dilectus,

344 1753 581 1808 adducat
607 1754 707 1807 sibi
766 1754 817 1807 in
850 1754 1156 1821 exemplum
1212 1754 1519 1816 Abraham,
1552 1761 1606 1805 et
1634 1752 1918 1823 magnani-

2038 574 2137 614 nec
2159 559 2375 615 dicetur
2400 562 2465 616 de
2502 570 2579 630 te,
2620 563 2749 632 quia
2780 579 2927 619 nunc
2968 566 3194 636 cognovi
3226 566 3356 635 quia
3417 566 3612 621 timeas

2037 658 2090 704 tu
2127 649 2316 706 Deum.
2352 651 2419 705 Et
2453 660 2631 707 tamen
2668 654 3125 709 considerandum
3155 665 3261 723 est,
3284 656 3410 726 quia
3442 669 3612 725 ange-

2034 739 2117 795 lus
2155 742 2270 796 haac
2307 740 2543 797 refertur
2570 744 2637 798 ad
2682 744 2960 800 Abraham
3015 746 3247 812 locutus,
3296 756 3352 802 et
3393 745 3521 817 quia
3554 747 3610 801 in

2032 835 2492 903 consequentibus
2518 834 2805 891 evidenter
2840 837 2929 892 bic
2959 838 3186 909 angelus
3216 839 3478 895 Dominus
3518 852 3610 893 os-

2035 924 2289 980 tenditur.
2321 925 2479 981 Unde
2514 935 2644 998 puto
2680 929 2826 998 quod
2861 928 2999 984 sicut
3026 928 3177 985 inter
3215 943 3315 985 nos
3355 929 3609 986 homines

2031 1015 2219 1070 habitu
2254 1026 2503 1087 repertus
2531 1026 2615 1073 est
2641 1026 2700 1073 ut
2742 1019 2926 1084 homo,
2970 1020 3044 1074 ita
3086 1028 3143 1075 et
3191 1021 3333 1076 inter
3385 1021 3608 1093 angelos

2032 1107 2221 1163 habitu
2254 1118 2337 1163 est
2365 1120 2619 1179 repertus
2658 1121 2719 1165 ut
2766 1110 2988 1183 angelus
3034 1109 3168 1184 (50).
3214 1114 3279 1169 Et
3319 1116 3490 1186 ipsius
3514 1130 3605 1171 se-

2032 1209 2264 1270 quentes
2290 1201 2598 1271 exemplum
2631 1202 2808 1273 angeli
2866 1204 2921 1259 in
2970 1205 3109 1261 caelo
3149 1206 3405 1260 laetantur
3444 1221 3610 1275 super

2029 1305 2138 1346 nuo
2167 1300 2460 1361 peccatore
2494 1293 2876 1363 pmnitentiam
2904 1306 3099 1367 agente
3132 1298 3197 1361 ⁸ο,
3238 1307 3291 1352 et
3321 1298 3385 1353 de
3421 1296 3607 1368 profe~

2025 1381 2203 1438 ctibus
2230 1382 2509 1439 hominum
2540 1386 2861 1456 gloriantur.
2912 1388 3015 1459 Ipsi
3044 1389 3190 1444 enim
3221 1389 3368 1443 velut
3403 1404 3604 1459 procu-

2024 1474 2289 1532 rationem
2314 1477 2621 1531 animarum
2653 1488 2967 1533 nostrarum
2998 1487 3208 1547 tenent,
3234 1480 3449 1550 quibus,
3475 1482 3602 1534 dum

2028 1567 2204 1622 adhuc
2236 1568 2446 1636 parvuli
2477 1584 2688 1639 sumus,
2721 1571 2872 1625 velut
2922 1572 3191 1627 tutoribus
3234 1581 3287 1626 et
3327 1572 3605 1626 actoribus

2024 1661 2417 1715 committimur
2464 1676 2639 1731 usque
2689 1664 2758 1716 ad
2804 1662 3129 1733 praefinitum
3189 1675 3399 1733 tempus
3440 1678 3470 1717 a
3505 1660 3632 1716 Pa-.

2026 1763 2109 1807 tre
2142 1753 2209 1806 ⁶¹.
2240 1753 2305 1807 Ει
2338 1753 2584 1824 ipsiergo
2608 1768 2753 1809 nunc
2792 1755 2857 1809 de
2886 1754 3133 1824 profectu
3176 1754 3604 1825 uniuscujusque

342 1846 586 1900 mitatem
622 1843 737 1910 ejus
766 1854 892 1900 ante
920 1846 1104 1901 oculos
1132 1844 1333 1913 ponat?
1354 1844 1419 1899 Et
1449 1845 1665 1915 quidem
1687 1859 1715 1897 a
1737 1852 1789 1898 te
1808 1858 1913 1899 non
1947 1831 1991 1890 Β
2022 1852 2265 1899 nostrum
2302 1845 2515 1912 dicunt,
2549 1848 2673 1916 quia
2706 1863 2847 1903 nunc
2893 1848 3122 1917 cognovi
3173 1848 3299 1918 quia
3343 1856 3398 1901 tu
3447 1847 3606 1903 times

340 1938 581 2006 exigitur
626 1938 766 1991 istud
801 1938 968 1991 animi
1005 1937 1415 2008 magnitudinis,
1470 1947 1529 1992 ut
1558 1939 1672 2007 ipse
1722 1938 1912 2009 alliges

340 2030 531 2092 lilium,
584 2028 697 2096 ipse
728 2028 1096 2098 constringas,
1134 2028 1249 2097 ipse
1295 2028 1531 2097 gladium
1566 2043 1744 2097 pares,
1800 2029 1919 2098 ipse

339 2118 811 2189 uuicumjugules.
843 2118 966 2174 llaec
996 2120 1176 2174 omnia
1210 2134 1239 2173 a
1264 2128 1316 2174 te
1346 2119 1600 2190 mysteria
1629 2132 1734 2172 non
1767 2134 1916 2189 qua:—

339 2220 556 2265 runtur.
602 2209 889 2280 Proposito
920 2211 1113 2265 saltent
1145 2220 1200 2265 et
1244 2219 1421 2265 mente
1464 2220 1726 2266 constans
1777 2218 1915 2277 esto,

341 2303 449 2358 ﬁde
503 2302 647 2357 fixus
698 2303 852 2358 laztus
888 2302 1024 2358 oﬂ‘er
1072 2301 1238 2357 lilium
1293 2303 1421 2358 Deo.
1471 2303 1602 2357 Esto
1662 2302 1917 2357 sacerdos

339 2396 535 2450 animae
567 2395 661 2450 filii
701 2395 797 2452 tui.
831 2394 1182 2452 Sacerdotem
1205 2404 1383 2451 autem
1414 2394 1781 2451 immolantem
1807 2394 1918 2447 Deo

340 2502 446 2541 non
475 2486 633 2542 decet
675 2485 829 2541 flere.
871 2488 963 2542 Vis
1001 2487 1183 2543 videre
1208 2488 1332 2556 quia
1359 2488 1596 2557 exigitur
1625 2488 1729 2542 hoc
1770 2502 1799 2541 a
1825 2485 1920 2541 te?

338 2575 396 2631 In
431 2578 722 2649 Evangelia
742 2579 1004 2633 Dominus
1026 2579 1158 2633 dicit
1186 2579 1231 2611 ⁵⁸
1260 2595 1274 2632 :
1303 2577 1364 2633 Si
1403 2579 1503 2647 ﬁlii
1537 2579 1805 2632 Abraham
1834 2593 1918 2631 es-

336 2672 481 2737 setis,
515 2688 671 2739 opera
708 2673 889 2742 utique
916 2672 1141 2727 Abralm:
1183 2673 1449 2741 faceretis.
1484 2672 1624 2727 Ecce
1664 2670 1806 2726 istud
1835 2678 1918 2724 est

334 2777 473 2832 opus
497 2763 751 2819 Abrahae.
784 2763 967 2819 Facite
996 2779 1160 2833 opera
1186 2779 1305 2834 quae
1346 2762 1474 2819 fecit
1499 2764 1796 2829 Abraham,
1822 2761 1915 2817 scd

339 2870 447 2909 non
499 2871 620 2910 cum
667 2857 927 2913 tristitia:
978 2856 1223 2911 Hilarem
1257 2859 1394 2912 enim
1446 2858 1684 2911 datorem
1740 2856 1915 2926 diligit

338 2949 481 3006 Deus
510 2952 577 3004 ⁸⁷.
611 2951 766 3018 Quod
802 2953 847 3007 si
877 2961 933 3006 et
962 2967 1059 3007 vos
1090 2961 1197 3005 tam
1227 2954 1456 3021 prompti
1487 2950 1721 3017 fueritis,
1747 2965 1777 3005 a
1806 2950 1917 3006 Deo

337 3042 555 3098 dicetur
587 3043 745 3100 vobis
778 3045 825 3079 ⁵⁸
867 3059 877 3092 ε
916 3045 1149 3099 Asccude
1175 3046 1228 3098 in
1262 3053 1454 3098 terram
1477 3043 1757 3107 excelsam,
1778 3052 1825 3095 et
1858 3041 1915 3095 in

336 3145 569 3190 montem
591 3152 742 3206 quem
772 3137 1047 3191 ostendero
1078 3137 1191 3203 tibi,
1227 3146 1282 3191 et
1313 3136 1383 3191 ibi
1415 3134 1547 3190 offer
1576 3134 1708 3189 mihi
1740 3134 1911 3188 filium

336 3236 513 3283 tuum.
546 3228 661 3284 Non
700 3229 753 3285 in
782 3229 1063 3298 profundis
1098 3237 1277 3296 terras,
1307 3244 1405 3285 nec
1440 3229 1490 3282 in
1537 3228 1789 3283 convalle
1814 3226 1914 3283 lle-

274 3359 282 3369 .
336 3328 446 3386 tus,
480 3321 576 3376 sed
626 3320 679 3374 in
730 3321 853 3375 altis
884 3330 939 3376 et
971 3320 1203 3375 excelsis
1240 3320 1518 3375 montibus
1563 3319 1699 3375 offer
1743 3318 1913 3373 filium

338 3422 515 3466 tuum.
557 3409 795 3467 Ostende
823 3412 947 3481 quia
996 3411 1129 3467 ﬁdes
1162 3412 1215 3467 in
1250 3412 1545 3467 Dominum
1591 3412 1785 3467 fortior
1832 3420 1915 3465 est

334 3515 499 3571 quam
535 3502 718 3556 carnis
744 3502 991 3561 allectus.
1042 3504 1277 3559 Amabat
1308 3504 1478 3568 enim,
1512 3504 1706 3572 inquit,
1743 3501 1915 3555 Abra—

335 3592 462 3647 ham
504 3592 657 3648 Isaac
690 3593 858 3648 filium
892 3609 1073 3659 suum,
1102 3594 1199 3651 sed
1240 3594 1414 3649 amori
1448 3594 1631 3650 carnis
1677 3594 1915 3663 praetulit

336 3699 583 3741 amorem
615 3684 731 3752 Dei,
762 3695 815 3741 et
848 3686 1099 3742 inventus
1125 3696 1211 3743 est
1244 3702 1351 3742 non
1388 3688 1440 3742 in
1473 3684 1771 3741 visceribus
1794 3700 1918 3739 car-

334 3776 449 3842 nis,
489 3777 583 3832 sed
627 3777 680 3831 in
710 3777 1013 3834 visceribus
1043 3778 1270 3843 Christi,
1302 3778 1352 3833 id
1392 3786 1479 3833 est
1525 3778 1579 3832 in
1616 3776 1915 3833 visceribus

335 3869 487 3925 verbi
522 3868 617 3925 Dei
643 3878 699 3924 et
734 3869 983 3925 veritatis
1011 3878 1065 3925 et
1095 3870 1399 3940 sapientiae.

406 3961 459 4014 8.
489 3958 767 4026 Extendit,
802 3961 977 4030 inquit
1000 3961 1068 4029 ⁸⁸,
1094 3959 1363 4015 Abraham
1391 3976 1607 4015 manum
1643 3975 1819 4025 suam,
1854 3967 1909 4012 ut

332 4054 595 4121 acciperet
618 4052 880 4123 gladium,
909 4063 959 4107 et
972 4051 1246 4122 jugularet
1270 4052 1442 4119 ﬁlium
1471 4068 1652 4117 suum,
1680 4060 1729 4105 et
1757 4066 1911 4106 uoca-

330 4147 400 4196 uit
429 4160 547 4197 eum
576 4144 794 4215 angelus
828 4144 1038 4199 Domini
1066 4146 1132 4199 de
1162 4146 1311 4211 creto,
1337 4154 1385 4199 et
1412 4145 1549 4198 dixit
1575 4156 1594 4196 :
1620 4142 1909 4205 Abraham,

330 4234 621 4290 Abraham.
648 4236 713 4289 At
738 4236 827 4290 ille
857 4238 989 4291 dixit
1020 4252 1031 4287 :
1063 4236 1201 4292 Ecce
1239 4253 1352 4307 ego.
1386 4234 1452 4289 Et
1478 4236 1619 4289 dixit
1650 4252 1669 4289 :
1710 4232 1793 4287 Ne
1827 4233 1909 4287 in-

324 4326 483 4395 jicias
526 4345 740 4383 manum
788 4339 933 4384 tuam
977 4346 1135 4400 super
1158 4346 1403 4400 puerum,
1458 4347 1619 4401 neque
1654 4332 1823 4399 facias
1859 4331 1907 4385 ei

325 4422 634 4491 quidquam.
670 4420 827 4477 Nunc
856 4424 995 4477 enim
1027 4425 1242 4493 cognovi
1275 4426 1403 4494 quia
1437 4434 1493 4477 tu
1529 4426 1679 4479 times
1710 4424 1902 4479 Deum.

2020 1935 2215 1991 Deum.
2268 1932 2430 1991 Verbi
2466 1952 2650 2003 causa,
2683 1942 3017 2010 propositum
3053 1939 3227 1993 haben
3260 1938 3599 2008 martyrium,

2023 2046 2130 2085 non
2157 2045 2220 2084 cx
2249 2030 2351 2085 hoc
2380 2029 2566 2086 dicere
2589 2032 2655 2086 ad
2677 2048 2762 2087 me
2789 2032 3012 2103 angelus
3042 2031 3262 2101 poterit,
3298 2030 3423 2100 quia
3457 2045 3602 2084 nunc

2020 2122 2249 2193 cognovi
2273 2123 2422 2192 quod
2455 2134 2509 2177 tu
2541 2125 2696 2179 times
2739 2124 2925 2178 Deum.
2962 2123 3071 2178 Deo
3108 2123 3251 2177 enim
3276 2122 3378 2176 soli
3414 2120 3601 2191 cogni-

2020 2228 2137 2269 tum
2169 2223 2253 2269 est
2279 2218 2613 2285 propositum
2666 2216 2886 2271 mentis.
2933 2214 2991 2270 Si
3036 2231 3167 2271 vero
3201 2229 3483 2269 accessero
3530 2213 3600 2267 ad

2020 2321 2242 2376 agones,
2278 2309 2555 2378 protulero
2590 2305 2786 2364 bonam
2822 2308 3243 2373 confessionem,
3292 2321 3412 2377 qua:
3460 2305 3599 2360 iule-

2020 2409 2218 2454 runtur
2274 2410 2593 2457 constanter
2631 2410 2824 2457 cuncta
2869 2415 3182 2475 suscepere,
3241 2410 3370 2455 tunc
3421 2406 3601 2468 potest

2021 2492 2202 2548 dicere
2235 2495 2481 2563 angelus,
2547 2492 2691 2547 velut
2741 2492 3072 2548 confirmans
3117 2508 3203 2547 me
3247 2501 3300 2547 et
3339 2492 3599 2546 corrobo-

2022 2598 2146 2639 rans
2192 2600 2206 2638 :
2253 2582 2410 2637 Nunc
2466 2584 2685 2654 cognovi
2731 2585 2869 2653 quod
2893 2598 2948 2637 tu
2990 2584 3138 2637 times
3170 2581 3361 2636 Deum.
3396 2579 3595 2634 Verum

2020 2674 2136 2731 haec
2164 2673 2311 2731 dicta
2357 2683 2485 2730 sunt
2532 2675 2599 2730 ad
2642 2674 2940 2741 Abraham,
2999 2683 3057 2728 ut
3098 2671 3478 2743 pronuntiatus
3527 2669 3601 2725 sit

2021 2767 2210 2823 timere
2234 2768 2419 2823 Deum.
2447 2766 2663 2833 Quare?
2694 2766 2823 2836 quia
2874 2782 2979 2820 non
3016 2765 3261 2835 pepercit
3328 2759 3435 2817 lilio
3472 2777 3594 2817 suo.

2021 2858 2131 2915 Nos
2159 2874 2292 2915 vero
2332 2859 2680 2914 conferamus
2713 2859 2831 2913 haec
2869 2872 2991 2912 cum
3029 2855 3271 2926 Apostoli
3302 2854 3480 2920 dictis,
3506 2853 3595 2907 ubi

2018 2952 2240 3007 dicitde
2268 2950 2379 3006 Deo
2399 2952 2443 2983 ⁶²
2473 2970 2485 3005 :
2519 2949 2622 3015 Qui
2652 2951 2866 3019 proprio
2895 2947 3035 3002 Filio
3079 2964 3175 3002 suo
3212 2962 3315 3001 non
3345 2946 3594 3015 pepercit,

2017 3042 2108 3097 sed
2136 3059 2229 3112 pro
2275 3042 2424 3095 nobis
2466 3042 2706 3095 omnibus
2753 3040 2971 3093 tradidit
3024 3039 3195 3093 illum.
3245 3037 3380 3091 Vide
3426 3036 3593 3090 Deum

2018 3137 2303 3206 magnifica
2357 3151 2481 3191 cum
2536 3135 2847 3189 hominibus
2899 3133 3223 3187 liberalitate
3268 3137 3594 3185 certantem.

2015 3230 2293 3285 Abraham
2338 3227 2625 3283 mortalem
2662 3226 2829 3280 lilium
2876 3240 2982 3280 non
3035 3225 3358 3279 moriturum
3400 3220 3597 3277 obtulit

2016 3322 2149 3388 Deo,
2187 3322 2330 3375 Deus
2374 3318 2740 3373 immortalem
2782 3317 2975 3372 Filium
3010 3331 3108 3386 pro
3146 3316 3400 3371 omnibus
3424 3313 3597 3368 tradi-

2016 3412 2095 3467 dit
2118 3412 2304 3467 morti.
2330 3410 2471 3477 Quid
2496 3425 2594 3465 nos
2615 3410 2681 3464 ad
2714 3410 2832 3464 haec
2862 3408 3141 3463 dicemus?
3170 3408 3297 3477 quid
3325 3406 3597 3462 retribue-

2016 3518 2138 3559 mus
2160 3503 2389 3557 Domino
2439 3516 2538 3571 pro
2570 3500 2821 3555 erunibus
2865 3514 2986 3569 quae
3034 3498 3289 3553 retribuit
3328 3497 3487 3551 nobis
3516 3494 3597 3550 ⁸³2

2015 3594 2159 3650 Deus
2193 3593 2354 3649 Pater
2407 3604 2632 3665 propter
2666 3608 2763 3647 nos
2815 3593 3037 3663 proprio
3083 3591 3222 3646 Filio
3258 3605 3363 3645 non
3398 3603 3593 3660 peper-

2016 3686 2091 3741 cit
2120 3686 2188 3740 “.
2214 3685 2349 3757 Quis
2379 3695 2619 3741 vestrum
2650 3694 2807 3754 putas
2839 3685 3024 3740 audiet
3064 3684 3354 3755 aliquando
3400 3698 3590 3737 vocem

2013 3781 2447 3851 angelidiceutis
2482 3798 2496 3835 :
2534 3779 2689 3835 Nune
2710 3779 2934 3851 cognovi
2968 3778 3095 3849 quia
3135 3776 3292 3831 times
3320 3784 3374 3829 tu
3403 3774 3593 3839 Deum,

2012 3874 2137 3942 quia
2171 3888 2274 3927 non
2303 3871 2591 3943 pepercisti
2623 3873 2733 3928 lilio
2771 3880 2860 3925 tuo
2888 3870 2972 3927 vel
3006 3868 3130 3923 lilia:
3159 3879 3286 3934 tuae,
3327 3868 3410 3923 vel
3461 3881 3594 3921 uxo-

2013 3965 2081 4029 ri,
2124 3974 2217 4019 aut
2257 3980 2368 4019 non
2407 3966 2693 4035 pepercisti
2727 3966 2990 4035 pecuniae,
3026 3963 3114 4019 vel
3154 3962 3456 4017 honoribus
3495 3973 3595 4013 sat:-

2013 4056 2142 4120 culi,
2176 4064 2234 4111 et
2285 4055 2676 4111 ambitionibus
2724 4054 2932 4120 mundi,
2975 4054 3069 4109 sed
3116 4052 3299 4108 omnia
3349 4060 3595 4105 contem-

2013 4147 2165 4216 psisti
2190 4156 2244 4202 et
2273 4147 2456 4203 omnia
2489 4146 2693 4202 duxisti
2727 4157 2787 4201 ut
2819 4155 3092 4209 stercora,
3127 4153 3181 4199 ut
3211 4145 3485 4199 Christum
3512 4141 3595 4195 lu-

2010 4240 2324 4306 crifaceres,
2360 4238 2653 4294 vendidisti
2691 4240 2871 4293 omnia
2911 4247 2965 4294 et
3002 4236 3200 4294 dedisti
3236 4234 3589 4305 pauperibus,

2008 4342 2062 4387 et
2084 4340 2300 4387 secutus
2332 4346 2391 4386 es
2420 4329 2641 4385 verbum
2672 4328 2808 4384 Dei?
2838 4328 2971 4395 Quis
2992 4338 3257 4390 vestrum,
3287 4335 3465 4395 putas,
3498 4338 3593 4375 au-

2009 4424 2119 4479 diet
2143 4425 2208 4477 ab
2244 4423 2457 4492 angelis
2490 4420 2863 4491 hujuscemodi
2911 4419 3143 4474 vocem?
3187 4418 3386 4473 lterum
3419 4415 3594 4469 Abra-

328 4512 385 4568 ln
420 4515 520 4569 hoc
551 4530 679 4584 ergo
706 4530 955 4573 sermone
997 4517 1136 4571 solet
1164 4514 1326 4584 objiei
1360 4517 1549 4579 nobis,
1584 4518 1728 4588 quod
1762 4516 1904 4572 Deus
1938 4532 1981 4587 ι)
2010 4512 2135 4565 ham
2162 4513 2313 4566 audit
2351 4513 2495 4565 hanc
2532 4525 2747 4574 vocem.
2780 4518 2837 4564 el
2873 4508 3073 4563 ἀῗοίιυτ
3108 4508 3175 4563 ad
3212 4522 3335 4563 eum
3369 4508 3435 4572 ⁸⁸»
3468 4505 3592 4575 qui“

330 4620 474 4660 nunc
527 4621 586 4661 se
635 4609 957 4677 cognovisse
1009 4609 1176 4677 dicat,
1224 4610 1353 4678 quia
1403 4610 1679 4665 Abraham
1718 4610 1906 4665 timeat

328 4697 524 4763 Deum,
550 4699 704 4775 quasi
734 4700 823 4768 qui
868 4707 992 4753 ante
1031 4700 1383 4769 iguoraverit.
1410 4700 1631 4755 Sciebat
1681 4702 1824 4755 Deus
1853 4712 1909 4756 et

328 4802 437 4842 non
487 4805 608 4844 eum
667 4789 889 4855 latebat,
942 4791 1142 4862 quippe
1179 4792 1268 4861 qui
1311 4793 1463 4847 novit
1510 4794 1693 4847 omnia
1748 4804 1905 4848 ante-

327 4893 492 4947 quam
523 4880 655 4934 fiant
683 4897 697 4947 ;
736 4883 827 4937 sed
860 4893 1080 4953 prapter
1112 4892 1163 4938 te
1194 4883 1309 4937 haec
1342 4883 1547 4953 scripta
1584 4892 1749 4938 sunt:
1775 4883 1901 4951 quia

328 4979 385 5023 et
419 4978 474 5023 tu
525 4970 804 5026 credidisti
842 4972 1059 5041 quidem
1111 4972 1242 5037 Deo,
1277 4973 1372 5028 sed
1422 4971 1526 5026 nisi
1571 4985 1735 5040 opera
1779 4970 1902 5023 fidei

327 5062 437 5132 83
482 5062 809 5131 expleveris,
860 5065 960 5118 nisi
1015 5066 1066 5119 in
1112 5063 1364 5121 omnibus
1398 5064 1685 5134 praeceptis
1733 5062 1899 5118 etiam

325 5153 721 5211 difficilioribus
759 5158 1029 5225 parueris,
1056 5157 1159 5211 nisi
1177 5156 1506 5212 sacrificium
1536 5155 1819 5223 obtuleris,
1846 5167 1900 5213 et

326 5246 627 5301 ostenderis
657 5247 783 5316 quia
820 5262 923 5302 nec
951 5257 1183 5318 patrem,
1213 5262 1311 5303 nec
1344 5257 1598 5313 matrem,
1629 5260 1730 5303 nec
1760 5247 1904 5302 filios

432 5362 479 5395 ⁸⁸
500 5362 652 5419 Joan.
684 5378 805 5427 vni,
834 5364 923 5418 59.
1001 5363 1049 5396 ⁸⁷
1071 5363 1111 5417 ll
1139 5363 1264 5417 Cor.
1291 5379 1368 5425 ix,
1400 5363 1452 5415 7.
1529 5362 1577 5395 ⁸⁸
1615 5363 1815 5420 Cenes.
1842 5382 1978 5429 χχιι,
2010 5365 2064 5419 2.

2009 4619 2113 4656 non
2135 4603 2408 4671 pepercisti
2431 4602 2541 4671 ﬁlio
2566 4611 2655 4655 tuo
2677 4588 2865 4654 dilecto
2895 4609 3105 4669 prapter
3135 4616 3237 4656 me.

2076 4695 2132 4747 9.
2175 4693 2242 4748 Et
2292 4695 2597 4762 respiciens,
2650 4692 2823 4762 inquit
2859 4692 2925 4759 “,
2969 4692 3234 4745 Abraham
3269 4689 3435 4743 oculis
3477 4688 3586 4741 suis

2008 4787 2159 4852 sidit,
2194 4797 2243 4840 et
2268 4802 2383 4840 ecce
2406 4786 2545 4840 aries
2569 4788 2844 4842 tenebatur
2870 4782 3119 4839 cornibus
3153 4784 3205 4835 in
3230 4781 3456 4851 virgulto
3482 4778 3585 4833 Sa-

2009 4879 2155 4934 bech.
2212 4877 2485 4944 Diximus,
2545 4887 2698 4947 puto,
2746 4878 2802 4933 in
2844 4875 3223 4947 superioribus
3252 4872 3398 4943 quod
3438 4870 3587 4925 Isaac

2013 4969 2243 5025 formam
2276 4978 2491 5039 gereret
2518 4968 2744 5037 Christi,
2777 4969 2874 5023 sed
2900 4977 2959 5022 et
3006 4965 3151 5019 aries
3183 4963 3274 5017 hic
3316 4961 3592 5017 nihilomi-

2010 5078 2112 5119 nus
2148 5062 2378 5117 formam
2406 5060 2612 5116 Christi
2653 5074 2844 5132 gerere
2878 5059 3116 5114 videtur.
3164 5054 3271 5109 Sed
3318 5049 3589 5123 quomodo

2010 5156 2232 5213 Christo
2266 5162 2499 5223 uterque
2536 5152 2850 5216 conveniat,
2886 5158 2939 5205 et
2974 5149 3121 5203 Isaac
3144 5144 3237 5215 qui
3262 5158 3368 5199 non
3396 5149 3480 5195 est
3502 5140 3588 5207 ju-

2012 5248 2253 5320 gulatus,
2277 5255 2331 5303 et
2364 5247 2509 5303 aries
2551 5246 2644 5317 qui
2694 5243 2973 5316 iugulatus
3005 5249 3109 5305 est,
3143 5252 3325 5308 operm
3353 5236 3585 5305 pretium

2160 5366 2205 5397 ⁸⁸
2246 5363 2376 5419 ibid.
2411 5362 2479 5417 l0
2510 5371 2563 5416 et
2591 5376 2745 5431 seqq.
2821 5360 2866 5391 “
2899 5355 3257 5431 Lttc.ng,rl_0.
3334 5354 3375 5385 ⁶¹
3407 5351 3583 5408 Galat.

325 5446 401 5500 tv,
445 5433 501 5488 2.
575 5434 619 5466 ⁸⁸
643 5432 800 5489 Rom.
832 5450 949 5499 γιιι,
971 5433 1063 5488 52.
1142 5434 1187 5465 ⁸³
1218 5432 1361 5488 Psal.
1393 5448 1517 5501 cxv,
1546 5434 1633 5488 12.
1708 5436 1751 5467 ⁸³
1778 5436 1912 5491 Rom

2020 5452 2081 5502 tt,
2110 5436 2200 5491 '52.
2278 5435 2322 5466 ⁸⁵
2352 5433 2557 5489 Gencs.
2584 5426 2721 5498 xxii,
2744 5431 2833 5485 12.
2908 5430 2953 5461 ⁸⁸
2991 5428 3125 5483 ibid.
3153 5426 3241 5481 l5.

396 5568 636 5653 (i9)._Sie
684 5587 816 5627 mss.
854 5571 1028 5639 Alias,
1067 5571 1333 5640 wdi/icant
1360 5568 1578 5624 altare:
1624 5570 1894 5624 Abraham

320 5645 468 5710 ponit
495 5644 657 5710 ligna.

394 5711 508 5783 (50)
558 5710 744 5783 Utrum
771 5709 1046 5783 Christum
1075 5709 1560 5783 antequambomo
1582 5708 1759 5769 fieret.
1784 5708 1905 5763 sub-

322 5780 657 5838 sta'nti'aliter
697 5781 752 5837 in
780 5781 984 5851 angelis
1010 5780 1545 5847 bomiuumsalutem
1574 5794 1904 5853 promoven-

2006 5568 2151 5624 tibus
2181 5566 2418 5622 adfuisse
2459 5565 2693 5622 senserit
2732 5562 3015 5634 Origenes,
3058 5557 3283 5634 cotistile
3330 5554 3586 5634 lluetium

2010 5640 2323 5709 Urigenian.
2352 5636 2449 5691 lib.
2477 5651 2544 5709 λιι,
2583 5644 2776 5709 qumst.
2807 5625 2862 5696 Ξῖ
2899 5625 3146 5709 num.n2_.
3180 5628 3312 5709 Vide
3338 5625 3583 5709 ejusdem

2010 5698 2363 5778 quaestionem
2398 5698 2759 5778 quintariuubi
2798 5716 3013 5778 omnem
3051 5699 3299 5771 Origenis
3323 5698 3389 5753 de
3423 5709 3587 5765 attge-

2009 5772 2078 5839 lis
2110 5772 2429 5841 doctrinam
2443 5777 2562 5832 fuse
2583 5785 2636 5832 et
2667 5776 2821 5832 docte
2843 5772 3041 5843 aperit.
