4132 6412
390 2274 393 2275 ν
492 2218 680 2255 nomen
732 2200 836 2254 loci
883 2201 1049 2265 illius,

477 431 584 489 ειυς

1690 428 1756 483 ΙΝ
1796 426 2097 485 GENESIM
2134 423 2419 481 IIOMILIA
2453 425 2547 481 IX.

3638 418 3746 477 210

478 561 562 610 est
584 562 832 608 noscere.
863 548 1115 606 Christus
1139 548 1377 605 Verbum
1417 547 1510 603 Dei
1561 557 1669 615 est,
1708 549 1803 606 sed
1847 547 2071 603 Verbum
2098 553 2145 610 Α
2172 548 2266 603 sed
2314 548 2471 604 nobis
2505 548 2635 617 quae
2673 544 2959 603 offerimus
3007 548 3361 603 redonantur.
3409 545 3550 600 Deus
3597 542 3743 598 cnim

478 659 602 698 caro
631 644 834 712 factum
858 650 935 695 est
971 641 1038 695 ⁸⁷.
1075 639 1252 695 Unum
1277 639 1444 711 igitur
1481 642 1535 695 in
1563 641 1785 697 Christo
1810 642 1877 697 de
1902 655 2065 709 supe-

478 735 718 793 rioribus
741 744 845 801 est,
874 734 1109 790 alterum
1151 749 1219 787 ex
1248 733 1489 788 humana
1514 742 1707 788 natura
1736 743 1790 789 et
1817 733 2067 805 virginali

478 838 635 884 utero
687 834 1026 895 susceptum.
1089 824 1300 879 Patitur
1347 841 1478 896 ergo
1525 827 1800 891 Christus,
1859 827 1954 881 sed
2011 826 2065 880 in

480 934 678 985 carne;
712 928 767 973 et
797 918 1019 987 pertulit
1045 927 1299 983 mortem,
1328 920 1421 974 sed
1447 934 1597 983 caro,
1626 919 1784 988 cujus
1807 919 1896 973 hic
1925 919 2069 973 aries

480 1012 656 1066 forma
686 1022 769 1066 est
806 1030 820 1066 :
849 1010 992 1065 sicut
1026 1018 1082 1065 et
1102 1009 1343 1066 Joannes
1373 1010 1652 1067 dicebat“
1684 1033 1695 1067 :
1728 1010 1865 1065 Ecce
1900 1028 2068 1082 agnus

482 1105 603 1169 Dei,
628 1121 745 1159 ecce
776 1105 865 1175 qui
893 1104 1035 1158 tollit
1062 1116 1282 1175 peccata
1327 1106 1538 1161 mundi.
1583 1104 1814 1161 Verbum
1845 1119 1980 1160 vero
2011 1105 2066 1159 in

486 1197 894 1265 inccrruptione
924 1197 1247 1266 permansit,
1282 1198 1427 1267 quod
1451 1206 1536 1253 est
1575 1198 1876 1253 secundum
1903 1197 2068 1267 spiri-

486 1298 602 1342 tum
638 1288 906 1353 Christus,
953 1288 1106 1357 cujus
1147 1288 1329 1360 imago
1371 1298 1456 1346 est
1504 1291 1676 1346 Isaac.
1712 1288 1842 1345 Ideo
1877 1291 1991 1358 ipse
2016 1298 2070 1344 et

486 1376 663 1430 hostia
696 1390 797 1443 est,
825 1388 878 1430 et
906 1376 1146 1446 pontifex
1175 1377 1476 1432 secundum
1510 1377 1785 1447 spiritum.
1812 1374 1946 1430 Nam
1977 1374 2068 1443 qui

486 1465 643 1521 oﬁ‘ert
674 1467 906 1522 hostiam
936 1467 1080 1522 Patri
1113 1468 1416 1525 secundum
1459 1483 1703 1535 carnem,
1742 1469 1858 1537 ipse
1899 1468 1955 1521 in
1992 1467 2071 1520 al—

490 1560 601 1613 tari
630 1560 813 1614 crucis
845 1559 1094 1625 oﬂ'ertur,
1125 1560 1250 1629 quia
1301 1561 1442 1615 sicut
1483 1560 1685 1615 dictum
1733 1568 1816 1612 est
1848 1560 1916 1613 de
1954 1573 2067 1613 eo:

493 1651 629 1704 Ecce
654 1667 818 1720 agnus
851 1650 972 1716 Dei,
1014 1668 1131 1706 ecce
1158 1652 1248 1721 qui
1281 1651 1417 1705 tollit
1456 1661 1725 1719 peccatum
1746 1650 1970 1715 mundi;
1999 1649 2073 1704 ita

489 1742 554 1796 de
585 1756 650 1797 eo
676 1741 884 1797 dictum
923 1750 1007 1797 est
1029 1742 1075 1774 °’
1108 1759 1123 1796 :
1161 1741 1239 1795 Tu
1273 1758 1327 1795 es
1356 1742 1601 1796 sacerdos
1630 1742 1685 1794 in
1713 1751 1965 1796 aeternum
1986 1756 2071 1793 sc-

491 1834 723 1888 cundum
750 1835 985 1888 ordinem
1018 1833 1419 1889 Melchisedech.
1456 1833 1693 1889 Tenetur
1716 1847 1845 1901 ergo
1882 1833 2092 1888 corni-.

490 1925 594 1980 bus
624 1927 767 1981 aries
799 1926 852 1980 in
879 1926 1117 1995 virgulto
1154 1925 1393 1981 Sabecb.

566 2018 654 2075 10.
696 2017 763 2071 Et
792 2019 1015 2088 accepit,
1051 2017 1231 2088 inquit
1265 2018 1332 2084 7°,
1374 2020 1610 2082 arietem,
1642 2024 1691 2070 et
1736 2015 1924 2070 obtulit
1953 2030 2070 2069 eum

491 2109 860 2164 holocaustum
898 2127 994 2179 pro
1024 2108 1182 2164 Isaac
1215 2110 1328 2177 ﬁlio
1368 2126 1483 2174 suo,
1508 2119 1555 2163 et
1581 2109 1777 2164 vocavit
1804 2108 2073 2163 Abraham

1116 2200 1376 2255 Dominus
1410 2201 1566 2257 uidet.
1614 2199 1922 2257 Scientibus
1959 2203 2075 2255 hac

492 2291 707 2355 audire,
739 2291 1115 2360 intelligentiae
1144 2292 1411 2361 spiritalis
1436 2292 1661 2349 evidens
1682 2294 1934 2363 panditur
1965 2294 2071 2347 via.

490 2380 686 2437 Omnia
724 2383 869 2437 enim
908 2399 1030 2453 qua:
1062 2395 1214 2454 gesta
1256 2393 1405 2451 sunt,
1447 2385 1512 2439 ad
1562 2385 1832 2440 visionem
1882 2398 2074 2455 perve-

493 2472 676 2526 niunt.
712 2472 920 2527 Dicitur
948 2490 1183 2544 namque
1222 2476 1350 2544 quia
1397 2475 1657 2530 Dominus
1708 2476 1874 2529 videt.
1923 2474 2074 2529 Visio

493 2573 672 2618 autem
698 2578 860 2633 quam
889 2564 1150 2619 Dominus
1187 2566 1347 2630 vidit,
1385 2566 1437 2620 in
1469 2566 1666 2635 spiritu
1704 2574 1805 2631 est,
1837 2576 1899 2619 ut
1935 2576 1989 2619 et
2017 2573 2073 2620 tu

494 2653 613 2708 haec
654 2669 773 2723 qua:
801 2656 1004 2726 scripta
1047 2664 1196 2722 sunt,
1241 2657 1294 2711 in
1337 2658 1533 2726 spiritu
1572 2658 1789 2725 videas;
1841 2668 1895 2712 et
1936 2659 2077 2714 sicut

492 2746 547 2803 in
571 2747 800 2803 Domino
824 2765 1146 2819 corporeum
1179 2751 1313 2806 nihil
1353 2760 1455 2817 est,
1498 2752 1573 2805 ita
1614 2751 1776 2807 etiam
1808 2759 1861 2805 tu
1893 2750 1946 2805 in
1991 2750 2077 2806 his

491 2841 746 2896 omnibus
777 2856 1102 2911 corporeum
1127 2843 1259 2898 nihil
1290 2845 1529 2909 sentias;
1560 2843 1657 2897 sed
1681 2842 1736 2897 in
1770 2841 1963 2911 spiritu
1985 2856 2077 2912 ge-

493 2944 652 2985 neres
697 2931 861 2986 etiam
900 2940 953 2985 tu
1005 2932 1175 2988 filium
1218 2933 1391 3001 Isaac,
1440 2948 1562 2989 cum
1611 2932 1813 2987 habere
1840 2933 2076 3002 cceperis

494 3018 733 3075 fructum
764 3020 1009 3091 spiritus,
1038 3024 1329 3093 gaudium,
1355 3039 1565 3095 pacem.
1594 3024 1763 3091 Quem
1803 3029 1982 3081 tamen
2014 3027 2078 3081 ll-

495 3110 626 3166 lium
656 3112 727 3166 ita
762 3113 976 3168 demum
1010 3117 1325 3184 generabis,
1357 3118 1425 3181 si,
1453 3125 1513 3170 ιιι
1544 3118 1610 3173 de
1638 3119 1775 3174 Sara
1809 3122 2074 3189 scriptum

494 3209 578 3256 est
605 3203 674 3267 7’,
702 3205 832 3273 quia
865 3204 1186 3261 defecerunt
1217 3206 1369 3262 Sarae
1402 3210 1712 3277 muliebria,
1743 3220 1796 3267 et
1826 3221 1953 3267 tunc
1983 3226 2076 3282 ge-

496 3295 618 3352 nuit
647 3295 818 3364 lsaac,
858 3298 929 3352 ita
963 3298 1219 3355 deﬁciant
1257 3310 1312 3357 et
1338 3302 1389 3357 in
1418 3304 1598 3357 anima
1640 3313 1729 3358 tua
1764 3305 2074 3372 muliebria,

506 3396 564 3441 ut
610 3387 757 3442 nihil.
793 3387 905 3456 jam
951 3390 1217 3447 muliebre
1264 3401 1318 3448 et
1374 3392 1743 3451 effeminatum
1787 3398 1988 3453 habeas
2023 3398 2076 3452 in

500 3479 682 3533 anima
718 3489 827 3545 tua,
863 3483 960 3537 sed
986 3483 1218 3540 viriliter
1249 3500 1403 3553 agas,
1437 3497 1491 3543 et
1517 3490 1749 3544 viriliter
1776 3491 2079 3561 praecingas

499 3571 717 3628 lumbos
764 3582 918 3639 tuos;
962 3576 1006 3630 si
1056 3576 1127 3632 sit
1174 3588 1366 3648 pectus
1395 3588 1545 3635 tuum
1585 3582 1807 3638 thorace
1853 3584 2079 3654 justitia‘.

496 3662 791 3727 munitum,
828 3663 871 3719 si
906 3664 1059 3734 galea
1098 3667 1294 3724 salutis
1327 3679 1379 3724 et
1415 3670 1599 3741 gladio
1630 3672 1856 3741 spiritus
1888 3673 2076 3727 accin-

497 3753 665 3818 garis.
700 3751 756 3808 Si
789 3770 921 3827 ergo
964 3756 1220 3813 deficiant
1280 3761 1567 3817 muliebria
1620 3762 1737 3818 fieri
1784 3763 1837 3819 in
1894 3765 2076 3819 anima

500 3850 610 3909 tua,
641 3860 869 3914 generas
906 3846 1072 3902 lilium
1107 3849 1176 3907 de
1199 3851 1432 3924 conjuge
1456 3864 1545 3907 tua
1569 3854 1766 3909 virtute
1788 3863 1842 3909 et
1867 3856 2081 3925 sapiens

499 3933 597 4000 tia,
629 3936 885 4005 gaudium
916 3953 980 3993 ac
1015 3940 1281 3998 lzetitiam.
1314 3942 1559 4000 Generas
1589 3954 1770 4002 autem
1797 3946 2075 4015 gaudium,

499 4026 544 4080 si
584 4042 747 4081 omne
770 4030 1026 4099 gaudium
1051 4034 1479 4103 existimaveris,
1511 4051 1633 4091 cum
1660 4039 1713 4092 in
1748 4038 2079 4095 tentationes

498 4121 681 4176 varias
704 4123 961 4179 incideris
994 4126 1059 4189 τ’,
1094 4135 1148 4181 et
1175 4128 1319 4183 istud
1370 4130 1628 4200 gaudium
1654 4131 1853 4187 offeras
1898 4132 1951 4185 in
1991 4147 2077 4187 sa-

500 4211 767 4267 crificium
836 4215 965 4270 Deo.
1018 4216 1155 4270 Cum
1210 4220 1359 4274 enim
1434 4220 1589 4278 laetus
1649 4224 1946 4278 accesseris
2010 4223 2088 4278 ad.

500 4298 693 4367 Deum,
728 4303 929 4360 iterum
985 4306 1081 4361 tibi
1126 4308 1310 4363 reddit
1351 4312 1499 4380 quod
1539 4312 1830 4379 obtuleris,
1862 4322 1916 4370 et
1946 4314 2081 4370 dicit

501 4393 596 4447 tibi
620 4392 689 4459 ⁷³,
717 4394 843 4464 quia
877 4397 1071 4451 iterum
1098 4399 1338 4455 videbitis
1361 4418 1465 4467 me,
1502 4412 1550 4457 et
1582 4404 1828 4473 gaudebit
1869 4422 1962 4460 cor
1991 4422 2077 4461 ec-

496 4493 688 4551 strunt,
733 4495 782 4540 et
823 4490 1076 4556 gaudium
1108 4500 1335 4545 vestrum
1390 4509 1543 4548 nemo
1596 4495 1798 4563 auferet
1837 4514 1869 4551 a
1910 4498 2074 4553 vobis.

2168 640 2368 695 nullius
2403 640 2629 710 indiget,
2661 639 2761 695 sed
2788 654 2888 695 nos
2918 639 3038 694 vult
3084 638 3282 695 divites
3321 653 3462 702 esse,
3498 644 3745 693 nostrum

2166 732 2441 787 desiderat
2476 746 2571 800 per
2600 731 2812 800 singula
2856 746 3085 801 quaeque
3128 732 3452 801 profectum.
3493 729 3618 785 Hazc
3649 742 3745 784 no-

2166 825 2251 879 bis
2283 825 2456 894 figura
2489 825 2800 880 ostenditur
2827 825 2993 879 etiam
3028 825 3081 878 in
3118 825 3203 879 his
3252 839 3373 894 quas
3424 830 3575 891 gesta
3616 829 3747 876 sunt

2167 932 2294 988 erga
2313 917 2435 972 Job.
2462 917 2528 972 Et
2555 916 2648 973 ille
2670 918 2812 971 enim
2838 925 3062 986 propter
3094 917 3262 971 Deum
3300 915 3533 985 perdidit
3561 912 3744 968 omnia

2167 1024 2289 1064 cum
2323 1011 2477 1065 dives
2502 1018 2671 1065 esset.
2698 1010 2804 1065 Sed
2832 1009 2958 1078 quia
2994 1007 3222 1078 pertulit
3248 1008 3386 1063 bene
3420 1020 3620 1077 agones
3646 1019 3743 1074 pa-

2170 1102 2397 1165 tientiae,
2427 1110 2481 1157 et
2516 1103 2570 1157 in
2599 1103 2853 1157 omnibus
2895 1117 3015 1172 quae
3063 1116 3257 1172 passus
3302 1108 3407 1166 est,
3465 1099 3749 1169 magnani-

2170 1207 2293 1245 mus
2317 1191 2438 1259 fuit,
2472 1201 2527 1247 et
2562 1193 2765 1247 dixit"
2798 1210 2812 1247 :
2847 1192 3105 1246 Dominus
3134 1192 3298 1257 dedit,
3335 1190 3593 1244 Dominus
3629 1188 3748 1242 abs-

2170 1283 2289 1336 tulit
2322 1297 2342 1335 :
2403 1292 2458 1337 ut
2487 1283 2709 1338 Domino
2735 1282 2957 1353 placuit,
2983 1284 3060 1337 ita
3101 1282 3303 1351 factum
3332 1291 3430 1346 est,
3463 1280 3531 1333 sit
3562 1294 3749 1333 nomen

2169 1374 2386 1428 Domini
2412 1376 2737 1429 benedictum
2768 1390 2786 1429 :
2818 1376 2941 1430 vide
2986 1374 3051 1429 ad
3106 1374 3355 1429 ultimum
3386 1372 3516 1441 quid
3571 1372 3637 1426 de
3685 1384 3751 1425 eo

2170 1465 2428 1520 scribitur
2456 1485 2469 1521 :
2499 1466 2733 1536 Recepit,
2764 1468 2945 1537 inquit
2969 1468 3035 1531 ⁷⁷,
3067 1466 3245 1521 omnia
3285 1464 3449 1535 dupla
3476 1479 3594 1533 qua:
3617 1464 3750 1517 ami-

2170 1565 2332 1611 serat.
2370 1554 2534 1612 Vides
2562 1557 2692 1627 quid
2718 1566 2802 1613 est
2828 1558 3083 1612 amittere
3113 1556 3319 1626 aliquid
3356 1572 3454 1626 pro
3488 1555 3617 1620 Deo,
3646 1555 3750 1609 hoc

2173 1657 2257 1703 est
2297 1648 2650 1719 multiplicata
2692 1649 2935 1718 recipere
2973 1651 3094 1706 tibi.
3147 1651 3209 1705 Et
3261 1649 3465 1718 aliquid
3518 1647 3750 1716 amplius

2173 1741 2464 1813 Evangelia
2519 1743 2843 1812 promittunt
2881 1743 2951 1808 ⁷³,
2999 1744 3311 1812 centuplum
3351 1743 3446 1797 tibi
3499 1743 3752 1812 pollicen-

2176 1842 2281 1895 tur,
2310 1833 2534 1902 insuper
2562 1840 2620 1887 et
2644 1833 2809 1887 vitam
2843 1842 3128 1896 aeternam.
3154 1834 3207 1887 in
3245 1832 3462 1889 Christo
3490 1832 3614 1887 Jesu
3651 1833 3752 1886 Do-

2102 1915 2147 1969 Β
2177 1926 2325 1982 mino
2355 1937 2567 1993 nostro,
2599 1929 2687 1982 cui
2737 1938 2821 1984 est
2852 1927 3024 1997 gloria
3057 1935 3113 1983 et
3146 1926 3434 1996 imperium
3474 1927 3527 1981 in
3552 1928 3749 1981 saecula

2171 2020 2517 2076 saeculorum.
2542 2020 2739 2075 Amen.

2758 2110 3041 2167 HOMILIA
3081 2110 3174 2166 1X.

2227 2204 2303 2261 De
2329 2206 2825 2276 repromissionibus
2848 2205 3092 2259 secundis
3115 2206 3185 2258 ad
3217 2204 3484 2258 Abraham
3516 2204 3689 2274 factis.

2245 2297 2299 2351 1.
2342 2296 2615 2364 Quantum
2654 2296 2893 2366 legentes
2922 2296 3324 2366 progredimur,
3359 2303 3563 2349 tantum
3595 2295 3756 2352 nobis

2174 2395 2636 2441 sacramentorum
2665 2385 2913 2440 cumulus
2948 2393 3195 2455 augetur.
3222 2385 3288 2439 Et
3324 2394 3383 2439 ut
3406 2385 3448 2439 si
3485 2385 3606 2454 quis
3636 2384 3756 2439 exi-

2178 2491 2281 2549 guo
2320 2484 2509 2531 vectus
2565 2477 2783 2548 navigio
2820 2476 3159 2547 ingrediatur
3189 2490 3361 2540 mare,
3394 2476 3565 2531 donec
3595 2486 3756 2532 terrae

2176 2571 2387 2626 vicinus
2416 2582 2517 2637 est,
2545 2570 2724 2625 minus
2750 2570 2947 2625 metuit
2984 2585 2998 2623 :
3042 2582 3164 2622 cum
3206 2582 3338 2623 vero
3382 2568 3639 2638 paulatim
3700 2570 3758 2623 in

2178 2664 2347 2718 altum
2382 2664 2549 2719 fuerit
2578 2679 2918 2734 progressus,
2967 2672 3023 2717 et
3051 2662 3211 2717 undis
3250 2662 3754 2724 intumescentibus.

2175 2754 2263 2811 vel
2299 2756 2353 2810 in
2402 2757 2680 2811 excelsum
2735 2756 2908 2810 attolli
2958 2759 3206 2828 coeperit,
3244 2754 3328 2810 vel
3367 2756 3570 2810 eisdem
3600 2755 3755 2809 dehi-

2178 2851 2459 2906 scentibus
2488 2851 2543 2905 in
2578 2852 2685 2905 ima
2718 2851 2952 2916 deduci;
3013 2852 3085 2907 ibi
3136 2866 3265 2907 vero
3311 2859 3545 2905 mentem
3588 2864 3759 2918 pavor

2179 2943 2369 3013 ingens
2410 2951 2463 2997 et
2518 2941 2749 2997 formido
2790 2941 3047 3011 percutit,
3089 2943 3232 3011 quod
3279 2942 3531 3010 exiguam
3586 2948 3755 2994 ratem

2181 3044 2293 3089 tam
2314 3034 2593 3089 immensis
2623 3032 2879 3088 ﬂuctibus
2904 3034 3139 3089 credidit
3166 3051 3180 3088 ι
3215 3035 3286 3088 ita
3311 3037 3477 3088 etiam
3515 3048 3614 3088 nos
3644 3032 3754 3101 pati

2180 3125 2444 3190 videmur,
2479 3125 2571 3194 qui
2593 3125 2776 3192 exigui
2808 3124 3019 3180 meritis
3048 3133 3102 3179 et
3130 3123 3350 3194 ingenio
3384 3136 3591 3187 tenues,
3618 3125 3758 3177 inire

2184 3226 2291 3271 tam
2324 3226 2537 3271 vastum
2568 3217 2950 3287 mysteriorum
2979 3216 3201 3285 pelagus
3231 3216 3512 3271 audemus.
3553 3215 3658 3270 Sed
3686 3216 3754 3279 si,

2180 3310 2461 3365 orantibus
2526 3308 2701 3375 vobis,
2768 3308 3028 3364 Dominus
3077 3309 3329 3380 dignetur
3386 3307 3622 3378 Spiritus
3672 3308 3757 3362 sui

2180 3401 2357 3455 sancti
2386 3415 2575 3455 auram
2614 3400 2771 3456 nobis
2808 3414 3124 3470 prosperam
3155 3401 3305 3465 dare,
3337 3400 3577 3455 secundo
3607 3400 3755 3454 verbi

2180 3507 2342 3549 cursu
2390 3502 2603 3563 portum
2648 3492 2838 3549 salutis
2896 3493 3238 3549 intrabimus.
3291 3490 3581 3547 Videamus
3627 3506 3759 3561 ergo

2182 3602 2327 3641 nunc
2360 3602 2481 3657 qum
2510 3596 2653 3651 sunt,
2686 3602 2809 3656 qua:
2846 3586 3000 3642 nobis
3044 3586 3270 3641 recitata
3313 3595 3457 3641 sunt.
3498 3585 3565 3639 Et
3607 3602 3760 3639 rora-

2181 3677 2278 3743 vit,
2304 3679 2571 3748 inquit”,
2597 3678 2815 3748 angelus
2857 3678 3073 3733 Domini
3120 3679 3386 3733 Abraham
3426 3679 3655 3733 secundo
3694 3678 3761 3731 de

2179 3771 2332 3836 ctelo,
2358 3773 2535 3826 dicens
2565 3789 2585 3828 :
2619 3770 2726 3826 Per
2767 3773 3126 3841 memetipsum
3154 3772 3355 3841 juravi,
3408 3773 3534 3825 dicit
3575 3771 3760 3824 Domi.

2180 3880 2280 3917 nus
2305 3878 2325 3917 :
2362 3862 2650 3933 Pr0pterea
2685 3866 2825 3934 quod
2864 3865 3037 3934 fecisti
3067 3865 3277 3918 verbum
3310 3866 3425 3930 hoc,
3461 3874 3506 3918 et
3540 3879 3643 3917 non
3671 3880 3761 3932 pe-

2177 3954 2389 4023 percisti
2418 3955 2534 4025 ﬁlio
2558 3964 2650 4009 tuo
2679 3955 2875 4010 dilecto
2892 3966 3107 4025 propter
3140 3971 3241 4022 me,
3276 3956 3578 4009 benedicens
3607 3956 3760 4009 bene-

2179 4047 2350 4100 dicam
2382 4057 2453 4113 te,
2483 4057 2532 4102 et
2558 4047 2917 4118 multiplicans
2949 4046 3311 4116 multiplicabo
3353 4057 3424 4113 te,
3456 4058 3501 4103 et
3537 4049 3635 4101 erit
3680 4064 3760 4102 se-

2180 4155 2309 4194 men-
2332 4150 2483 4194 tuum
2532 4141 2665 4195 sicut
2714 4140 2885 4195 stellis
2924 4140 3040 4194 caeli
3066 4141 3123 4194 in
3159 4140 3522 4206 multitudine,
3555 4142 3765 4195 et‘sicut

2182 4247 2345 4285 arena
2377 4234 2566 4299 maris,
2596 4249 2716 4304 qua:
2739 4241 3039 4302 nonpotest
3076 4233 3428 4297 dinumerari,
3459 4243 3565 4288 etc.
3599 4233 3762 4288 Solli-

2178 4323 2349 4378 citum
2384 4324 2500 4378 haec
2528 4333 2585 4380 et
2632 4325 2895 4380 intentum
2944 4306 3246 4378 auditorem
3290 4326 3594 4399 requirunt.
3648 4324 3760 4380 Νο-

2180 4429 2303 4469 vum
2325 4424 2407 4471 est
2438 4415 2581 4470 enim
2605 4416 2747 4485 quod
2780 4416 2914 4471 dicit
2948 4431 2964 4471 :
3004 4415 3070 4471 Et
3100 4416 3324 4484 vocavit,
3365 4417 3558 4487 inquit,
3596 4433 3759 4487 ange-

2180 4506 2263 4561 lus
2294 4505 2508 4561 Domini
2538 4507 2808 4563 Abraham
2849 4511 3078 4565 secundo
3103 4511 3170 4565 de
3209 4510 3353 4564 caelo.
3392 4509 3544 4576 Quod
3578 4521 3759 4564 tamen

502 4573 596 4667 Sic
635 4593 767 4648 ergo
807 4595 927 4649 qua:
963 4581 1228 4637 obtuleris
1260 4582 1395 4648 Deo.
1432 4586 1786 4655 multiplicata
1820 4589 2075 4657 recipies.
2110 4599 2156 4655 D
2185 4596 2332 4652 addit
2361 4596 2498 4667 (51),
2524 4613 2629 4654 non
2665 4608 2749 4654 est
2778 4613 2996 4654 novum.
3038 4597 3174 4654 Nam
3214 4573 3518 4653 benedicens
3544 4598 3759 4652 benedi-A

503 4665 638 4723 Tale
668 4669 896 4739 aliquid,
949 4671 1078 4728 licet
1122 4689 1219 4744 per
1248 4674 1408 4730 aliam
1450 4675 1704 4746 figuram,
1741 4677 1978 4734 refertur
2017 4681 2083 4734 in.

497 4760 808 4832 Evangeliis
837 4764 904 4827 ⁷⁵,
937 4779 1060 4820 cum
1089 4780 1186 4836 per
1213 4766 1527 4837 parabolam
1559 4769 1762 4824 dicitur
1796 4774 2075 4841 accepisse

501 4852 626 4923 quis
643 4867 823 4907 mnam
849 4863 906 4908 ut
929 4856 1302 4926 negotiaretur
1319 4866 1373 4912 et
1392 4858 1770 4928 patrifamilias
1786 4864 2072 4931 pecuniam

498 4953 786 5010 quaereret.
834 4945 940 5001 Sed
975 4947 1019 5003 si
1056 4946 1305 5004 attuleris
1339 4950 1578 5019 quinque
1608 4950 1964 5021 mtiltiplicata
2017 4954 2070 5009 in

497 5033 713 5103 decem,
750 5036 843 5090 tibi
888 5038 994 5106 ipsi
1034 5039 1326 5103 donantur,
1359 5041 1454 5095 tibi
1490 5043 1885 5098 conceduntur.
1932 5045 2071 5102 Audi

496 5123 642 5184 enim
674 5127 801 5193 quid
826 5126 945 5199 84
967 5129 1163 5185 dicit"
1189 5149 1202 5186 :
1234 5129 1442 5197 Tollite,
1463 5132 2073 5203 inquit,ltuicmnam,et

498 5214 620 5268 date
656 5215 739 5269 illi
769 5220 859 5287 qui
902 5220 1055 5275 habet
1098 5222 1274 5280 decem
1319 5240 1490 5278 mnas.
1524 5223 1617 5278 Sic
1651 5239 1780 5295 ergo
1827 5226 2076 5283 videmur

498 5307 715 5378 quidem
759 5310 986 5367 Domino
1029 5315 1312 5397 negotiari,
1363 5316 1460 5371 sed
1498 5316 1653 5371 nobis
1681 5319 1879 5372 cedunt
1907 5334 2074 5389 nego-

500 5399 742 5457 tiationis
780 5401 927 5458 lucra
954 5421 969 5458 :
1001 5413 1054 5459 et
1080 5405 1326 5461 videmur
1362 5406 1559 5463 offerre
1585 5406 1813 5463 Domino
1842 5408 2071 5479 hostias,

602 5556 649 5629 _“
684 5556 1017 5625 loan,l,14.
1091 5563 1138 5595 ⁸⁸
1168 5564 1297 5619 ibid.
1324 5565 1415 5621 29.
1518 5566 1563 5598 ⁶⁹
1603 5565 1741 5621 Psal-
1768 5582 1858 5629 CX.
1885 5570 1937 5627 4ο

492 5694 586 5751 29.
660 5698 706 5730 ⁷⁸
741 5699 936 5756 Genes.
974 5718 1105 5770 un,
1134 5703 1198 5758 15
1220 5713 1272 5759 et
1298 5719 1452 5775 seqq.

567 5836 684 5908 (51)
722 5838 890 5905 Alias,
925 5841 1155 5896 addidit.
1187 5840 1338 5909 Mss.,
1371 5844 1538 5902 addit.

495 5623 543 5657 ⁷³
590 5570 644 5657 ,ν
684 5570 846 5623 toan,
871 5570 1017 5625 1,14.
1091 5570 1138 5595 ⁸⁸
1168 5570 1297 5619 ibid.
1324 5570 1415 5621 29.
1518 5570 1563 5598 “
1603 5570 1741 5621 Psal.
1768 5582 1858 5629 cx.
1885 5570 1937 5627 ι.
2035 5572 2076 5606 ⁷ο

611 5640 715 5657 Λσιιι
785 5644 869 5657 ιρι.-
928 5632 995 5657 1"]
1036 5642 1084 5657 ..ι
1139 5633 1209 5657 om
1302 5635 1459 5657 1H.--
1525 5652 1615 5657 _.-__
1669 5637 1727 5657 ι’]
1826 5641 1870 5657 «nr
1922 5639 2031 5657 οισι

2174 5587 2256 5628 en.
2287 5590 2449 5657 ἔχειἰ
2472 5579 2560 5635 15.

580 5623 737 5699 Joau.
784 5623 995 5690 “1,17
1034 5642 1088 5687 et
1139 5633 1230 5688 22.
1302 5635 1481 5691 “Luc.
1525 5637 1753 5694 x1x.15.
1826 5623 1870 5671 7'“
1922 5623 2051 5698 ibid.
2102 5623 2195 5699 2'4:

2182 4704 2296 4744 eam
2320 4697 2389 4757 te,
2418 4699 2474 4746 et
2502 4689 2754 4760 anteiam
2790 4692 2993 4747 dictum
3023 4701 3130 4757 est;
3160 4699 3215 4746 et
3242 4690 3601 4761 multiplicans
3622 4689 3761 4743 mul-

2182 4782 2431 4852 tiplicabo
2491 4792 2562 4851 te,
2616 4794 2744 4840 ante
2790 4785 3117 4855 promissum
3164 4794 3282 4853 est;
3328 4793 3383 4841 et
3438 4784 3540 4838 erit
3584 4799 3762 4838 semen

2181 4877 2499 4953 tuum-sicut
2518 4874 2687 4932 stellte
2706 4877 2843 4944 caeli,
2868 4888 2915 4932 et
2944 4877 3078 4933 sicut
3106 4892 3270 4931 arena
3305 4875 3490 4941 maris,
3519 4884 3573 4929 et
3606 4874 3759 4944 prius

2179 4966 2359 5022 fuerat
2389 4968 2817 5037 pronuntiatum.
2857 4968 2997 5037 Quid
3034 4985 3167 5041 ergo
3207 4982 3293 5027 est
3337 4984 3482 5025 nunc
3520 4967 3753 5037 amplius

2178 5059 2591 5127 quod-secundo
2614 5060 2882 5117 clamatur
2911 5076 2943 5117 e
2974 5064 3148 5119 caelo?
3191 5064 3333 5131 Quid
3386 5063 3527 5118 novi'
3552 5059 3748 5115 veteri-

2177 5148 2281 5203 bus
2325 5150 2843 5214 repromissionibus
2877 5156 3139 5212 additur?
3177 5156 3315 5224 Quid
3371 5155 3490 5224 plus
3541 5152 3747 5223 praemii

2177 5233 2339 5288 datur
2363 5235 2415 5290 in
2448 5250 2512 5291 eo
2535 5240 2681 5307 quod
2709 5240 2878 5297 dicit:
2931 5241 3217 5314 PrOpterea
3249 5244 3391 5314 quod
3434 5242 3605 5311 fecisti
3642 5257 3756 5296 ver-

2180 5322 2301 5377 bum
2338 5325 2455 5393 Iioc,
2508 5328 2563 5383 id
2614 5340 2699 5385 est
2747 5343 3056 5404 proptereat
3090 5339 3235 5407 quod
3278 5335 3446 5391 filium
3483 5333 3756 5399 obtulisti.

2184 5424 2472 5484 propterea
2497 5422 2642 5490 quod
2672 5438 2778 5479 non
2806 5426 3099 5495 pepercisti
3136 5426 3295 5481 unico
3328 5424 3439 5480 ﬁlio
3473 5422 3756 5479 tuo?nihil

3295 5580 3339 5615 "
3387 5579 3573 5637 Jacob.
3612 5598 3656 5648 ι,
3696 5584 3755 5639 ε.

3315 5651 3361 5683 ⁷⁸
3403 5651 3596 5708 Matth.
3646 5671 3766 5717 xix.

2674 5582 2717 5614 τί
2750 5582 2885 5638 Gen.
2911 5598 3065 5645 xvm,
3104 5583 3192 5639 11.

2287 5647 2331 5679 ⁷⁸
2366 5646 2467 5707 Job
2490 5665 2529 5717 ι,
2572 5649 2663 5709 21.
2759 5654 2802 5684 ⁷⁷
2827 5652 2928 5709 Job
2960 5669 3090 5720 xui,
3124 5653 3211 5707 10.
