4132 6460
346 446 442 501 2H

1791 444 2109 503 ORlGENlS

3500 453 3606 508 2l2

345 561 493 616 aliud
523 561 764 617 additum
797 562 973 630 rideo,
1009 562 1199 618 eadem
1231 571 1574 632 repetuntur,
1614 578 1737 634 quia:
1772 564 1923 634 prius
1950 566 1999 625 Α
2027 564 2145 631 ﬁlio
2174 574 2285 617 tua.
2311 562 2566 621 Ostendit
2592 581 2721 635 ergo
2749 566 2893 636 quod
2923 576 3144 637 propter
3167 567 3493 623 oblationem
3517 570 3601 624 vel

347 653 568 707 fuerant
604 653 950 722 repromissa.
982 652 1127 722 Ergo
1155 653 1488 722 superﬂuum
1528 655 1797 709 videbitur
1825 670 1919 709 ea-

344 745 468 800 dem
494 744 687 813 saepius
719 744 1049 798 retractari?
1096 744 1204 799 imo
1261 747 1630 805 necessarium
1677 745 1811 817 (52).
1861 744 1917 799 ln

344 835 702 891 sacramentis
728 833 873 889 enim
914 834 1046 887 tiunt
1088 844 1281 887 cuncta
1309 848 1430 903 qua:
1459 834 1612 889 ﬁunt.
1645 836 1920 889 Abraham

342 931 387 987 si
422 938 628 984 tantum
656 929 954 983 secundum
980 943 1199 984 carnem
1237 930 1484 994 vixisset,
1529 938 1585 983 et
1626 928 1785 983 unius
1825 942 1924 997 po.

344 1022 452 1091 puli
488 1036 650 1091 quem
686 1021 986 1077 secundum
1022 1036 1245 1077 carnem
1283 1022 1496 1091 genuit,
1526 1030 1681 1092 pater
1706 1021 1920 1088 fuisset,

345 1127 450 1169 una
484 1111 757 1169 sulﬁceret
780 1113 1151 1182 repromissio.
1181 1111 1334 1167 Nunc
1356 1126 1485 1167 vero
1519 1119 1577 1166 ut
1610 1113 1925 1167 ostenderet

343 1218 470 1259 eum
500 1204 680 1274 primo
707 1213 915 1274 patrem
943 1204 1180 1258 futurum
1229 1219 1441 1269 eorum,
1490 1205 1582 1272 qui
1623 1203 1922 1259 secundum

343 1306 567 1347 carnem
606 1292 914 1348 circumcisi
966 1303 1113 1359 sunt,
1154 1293 1586 1350 circumcisionis
1630 1308 1745 1348 suae
1786 1303 1924 1348 tem-

343 1397 478 1451 pore
538 1384 699 1439 datur
743 1385 794 1440 ei
851 1385 1227 1455 repromissio,
1267 1400 1386 1454 qua:
1428 1386 1495 1440 ad
1534 1385 1791 1456 populum
1818 1385 1927 1441 cir-

342 1474 701 1530 cumeisionis
744 1475 1020 1543 pertinere
1050 1474 1291 1530 deberet.
1325 1473 1579 1529 Secundo
1618 1474 1744 1543 quia
1770 1482 1927 1543 pater

343 1574 490 1619 esset
513 1563 726 1620 iuturus
754 1566 918 1621 etiam
955 1580 1142 1622 eorum
1192 1566 1283 1635 qui
1315 1579 1379 1620 ex
1436 1565 1539 1619 ﬁde
1573 1575 1721 1631 sunt,
1756 1574 1810 1620 et
1833 1564 1926 1634 qui

344 1672 443 1725 per
464 1659 769 1728 passionem
795 1658 996 1713 Cbristi
1026 1657 1335 1711 veniuntad
1364 1656 1766 1721 haereditatem,
1799 1666 1921 1711 tem-

343 1765 474 1818 pore
516 1751 861 1805 nihilominus
899 1753 1167 1822 passionis
1206 1752 1379 1816 Isaac,
1426 1750 1720 1820 promissio
1764 1766 1927 1806 reuo-

346 1852 520 1905 vatur,
555 1855 674 1910 qua:
709 1843 979 1911 pertinere
1023 1843 1214 1899 debeat
1246 1843 1314 1897 ad
1350 1858 1474 1897 eum
1510 1843 1790 1912 populum,
1827 1844 1920 1911 qui

2021 658 2327 725 passionem
2361 656 2479 723 lilii,
2508 658 2803 726 promissio
2850 656 3006 711 ﬁrma
3049 658 3120 712 sit
3153 675 3167 712 :
3200 660 3476 713 evidenter
3507 660 3605 715 de-

2020 747 2245 813 signans
2275 748 2423 816 quod
2464 756 2688 817 propter
2736 747 3046 815 passionem
3078 746 3279 802 Christi
3308 748 3501 817 populo
3535 764 3601 805 ex

2022 839 2293 907 gentibus,
2315 841 2405 907 qui
2434 854 2501 893 ex
2529 839 2632 893 ﬁde
2652 845 2737 893 est
2764 839 3019 901 Abralue,
3048 846 3264 892 maneat
3294 840 3447 892 ﬁrma
3478 854 3601 909 pro-

2022 930 2231 985 missio.
2285 930 2348 984 Et
2394 930 2636 1000 nunquid
2685 930 2738 984 in
2793 929 2896 983 hoc
2931 928 3046 983 solo
3083 928 3324 984 secunda
3355 930 3599 985 ﬁrmiora

2022 1025 2150 1075 sunt
2175 1020 2397 1091 primis?
2427 1020 2481 1075 In
2533 1019 2715 1074 multis
2741 1018 3111 1089 hujuscemodi
3160 1020 3480 1074 adumbrata
3517 1020 3600 1072 in-

2022 1112 2208 1167 venies
2232 1120 2596 1167 sacramenta.
2623 1107 2834 1163 Primas
2874 1109 3083 1164 tabulas
3137 1108 3271 1180 legis
3321 1110 3374 1165 in
3416 1109 3600 1164 littera

2022 1202 2294 1272 confregit
2353 1202 2564 1274 Moyses
2608 1213 2663 1259 et
2715 1203 2945 1274 abjecit;
3001 1204 3293 1257 secundam
3337 1202 3509 1272 legem
3546 1203 3598 1257 in

2026 1292 2216 1360 spiritu
2256 1293 2516 1361 suscepit,
2571 1302 2624 1348 et
2668 1301 2800 1347 sunt
2862 1291 3102 1347 ﬁrmiora
3154 1290 3393 1347 secunda
3434 1306 3599 1361 quam

2025 1383 2220 1452 prima.
2254 1384 2464 1440 Rursus
2492 1384 2633 1439 idem
2663 1385 2777 1454 ipse
2798 1402 2921 1442 cum
2943 1399 3157 1441 omnem
3179 1385 3349 1454 legem
3380 1385 3432 1439 in
3464 1400 3606 1454 qua-

2028 1483 2153 1529 tuor
2253 1474 2407 1533 libris
2504 1479 3053 1547 comprehendisset,
3128 1475 3598 1531 Deuterouomium

2025 1567 2248 1637 scripsit
2275 1567 2412 1637 (54),
2443 1570 2587 1635 quod
2614 1571 2853 1624 secunda
2880 1570 2963 1624 lex
3005 1570 3226 1625 dicitur.
3254 1567 3444 1623 lsmael
3480 1567 3600 1637 pri-

2027 1674 2147 1715 mus
2176 1669 2280 1725 est,
2313 1662 2583 1715 secundus
2614 1659 2787 1726 lsaac,
2813 1671 2866 1714 et
2889 1660 3085 1714 similis
3115 1661 3168 1713 in
3193 1659 3431 1713 secundo
3459 1672 3599 1726 pra:-

2030 1750 2253 1807 lationis
2279 1750 2452 1806 forma
2482 1761 2751 1807 servatur.
2777 1752 2890 1808 Hoc
2909 1764 2967 1806 et
2993 1752 3045 1805 in
3083 1751 3224 1805 Esau
3247 1760 3301 1804 et
3329 1750 3383 1803 in
3408 1748 3599 1814 .lacob,

2032 1844 2084 1896 in
2113 1842 2346 1913 Ephrem
2386 1853 2439 1898 et
2475 1842 2742 1910 Manasse,
2788 1844 2841 1899 in
2888 1844 3032 1899 mille
3076 1843 3199 1898 aliis
3230 1841 3481 1897 similiter
3519 1843 3600 1896 iu-

340 1934 588 2002 passione
617 1934 816 1990 Christi
869 1950 934 1991 ac
978 1937 1375 1992 resurrectione
1422 1911 1686 1989 salvetur.
1722 1936 1788 1990 Et
1823 1951 1918 1989 ea-
1953 1911 1993 1967 Β
2026 1911 2211 1991 venies
2238 1935 2637 1990 admnbratum.

338 2027 457 2078 dem
519 2025 736 2095 quidem
781 2028 950 2096 repeti
1008 2028 1283 2093 videntur,
1340 2027 1436 2083 sed
1491 2026 1651 2098 longe
1702 2027 1918 2082 diversa

336 2124 481 2169 sunt.
514 2116 606 2170 llla
642 2116 788 2171 enim
816 2132 934 2186 quae
961 2118 1111 2188 prius
1137 2118 1279 2173 dicta
1312 2127 1459 2183 sunt,
1499 2128 1553 2173 et
1580 2118 1646 2172 ad
1682 2118 1918 2186 priorem

338 2206 592 2276 populum
642 2212 935 2279 pertinent,
994 2212 1045 2265 in
1090 2213 1252 2269 terris
1295 2212 1441 2269 dicta
1473 2218 1619 2267 sunt.
1656 2208 1746 2266 Sic
1772 2211 1917 2265 enim

339 2298 472 2353 dicit
494 2297 779 2370 Scriptura
800 2302 845 2335 ⁸ο
881 2324 892 2356 ;
929 2302 996 2356 Et
1024 2303 1203 2357 eduxit
1243 2319 1361 2357 eum
1408 2303 1577 2372 foras,
1625 2301 1693 2357 de
1737 2302 1921 2358 taber-

339 2392 540 2450 naculo
572 2394 801 2461 scilicet,
824 2405 872 2450 et
900 2394 1033 2449 dixit
1062 2397 1109 2449 ei
1133 2411 1151 2450 :
1182 2395 1400 2465 Respice
1442 2395 1626 2449 stellas
1680 2394 1820 2459 caeli,
1871 2396 1919 2449 si

336 2487 663 2542 dinumerari
686 2496 907 2555 possunt
938 2505 969 2541 a
1004 2488 1367 2543 multitudine.
1409 2486 1476 2543 Et
1507 2488 1715 2542 addidit
1766 2503 1782 2541 :
1825 2486 1918 2542 Sic

337 2579 434 2631 erit
468 2593 644 2633 semen
675 2588 843 2633 tuum.
886 2577 988 2634 Ubi
1027 2588 1209 2634 autem
1261 2578 1502 2635 secundo
1536 2580 1801 2648 repetitur
1831 2594 1917 2634 re-

338 2670 652 2739 promissio,
684 2670 927 2741 designat
957 2672 1082 2741 quia
1117 2672 1329 2728 locutus
1367 2679 1452 2727 est
1497 2673 1546 2728 ei
1583 2673 1651 2729 de
1689 2672 1919 2741 cmlo,et

337 2763 501 2816 alatur
546 2761 833 2831 promissio
875 2763 941 2817 de
972 2773 1113 2818 terra
1145 2766 1340 2834 prima,
1374 2765 1616 2821 secunda
1656 2765 1724 2820 de
1754 2762 1915 2820 coelo.

336 2852 531 2909 Nonne
590 2863 778 2924 aperte
830 2855 917 2910 hic
966 2856 1095 2910 illud
1151 2857 1437 2928 designare
1487 2857 1719 2924 videtur,
1771 2857 1918 2927 quod

339 2946 626 3015 Apostolus
657 2947 790 3002 dicit
811 2948 856 2980 δι
888 2965 902 3002 :
940 2947 1157 3003 Primus
1186 2949 1343 3005 homo
1380 2950 1446 3004 de
1475 2960 1619 3005 terra
1652 2961 1913 3019 terrenus,

338 3041 596 3093 secantes
629 3039 783 3094 homo
806 3040 869 3094 de
896 3040 1022 3095 creto
1064 3042 1326 3097 ccelestis?
1367 3040 1473 3097 ista
1509 3057 1638 3113 ergo
1682 3044 1917 3112 promis-

337 3129 441 3195 sio,
482 3145 602 3200 qua:
630 3130 698 3185 ad
729 3131 938 3188 ﬁdelem
971 3130 1222 3203 pupulum
1253 3134 1509 3203 pertinet,
1545 3135 1614 3189 de
1644 3135 1783 3190 cmlo
1811 3145 1912 3202 est,

337 3219 430 3273 illa
456 3220 523 3276 de
549 3231 717 3277 terra.
743 3223 797 3278 ln
826 3222 917 3278 illa
945 3238 1127 3279 sermo
1155 3227 1529 3281 tantummodo
1562 3223 1685 3291 fuit,
1714 3225 1803 3280 hic
1828 3226 1914 3279 in-
1942 3245 1985 3304 ο

340 3315 644 3382 terponitur
667 3316 1066 3385 jusjurandum,
1095 3319 1237 3386 quod
1270 3316 1664 3389 interpretatur
1696 3318 1763 3373 ad
1809 3318 1918 3373 lle-

338 3410 517 3465 brtcos
560 3410 814 3466 scribens
862 3419 1081 3465 sanctus
1122 3410 1409 3478 Apostolus
1460 3411 1564 3466 hoc
1619 3412 1778 3466 modo
1834 3411 1919 3466 di-

338 3515 471 3557 cens
503 3518 519 3558 :
570 3499 783 3567 Valens,
838 3500 1015 3571 inquit
1045 3502 1111 3566 3‘,
1166 3501 1305 3556 Deus
1345 3503 1620 3557 ostendere
1658 3501 1924 3564 pollicita-

340 3592 503 3647 tionis
532 3592 827 3647 Ita'redibus
871 3592 1292 3647 immabilitatem
1324 3593 1437 3663 (55l
1470 3592 1681 3645 consilii
1704 3592 1809 3655 sui,
1840 3592 1925 3644 in-

339 3686 593 3753 terposuit
622 3683 1026 3753 jusjurandum.
1062 3683 1127 3738 Et
1148 3684 1343 3739 iterum
1376 3702 1390 3739 :
1422 3683 1698 3748 Homines,
1727 3682 1923 3752 inquit,

339 3794 433 3847 per
461 3777 720 3847 majorem
748 3778 829 3831 sui
839 3777 1055 3847 jurant,
1087 3776 1225 3832 Deus
1255 3788 1431 3831 autem
1466 3777 1721 3847 quoniam
1761 3777 1927 3830 nemi-

341 3884 460 3922 nem
509 3868 691 3922 habuit
741 3883 834 3936 per
860 3884 1012 3937 quem
1038 3869 1250 3937 juraret
1277 3868 1555 3938 majorem,
1587 3884 1679 3936 per
1709 3877 1925 3923 memet-

343 3963 510 4028 ipsunt
539 3961 690 4030 jura,
720 3960 846 4014 dicit
881 3959 1158 4015 Dominus.
1211 3961 1328 4016 Non
1374 3961 1515 4031 quod
1552 3961 1718 4016 Deum
1761 3959 1926 4029 juris-

337 4052 553 4123 jurandi
584 4050 884 4108 necessitas
926 4060 1164 4122 urgeret.
1206 4052 1341 4119 Quis
1370 4052 1514 4108 enim
1546 4052 1615 4107 ab
1642 4066 1708 4108 eo
1734 4052 1922 4124 exige-

345 4150 429 4197 ret
460 4142 902 4197 sacramentum?
941 4141 1047 4197 Sed
1081 4142 1220 4197 sicut
1253 4143 1642 4213 interpretatus
1674 4152 1758 4200 est
1791 4158 1926 4213 apo-

343 4236 515 4289 stolus
553 4233 777 4301 Paulus,
810 4248 916 4304 quo
963 4251 1063 4306 per
1100 4236 1200 4291 boc
1231 4235 1665 4291 immobilitatem
1705 4236 1921 4293 consilii

342 4326 426 4381 sui
452 4326 757 4382 cultoribus
793 4327 1122 4397 designaret.
1158 4327 1247 4383 Sic
1291 4337 1348 4383 et
1377 4328 1504 4384 alibi
1545 4344 1643 4399 per
1681 4330 1923 4398 Prophe-

344 4430 451 4474 tam
486 4421 678 4475 dicitur
698 4419 745 4452 ⁸³
772 4438 784 4474 :
812 4419 1022 4476 Iuravit
1057 4420 1337 4488 Dominus,
1366 4439 1458 4476 nec
1482 4423 1748 4491 paenitebit
1778 4438 1919 4487 eum,

344 4520 394 4568 tu
423 4528 475 4565 es
505 4513 750 4567 sacerdos
791 4514 845 4565 in
898 4525 1148 4569 teternum
1185 4518 1468 4569 secundum
1513 4517 1752 4571 ordinem
1787 4516 1921 4571 Mel-

2090 2025 2147 2079 2.
2187 2025 2295 2083 Sed
2326 2028 2611 2085 redeamus
2649 2043 2794 2083 nunc
2824 2029 2891 2082 ad
2922 2027 3317 2097 nosmetipsos,
3341 2036 3395 2082 et
3422 2041 3603 2081 mora-

2021 2116 2127 2172 lem
2149 2117 2327 2173 locum
2359 2133 2457 2188 per
2473 2119 2719 2189 singulos
2740 2132 2983 2190 quosque
3017 2128 3333 2174 tractemus.
3364 2119 3601 2186 Aposto-

2022 2208 2105 2263 lus
2122 2209 2271 2271 dicit,
2290 2210 2431 2265 sicut
2447 2208 2559 2279 jam
2583 2211 2837 2280 superius
2859 2210 3281 2266 memoravimus
3296 2210 3342 2242 ⁸⁸
3361 2210 3599 2264 :Primus

2020 2303 2173 2356 homo
2197 2304 2260 2357 de
2283 2312 2426 2359 terra
2457 2318 2716 2366 terrenus,
2749 2303 3009 2357 secundus
3030 2303 3185 2356 homo
3216 2304 3280 2356 de
3304 2303 3432 2357 caelo
3450 2304 3600 2356 cale-

2020 2394 2135 2449 stis.
2172 2392 2359 2459 Qualis
2390 2406 2647 2459 terrenus,
2679 2393 2810 2448 tales
2837 2403 2886 2447 et
2916 2394 3149 2460 terreni;
3177 2403 3226 2446 et
3250 2394 3421 2457 qualis
3444 2396 3598 2447 σαιρ-

2020 2487 2137 2552 stis,
2168 2486 2298 2541 tales
2323 2498 2371 2541 et
2390 2486 2639 2542 crelestcs.
2660 2486 2807 2541 Sicut
2832 2486 3152 2555 portavimus
3178 2486 3457 2555 imaginem
3491 2495 3600 2541 ter-

2020 2578 2153 2643 reni,
2172 2587 2435 2647 portemus
2461 2587 2511 2633 et
2530 2579 2807 2649 imaginem
2829 2576 3067 2631 calestis.
3087 2578 3248 2633 Vides
3264 2578 3391 2647 quid
3414 2588 3600 2633 osten-

2021 2670 2118 2737 dit,
2135 2671 2284 2739 quia,
2311 2671 2355 2727 si
2373 2673 2740 2742 permanseris
2762 2673 2812 2726 in
2831 2673 3053 2742 eoquod
3077 2675 3307 2742 primum
3323 2681 3425 2738 est,
3450 2674 3597 2741 quod

2019 2760 2087 2816 de
2127 2769 2270 2815 terra
2299 2770 2406 2827 est,
2442 2761 2843 2831 reprobaberis,
2876 2765 2982 2819 nisi
3041 2773 3094 2819 te
3126 2773 3451 2829 commutes,
3489 2765 3594 2820 nisi

2021 2864 2313 2908 conversus
2338 2851 2527 2919 fueris,
2549 2854 2647 2909 nisi
2668 2856 2905 2911 caelestis
2922 2856 3144 2912 ellectus
3161 2858 3446 2927 imaginem
3476 2872 3560 2912 cce
3577 2886 3595 2899 -

2025 2940 2178 3000 Iestis
2207 2946 2503 3014 acceperis.
2539 2946 2653 3001 Hoc
2681 2948 2823 3001 idem
2872 2957 2978 3013 est,
3012 2949 3155 3018 quod
3189 2950 3316 3003 alibi
3348 2950 3473 3005 dicit
3496 2950 3540 2981 ”
3579 2971 3591 3004 :

2021 3030 2290 3088 Extrema
2316 3036 2427 3108 (55)
2450 3052 2541 3090 vos
2568 3048 2783 3092 veterem
2808 3038 3069 3092 hominem
3088 3056 3205 3093 cum
3234 3041 3434 3094 actibus
3458 3042 3592 3105 suis,

2020 3134 2068 3179 et
2101 3127 2376 3182 induentes
2407 3144 2619 3195 navum,
2645 3132 2733 3199 qui
2756 3132 3042 3185 secundum
3068 3131 3235 3185 Deum
3262 3147 3469 3186 creatus
3496 3145 3592 3186 est.

2020 3214 2253 3286 ldipsum
2274 3226 2329 3271 et
2356 3217 2466 3271 alio
2491 3218 2611 3273 loco
2640 3220 2831 3273 scrin
2851 3222 2939 3273 ἐς
2981 3218 3117 3273 Ecce
3154 3232 3329 3273 cetera
3373 3221 3597 3272 transie-

2024 3316 2171 3373 runt,
2214 3308 2360 3374 [acta
2399 3318 2523 3362 sunt
2554 3310 2729 3362 omnia
2766 3325 2923 3365 nava.
2962 3309 3168 3366 Idcirco
3197 3328 3327 3380 ergo
3375 3311 3602 3380 promis-

2025 3398 2206 3454 siones
2242 3413 2373 3455 suas
2401 3411 2627 3455 renovat
2656 3400 2818 3466 Deus,
2848 3411 2907 3457 ut
2932 3402 3183 3458 ostendat
3214 3403 3308 3456 tibi
3345 3402 3471 3471 quia
3500 3403 3597 3455 de-

2025 3490 2120 3544 bes
2146 3499 2201 3544 et
2226 3500 2282 3545 tu
2314 3492 2584 3546 renovari.
2622 3490 2739 3546 Non
2782 3503 3071 3560 permanet
3100 3493 3189 3547 ille
3214 3492 3267 3547 in
3298 3494 3597 3556 veteribus,

2027 3595 2095 3634 ne
2123 3589 2176 3634 et
2203 3588 2257 3634 tu
2284 3592 2439 3636 vetus
2464 3582 2625 3637 homo
2655 3598 2998 3654 permaneas.
3022 3586 3096 3639 De
3122 3584 3262 3640 ctelo
3286 3584 3397 3639 lucc
3425 3583 3600 3652 loqui-

2028 3682 2134 3738 tur,
2168 3683 2228 3729 ut
2265 3684 2320 3729 et
2357 3684 2411 3728 tu
2445 3675 2734 3745 imaginem
2758 3678 2997 3733 caelestis
3016 3677 3269 3747 accipias.
3305 3675 3435 3729 Nam
3469 3676 3599 3745 quid

2028 3764 2123 3819 tibi
2154 3767 2373 3833 prodest
2403 3766 2514 3837 (56)
2545 3769 2588 3822 si
2609 3769 2749 3824 Deus
2773 3770 2989 3824 innovet
3022 3769 3435 3839 promissiones,
3463 3779 3519 3823 et
3543 3778 3600 3824 tu

2028 3870 2134 3911 non
2175 3856 2490 3913 innoveris?
2525 3859 2571 3915 si
2620 3860 2709 3915 ille
2744 3861 2810 3917 de
2862 3861 3004 3917 caelo
3044 3861 3320 3931 loquatur,
3347 3872 3402 3917 et
3442 3870 3497 3915 tn
3528 3862 3597 3915 de

2026 3956 2173 4003 terra
2214 3948 2591 4016 audiasiQuid
2622 3951 2718 4005 tibi
2744 3951 2963 4021 prodest
2987 3952 3029 4006 si
3058 3952 3199 4007 Deus
3225 3968 3283 4007 se
3294 3952 3602 4020 juramento

2026 4040 2374 4109 constringit,
2417 4050 2474 4095 et
2518 4051 2573 4095 tu
2617 4041 2731 4097 hate
2771 4046 2926 4113 quasi
2986 4060 3326 4100 communem
3371 4047 3601 4102 audiens

2027 4130 2266 4186 fabulam
2293 4134 2576 4188 transeas?
2606 4133 2788 4200 Quare
2817 4152 2922 4191 non
2949 4138 3265 4193 consideras
3295 4139 3445 4209 quod
3473 4154 3601 4208 pro-

2023 4232 2142 4291 pter
2169 4232 2221 4278 te
2252 4222 2392 4278 Deus
2417 4222 2582 4277 etiam
2607 4238 2670 4278 ea
2698 4239 2821 4293 qua:
2841 4236 3049 4281 natura:
3079 4241 3189 4281 sua:
3223 4235 3347 4297 apta
3380 4228 3603 4282 minime

2022 4316 2302 4381 videntur,
2346 4314 2734 4385 ampleCtitur?
2768 4314 2962 4371 Jurare
3003 4317 3201 4371 dicitur
3243 4318 3407 4383 Deus,
3442 4327 3501 4371 ut
3544 4327 3601 4371 tu

2026 4406 2254 4463 audiens
2285 4421 2482 4475 paveas
2509 4416 2567 4462 et
2604 4406 2975 4473 intremiscas,
3001 4417 3055 4463 et
3088 4419 3236 4464 metu
3278 4420 3600 4465 consterna—

2025 4506 2115 4555 tus
2152 4498 2423 4567 inquiras,
2458 4497 2590 4566 quid
2628 4498 2757 4552 illud
2805 4506 3016 4552 tantum
3065 4510 3149 4553 est
3190 4513 3287 4568 pro
3319 4514 3426 4569 quo
3462 4500 3603 4555 Deus

341 4601 632 4656 chisedeclt.
669 4601 779 4672 85
814 4601 965 4658 Tunc
990 4604 1183 4658 deinde
1208 4606 1259 4658 iu
1288 4606 1461 4672 prima
1499 4606 1922 4674 repromissione

2025 4591 2215 4659 jurare
2242 4590 2447 4645 dicitur
2480 4589 2616 4659 (57).
2648 4588 2808 4645 Fiunt
2838 4606 2969 4660 ergo
3010 4592 3145 4657 haec,
3177 4602 3235 4645 ut
3270 4600 3324 4645 tu
3364 4602 3603 4647 attentus

344 4708 451 4749 non
478 4694 641 4749 habet
668 4695 895 4763 positam
928 4710 1150 4750 causam
1182 4712 1279 4752 cur
1330 4697 1456 4752 data
1516 4698 1587 4752 sit
1630 4698 1926 4767 repromis-

343 4785 447 4849 sio,
480 4785 587 4839 uisi
616 4796 822 4841 tantum
857 4786 999 4856 quod
1027 4787 1214 4843 eduxit
1241 4802 1363 4843 eum
1398 4788 1565 4853 foras,
1593 4800 1643 4843 et
1675 4788 1921 4855 ostendit,

346 4878 544 4946 inquit,
580 4878 628 4932 ei
660 4879 837 4933 stellas
868 4878 1008 4946 caeli,
1039 4891 1086 4934 et
1121 4882 1278 4945 dixit,
1301 4881 1394 4938 Sic
1420 4882 1521 4935 erit
1547 4897 1722 4936 semen
1750 4892 1920 4935 tuum.

345 4969 503 5025 Nunc
552 4985 682 5027 vero
730 4971 880 5027 addit
922 4988 1141 5029 causam
1169 4981 1391 5043 propter
1417 4987 1578 5043 quam
1614 4972 1923 5040 iuramento

344 5062 637 5118 conﬁrmat
689 5065 1106 5134 promissionem
1172 5065 1386 5120 ﬁrmam
1458 5065 1719 5120 futuram.
1784 5064 1924 5119 Dicit

348 5156 529 5210 enim:
573 5153 713 5222 Quia
767 5156 940 5225 fecisti
986 5160 1197 5213 uerbum
1236 5160 1355 5224 hac,
1399 5168 1447 5212 et
1506 5173 1611 5211 non
1653 5154 1930 5225 pepercisti

440 5298 486 5328 ⁸⁸
519 5296 715 5353 Gcnns.
753 5314 843 5364 xv,
874 5298 923 5351 5.
1017 5298 1059 5329 ⁸¹
1097 5298 1112 5351 1
1163 5298 1287 5351 Cor.
1323 5313 1411 5359 xv,
1447 5298 1535 5351 Π.

345 5365 390 5402 ’³
417 5367 628 5425 Coloss.
657 5384 740 5435 ιιι,
769 5368 823 5424 9.
898 5369 945 5400 ⁸⁸
969 5367 1009 5422 ll
1038 5369 1161 5423 Cor.
1200 5384 1252 5436 ν,
1293 5370 1377 5422 l'l.
1449 5368 1491 5398 ⁸⁷
1529 5366 1706 5422 Gulat.
1741 5382 1822 5433 ιιι,
1860 5366 1947 5419 10.

418 5537 529 5607 (5‘2)
569 5538 740 5600 Alias,
774 5547 1060 5591 retractare
1093 5548 1141 5591 et
1176 5538 1349 5590 minus
1393 5536 1769 5607 necessarium,
1798 5548 1927 5588 mss.

348 5610 489 5660 utin
528 5618 710 5660 nostro
760 5616 930 5661 textu.
983 5608 1151 5662 Paulo
1206 5607 1347 5661 infra
1392 5606 1551 5658 iidem
1607 5620 1761 5667 mss.,
1826 5620 1931 5657 una

347 5679 600 5759 “illiceret
641 5678 997 5747 repromissio.
1038 5679 1214 5745 Alias,
1264 5695 1368 5731 una
1422 5676 1698 5744 stt/fecerat
1754 5690 1932 5741 repra-

349 5764 551 5885 ’1³⁸ίέἔῖ
570 5814 738 5877 Alias,
765 5816 1166 5881 pollicitationes
1198 5816 1493 5870 hwredibus
1534 5831 1625 5883 per
1654 5813 1934 5867 immobili.

349 5892 526 5954 latent,
556 5897 609 5943 el
634 5888 794 5955 paulo
816 5886 979 5954 infra,
1006 5903 1097 5956 per
1126 5888 1376 5956 majorem
1406 5902 1556 5942 suum
1580 5885 1791 5953 jurant.
1826 5885 1932 5939 Sed

1664 5296 1707 5328 ⁸³
1741 5294 1900 5349 llehr.
1930 5311 2005 5359 vt,

2031 4693 2088 4738 ct
2123 4681 2395 4736 sollicitus
2446 4682 2567 4747 tias,
2604 4691 2659 4736 et
2706 4683 2929 4737 audiens
2974 4684 3066 4737 tibi
3122 4684 3600 4753 repromissionem

2032 4774 2212 4844 parari
2254 4774 2309 4828 in
2351 4773 2524 4839 cretis,
2557 4774 2749 4843 vigiles
2788 4785 2845 4829 et
2893 4776 3141 4844 requiras
3167 4782 3433 4843 quatenus
3459 4775 3602 4829 divi-

2033 4867 2117 4922 nis
2163 4865 2615 4935 promissiouibus
2665 4867 2861 4936 dignus
2912 4867 3169 4921 exsistas.
3218 4864 3602 4919 Verumtamen

2032 4961 2180 5016 hunc
2214 4961 2390 5015 locum
2436 4969 2489 5014 et
2536 4960 2828 5029 Apostolus
2878 4962 3287 5031 interpretatur,
3323 4962 3508 5014 dicens
3531 4959 3601 5023 ⁸⁷,

2034 5054 2159 5121 quia
2180 5052 2408 5106 Abralue
2430 5053 2671 5120 promisit
2696 5052 2861 5116 Deus,
2884 5065 2933 5105 et
2956 5053 3143 5105 scm’ini
3166 5052 3319 5121 ejus:
3341 5068 3443 5105 non
3470 5051 3602 5104 dixit

2037 5158 2081 5199 et
2119 5146 2401 5201 seminibus
2429 5146 2583 5216 quasi
2616 5147 2669 5199 in
2702 5144 2902 5211 multis,
2933 5147 3024 5199 sed
3044 5156 3297 5214 tanquam
3321 5145 3377 5197 in
3403 5160 3529 5209 una,
3554 5154 3601 5196 ct

2038 5294 2123 5361 i3,
2156 5293 2239 5347 l7.
2349 5293 2394 5324 ⁸³
2423 5289 2565 5345 Psal.
2599 5303 2688 5355 cx,
2713 5289 2765 5342 4.
2875 5286 2922 5317 ⁸⁵
2954 5285 2973 5339 l
3005 5286 3127 5341 Cor.
3159 5300 3248 5350 xv,
3279 5285 3360 5349 l7,
3395 5284 3485 5349 48,
3516 5282 3601 5337 ιε).

2032 5546 2160 5586 mss.
2184 5540 2243 5584 ut
2275 5531 2327 5583 in
2367 5536 2554 5582 nostro
2579 5535 2749 5581 textu.
2784 5522 2927 5576 lnira
2961 5521 3123 5575 iidem
3159 5533 3313 5580 mss..
3344 5520 3446 5571 nisi
3484 5529 3607 5570 tan-

2034 5618 2138 5655 tum
2167 5603 2304 5672 quod
2331 5598 2510 5653 eduxit
2544 5612 2659 5672 enm
2684 5595 2853 5672 [aram
2884 5593 2939 5645 In
2969 5592 3134 5672 editis
3162 5592 3313 5645 deest
3342 5604 3445 5643 vox
3480 5590 3603 5646 n.5i.

2101 5662 2213 5741 (5i)
2246 5671 2417 5741 Alias,
2451 5668 2651 5721 scribit.
2685 5662 2840 5741 Mss."
2876 5662 3103 5739 scripsit.

2256 5740 2382 5792 Mss.
2418 5748 2697 5809 eruentes.
2720 5735 2892 5809 Alias,
2917 5734 3112 5809 exuite,

2252 5810 2422 5871 Alias,
2464 5808 2698 5874 nunquid
2730 5805 2821 5858 tibi
2851 5805 3082 5873 prodest.

2102 5882 2214 5951 (57)
2252 5880 2424 5946 Alias,
2456 5879 2680 5931 dicatur.
