4132 6468
451 391 554 449 Ξιό

1641 388 1704 443 IN
1734 381 2029 443 GENESIM
2070 375 2353 433 llOMlLlA
2390 375 2479 430 1X.

3596 371 3703 425 2H

452 512 635 565 semini
674 521 782 578 tuo,
814 515 902 579 qui
939 520 1015 566 est
1052 509 1319 565 Christus.
1365 509 1443 563 De
1493 506 1711 563 Christo
1741 519 1870 573 ergo
1898 501 2024 557 dici-

2139 512 2230 550 nos
2262 505 2452 558 terrm;
2486 490 2760 560 depellcns
2793 489 2939 560 ipsos
2983 486 3204 559 angelos
3240 493 3503 557 potestate
3532 492 3587 538 et
3613 485 3709 537 do—

456 603 602 656 tur“
655 621 669 657 :
717 602 1083 669 Multiplicaus
1135 602 1494 670 multiplicabo
1546 615 1717 653 semen
1765 606 1935 657 tuum,
1978 600 2028 646 et

453 694 554 748 erit
587 693 701 764 (58)
732 694 862 748 sicut
902 694 1070 749 stellae
1119 694 1233 748 caeli
1292 695 1350 747 in
1398 689 1760 755 multitudine,
1792 697 1842 741 et
1894 687 2029 740 sicut

453 801 615 839 arena
637 802 754 856 qua:
779 795 857 840 est
885 786 953 839 ad
980 803 1129 841 oram
1155 786 1339 839 maris.
1381 784 1515 851 Quis
1542 783 1654 852 jam
1690 781 2031 851 expositione

455 876 681 948 indiget,
716 886 774 931 ut
802 878 933 933 sciat
963 892 1145 932 semen
1178 877 1380 932 Christi
1402 875 1673 945 quomodo
1707 872 2033 942 multiplice-

457 977 570 1035 tur,
588 968 682 1038 qui
711 968 853 1023 videt
897 983 927 1021 a
979 967 1179 1021 ﬁnibus
1207 977 1369 1022 terra:
1404 980 1577 1036 usque
1602 964 1670 1019 ad
1703 964 1842 1018 ﬁnes
1870 972 2030 1017 terrae

455 1068 807 1129 propagatura
856 1059 1296 1127 prtedicationcm
1361 1056 1663 1126 Evangelii.
1711 1064 1769 1112 et
1825 1053 2029 1109 nullum

456 1163 593 1217 pene
617 1163 741 1204 esse
763 1147 876 1217 jam
914 1148 1090 1204 locum
1124 1149 1216 1217 qui
1248 1164 1356 1203 non
1384 1163 1568 1204 semen
1599 1146 1747 1202 verbi
1777 1158 2032 1213 suscepe-

457 1239 561 1295 rit?
595 1238 708 1293 Hoc
739 1253 972 1308 namque
1017 1249 1072 1294 et
1112 1238 1165 1293 in
1209 1238 1383 1293 initiis
1421 1238 1610 1293 mundi
1645 1235 2027 1307 prmﬁguraba-

456 1336 567 1392 tur,
603 1341 727 1382 cum
770 1327 1057 1383 diceretur
1099 1327 1230 1381 Atlas
1252 1327 1297 1358 ⁸⁹
1325 1345 1339 1382 :
1367 1325 1595 1381 Crescite
1633 1335 1681 1380 et
1714 1323 2030 1391 multiplica-

454 1418 605 1473 mini.
634 1418 788 1486 Quod
828 1427 881 1472 et
925 1419 1098 1488 ipsum
1131 1419 1264 1474 dicit
1304 1419 1596 1489 Apostolus
1617 1420 1684 1485 9°,
1720 1420 1776 1472 in
1809 1416 2030 1473 Christo

453 1506 559 1560 dici
588 1516 643 1562 et
670 1507 725 1560 in
760 1507 1023 1563 Ecclesia.
1054 1508 1209 1577 Quod
1247 1520 1436 1565 autem
1471 1511 1647 1565 dixit:
1679 1508 1831 1563 Sicut
1861 1507 2031 1562 stella:

450 1596 567 1649 cali
599 1598 653 1651 in
686 1599 1049 1666 multitudine,
1082 1611 1139 1656 et
1171 1602 1391 1671 adjecit,
1437 1602 1575 1655 sicut
1616 1617 1777 1655 arena
1808 1615 1924 1671 qut?
1953 1608 2031 1654 est

448 1688 519 1739 ad
548 1703 696 1742 oram
750 1692 912 1744 maris
950 1692 1387 1759 innumerabilis,
1427 1691 1660 1747 fortasse
1688 1692 1908 1761 quidem
1942 1690 2031 1745 di-

450 1787 536 1830 cat
564 1777 761 1847 aliquis
800 1781 1042 1837 cmlestis
1087 1781 1297 1837 numeri
1328 1783 1556 1853 ﬁguram
1587 1782 2028 1838 Christianorum

451 1867 673 1936 populo,
707 1883 890 1927 arenae
919 1874 1087 1929 maris
1114 1873 1343 1929 Judaico
1369 1875 1685 1930 convenire.
1704 1875 1813 1945 Ego
1844 1883 2025 1930 tamen

452 1957 554 2013 hoc
583 1959 759 2030 magis
807 1971 938 2030 puto
975 1964 1120 2033 quod
1163 1974 1455 2035 utrumque
1478 1966 1786 2036 exemplum
1815 1967 2032 2036 utrique

449 2049 645 2118 populo
676 2052 848 2120 possit
875 2056 1075 2124 aptari.
1107 2054 1244 2110 Nam
1273 2067 1329 2113 et
1371 2058 1423 2111 in
1460 2056 1551 2111 illo
1582 2057 1782 2128 populo
1811 2058 2033 2113 luerunt

451 2140 603 2197 multi
636 2142 770 2211 justi
801 2153 857 2199 et
885 2148 1183 2216 prophetae,
1211 2150 1413 2219 quibus
1444 2150 1731 2205 stellarum
1760 2151 1884 2206 οωιί
1914 2166 2027 2206 me-

452 2233 559 2286 rito
608 2249 959 2307 comparatur
996 2241 1307 2311 exemplum
1353 2252 1455 2298 :et
1486 2244 1540 2298 in
1598 2252 1788 2301 nostro
1830 2245 2031 2314 populo

448 2334 574 2379 sunt
604 2328 757 2382 multi
784 2331 877 2398 qui
912 2339 1129 2387 terrena
1157 2333 1400 2403 sapiunt,
1432 2343 1492 2390 et
1518 2349 1753 2404 quorum
1799 2335 2028 2391 stultitia

449 2417 669 2485 gravior
697 2430 783 2476 est
807 2436 976 2477 arena
1001 2424 1199 2492 maris;
1230 2425 1284 2479 in
1311 2425 1513 2495 quibus
1549 2429 1823 2497 praecipue
1854 2429 2030 2483 haere-

447 2510 682 2567 ticorum
730 2516 918 2571 turbas
965 2516 1207 2573 arbitror
1263 2517 1622 2588 deputandas.
1672 2521 1779 2576 Sed
1817 2536 1885 2576 ne
1929 2536 2029 2577 nos

444 2602 662 2669 quidem
706 2606 886 2660 securi
932 2607 1138 2674 simus;
1205 2609 1379 2666 donec
1435 2612 1580 2667 enim
1615 2615 1739 2684 quis
1778 2624 2028 2671 nostrum

446 2708 555 2747 non
582 2695 799 2764 deponit
834 2697 1122 2768 imaginem
1168 2704 1399 2770 terreni,
1427 2712 1480 2759 et
1513 2705 1689 2760 induit
1725 2707 2020 2776 imaginem

445 2784 710 2853 ctelestis,
763 2791 997 2847 terrenis
1033 2805 1388 2864 comparatur
1433 2799 1720 2869 exemplis.
1772 2799 1930 2857 Unde
1973 2813 2029 2858 et

444 2878 733 2946 Apostolus
757 2896 822 2935 ex
844 2882 956 2950 his,
985 2892 1046 2939 ut
1078 2886 1297 2955 opinor,
1330 2898 1511 2945 motus
1542 2890 1598 2946 in
1615 2889 1939 2948 coelestibus
1970 2902 2027 2949 et

447 2971 808 3028 terrestribus
840 2977 1169 3044 corporibus
1200 2982 1621 3038 resurrectionis
1656 2982 1857 3040 format
1889 2985 2026 3040 ima-

444 3057 653 3128 ginem,
704 3062 952 3117 dicens”1
985 3067 1148 3125 :Alia
1207 3071 1419 3138 quidem
1465 3072 1756 3128 caelestium
1820 3076 2019 3145 gloria,

446 3148 760 3248 alia-autem
801 3156 1243 3244 terrestriumtEt
1266 3160 1421 3214 stella
1460 3162 1525 3215 ab
1566 3163 1719 3216 stella
1764 3164 1943 3233 differt
1968 3166 2023 3218 in
2051 3189 2096 3248 α

445 3238 710 3306 claritate,
740 3243 817 3296 ita
861 3245 963 3298 erit
1003 3256 1050 3299 et
1095 3234 1412 3304 reSurrectio
1455 3261 1807 3308 mortuorum.
1838 3255 1945 3310 Sed
1971 3264 2027 3312 et

448 3330 708 3390 Dominus
740 3348 866 3390 cum
899 3336 1033 3392 dicit
1053 3339 1098 3371 9’
1127 3356 1141 3394 :
1169 3338 1261 3396 Ita
1307 3338 1479 3396 luceat
1520 3343 1615 3398 ιω,
1645 3354 1815 3400 vestra
1846 3362 2027 3401 coram

445 3423 766 3492 hominibus,
799 3438 854 3481 ut
901 3430 1133 3488 videntes
1180 3433 1418 3490 homines
1465 3453 1623 3505 opera
1671 3447 1841 3492 vestra
1887 3439 2023 3494 bona

442 3512 741 3583 gloriﬁcent
800 3515 1016 3575 Patrem
1067 3536 1299 3578 vestrum
1350 3527 1441 3595 qui
1504 3528 1559 3581 in
1606 3528 1752 3584 cwlis
1798 3530 2025 3596 est,hoc

442 3602 585 3660 idem
616 3619 927 3665 commonet
946 3626 1072 3666 eum
1098 3616 1189 3684 qui
1223 3618 1371 3671 novit
1398 3620 1606 3675 audire.

514 3698 569 3752 5.
601 3697 754 3765 Quod
788 3711 969 3758 autem
1002 3704 1253 3763 Christus
1296 3725 1485 3766 semen
1524 3712 1762 3770 Abrahte
1788 3726 1841 3773 et
1876 3717 2023 3775 ﬁlius

439 3786 675 3844 Abrahae
698 3790 791 3855 sit,
821 3792 869 3848 si
914 3792 996 3849 vis
1035 3795 1344 3853 evidentius
1391 3799 1691 3870 Scriptura:
1724 3807 1907 3865 verbis
1932 3809 2018 3865 di-

442 3893 618 3947 scere,
652 3881 776 3935 audi
821 3883 1093 3951 quomodo
1135 3885 1185 3941 in
1248 3888 1544 3960 Evangelia
1583 3895 1847 3962 scriptum
1891 3908 2017 3954 est:

444 3965 618 4058 Eiber,
654 3969 906 4041 inquit”,
936 3978 1287 4046 generationis
1305 3980 1434 4037 Jesu
1461 3982 1662 4040 Christi
1690 3986 1793 4055 ﬁlii
1824 3989 2014 4058 David,

441 4054 543 4121 ﬁlii
570 4057 862 4114 Abraham.
896 4061 951 4117 ln
985 4065 1093 4120 hoc
1128 4082 1258 4138 ergo
1287 4072 1596 4143 completur
1632 4054 1805 4133 etiille
1838 4054 2020 4137 sermo

442 4161 603 4215 quem
637 4150 768 4206 dicit
793 4151 839 4185 “
866 4170 880 4207 :
910 4153 1238 4214 Hareditate
1276 4164 1442 4230 capiet
1463 4182 1638 4221 semen
1662 4178 1810 4223 tuum
1833 4172 2019 4226 civita-

440 4246 515 4289 tes
535 4238 986 4297 adversariorum.
1018 4245 1299 4311 Quomodo
1333 4253 1651 4310 hmreditate
1690 4260 1834 4328 cepit
1858 4261 2018 4318 Chri~

438 4338 560 4385 etus
610 4330 865 4389 civitates
909 4335 1385 4396 adversariorum?
1420 4343 1526 4400 Per
1570 4347 1672 4402 hoc
1705 4350 1822 4404 sine
1852 4352 2017 4409 dubio

437 4421 580 4490 quod
607 4423 662 4476 in
684 4440 886 4479 onmem
906 4438 1101 4483 terram
1138 4433 1268 4485 exiit
1304 4451 1464 4490 sonus
1492 4439 1856 4506 apostolorum
1871 4443 1942 4510 θ’,
1966 4454 2014 4500 et

2139 586 2459 650 minatione,
2492 580 2652 654 quam
2684 580 2961 637 habebant
3003 579 3055 633 in
3095 578 3423 642 nationibus,
3449 589 3711 647 provoca-

2134 677 2209 730 vit
2238 692 2333 731 eos
2354 677 2420 730 ad
2445 673 2810 730 iracundiam.
2845 672 2910 726 Et
2941 670 3144 725 idcirco
3185 670 3395 736 dicit”,
3427 670 3553 739 quia
3582 669 3714 722 asti—

2133 776 2306 821 terunt
2330 782 2472 835 reges
2498 775 2673 833 terra},
2698 775 2747 819 et
2770 766 3028 835 principes
3064 769 3411 817 convenerunt
3443 764 3497 813 in
3524 774 3709 822 unum,

2134 858 2388 912 adversus
2412 857 2720 924 Dominum,
2746 867 2791 910 et
2806 857 3055 912 adversus
3073 854 3339 909 Christum
3353 853 3490 922 ejus.
3510 850 3573 904 Et
3590 850 3710 904 ideo

2133 949 2495 1005 adversantur
2523 950 2687 1005 etiam
2721 950 2900 1014 nobis,
2935 958 3098 1017 atque
3116 960 3315 1017 agones
3334 953 3517 1000 contra
3542 936 3639 997 nos
3655 952 3710 994 ct

2131 1043 2434 1096 certamina
2459 1041 2756 1097 concitant.
2784 1040 2920 1096 Hinc
2937 1048 2991 1094 et
3009 1038 3302 1110 Apostolus
3324 1036 3525 1091 Christi
3557 1052 3570 1089 :
3598 1034 3707 1087 Lu-

2133 1139 2338 1186 ctamen
2367 1140 2465 1198 est,
2490 1132 2724 1201 iuquit‘,
2757 1130 2904 1186 nobis
2956 1146 3061 1185 non
3117 1128 3393 1182 adversum
3425 1141 3633 1179 carnem
3657 1134 3706 1177 et

2131 1223 2466 1291 sanguinem,
2492 1224 2583 1277 sed
2606 1222 2887 1277 adversum
2916 1222 3244 1291 principatus
3272 1229 3317 1274 et
3335 1226 3637 1289 potestates,
3659 1227 3708 1271 et

2134 1311 2319 1364 mundi
2342 1312 2501 1381 hujus
2527 1323 2771 1368 rectores.
2791 1312 3089 1383 Propterea
3111 1327 3241 1382 ergo
3260 1310 3585 1382 vigilandum
3609 1323 3710 1364 no-

2135 1404 2216 1460 bis
2234 1415 2338 1473 est,
2373 1416 2425 1461 et
2443 1406 2677 1464 sollicite
2693 1409 2984 1479 agendum,
3009 1410 3134 1479 quia
3151 1405 3487 1460 adversarius
3510 1414 3708 1469 noster,

2131 1497 2268 1553 sicut
2304 1500 2384 1553 leo
2412 1501 2640 1570 rugiens,
2672 1502 2885 1564 circuit,
2910 1516 3148 1571 qua'rens
3178 1516 3329 1571 quem
3358 1498 3706 1552 transvorct'.

2131 1589 2230 1646 Cui
2252 1590 2736 1646 nislrestiterimus
2764 1591 2932 1659 fortes
2954 1594 3010 1645 in
3036 1591 3159 1659 ﬁde,
3191 1607 3402 1647 rursum
3422 1603 3520 1643 nos
3544 1588 3597 1642 in
3621 1602 3711 1641 ca-

2132 1684 2435 1753 ptivitatem
2473 1685 2772 1741 revocabit.
2819 1686 2972 1752 Quod
3004 1686 3050 1741 si
3091 1685 3496 1749 nobiseveniat,
3531 1684 3710 1753 ingra-

2136 1784 2245 1830 tum
2279 1775 2547 1832 faciemus
2572 1791 2707 1847 opus
2724 1776 2865 1846 ejus,
2897 1779 2991 1847 qui
3014 1779 3163 1833 cruci
3191 1793 3301 1832 sua:
3316 1777 3482 1831 allisit
3504 1777 3705 1847 princi-

2130 1878 2292 1939 patus
2319 1879 2372 1924 et
2399 1869 2759 1940 potestates’,
2791 1884 2913 1924 cum
2944 1869 3139 1925 ﬁducia
3172 1870 3508 1940 triumphans
3532 1886 3627 1926 eos
3652 1871 3706 1925 iu

2130 1961 2509 2030 semetipsum,
2542 1970 2596 2017 et
2626 1962 2717 2031 qui
2749 1961 2897 2016 venit
2939 1964 3183 2032 captivos
3225 1962 3505 2018 dimittere
3534 1963 3585 2016 in
3621 1977 3707 2017 re-

2131 2052 2498 2109 missionem‘.
2550 2052 2692 2120 Quin
2722 2054 2907 2124 potius
2938 2053 3098 2110 ﬁdem
3147 2054 3349 2111 Christi
3393 2064 3705 2125 sequentes,

2132 2145 2225 2214 qui
2256 2144 2612 2216 triumphavit
2646 2161 2769 2213 eos,
2798 2148 3205 2218 disrumpamus
3250 2148 3461 2203 vincula
3495 2164 3706 2213 eorum,

2132 2236 2329 2304 quibus
2364 2250 2462 2291 nos
2491 2236 2857 2293 devinxerunt
2883 2240 3142 2309 potestati
3169 2254 3301 2295 suae.
3330 2240 3548 2295 Vincula
3576 2255 3708 2295 vero

2130 2328 2335 2400 quibus
2368 2343 2469 2383 nos
2508 2330 2913 2403 constringunt,
2955 2332 3239 2401 passiones
3272 2340 3327 2386 et
3352 2332 3486 2386 vitia
3522 2341 3706 2388 nostra

2129 2428 2278 2485 sunt,
2313 2419 2513 2489 quibus
2538 2421 2722 2477 tandiu
2760 2422 3109 2487 innectimur,
3148 2423 3321 2479 donec
3348 2438 3569 2479 carnem
3608 2438 3707 2478 no-

2129 2520 2299 2567 stram
2321 2512 2708 2582 cruciﬁgamus
2737 2528 2862 2569 cum
2889 2514 3035 2569 vitiis
3060 2524 3113 2569 et
3146 2515 3628 2584 concupiscentiis,
3650 2527 3705 2570 et

2129 2602 2205 2657 ita
2235 2605 2450 2660 domum
2477 2605 2871 2674 disrumpamus
2908 2606 3114 2661 vincula
3141 2623 3345 2676 eorum,
3374 2617 3423 2662 et
3453 2607 3705 2675 proiicia-

2128 2712 2243 2750 mus
2273 2712 2305 2749 a
2337 2696 2484 2751 nobis
2522 2696 2715 2766 jugum
2773 2700 3006 2767 ipsorum
3030 2701 3073 2754 ⁸.
3109 2698 3278 2772 Igitur
3304 2701 3589 2771 occupavit
3619 2714 3708 2755 se-

2130 2800 2253 2841 men
2297 2785 2530 2841 Abraha:
2556 2785 2808 2842 civitates
2832 2787 3299 2853 adversariorum,
3324 2787 3377 2842 id
3409 2798 3493 2844 est
3515 2801 3703 2841 semen

2128 2877 2304 2941 verbi,
2336 2877 2483 2946 quod
2530 2886 2614 2932 est
2643 2879 2961 2948 praedicatio
2988 2880 3273 2951 Evangelii
3298 2889 3355 2936 et
3377 2880 3510 2936 ﬁdes
3541 2880 3702 2934 Chri-

2129 2974 2221 3029 sti.
2257 2972 2363 3028 Sed
2397 2972 2564 3028 dico:
2601 2971 2855 3043 Nunquid
2892 2973 3180 3044 iniquitate
3225 2987 3356 3029 usns
3395 2983 3481 3030 est
3517 2974 3702 3028 Domi-

2127 3076 2251 3129 nus,
2280 3070 2339 3116 ut
2360 3062 2595 3131 eriperet
2622 3074 2809 3132 gentes
2838 3064 2903 3118 de
2933 3073 3206 3132 potestate
3229 3063 3705 3128 adversariorum,

2129 3162 2183 3208 et
2213 3153 2282 3208 ad
2310 3152 2470 3208 ﬁdem
2502 3167 2661 3207 suam
2700 3153 3068 3223 ditionemque
3099 3164 3382 3210 revocaret
3407 3153 3520 3227 (60)
3534 3154 3557 3207 ’ἒ
3592 3153 3700 3207 Nc-

2129 3262 2425 3316 qnaqnam.
2455 3247 2589 3303 Erat
2611 3246 2758 3302 enim
2785 3246 3079 3315 aliquando
3110 3262 3237 3317 pars
3269 3247 3481 3302 Domini
3510 3248 3701 3312 Israel,

2126 3341 2221 3392 sed
2252 3338 2329 3391 illi
2358 3352 2587 3409 peccare
2626 3336 2876 3392 fecerunt
2916 3335 3083 3391 Israel
3121 3351 3153 3391 a
3193 3337 3304 3393 Deo
3334 3352 3456 3405 suo,
3489 3346 3545 3394 et
3568 3353 3700 3407 pro-

2126 3438 2247 3499 pter
2274 3438 2495 3499 peccata
2526 3444 2622 3485 sua
2652 3429 2787 3484 dixit
2814 3428 2895 3484 eis
2926 3430 3067 3484 Deus
3086 3428 3106 3459 ⁸
3139 3446 3155 3486 :
3186 3428 3322 3484 Ecce
3353 3430 3584 3499 peccatis
3608 3447 3698 3485 ve-

2125 3521 2250 3576 stris
2302 3520 2551 3575 distracti
2605 3523 2752 3586 estis,
2789 3530 2837 3574 et
2886 3528 3103 3588 propter
3143 3530 3359 3589 peccata
3411 3532 3583 3576 vestra
3618 3523 3701 3575 di-

2123 3613 2288 3683 spersi
2330 3612 2456 3667 estis
2483 3613 2577 3669 sub
2612 3614 2855 3667 universo
2903 3613 3054 3667 cwlo.
3090 3611 3198 3668 Sed
3242 3612 3439 3668 iterum
3466 3611 3597 3667 dicit
3630 3612 3697 3665 ad

2122 3706 2251 3762 cos"
2283 3703 2377 3759 :Si
2402 3704 2559 3774 fuerit
2597 3705 2855 3775 dispersio
2890 3716 3059 3759 vestra
3100 3706 3165 3759 ab
3213 3714 3444 3760 extremo
3469 3704 3584 3758 caeli
3613 3721 3704 3757 us-

2123 3813 2221 3867 que
2249 3797 2317 3851 ad
2340 3806 2630 3851 extremum
2651 3794 2785 3865 ejus,
2813 3794 2935 3849 inde
2958 3794 3282 3865 congregabo
3305 3810 3415 3860 vos,
3436 3794 3561 3847 dicit
3586 3791 3701 3847 Do-

2121 3885 2313 3941 minus.
2345 3884 2482 3952 Quia
2518 3899 2648 3956 ergo
2673 3884 2946 3961 principes
2983 3884 3143 3953 hujus
3172 3883 3358 3939 mundi
3386 3884 3701 3938 invaserant

2120 3990 2331 4048 partem
2358 3978 2598 4045 Domini,
2629 3991 2856 4034 necesse
2892 3976 3081 4036 habuit
3117 3986 3305 4046 pastor
3350 3975 3532 4031 bonus
3566 3974 3700 4029 reli-

2119 4071 2224 4127 ctis
2251 4071 2303 4125 in
2338 4069 2591 4139 supernis
2621 4068 2919 4138 nonaginta
2956 4078 3011 4123 et
3036 4083 3229 4123 novem
3263 4067 3600 4123 descendere
3630 4066 3698 4120 ad

2122 4172 2319 4226 terras,
2344 4172 2401 4217 et
2424 4175 2586 4214 unam
2611 4175 2767 4216 ovem
2801 4175 2920 4230 quae
2948 4162 3186 4228 perierat
3209 4173 3476 4229 quaerere,
3505 4158 3697 4213 inven-

2121 4260 2342 4322 tamque
2368 4260 2424 4308 et
2454 4251 2701 4307 humeris
2737 4260 3037 4317 revectam,
3082 4253 3147 4305 ad
3192 4265 3490 4318 supernum
3519 4248 3699 4318 peric-

2119 4343 2315 4398 ctionis
2351 4342 2494 4398 ovile
2542 4341 2869 4397 revocare”.
2896 4341 3002 4395 Sed
3054 4341 3181 4409 quid
3222 4340 3354 4394 mihi
3400 4341 3619 4409 prodest
3650 4340 3694 4393 si

2121 4448 2308 4489 semen
2356 4432 2589 4489 Abrahae
2621 4433 2713 4503 qui
2747 4440 2833 4487 est
2864 4433 3135 4498 Christus,
3169 4431 3488 4487 haereditate
3526 4431 3697 4500 possi-

436 4514 492 4571 in
518 4514 695 4569 orbem
738 4526 895 4573 terra:
937 4521 1091 4576 verba
1116 4540 1298 4578 eorum
1321 4526 1388 4581 ⁸⁸.
1418 4527 1574 4597 [unde
1603 4539 1659 4586 et
1686 4534 1752 4588 ad
1789 4533 2012 4592 ίι-ειευη-
2042 4516 2094 4577 Ι)
2120 4524 2248 4580 deat
2287 4523 2539 4580 civitates
2583 4522 3049 4589 adversariorum,
3090 4530 3144 4576 et
3188 4536 3361 4577 meam
3412 4521 3688 4576 civitatem

435 4604 581 4661 diam
609 4610 834 4664 excitati
864 4620 991 4667 sunt
1017 4614 1198 4685 angeli
1231 4616 1330 4685 illi,
1369 4622 1461 4689 qui
1496 4623 1739 4694 singulas
1764 4640 2012 4697 quasque

436 4699 684 4757 nationes
729 4704 830 4757 sub
861 4712 1131 4771 potestate
1178 4711 1489 4769 retinebant
1541 4715 1675 4787 (59).
1717 4718 1831 4789 86
1878 4718 2009 4776 Cum

431 4790 572 4846 enim
609 4792 860 4850 divideret
902 4796 1155 4853 Excelsus
1179 4811 1360 4870 gentes
1395 4808 1684 4861 secundum
1732 4827 2012 4868 numerum

432 4882 741 4974 angelorum
772 4885 890 4951 Dei,
926 4898 1052 4943 tunc
1072 4907 1198 4959 pars
1221 4892 1337 4962 ejus
1359 4894 1502 4962 facta
1530 4908 1603 4952 est
1630 4898 1820 4968 Jacob,
1850 4914 1897 4958 et
1921 4904 2011 4974 fu-

434 4973 639 5029 niculus
675 4975 1003 5034 litereditatis
1043 4982 1161 5050 ejus
1185 4981 1359 5038 Israel
1376 4986 1443 5040 ³⁷.
1471 4987 1728 5048 Christus
1753 4995 1901 5049 enim
1924 4973 2004 5053 ad

434 5079 594 5156 quem
645 5066 860 5123 dixerat
890 5068 1051 5126 Pater
1071 5072 1116 5104 ⁸⁸
1143 5091 1158 5127 :
1186 5073 1314 5130 Pete
1340 5093 1371 5130 α
1400 5094 1502 5146 me,
1525 5091 1572 5134 et
1592 5082 1728 5137 dabo
1759 5087 1853 5139 tibi
1875 5104 2001 5156 gen-

434 5163 509 5208 tes
536 5155 899 5213 [nereditatem
946 5172 1117 5227 tuam,
1151 5173 1199 5217 et
1229 5169 1611 5233 possessionem
1639 5180 1785 5227 tuam
1820 5155 2003 5231 termi-

2119 4632 2229 4674 non
2259 4616 2575 4687 possideat?
2599 4616 2644 4672 si
2664 4616 2715 4670 in
2747 4631 2871 4673 mea
2897 4616 3141 4681 civitate,
3176 4616 3277 4671 hoc
3304 4623 3387 4670 est
3422 4616 3476 4670 in
3514 4614 3694 4669 anima

2118 4726 2258 4779 mea,
2285 4724 2409 4780 qum
2434 4710 2734 4765 estcivitas
2762 4707 2929 4779 Regis
2949 4707 3154 4778 magni,
3186 4721 3359 4777 neque
3385 4705 3531 4777 leges
3547 4704 3686 4775 ejus,

2116 4818 2295 4873 neque
2329 4802 2575 4859 instituta
2603 4800 2928 4857 serventur?
2962 4799 3097 4868 Quid
3130 4800 3260 4855 mihi
3294 4800 3511 4870 prodest
3545 4802 3690 4870 quod

2116 4896 2431 4952 universum
2474 4895 2731 4951 tnuudum
2753 4894 3007 4965 subjecit,
3043 4903 3098 4947 et
3142 4892 3581 4949 adversariorum
3619 4893 3693 4948 ci-

2116 4989 2313 5045 vitates
2342 4989 2604 5059 possidet,
2653 4989 2699 5045 si
2737 5004 2845 5045 non
2887 4998 2942 5045 et
2984 4989 3040 5043 in
3073 5003 3158 5044 me
3183 4988 3529 5045 adversarios
3560 5002 3690 5043 suos

2112 5081 2317 5148 vincat,
2353 5081 2400 5135 si
2431 5095 2540 5135 non
2573 5084 2820 5137 destruat
2860 5080 3058 5151 legem,
3088 5097 3208 5153 qua:
3236 5092 3321 5139 est
3347 5083 3398 5138 in
3431 5083 3691 5138 membris

2113 5173 2250 5229 meis
2294 5186 2601 5243 repugnans
2632 5172 2744 5242 legi
2776 5172 2977 5228 mentis
3016 5188 3168 5237 mete.
3201 5183 3257 5231 et
3289 5176 3562 5245 captivum
3599 5190 3688 5229 me

429 5341 473 5374 ﬂ
501 5271 759 5330 “Cenes.
784 5291 919 5341 xm,
951 5278 1037 5332 i7.
1090 5281 1353 5340 "Cenes.
1374 5302 1409 5350 ι,
1432 5287 1521 5342 28.
1564 5288 1611 5321 ⁹⁰
1642 5289 1834 5358 Ephes.
1860 5308 1910 5360 v,
1937 5296 2024 5353 52.

495 5341 695 5397 Cenes.
728 5361 863 5397 xm.
901 5348 987 5397 l7.
1027 5351 1072 5383 θα
1101 5351 1299 5397 Ρςπιιη-
1340 5369 1458 5397 «um
1513 5359 1561 5397 x,
1604 5360 1651 5392 oo
1681 5360 1813 5397 an
1864 5379 1892 5397 ν
1946 5367 2012 5397 ιο

2144 5298 2165 5351 ι
2194 5298 2318 5353 Cor.
2341 5312 2432 5359 xv,
2455 5295 2526 5350 40
2549 5302 2603 5349 et
2625 5309 2739 5365 seq.
2782 5296 2826 5327 ν’
2851 5294 3039 5349 Matth.
3064 5309 3115 5356 ν.
3154 5294 3241 5350 16.
3283 5295 3331 5328 ³³
3351 5295 3541 5350 Matth.
3572 5296 3681 5359 ι,1.

2125 5370 2138 5397 l
2168 5368 2296 5397 ΠΛ...
2349 5381 2496 5397 ..ν-η.
2543 5365 2573 5397 Ω
2620 5367 2653 5397 u
2743 5366 2786 5397 98
2820 5364 2939 5397 Dnnl
2988 5380 3022 5397 ιι
3071 5363 3100 5397 Ω
3178 5364 3358 5397 οθ;1.;,ι
3410 5367 3441 5397 ω
3503 5365 3657 5397 ιρι-Ι.

543 5359 863 5434 ρίιιθξκχΐξιι,
901 5348 1072 5434 17.“⁹⁸
1100 5351 1300 5434 Ρρειιῃ.
1336 5348 1485 5423 svnt,
1513 5359 1573 5434 5.
1604 5360 1659 5434 “_
1681 5348 1837 5434 Boni.
1864 5348 1918 5429 ιζ
1942 5348 2024 5423 λέξ

2125 5348 2321 5421 ﬁngat;
2344 5348 2520 5431 dixit],
2540 5348 2597 5428 8.
2620 5348 2676 5421 ξιξ
2696 5348 2719 5365 ³
2743 5366 2786 5403 ’⁸
2820 5348 2963 5422 est
2988 5348 3046 5432 ιι,
3070 5348 3123 5420 8⁷.
3159 5348 3477 5422 '99‘ibid’."2’.
3503 5365 3517 5396 ι
3542 5348 3683 5434 Eph.

427 5426 503 5480 vt,
532 5414 618 5470 l6.
657 5416 678 5447 ³
703 5414 721 5470 Ι
751 5414 897 5472 Petr.
921 5434 974 5486 v,
1002 5420 1057 5476 8.
1135 5422 1155 5454 ³
1177 5423 1385 5483 Coloss.
1421 5414 1483 5493 tt,
1515 5429 1600 5483 Η.
1644 5432 1666 5460 ⁴
1696 5414 2024 5503 [ιῦἆξιῖίνξῖ

2132 5414 2324 5493 “RBE
2349 5414 2520 5503 ἶιξξῗ
2544 5414 2569 5467 ί
2581 5414 3123 5492 Νἱδίιεωλῗῆἶῆιῑζ
3147 5436 3168 5468 ε
3187 5414 3380 5493 usus:
3407 5414 3681 5503 itum;

496 5557 611 5628 (58)
641 5556 806 5628 Editi,
838 5570 886 5614 et
910 5571 1084 5615 erunt.
1116 5562 1267 5628 Mss.,
1293 5576 1343 5620 et
1370 5569 1492 5627 erit.

496 5626 609 5698 (59)
646 5626 777 5714 γεξιηε
803 5628 1056 5714 lJpetian
1091 5626 1534 5705 Origenianorum
1565 5640 1658 5697 lib.
1702 5658 1762 5710 tt,
1790 5646 1996 5714 'qutust.

423 5698 482 5765 5,
507 5694 660 5753 unm.
688 5694 781 5764 26,
810 5700 879 5755 30
903 5709 957 5755 et
989 5701 1077 5755 52.

496 5768 610 5839 (60)
643 5769 736 5825 Sic
776 5786 907 5827 mss.
967 5773 1134 5840 Alias,
1197 5774 1615 5851 deditionemque
1675 5788 1982 5842 revocaret?

2106 5577 2276 5634 Paulo
2300 5586 2417 5647 post
2446 5578 2585 5634 infra
2612 5592 2769 5645 mss.,
2797 5579 2888 5634 sed
2913 5578 2993 5633 illi
3012 5594 3227 5647 peccare
3250 5579 3483 5647 fecerunt
3506 5577 3680 5633 Israel
3752 5577 3757 5580 ’

2106 5666 2138 5702 a
2162 5649 2271 5703 Deo
2295 5664 2391 5704 suo
2411 5659 2458 5703 et
2480 5659 2693 5721 prppter
2722 5657 2957 5718 peccata.
2985 5649 3156 5713 Alias,
3186 5654 3276 5702 sed
3298 5651 3419 5721 quia
3448 5650 3677 5720 peccatis

2106 5727 2424 5775 recesserant
2454 5735 2487 5773 a
2527 5717 2634 5775 Deo
2665 5717 2781 5787 suo,
2820 5727 3032 5789 propter
3069 5730 3300 5788 peccata.
