4132 6478
375 387 484 442 215

1846 382 2166 441 ORlGEMS

3537 382 3645 436 216

380 506 533 561 ducit
573 504 625 558 iu
671 504 787 574 lege
827 502 1028 573 peccati
1052 504 1111 556 ’ἲ
1150 502 1242 557 Sic
1274 515 1404 572 ergo
1434 503 1810 573 unusquisque
1866 518 1956 558 no-
1989 506 2036 563 Α
2064 502 2282 557 auditis.
2324 503 2590 556 Abraham
2616 504 2753 557 enim
2789 503 2918 556 duos
2952 502 3091 570 ﬁlios
3139 500 3343 566 habuit,
3400 512 3453 555 ct
3482 511 3646 554 ctctco

380 606 555 650 strum
585 598 720 651 satis
758 605 903 664 agat,
936 605 995 649 ut
1023 604 1079 648 et
1104 595 1156 648 in
1182 610 1276 650 sua
1310 594 1515 659 anima,
1542 605 1597 649 et
1626 595 1678 649 in
1702 612 1801 651 suo
1836 610 1958 651 cor-

380 704 514 760 pore
547 690 725 744 vincat
752 687 999 743 Christus
1027 689 1376 744 adversarios
1410 704 1559 754 suos,
1586 697 1640 744 et
1664 688 1959 757 subjiciens

379 796 479 836 eos
506 795 569 835 ac
600 780 941 848 triumphans
976 779 1143 834 etiam
1190 794 1303 834 sua:
1337 781 1531 834 animae
1570 781 1844 849 possideat
1882 780 1959 834 ei-

378 874 624 927 vitatem.
674 871 787 925 lloc
825 870 971 925 enim
1005 871 1165 925 modo
1195 870 1261 925 de
1303 880 1460 941 parte
1504 870 1621 939 ejus
1673 870 1958 938 eﬂicimur,

376 967 447 1019 de
478 973 631 1033 parte
654 962 878 1017 meliore
908 977 1034 1031 quae
1065 970 1150 1016 est
1183 962 1324 1016 sicut
1363 961 1535 1016 stella:
1567 960 1691 1015 cteli
1724 962 1773 1015 in
1799 961 1960 1015 clari-

378 1063 514 1117 tate,
558 1062 693 1106 utet
718 1067 817 1105 nos
847 1052 1279 1107 benedictionem
1305 1051 1534 1107 Abrahae
1562 1068 1753 1122 capere
1784 1054 1959 1123 possi-

380 1156 523 1205 mus,
558 1156 653 1210 per
687 1140 963 1195 Christum
1006 1140 1295 1197 Dominum
1340 1152 1608 1207 nostrum,
1639 1143 1726 1197 cui
1755 1152 1837 1199 est
1865 1144 1958 1199 ho-

383 1249 485 1288 nor
507 1242 563 1286 et
599 1233 771 1303 gloria
804 1232 917 1305 (61)
946 1233 999 1286 in
1025 1232 1223 1287 saecula
1252 1234 1594 1289 saeculorum.
1620 1235 1812 1289 Amen.

971 1323 1254 1381 HOMILIA
1296 1324 1363 1380 Χ.

382 1415 460 1469 De
494 1415 747 1481 Rebecca,
787 1435 904 1471 eum
949 1419 1133 1472 exisset
1174 1419 1242 1470 atl
1277 1436 1467 1488 aquam
1514 1418 1882 1485 hauriendam,
1909 1428 1957 1473 et

758 1489 1070 1542 occurrisset
1101 1490 1147 1541 ei
1171 1506 1300 1555 puer
1326 1490 1569 1542 Abraltte.

459 1580 510 1631 1.
540 1578 714 1642 lsaac,
733 1580 1202 1651 inquitScriptura
1224 1582 1289 1645 ¹⁰,
1315 1578 1955 1634 erescebatetcoul‘orta-

385 1670 567 1734 batur,
624 1672 673 1724 id
716 1681 798 1726 est
838 1672 1096 1741 gaudium
1138 1671 1420 1726 crescebat
1480 1671 1715 1724 Abrahae
1779 1673 1956 1740 respi-

385 1764 557 1815 cienti
588 1778 694 1816 non
722 1765 787 1817 ad
819 1778 883 1817 ca
918 1777 1037 1831 qua:
1064 1762 1333 1825 videntur,
1361 1762 1454 1816 sed
1485 1777 1605 1830 qua:
1632 1777 1736 1815 non
1767 1763 1956 1817 viden-

2065 607 2146 657 ra,
2186 594 2385 661 quibus
2413 594 2558 647 addit
2591 609 2604 645 :
2637 593 2769 659 Qum
2792 605 2915 647 sunt
2944 594 3249 663 allegorica.
3279 591 3529 660 Nunquid
3556 607 3648 647 sa-

2061 694 2337 737 cramenta
2374 684 2508 754 legis
2543 684 2622 739 eis
2650 685 2884 753 aperuit,
2919 686 3009 753 qui
3043 700 3217 753 neque
3263 685 3513 747 audiunt,
3547 696 3645 740 ne-

2060 787 2169 841 que
2200 773 2381 844 legunt
2415 775 2623 845 legem?
2652 776 2757 829 Sed
2790 774 2963 846 legem
3032 776 3335 845 legentibus
3374 777 3590 832 dicebat
3623 792 3640 831 :

2066 861 2249 932 Legem
2283 882 2386 919 non
2417 868 2663 920 audistis.
2699 866 2978 933 Quomodo
3012 882 3143 935 ergo
3197 878 3389 936 potero
3438 878 3643 938 myste-

2062 955 2142 1009 ria
2204 956 2338 1026 legis
2399 966 2453 1011 et
2492 958 2819 1026 allegorias,
2877 974 3015 1027 quas
3072 958 3141 1012 ab
3170 959 3428 1027 Apostolo
3462 961 3639 1014 edocti

2061 1058 2271 1112 sumus,
2305 1047 2518 1115 aperire
2541 1056 2596 1103 et
2628 1050 2853 1117 prodere
2889 1050 2994 1115 his,
3028 1050 3226 1119 quibus
3256 1060 3310 1103 et
3345 1051 3553 1104 auditio
3585 1060 3644 1105 et

2060 1136 2227 1189 lectio
2255 1136 2387 1207 legis
2427 1139 2703 1209 incognita
2728 1139 2846 1194 est?
2895 1141 3157 1209 Asperior
3210 1140 3442 1195 fortasse
3486 1142 3642 1197 vobis

2060 1231 2269 1295 videor,
2303 1230 2398 1286 sed
2431 1246 2537 1286 non
2571 1248 2789 1302 possum
2815 1232 2976 1287 linire
3011 1235 3278 1303 parietem
3314 1234 3637 1301 lapsantem.

2060 1320 2251 1377 Timeo
2276 1322 2417 1376 enim
2452 1323 2579 1377 illud
2636 1324 2778 1392 quod
2832 1325 3095 1393 scriptum
3152 1336 3237 1379 est
3269 1328 3311 1357 "
3350 1344 3362 1379 :
3402 1324 3639 1393 Populus

2059 1429 2227 1474 meus,
2259 1414 2348 1482 qtti
2378 1413 2683 1481 beatiﬁcant
2712 1432 2820 1475 vos.
2855 1416 3112 1469 seducunt
3165 1432 3276 1480 vos,
3343 1424 3394 1468 et
3424 1417 3638 1469 semitas

2056 1504 2246 1569 pedum
2278 1515 2564 1559 vestrorum
2600 1509 2940 1570 conturbant,
3008 1517 3260 1577 tanquam
3296 1506 3435 1561 (illos
3490 1520 3641 1561 meos

2058 1595 2416 1651 charissitnos
2442 1612 2657 1651 moneo.
2679 1597 2847 1653 Miror
2870 1602 2915 1652 si
2944 1599 3181 1652 nondum
3220 1597 3375 1651 vobis
3404 1597 3641 1650 innotuit

2058 1689 2143 1742 via
2171 1688 2377 1743 Christi
2410 1702 2424 1739 :
2480 1688 2523 1743 si
2557 1703 2624 1743 ne
2680 1690 2781 1744 hoc
2814 1691 3031 1758 quidem
3059 1690 3306 1751 audistis,
3352 1688 3497 1757 quod
3531 1702 3636 1741 non

2059 1791 2143 1836 est
2174 1781 2277 1835 lata
2310 1789 2363 1836 et
2406 1786 2668 1849 spatiosa,
2722 1784 2816 1837 sed
2855 1793 3003 1837 arcta
3038 1790 3093 1838 et
3124 1789 3351 1851 angusta
3403 1780 3488 1833 via
3554 1790 3641 1833 est

386 1863 493 1906 tur.
530 1853 642 1907 Non
675 1855 818 1907 enim
852 1852 1125 1923 gaudebat
1159 1853 1225 1906 de
1261 1854 1625 1921 pra-sentibus
1652 1852 1955 1919 Abraham,
1991 1843 2033 1898 Β
2062 1887 2181 1940 qua,
2208 1871 2359 1927 dum
2384 1843 2452 1928 δέ
2483 1843 2744 1929 vitam—ts.
2779 1874 2844 1928 ει
2872 1889 2967 1929 vos
2994 1889 3123 1942 ergo
3168 1843 3370 1927 ίιςιηιε
3401 1885 3499 1939 ροι-
3542 1885 3640 1923 an-

381 1961 557 2015 neque
591 1947 655 2001 de
687 1946 892 2001 divitiis
935 1947 1122 2000 mundi
1163 1956 1215 2000 et
1244 1948 1459 2001 actibus
1496 1947 1703 2001 seaculi.
1730 1945 1836 2000 Sed
1874 1948 1958 2001 vis

378 2041 567 2095 audire
594 2040 871 2093 Abraham
898 2041 1040 2094 unde
1065 2039 1362 2109 gauderet?
1394 2038 1539 2093 Audi
1571 2038 1859 2093 Dominum
1890 2039 1957 2092 ad

376 2133 594 2187 Judteos
625 2132 894 2187 dicentem
916 2132 958 2163 “
988 2149 1002 2185 :
1032 2132 1299 2185 Abraham
1326 2140 1475 2200 pater
1500 2142 1665 2185 vester
1688 2132 1958 2185 desidera-

377 2227 446 2278 vit
500 2234 555 2277 ut
590 2225 777 2278 videret
824 2225 961 2278 diem
1017 2232 1286 2289 meum,et
1317 2224 1468 2289 vidit,
1494 2235 1543 2277 et
1587 2225 1799 2293 gavisus
1857 2231 1956 2277 est.

380 2316 485 2370 Per
524 2316 627 2368 hoc
672 2329 803 2384 ergo
856 2316 1139 2370 crescebat
1179 2314 1356 2380 Isaac,
1402 2330 1499 2384 per
1534 2316 1678 2385 quod
1723 2316 1957 2370 Abrahm

377 2408 518 2461 visio
548 2406 635 2460 illa
683 2422 787 2476 qua
816 2407 1033 2461 videbat
1057 2407 1260 2462 Christi
1301 2408 1466 2474 diem,
1504 2417 1560 2463 et
1587 2423 1711 2477 spes
1739 2423 1860 2477 qua:
1900 2408 1954 2463 in

378 2499 497 2567 ipso
529 2507 634 2562 est,
668 2499 866 2564 gaudia
896 2499 1237 2555 cumulabat.
1268 2500 1446 2569 Atque
1476 2503 1683 2555 utinam
1710 2501 1954 2558 eiiicere-

377 2592 511 2646 mini
556 2594 720 2646 etiam
770 2609 866 2647 vos
915 2593 1065 2649 lsaac
1109 2603 1163 2649 et
1211 2596 1406 2650 essetis
1456 2598 1708 2664 gaudium
1766 2598 1955 2652 matris

385 2695 587 2739 vestra:
624 2685 911 2740 Ecclesiae!
961 2686 1066 2741 Sed
1097 2702 1287 2741 vereor
1324 2702 1390 2742 ne
1421 2687 1596 2742 adhuc
1631 2688 1681 2740 in
1735 2688 1954 2743 tristitia

377 2789 431 2832 et
455 2778 653 2849 gemitu
679 2779 922 2834 Ecclesia
964 2778 1105 2833 lilios
1134 2779 1329 2848 pariat.
1366 2779 1555 2832 Annon
1598 2787 1676 2833 est
1702 2778 1751 2833 ei
1780 2779 1952 2833 tristi-

378 2875 454 2926 tia
508 2882 563 2926 ct
613 2873 867 2941 gemitus,
910 2886 1034 2926 cum
1079 2884 1176 2924 vos
1228 2884 1333 2923 non
1383 2870 1688 2924 convenitis
1719 2870 1833 2941 (62)
1885 2871 1952 2924 ad

378 2966 711 3021 audiendum
764 2965 858 3020 Dei
909 2964 1152 3026 verbum,
1189 2972 1246 3017 et
1295 2962 1381 3016 vix
1434 2962 1591 3017 festis
1645 2964 1837 3018 diebus
1884 2964 1953 3019 ad

376 3058 664 3115 ecclesiam
692 3058 1003 3128 proceditis,
1023 3065 1076 3111 et
1100 3057 1199 3111 hoc
1227 3072 1332 3110 non
1362 3066 1467 3109 tam
1490 3056 1759 3111 desiderio
1781 3057 1951 3125 verbi,

378 3167 539 3222 quam
565 3152 747 3206 studio
784 3130 1168 3215 solemnitatis,
1198 3157 1251 3202 et
1288 3148 1519 3217 publicae
1551 3150 1953 3218 quodammodo

377 3243 720 3298 remissionis
762 3242 1023 3297 obtentu?
1065 3240 1205 3307 Quid
1258 3239 1422 3309 igitur
1464 3253 1567 3309 ego
1616 3239 1837 3305 iaciam,
1865 3242 1951 3296 cui

379 3336 716 3406 dispensatio
751 3336 901 3389 verbi
940 3333 1146 3389 credita
1171 3332 1286 3386 est?
1313 3330 1413 3396 Qui
1444 3330 1570 3386 licet
1606 3332 1813 3387 inutilis
1843 3347 1955 3387 serv

377 3444 476 3482 vus
525 3430 651 3493 sim,
714 3426 899 3495 accepi
948 3434 1127 3479 tamen
1171 3441 1199 3478 a
1239 3424 1469 3480 Domino
1522 3424 1951 3479 distribuendam

377 3520 602 3575 faitiilia:
642 3518 936 3573 Dominica:
968 3517 1134 3571 tritici
1167 3530 1505 3570 mensuram.
1540 3514 1647 3570 Sed
1674 3514 1794 3568 vide
1822 3515 1952 3584 quid

377 3614 526 3669 addit
574 3626 753 3669 sermo
804 3611 1019 3666 Domini
1052 3632 1063 3666 :
1095 3609 1553 3673 Distribuendam,
1607 3609 1867 3678 inquit”,
1898 3610 1951 3661 in

378 3716 606 3774 tempore
644 3705 805 3757 tritici
851 3719 1171 3758 mensuram.
1223 3701 1362 3768 Quid
1412 3715 1541 3771 ergo
1582 3700 1817 3755 iaciam?
1848 3698 1949 3754 Ubi

374 3794 459 3847 vel
497 3794 713 3864 quando
751 3803 990 3849 vestrum
1046 3801 1262 3862 tempus
1309 3791 1613 3845 inveniam?
1651 3788 1948 3843 Plurimum

375 3904 442 3942 ex
471 3888 597 3955 hoc,
634 3888 746 3941 imo
780 3901 923 3955 pene
954 3892 1126 3940 totum
1152 3893 1361 3953 tempus
1392 3883 1681 3938 mundanis
1718 3898 1952 3952 occupa-

378 3976 619 4031 tionibus
664 3977 840 4031 teritis
884 3978 934 4029 in
979 3976 1118 4039 loro,
1161 3976 1306 4030 aliud
1340 3976 1391 4028 in
1428 3974 1801 4044 negotiatione
1827 3989 1953 4029 con-

375 4070 627 4133 sumitis;
678 4068 818 4123 alius
858 4085 1008 4140 agro,
1044 4070 1183 4123 alius
1225 4068 1411 4124 litibus
1454 4076 1632 4131 vacat,
1662 4075 1716 4121 et
1746 4067 1810 4120 ad
1850 4081 1949 4119 au-

375 4162 634 4216 diendum
672 4161 762 4216 Dei
813 4163 1033 4215 verbum
1088 4175 1273 4225 nemo,
1302 4170 1394 4214 aut
1450 4158 1607 4228 pauci
1659 4159 1947 4214 admodum

374 4262 595 4311 vacant.
625 4254 729 4309 Sed
764 4253 892 4322 quid
918 4270 1009 4308 vos
1033 4252 1099 4308 de
1123 4253 1571 4322 occupationibus
1595 4252 1792 4321 culpo?
1811 4250 1950 4317 Quid

372 4346 441 4400 de
486 4346 802 4401 absentibus
853 4344 1213 4415 conqueror?
1246 4343 1553 4399 Przesentes
1589 4344 1753 4397 etiam
1802 4354 1858 4397 et
1897 4344 1947 4397 in

374 4438 616 4493 Ecclesia
660 4438 822 4507 positi
877 4453 982 4491 non
1036 4437 1171 4492 estis
1211 4436 1442 4501 intenti,
1479 4437 1572 4489 sed
1630 4449 1950 4491 communes

2061 1971 2271 2029 gustam
2299 1970 2532 2032 portam,
2563 1964 2854 2035 relinquite
2878 1964 3235 2034 pereuntibus
3265 1962 3633 2017 latitudinem.

2038 2051 2187 2105 ιΝοίε
2207 2056 2493 2122 prtecessit,
2553 2054 2664 2108 dies
2697 2064 2873 2109 autem
2920 2053 3376 2123 appropinquavit,
3452 2061 3505 2103 ut
3538 2051 3637 2118 ﬁlii

2058 2141 2189 2195 lueis
2224 2145 2491 2196 ambulate
2521 2144 2585 2198 ".
2618 2143 2843 2212 Tempus
2890 2146 3039 2198 breve
3069 2154 3169 2208 est,
3218 2151 3450 2212 superest
3502 2151 3556 2194 ut
3588 2150 3636 2193 et

2056 2234 2146 2303 qui
2173 2233 2364 2287 habent
2401 2250 2590 2289 uxores
2627 2233 2764 2305 (64).
2800 2244 3051 2305 tanquam
3097 2251 3199 2288 non
3232 2235 3475 2286 habentes
3508 2232 3635 2295 sint,

2057 2333 2107 2378 et
2141 2327 2230 2393 qui
2262 2334 2485 2377 utuntur
2513 2328 2611 2379 hoc
2642 2330 2860 2393 mundo,
2895 2335 3145 2397 tanquam
3179 2340 3281 2377 non
3316 2333 3535 2376 utantur
3565 2322 3635 2378 ³⁸.

2059 2414 2191 2470 Sine
2223 2416 2635 2471 intermissione
2665 2417 2938 2472 orandum
2973 2417 3263 2487 Apostolus
3294 2414 3537 2485 praecipit
3568 2412 3634 2467 ι’.

2056 2508 2167 2563 Vos
2199 2510 2289 2578 qui
2325 2510 2391 2564 ad
2422 2510 2701 2565 orationes
2728 2526 2833 2565 non
2874 2511 3201 2573 convenitis,
3234 2508 3504 2578 quomodo
3533 2507 3639 2560 im-

2056 2598 2216 2668 pletis
2248 2600 2367 2654 sine
2412 2601 2838 2665 intermissione,
2883 2602 3030 2671 quod
3091 2617 3306 2671 semper
3348 2599 3639 2655 omittitis?

2059 2691 2164 2745 Sed
2196 2702 2251 2746 et
2274 2693 2533 2747 Dominus
2564 2693 2808 2763 praecipit
2837 2694 2882 2725 ’°
2912 2712 2925 2747 :
2966 2692 3193 2763 Vigilate
3218 2704 3264 2748 et
3294 2702 3443 2747 orate
3467 2708 3532 2747 ne
3552 2694 3635 2748 in-

2057 2785 2202 2837 tretis
2230 2784 2283 2837 in
2314 2785 2673 2841 tentationem.
2709 2785 2863 2851 Quod
2887 2786 2930 2839 si
2961 2785 3035 2839 illi
3074 2786 3362 2856 vigilantes
3393 2798 3445 2841 et
3470 2802 3633 2841 oran-

2059 2885 2157 2939 tes,
2201 2885 2255 2931 et
2285 2890 2504 2945 semper
2540 2878 2705 2931 verbo
2736 2878 2831 2931 Dei
2889 2880 3246 2941 adlttcrentes,
3283 2879 3633 2933 tentationem

2060 2978 2239 3023 tamen
2275 2982 2621 3037 nequaquam
2649 2968 2980 3038 ell‘ugerunt,
3010 2970 3139 3039 quid
3202 2968 3409 3024 faciunt
3464 2970 3516 3022 hi
3543 2970 3634 3037 qui

2058 3061 2247 3116 diebus
2299 3069 2506 3115 tantum
2574 3060 2909 3117 solemnibus
2962 3064 3029 3115 ad
3088 3062 3376 3117 ecclesiam
3436 3075 3637 3115 conve-

2060 3152 2253 3207 niunt?
2284 3151 2344 3207 Si
2394 3152 2574 3221 justus
2626 3155 2711 3206 vix
2746 3154 2921 3207 salvus
2942 3154 3061 3227 ﬁet,
3092 3164 3334 3221 peccator
3365 3161 3414 3207 et
3441 3152 3633 3221 impius

2008 3228 2021 3249 ⁸
2056 3246 2143 3299 ubi
2168 3246 2422 3315 parebunt
2449 3245 2709 3317 “?Piget
2734 3261 2819 3301 me
2854 3248 3034 3301 dicere
3066 3246 3267 3315 aliquid
3300 3260 3365 3299 ex
3397 3246 3481 3299 bis
3512 3258 3634 3313 quae

2053 3339 2192 3395 lecta
2222 3348 2368 3393 sunt.
2402 3337 2537 3392 Nam
2565 3347 2618 3392 et
2650 3338 2945 3407 Aposmlus
2981 3337 3111 3392 dicit
3156 3339 3221 3391 de
3256 3335 3629 3403 huiuscemodi

2054 3431 2426 3494 sermonibus,
2481 3428 2606 3497 quia
2650 3427 3124 3495 ininterpretabiles
3181 3436 3300 3479 sunt
3334 3426 3402 3478 ad
3441 3426 3626 3479 dicen—

2055 3526 2179 3577 tlum
2205 3541 2223 3587 ;
2254 3524 2506 3594 quoniam
2533 3538 2641 3589 vos,
2670 3522 2847 3591 inquit
2880 3521 2949 3587 ",
2986 3519 3265 3574 imbecilles
3326 3519 3453 3587 facti
3507 3520 3635 3572 estis

2052 3619 2121 3669 ad
2155 3615 2502 3670 audiendum.

2124 3712 2179 3767 2.
2209 3710 2503 3765 Videamus
2535 3718 2711 3764 tamen
2735 3710 2837 3763 hoc
2864 3708 3006 3778 quod
3031 3706 3185 3761 nobis
3234 3703 3396 3760 modo
3429 3703 3630 3758 recita-

2058 3815 2170 3859 tum
2201 3812 2303 3859 est.
2344 3802 2590 3866 Rebecca,
2649 3802 2825 3872 inquit
2855 3801 2921 3865 ”,
2955 3800 3191 3853 veniebat
3239 3813 3357 3851 cum
3404 3796 3623 3863 ﬁliabus

2051 3896 2279 3949 civitatis
2318 3894 2533 3948 haurire
2560 3910 2753 3963 aquam
2793 3894 2858 3946 de
2880 3902 3058 3961 puteo.
3106 3889 3351 3944 Rebecca
3383 3887 3629 3958 quotidie

2051 3986 2302 4041 veniebat
2334 3986 2400 4040 ad
2452 3994 2662 4055 puteos,
2713 3985 2959 4051 quotidie
2991 3982 3278 4037 hauriebat
3304 3994 3521 4049 aquam.
3567 3979 3631 4033 Et

2051 4080 2175 4150 quia
2202 4079 2441 4147 quotidie
2476 4079 2705 4133 vacabat
2747 4078 2812 4130 ad
2871 4086 3087 4146 puteos,
3141 4075 3348 4128 idcirco
3394 4072 3628 4126 inveniri

2055 4168 2227 4237 potuit
2256 4183 2285 4221 a
2318 4181 2485 4237 puero
2514 4167 2890 4232 Abraham,et
2916 4166 2967 4219 in
2998 4162 3402 4219 matrimonium
3432 4161 3630 4217 sociari

2054 4259 2225 4313 Isaac.
2258 4260 2384 4314 litec
2411 4258 2618 4314 fabulas
2643 4260 2847 4327 putatis
2870 4272 3012 4323 esse,
3037 4266 3092 4312 et
3119 4256 3378 4311 historias
3403 4266 3630 4308 narrare

2054 4350 2106 4404 iu
2156 4350 2457 4421 Scripturis
2510 4350 2776 4418 Spiritum
2828 4349 3122 4403 sanctum?
3173 4347 3494 4401 Animarum
3547 4353 3632 4399 cst

2055 4443 2157 4498 ista
2213 4442 2469 4508 eruditio,
2512 4454 2569 4496 et
2605 4440 2870 4511 spiritalis
2921 4440 3193 4503 doctrina,
3228 4453 3347 4507 qua:
3384 4445 3433 4489 te
3475 4435 3631 4489 insti-

373 4545 439 4583 ex
485 4544 583 4583 usu
635 4528 847 4583 fabulas
894 4529 1090 4592 teritis,
1128 4529 1293 4582 verbo
1346 4528 1441 4583 Dei
1486 4527 1569 4580 vel
1621 4527 1946 4582 lectionibus
1980 4540 2023 4594 Ι)
2055 4537 2179 4599 tuit,
2209 4543 2263 4587 et
2290 4535 2449 4588 docet
2469 4532 2716 4600 quotidie
2748 4530 2933 4585 venire
2970 4528 3037 4583 ad
3091 4539 3286 4599 puteos
3317 4526 3628 4595 Scriptura-

374 4622 572 4677 divinis
625 4631 771 4690 terga
821 4621 1157 4675 convenitis.
1211 4619 1414 4676 Vereor
1464 4635 1532 4674 ne
1584 4631 1639 4674 et
1671 4620 1824 4675 vobis
1858 4620 1944 4673 di-

372 4722 529 4769 catur
555 4713 664 4783 87
699 4727 727 4765 a
763 4712 988 4767 Domino
1022 4714 1176 4779 illud,
1205 4715 1345 4783 quod
1376 4727 1475 4782 per
1505 4712 1825 4781 prophetam
1863 4712 1946 4765 di-

371 4817 521 4863 Ctum
546 4820 629 4860 est
668 4806 711 4837 ¹³
740 4822 753 4858 :
785 4805 1158 4860 Converterunt
1186 4806 1254 4858 atl
1276 4821 1357 4858 me
1378 4805 1559 4866 dorsa,
1582 4813 1630 4856 et
1653 4820 1755 4857 non
1784 4803 1947 4872 facies

374 4914 525 4952 suas.
563 4897 704 4965 Quid
742 4898 909 4968 igitur
936 4911 1036 4964 ego
1068 4897 1280 4961 faciam,
1314 4897 1401 4951 cui
1436 4894 1797 4949 ministerium
1826 4910 1946 4948 ver-

377 4991 427 5043 bi
467 4990 559 5044 Dei
589 4990 854 5044 creditum
885 4990 1009 5044 est?
1046 4988 1175 5055 Quae
1226 4989 1478 5057 leguntur
1519 4990 1747 5057 mystica
1796 5000 1946 5054 sunt,

372 5080 429 5136 in
453 5080 759 5150 allegoricis
787 5082 1103 5150 exponenda
1138 5094 1264 5139 sunt
1292 5084 1669 5139 sacramentis.
1689 5083 1950 5137 Possum-

374 5186 445 5226 ne
480 5173 660 5227 surdis
688 5181 741 5227 et
798 5174 1010 5229 aversis
1070 5176 1294 5230 auribus
1342 5177 1590 5244 ingerere
1624 5174 1948 5246 margaritas

374 5262 521 5317 verbi
557 5263 684 5319 Dei?
716 5263 830 5318 Non
862 5265 930 5319 ita
958 5265 1069 5333 egit
1100 5266 1215 5337 (65)
1271 5266 1578 5335 Apostolus.
1640 5267 1773 5322 Vide
1805 5267 1947 5321 enim

372 5351 502 5421 quid
529 5354 696 5407 dicit:
727 5355 830 5421 Qui
858 5356 1039 5427 legem,
1073 5357 1248 5427 inquit
1283 5358 1347 5423 “,
1376 5358 1569 5427 legitis,
1620 5358 1782 5427 legem
1846 5374 1948 5411 non

481 5445 501 5476 ’
530 5443 683 5498 Rom.
717 5461 811 5511 vn,
837 5445 930 5499 25.

372 5526 449 5578 ιν,
478 5513 568 5567 21.
647 5515 690 5545 ¹⁸
717 5515 817 5571 lsa.
849 5530 935 5579 ιιι,
960 5515 1048 5569 12.
1128 5517 1169 5547 ³⁸
1201 5516 1395 5570 Matth.
1419 5532 1513 5582 vn,
1540 5518 1625 5571 l5.

374 5596 492 5647 mv,
526 5583 613 5638 58.
693 5585 734 5616 ²¹
766 5584 785 5637 1
814 5584 963 5640 Petr.
998 5601 1073 5652 tv,
1105 5584 1188 5640 18.
1268 5587 1312 5617 ²²
1342 5585 1504 5641 llcbr.
1536 5602 1590 5652 v,
1636 5589 1720 5643 11.

446 5672 659 5744 (61)·1ιει
694 5689 824 5729 mss.
858 5676 1023 5739 Alias,
1058 5676 1232 5744 gloria
1258 5686 1305 5729 et
1338 5677 1633 5744 imperium.

448 5742 560 5869 (62}
591 5744 720 5797 Cum
750 5761 837 5798 vos
878 5762 979 5799 non
1017 5742 1323 5810 convenitis,
1354 5742 1460 5800 etc.
1493 5747 1633 5802 Citat
1681 5749 1826 5803 hunc
1862 5749 1941 5801 lo-

448 5831 492 5869 m
560 5829 691 5869 onas
718 5814 993 5869 Aurelian.
1028 5816 1119 5869 lib.
1149 5816 1265 5869 tl)e
1294 5818 1462 5869 instit.
1493 5818 1644 5869 laieu
1692 5835 1815 5869 can.
1852 5821 1935 5869 ll.

369 5831 492 5872 cum
529 5814 691 5871 Jonas
718 5814 993 5871 Aurelian.
1028 5816 1119 5872 lib.
1149 5816 1265 5872 tDe
1294 5818 1462 5874 iustit.
1493 5818 1644 5889 laic.,
1692 5835 1815 5890 cap.
1852 5821 1935 5874 ll.

1022 5446 1065 5477 ¹⁰
1090 5443 1287 5501 Gcnes.
1315 5462 1431 5510 nl,
1466 5446 1519 5502 8.
1592 5450 1631 5479 ”
1660 5447 1817 5503 Joan.
1847 5462 1966 5512 vm,
2000 5448 2089 5503 56.

1022 5520 1027 5545 i
1128 5517 1169 5547 ιιι
1204 5516 1369 5549 “alii.
1419 5532 1490 5549 ιηι
1540 5518 1604 5549 12
1704 5520 1745 5549 17
1773 5518 1904 5549 Ωιι-,ι
1956 5535 2050 5549 ιρι--

1773 5518 1927 5571 Rotn.
1954 5535 2071 5585 xm,
2093 5521 2177 5573 12.
2258 5520 2342 5572 ¹⁸Ι

1799 5589 1845 5620 ³³
1867 5586 2064 5645 Cenes.
2091 5606 2240 5655 xxiv,
2276 5590 2362 5643 15.

2056 4642 2197 4690 rum,
2225 4626 2290 4677 ad
2324 4639 2496 4694 aquas
2529 4622 2764 4693 Spiritus
2795 4623 2991 4686 sancti,
3049 4632 3103 4676 et
3140 4620 3360 4674 haurire
3417 4631 3631 4686 semper

2055 4730 2118 4769 ac
2170 4713 2385 4782 plenum
2423 4729 2518 4767 vas
2552 4714 2771 4768 domum
2834 4712 3067 4774 referre,
3106 4711 3247 4765 sicut
3301 4707 3535 4761 faciebat
3575 4714 3629 4757 et

2052 4816 2241 4859 sancta
2279 4805 2547 4870 Rebecca,
2577 4820 2695 4874 quae
2720 4820 2826 4860 non
2858 4802 3184 4873 aliterjungi
3214 4800 3481 4871 potuisset
3511 4806 3626 4849 tan—

2054 4906 2109 4952 to
2162 4898 2488 4967 patriarcha:
2546 4897 2720 4961 Isaac,
2776 4898 2867 4966 qui
2924 4911 2989 4951 ex
3025 4892 3443 4964 repromissione
3471 4897 3630 4941 natus

2054 5000 2159 5057 est,
2195 4990 2296 5045 nisi
2336 4990 2636 5045 hauriendo
2667 5004 2872 5059 aquas;
2905 5000 2957 5043 et
2979 4990 3032 5043 in
3065 4995 3273 5040 tantum
3302 4981 3625 5043 hauriendo,

2056 5097 2115 5142 ut
2144 5103 2248 5141 non
2275 5086 2445 5141 solum
2472 5095 2663 5156 potare
2692 5094 2874 5155 posset
2898 5098 2990 5138 eos
3025 5081 3115 5151 qui
3158 5080 3299 5135 domi
3338 5084 3485 5140 sunt,
3534 5073 3629 5127 sed

2055 5187 2108 5232 ct
2140 5192 2363 5247 puerum
2389 5178 2655 5243 Abrahae;
2696 5185 2882 5229 etnon
2918 5182 3124 5227 tantum
3159 5183 3408 5239 puerum,
3445 5165 3538 5219 sed
3575 5173 3631 5217 et

2052 5283 2117 5323 co
2145 5284 2317 5338 usque
2345 5268 2649 5323 abundaret
2676 5265 2855 5334 aquis,
2908 5279 3044 5333 quas
3093 5261 3378 5316 hauriebat
3428 5258 3493 5310 de
3526 5269 3625 5323 pu-

2055 5360 2177 5423 teis,
2210 5370 2270 5414 ut
2299 5368 2354 5413 et
2389 5360 2626 5413 camelos
2654 5366 2837 5427 posset
2855 5342 3130 5425 adaquare
3154 5393 3171 5419 ,
3203 5365 3470 5421 usquequo
3518 5361 3627 5399 ces-

2165 5451 2211 5482 ¹²
2235 5449 2366 5503 Luc.
2412 5465 2511 5516 xu,
2540 5449 2627 5503 42.
2709 5447 2750 5478 "
2780 5446 2977 5501 Jcrem.
3010 5459 3161 5505 XVIII,
3188 5443 3292 5516 17._
3379 5439 3622 5516 ιχᾳηιηι.

2258 5520 2300 5551 ¹⁸
2327 5520 2342 5572 Ι
2374 5512 2507 5574 Cor.
2530 5517 2731 5585 vlt,29.
2810 5519 2851 5549 ¹⁹
2876 5518 2892 5571 1
2917 5518 3111 5572 Thess.
3144 5530 3195 5579 v,
3230 5514 3313 5567 17.
3392 5512 3624 5563 "Marc.

2121 5681 2236 5748 (65)
2270 5678 2421 5746 Mss.,
2454 5679 2588 5741 egit,
2618 5677 2753 5731 alias
2784 5678 2879 5730 ait.
2908 5747 2913 5748 ν
3067 5745 3076 5748 _
3111 5745 3121 5748 _
3303 5743 3316 5748 _
3516 5740 3524 5748 _

2050 5821 2060 5831 ι
2119 5743 2232 5819 (61)
2273 5743 2415 5804 νυχ”
2447 5764 2638 5802 uxores
2696 5748 2847 5804 deest
2906 5747 2955 5801 in
2995 5745 3174 5811 editis,
3226 5743 3319 5799 sed
3355 5743 3621 5811 reperitur

2049 5837 2102 5875 111
2133 5836 2260 5874 11155.
