4132 6410
429 411 534 467 9J7

1650 402 1715 459 IN
1740 402 2040 458 GENESIM
2074 400 2358 457 HOMILIA
2393 400 2461 457 Χ.

3586 401 3692 457 218

428 542 629 598 sarem,
685 529 860 601 inquit
889 529 954 594 “,
989 528 1238 582 bibentes.
1307 525 1561 595 Mysteria
1624 536 1751 580 sunt
1809 533 2006 580 cuncta
2038 531 2081 585 Α
2113 540 2251 578 mus.
2278 522 2543 578 llabetote
2566 523 2911 592 patientiam,
2959 521 3085 591 quia
3112 522 3179 578 de
3216 522 3464 578 Rebecca
3508 524 3688 589 nobis,

430 640 550 695 «tua:
582 624 783 691 scripta
815 628 976 675 sunt:
1010 618 1122 671 vult
1153 628 1202 671 te
1226 617 1473 671 Christus
1502 616 1605 671 sibi
1633 617 2002 684 desponsare:

430 718 496 771 ad
538 726 588 770 te
611 714 755 767 enim
788 710 1028 781 loquitur
1060 726 1155 779 per
1197 708 1544 777 prophetam,
1573 707 1759 761 dicens
1786 709 1831 738 ’⁵
1860 724 1873 762 :
1899 707 2009 760 De-

431 807 692 876 sponsabo
720 815 768 859 te
794 804 923 857 mihi
952 803 1006 855 in
1028 811 1302 864 a'ternum,
1331 809 1378 852 et
1422 801 1746 869 desponsabo
1779 808 1828 853 te
1883 800 2009 852 mihi

432 900 485 953 in
515 898 620 966 [ide
649 906 695 950 et
729 894 1116 956 misericordia,
1142 903 1187 945 et
1212 909 1491 961 cognosces
1523 892 1831 945 Dontinum.
1872 891 2009 957 Quia

432 1004 563 1057 ergo
596 988 709 1040 vult
742 995 796 1040 et
827 995 877 1040 te
908 984 1011 1038 sibi
1045 983 1293 1038 Christus
1322 983 1657 1052 despondere
1681 983 1815 1050 (65),
1845 982 1896 1036 id
1929 992 2011 1037 est

436 1081 788 1149 desponsare,
824 1075 1107 1146 praemittit
1164 1075 1230 1127 ad
1277 1083 1327 1128 te
1359 1075 1522 1129 istum
1576 1090 1825 1143 puerum.
1868 1073 2012 1128 Puer

438 1170 539 1223 iste
567 1182 745 1223 sermo
776 1167 1129 1233 propheticus
1177 1174 1278 1228 est,
1312 1183 1473 1235 quem
1505 1166 1610 1219 nisi
1641 1166 1795 1235 prius
1822 1182 2009 1221 susce-

438 1259 607 1329 peris,
635 1258 841 1311 nubere
862 1255 1080 1311 Christo
1103 1271 1206 1309 non
1239 1256 1462 1325 poteris.
1494 1255 1645 1309 Scito
1672 1267 1847 1310 tamen
1884 1257 2009 1325 quia

436 1365 596 1404 nemo
636 1349 1023 1403 inexercitatus
1049 1348 1405 1415 etimperitus
1439 1363 1743 1403 sermonem
1778 1349 2014 1418 prOphe-

437 1441 604 1493 ticum
628 1439 873 1508 suscipit,
897 1439 990 1493 sed
1020 1438 1110 1507 qui
1148 1439 1252 1492 scit
1281 1438 1500 1492 haurire
1530 1454 1725 1507 aquam
1778 1440 1843 1494 de
1882 1456 2012 1509 pro.

440 1530 606 1583 fundo
631 1530 798 1597 putei,
829 1537 883 1583 et
912 1529 1000 1597 qui
1028 1528 1079 1581 in
1113 1537 1322 1581 tantum
1352 1529 1455 1581 scit
1486 1528 1732 1593 haurire,
1763 1530 2009 1583 utetiam

440 1621 525 1675 his
555 1620 778 1675 sulliciat
805 1620 893 1688 qui
921 1619 1323 1674 irrationabiles
1375 1629 1429 1673 et
1458 1620 1703 1689 perversi
1736 1620 2009 1684 videntur,

438 1728 669 1780 quorum
720 1715 944 1779 ﬁguram
985 1719 1169 1766 tenent
1227 1710 1454 1765 cameli:
1504 1719 1563 1765 ut
1609 1720 1663 1764 et
1696 1712 1809 1781 ipse
1838 1714 2012 1781 possit

438 1802 658 1867 dicere,
716 1802 842 1871 quia
908 1802 1231 1870 sapientibus
1283 1809 1330 1855 et
1390 1800 1755 1871 insipientibus
1807 1803 2013 1856 debitor

2114 614 2163 667 id
2188 624 2273 667 est
2304 615 2369 667 de
2404 613 2685 683 patientia,
2714 628 2895 669 sermo
2921 622 3025 668 est.
3073 614 3139 668 Et
3185 628 3411 670 necesse
3445 622 3528 668 est
3583 630 3684 667 nos

2111 719 2205 759 eos
2239 705 2330 773 qui
2375 705 2661 759 collectam
2724 704 3037 774 negligunt,
3093 713 3147 758 et
3201 705 3391 758 audire
3416 704 3689 758 declinant

2112 797 2336 849 verbum
2392 796 2509 860 Dei,
2554 796 2829 865 paululum
2888 811 2987 864 per
3043 796 3363 864 patientiam
3394 797 3687 866 castigare,

2111 886 2204 956 qui
2248 903 2352 940 non
2385 887 2691 941 desiderant
2728 902 2918 955 panem
2950 888 3094 951 vitae,
3131 902 3230 941 nec
3259 902 3453 956 aquam
3488 888 3687 950 vivam,

2113 977 2202 1043 qui
2239 993 2343 1031 non
2373 988 2572 1031 exeunt
2599 978 2665 1031 de
2698 980 2911 1043 castris,
2946 993 3044 1033 nec
3076 979 3378 1047 procedunt
3410 980 3473 1033 de
3511 978 3686 1033 domi-

2115 1067 2216 1122 bus
2240 1068 2422 1131 luteis,
2455 1078 2511 1122 ttt
2536 1070 2792 1139 colligant
2814 1071 2913 1125 sibi
2948 1086 3169 1135 manna,
3199 1072 3290 1139 qui
3326 1087 3428 1123 non
3464 1072 3692 1126 veniunt

2115 1162 2182 1213 ad
2220 1168 2449 1229 petram,
2485 1171 2541 1215 ut
2578 1162 2765 1217 bibant
2788 1164 2851 1217 de
2880 1164 3113 1233 spiritali
3140 1172 3309 1231 petra.
3352 1160 3509 1215 Petra
3543 1163 3688 1215 enim

2115 1261 2198 1306 est
2227 1252 2501 1318 Christus,
2531 1263 2590 1306 ut
2617 1254 2907 1322 Apostolus
2941 1255 3015 1310 ait
3036 1256 3102 1310 ³²,
3139 1256 3418 1318 llabctote,
3448 1256 3689 1324 inquam,

2117 1359 2212 1399 vos
2246 1345 2524 1413 paululum
2560 1347 2901 1415 patientiam.
2938 1346 3130 1401 Sermo
3150 1346 3297 1401 enim
3328 1347 3484 1399 nobis
3508 1355 3591 1399 est
3624 1345 3691 1397 ad

2114 1436 2469 1505 negligentes,
2506 1447 2559 1492 et
2589 1453 2684 1493 eos
2715 1440 2803 1508 qui
2839 1440 2980 1493 male
3008 1441 3225 1494 habent.
3262 1437 3391 1491 Sani
3416 1438 3557 1490 enim
3588 1453 3694 1488 non

2115 1527 2348 1599 indigent
2376 1533 2601 1597 medico,
2627 1534 2717 1585 sed
2766 1532 2901 1585 male
2929 1532 3177 1585 habentes
3210 1533 3275 1585 ³³.
3334 1531 3510 1587 Dicite
3562 1531 3692 1585 mibi

2116 1637 2211 1675 vos
2241 1624 2351 1691 (68)
2385 1625 2473 1693 qui
2504 1625 2877 1679 tantummodo
2908 1624 3060 1679 festis
3096 1626 3287 1679 dielms
3318 1626 3381 1679 ad
3408 1624 3692 1679 ecclesiam

2116 1716 2440 1779 cenvenitis,
2476 1716 2655 1769 creteri
2688 1715 2801 1769 dies
2831 1730 2934 1769 non
2962 1726 3087 1768 sunt
3116 1714 3268 1769 festi?
3296 1730 3399 1769 non
3432 1723 3553 1768 sunt
3581 1714 3696 1768 dies

2120 1807 2376 1861 Domini?
2407 1806 2718 1861 Judazorum
2749 1816 2853 1871 est,
2883 1808 3001 1862 dies
3030 1818 3204 1861 certos
3234 1818 3283 1860 et
3314 1822 3467 1860 raros
3495 1806 3695 1859 obser-

438 1909 554 1946 snm
580 1894 642 1945 ’⁸.
675 1892 914 1962 Denique
936 1893 1015 1947 sic
1049 1893 1266 1946 dixerat
1310 1892 1360 1945 in
1394 1893 1557 1946 corde
1590 1909 1687 1947 suo
1720 1910 1853 1963 puer
1888 1895 2011 1949 iste:
2049 1885 2088 1939 Β
2126 1916 2249 1953 rare
2285 1899 2577 1954 solemnes.
2631 1899 2694 1952 Et
2745 1899 2864 1953 ideo
2905 1900 2971 1952 ad
3009 1915 3102 1953 eos
3129 1897 3259 1951 dicit
3307 1898 3443 1951 Deus
3468 1898 3534 1962 “,
3567 1898 3692 1964 quia

442 1982 525 2037 Ex
547 1984 651 2047 Itis,
688 1985 862 2054 inquit
884 1985 948 2049 ³⁷,
974 1984 1288 2052 virginibus,
1312 2001 1430 2050 (μιαν
1461 1987 1668 2038 veniunt
1693 1986 1761 2038 ad
1797 2005 2013 2057 aquam,

436 2090 758 2144 quatennque
789 2076 976 2129 dixerit
1007 2076 1133 2128 mihi
1165 2091 1181 2128 :
1214 2074 1343 2128 Bibe
1397 2086 1477 2139 tu,
1530 2086 1577 2129 et
1626 2077 1850 2131 camelos
1898 2089 2014 2132 tuos

438 2166 736 2234 adaquabo,
777 2169 889 2235 ipsa
945 2169 1044 2221 erit
1075 2184 1264 2237 sponsa
1318 2168 1519 2221 domini
1577 2170 1698 2221 mei.
1747 2170 1835 2224 Sic
1888 2186 2016 2240 ergo

440 2260 708 2327 Rebecca,
738 2279 855 2332 quae
886 2265 1277 2334 interpretatur
1314 2266 1571 2333 patientia
1629 2263 1762 2335 (66),
1796 2274 1852 2318 nt
1880 2266 2016 2318 vidit

440 2367 692 2422 puerum,
719 2364 773 2408 et
809 2356 1044 2423 inspexit
1069 2357 1445 2425 propheticum
1499 2356 1743 2421 verbum,
1795 2356 2017 2425 deponit

438 2443 505 2495 de
542 2443 769 2497 humero
797 2443 1067 2513 bydriam.
1116 2445 1345 2513 Deponit
1387 2444 1533 2498 enim
1585 2444 1777 2499 elatam
1814 2445 2016 2502 Graeca:

439 2531 705 2586 facundia:
736 2534 1127 2604 arrogantiam,
1159 2543 1212 2587 et
1238 2533 1301 2586 ad
1330 2542 1435 2587 tam
1487 2534 1745 2588 humilem
1802 2552 1865 2589 ae
1904 2545 2012 2588 tam

438 2623 737 2692 simplicem
772 2640 830 2680 se
871 2624 1139 2679 inclinans
1168 2625 1543 2694 propheticum
1586 2639 1889 2681 sermonem
1934 2628 2013 2681 di-

437 2717 513 2770 cit
544 2733 558 2770 :
589 2716 715 2771 Bibe
737 2727 817 2781 tu,
846 2727 893 2771 et
922 2717 1145 2771 camelos
1176 2728 1293 2771 tuos
1326 2717 1622 2788 adaqualto.

506 2809 561 2863 3.
592 2809 694 2863 Sed
726 2809 861 2863 dicis
888 2809 1134 2875 fortasse,
1158 2808 1214 2864 Si
1243 2824 1375 2878 puer
1407 2809 1707 2879 prophetici
1741 2808 2014 2864 sermonis

436 2911 587 2955 tenet
616 2900 867 2971 ﬁgurant,
907 2903 1182 2970 quomodo
1212 2911 1427 2969 potatur
1454 2918 1482 2955 a
1509 2900 1785 2965 Rebecca,
1844 2918 2008 2970 quam

434 2996 550 3065 ipse
583 2993 752 3061 magis
778 3002 969 3061 potare
1000 2994 1258 3047 deberet?
1300 2993 1436 3047 Vide
1461 3007 1585 3062 ergo
1618 3009 1683 3046 ne
1710 2993 1847 3046 forte
1873 2993 2014 3047 sicut

436 3093 493 3138 et
532 3084 793 3138 Dominus
837 3084 1013 3149 Jesus,
1041 3099 1161 3137 cmn
1191 3085 1306 3153 ipse
1341 3086 1411 3139 sit
1441 3086 1593 3154 panis
1648 3086 1797 3147 vitze,
1820 3096 1872 3137 et
1900 3084 2013 3152 ipse

434 3186 625 3248 pascat
674 3178 887 3232 animas
918 3178 1243 3243 esurientes,
1297 3179 1411 3247 ipse
1465 3182 1679 3233 rursum
1710 3179 1924 3232 esurire
1953 3193 2011 3231 se

437 3273 640 3329 fatetur
669 3290 792 3329 eum
820 3274 951 3328 dicit
986 3274 1030 3305 ³⁸
1057 3292 1069 3327 :
1102 3272 1333 3337 Esurivi,
1361 3282 1407 3326 et
1441 3273 1661 3326 dedistis
1692 3273 1820 3326 mihi
1857 3290 2009 3326 man-

438 3364 654 3427 ducare,
686 3374 740 3418 et
777 3366 969 3418 iterum
996 3379 1117 3416 eum
1146 3362 1262 3431 ipse
1290 3363 1358 3417 sit
1394 3378 1529 3430 aqua
1583 3364 1701 3415 viva
1739 3372 1793 3417 et
1828 3374 2010 3431 potum

437 3457 526 3510 det
548 3458 797 3511 omnibus
830 3455 1161 3520 sitientibus,
1204 3470 1416 3508 rursum
1450 3455 1562 3523 ipse
1579 3455 1793 3509 dieitad
1823 3456 2003 3510 Sama-

439 3548 670 3602 ritanam
701 3550 787 3601 ":
820 3548 896 3601 Da
929 3550 1053 3602 mihi
1084 3552 1293 3617 bibere;
1319 3552 1398 3606 sic
1430 3560 1483 3603 et
1520 3550 1872 3618 pmpheticus
1897 3566 2013 3604 ser-

438 3654 547 3701 mo,
579 3655 699 3693 cum
729 3641 843 3709 ipse
896 3652 1080 3710 potum
1121 3644 1211 3698 det
1275 3643 1612 3705 sitientibus,
1656 3642 2011 3696 nihilominus

438 3734 552 3801 ipse
585 3735 652 3787 ab
683 3735 766 3789 his
795 3737 969 3804 potari
1007 3738 1238 3800 dicatur,
1295 3752 1417 3792 cum
1450 3737 1817 3790 studiosormn
1848 3754 2008 3792 exer-

436 3825 565 3879 citia
594 3834 649 3879 et
676 3826 1014 3895 vigilantiam
1041 3828 1291 3898 suscipit.
1334 3828 1437 3883 Ista
1476 3844 1607 3897 ergo
1650 3830 1773 3883 talis
1805 3831 2008 3894 anima,

435 3930 555 3983 quae
584 3918 697 3985 agit
727 3927 923 3971 cuneta
956 3922 1245 3988 patienter,
1297 3935 1416 3987 qua:
1477 3930 1584 3974 tam
1638 3930 1887 3990 prompta
1926 3931 2010 3976 est

436 4012 665 4058 ettanta
696 4007 1000 4060 eruditione
1031 4009 1283 4073 subnixa,
1316 4025 1436 4077 quae
1463 4009 1529 4064 de
1560 4011 1841 4079 profundis
1870 4012 2008 4064 hau-

440 4096 547 4149 rire
573 4097 814 4150 scientia:
857 4096 1057 4152 ﬂuenta
1094 4100 1393 4162 consuevit,
1419 4102 1531 4170 ipsa
1564 4110 1743 4170 potest
1768 4103 2006 4171 copulari

438 4187 639 4256 nuptiis
691 4187 913 4241 Christi.
948 4187 1063 4242 Nisi
1094 4204 1225 4259 ergo
1282 4191 1526 4258 quotidie
1576 4193 1763 4247 venias
1812 4196 1877 4248 ad
1912 4210 2011 4263 pu-

437 4287 575 4341 teos,
629 4279 730 4332 nisi
761 4278 1003 4348 quotidie
1028 4280 1251 4336 haurias
1279 4297 1469 4350 aquas,
1522 4299 1627 4338 non
1674 4284 1845 4338 solum
1876 4284 2011 4338 alios

436 4378 624 4438 potare
660 4384 763 4422 non
794 4370 1023 4439 poteris,
1052 4370 1147 4425 sed
1185 4379 1239 4426 et
1288 4373 1401 4441 ipse
1424 4388 1640 4443 quoque
1674 4374 1821 4427 sitim
1857 4375 2008 4429 verbi

436 4459 530 4513 Dei
563 4459 810 4528 patieris.
844 4460 980 4513 Audi
1006 4470 1061 4514 et
1096 4460 1379 4517 Dominum
1414 4465 1685 4519 dicentem
1740 4465 1792 4518 in
1834 4466 2008 4519 Evan-

2122 1995 2423 2044 neomenias
2462 2003 2679 2057 vestras,
2704 2003 2751 2045 et
2783 1992 3027 2055 sabbata,
3053 2000 3101 2044 et
3124 1992 3261 2044 diem
3299 2004 3545 2057 magnam
3588 2006 3693 2041 non

2120 2084 2377 2134 sustineo.
2408 2081 2710 2149 Jejunfum,
2742 2093 2787 2134 et
2824 2080 3004 2149 ferias,
3046 2092 3092 2134 et
3141 2083 3251 2134 dies
3282 2080 3442 2148 festos
3500 2087 3694 2133 vestros

2120 2172 2231 2226 odit
2262 2174 2438 2225 anima
2470 2189 2604 2227 mea.
2638 2172 2762 2226 Odit
2784 2189 2909 2240 ergo
2943 2173 3082 2226 Dens
3106 2188 3197 2227 eos
3230 2173 3319 2240 qui
3352 2188 3516 2227 unum
3553 2172 3693 2225 diem

2119 2275 2317 2335 putant
2348 2264 2541 2319 festum
2569 2264 2709 2317 diem
2740 2278 2859 2317 esse
2912 2263 3150 2317 Domini.
3217 2262 3511 2316 Christiani
3546 2260 3694 2314 omni

2122 2358 2209 2412 die
2234 2372 2428 2412 carnes
2461 2357 2585 2425 agni
2625 2358 2940 2421 comedunt,
2980 2356 3028 2410 id
3055 2364 3135 2409 est
3184 2368 3377 2408 carnes
3410 2353 3558 2407 verbi
3602 2351 3695 2405 Dei

2120 2450 2363 2519 quotidie
2399 2456 2639 2502 sumunt.
2686 2446 2895 2500 Pascha
2944 2448 3081 2500 enim
3119 2456 3355 2499 nostrum
3391 2443 3697 2498 immolatus

2117 2553 2190 2596 est
2215 2540 2455 2595 Christus
2485 2541 2551 2594 ³⁵.
2584 2540 2649 2594 Et
2675 2540 2800 2610 quia
2835 2540 2917 2593 lex
2967 2538 3191 2594 Pascha:
3252 2538 3374 2591 talis
3401 2546 3507 2603 est,
3546 2546 3606 2589 ut
3639 2537 3693 2591 in

2119 2649 2350 2703 vespera
2377 2633 2719 2697 comedatur,
2772 2647 3052 2701 propterea
3123 2630 3174 2683 in
3229 2645 3453 2699 vespera
3509 2629 3695 2681 mundi

2118 2743 2312 2797 passus
2359 2736 2443 2779 est
2498 2724 2777 2788 Dominus,
2826 2735 2882 2777 ut
2937 2735 2990 2775 tu
3043 2736 3256 2789 semper
3308 2720 3696 2774 manducesde

2116 2819 2380 2873 carnibus
2406 2816 2602 2881 Verbi,
2627 2819 2752 2885 quia
2782 2830 2998 2883 semper
3038 2813 3088 2866 in
3131 2827 3353 2881 vespera
3387 2827 3467 2876 es,
3494 2827 3695 2879 usque-

2116 2922 2223 2975 quo
2250 2906 2637 2960 veniatmane.
2671 2906 2735 2960 Et
2766 2906 2808 2959 si
2841 2906 2891 2958 in
2924 2906 3021 2958 hac
3046 2918 3267 2972 vespera
3293 2903 3556 2957 sollicitus
3580 2902 3697 2954 fur-

2118 2998 2215 3062 ris,
2244 3010 2297 3051 et
2326 2997 2377 3050 in
2413 2997 2535 3051 ﬂetu
2574 3012 2637 3051 ac
2666 2996 2912 3067 jejuniis,
2943 3008 3108 3064 atque
3139 2994 3284 3048 omni
3330 2994 3514 3049 labore
3543 2994 3699 3063 jttSli-

2121 3090 2206 3142 tia:
2238 3089 2398 3141 vitam
2433 3089 2677 3152 duxeris,
2714 3088 2916 3158 poteris
2952 3097 3005 3141 et
3054 3097 3108 3141 tu
3150 3087 3333 3141 dicere
3380 3086 3424 3118 ³⁶
3455 3103 3467 3138 :
3502 3085 3584 3137 Ad
3612 3103 3695 3139 re-

2117 3198 2322 3251 spcram
2346 3181 2708 3233 demorabitur
2735 3181 2913 3249 ﬂetus,
2946 3189 2993 3233 et
3027 3182 3095 3233 ad
3123 3180 3443 3234 matutinum
3481 3178 3689 3234 la’titia.

2116 3276 2412 3332 Ltetaberis
2434 3274 2579 3328 enim
2610 3289 2792 3339 mane,
2819 3275 2869 3328 id
2902 3284 2985 3328 est
3016 3275 3066 3329 in
3100 3273 3295 3328 sarculo
3324 3272 3528 3337 futuro,
3558 3273 3600 3326 si
3641 3272 3694 3325 in

2115 3370 2220 3425 hoc
2249 3370 2447 3424 sa-culo
2474 3369 2705 3423 fructum
2730 3365 2955 3435 justitiaz
2991 3367 3043 3420 in
3078 3366 3201 3420 fletu
3231 3374 3283 3421 et
3319 3365 3501 3418 labore
3528 3365 3696 3418 collo-

2116 3465 2279 3533 geris.
2315 3464 2503 3518 Venite
2530 3479 2660 3535 ergo
2696 3475 2749 3518 et
2776 3478 2869 3517 vos
2895 3463 3019 3515 dum
3066 3471 3275 3530 tempus
3307 3469 3409 3523 est,
3443 3459 3695 3511 bibamus

2115 3560 2180 3612 de
2232 3567 2393 3625 puteo
2445 3556 2671 3610 visionis
2734 3555 2821 3609 ubi
2864 3555 3012 3609 Isaac
3043 3551 3449 3614 deambulabat,
3512 3560 3565 3603 et
3600 3548 3691 3600 ubi

2114 3650 2359 3718 procedit
2393 3648 2458 3701 ad
2494 3647 2837 3702 exercitium.
2897 3646 3138 3700 Observa
3177 3652 3379 3714 quanta
3427 3650 3691 3711 geruntur

2114 3740 2180 3793 ad
2202 3755 2386 3809 aquas.
2421 3739 2485 3793 Et
2516 3748 2568 3791 tu
2608 3738 2859 3791 invitaris
2911 3737 3152 3806 quotidie
3209 3734 3392 3789 venire
3420 3733 3484 3786 ad
3520 3746 3690 3798 aquas

2114 3833 2266 3886 verbi
2312 3832 2427 3896 Dei,
2491 3840 2545 3885 et
2574 3830 2836 3885 assistere
2874 3829 3051 3897 puteis
3098 3826 3233 3896 ejus,
3284 3826 3425 3879 sicut
3462 3822 3690 3876 faciebat

2115 3925 2381 3990 Rebecca,
2410 3925 2474 3979 de
2499 3938 2604 3992 qua
2644 3922 2838 3977 dicitur
2873 3920 2916 3951 ³⁷
2946 3938 2959 3973 :
3016 3917 3171 3988 Virgo
3210 3928 3320 3971 erat
3352 3918 3543 3969 decora
3579 3920 3689 3967 vat~

2113 4015 2177 4068 de
2204 4027 2251 4069 et
2277 4021 2351 4069 vir
2375 4031 2477 4067 non
2505 4022 2816 4084 cognoverat
2867 4027 3002 4066 eam.
3043 4008 3109 4063 Et
3136 4010 3268 4073 hcce,
3331 4009 3533 4078 inquit,
3563 4006 3693 4059 exiit

2114 4122 2229 4160 sero
2256 4105 2470 4157 haurire
2503 4119 2716 4172 aquam.

2183 4194 2239 4248 4.
2272 4193 2380 4247 Nec
2414 4193 2517 4246 hoc
2550 4193 2749 4246 frustra
2777 4189 3035 4257 scriptum
3072 4195 3154 4241 cst
3190 4186 3257 4239 de
3284 4201 3368 4239 ea.
3405 4186 3693 4239 Verumta-

2112 4298 2237 4336 men
2269 4292 2450 4335 movet
2477 4297 2584 4345 me,
2610 4281 2739 4349 quid
2764 4288 2849 4334 est
2877 4279 3021 4347 quod
3054 4276 3254 4331 dicitur
3290 4290 3304 4331 :
3341 4274 3498 4345 Virgo
3552 4286 3687 4341 erat,

2114 4376 2192 4428 vir
2222 4390 2322 4427 non
2346 4382 2653 4443 cognoverat
2704 4386 2859 4435 eam;
2890 4369 3041 4437 quasi
3097 4382 3227 4421 vero
3260 4367 3403 4421 aliud
3432 4369 3504 4421 sit
3536 4368 3691 4435 virgo

2114 4467 2215 4521 nisi
2242 4480 2401 4533 quam
2436 4463 2518 4516 vir
2540 4476 2647 4515 non
2671 4460 2902 4529 contigit
2931 4458 3062 4529 (69).
3091 4459 3154 4512 Et
3193 4457 3322 4527 quid
3348 4457 3447 4511 sibi
3478 4456 3691 4511 videtur

433 4550 587 4619 εθιίίε
619 4552 662 4583 ³⁰
690 4568 701 4602 ε
749 4550 853 4616 Qui
879 4554 1017 4616 είιίι,
1051 4554 1248 4619 veniat,
1310 4566 1359 4608 et
1406 4555 1569 4609 bibat.
1598 4556 1702 4609 Sed
1730 4566 1807 4621 tu,
1840 4565 1897 4608 ut
1924 4556 1993 4608 vi-
2042 4556 2085 4609 D
2117 4558 2545 4610 additamentum
2573 4553 2625 4606 in
2657 4552 2949 4621 virginem,
2986 4557 3044 4603 ut
3066 4550 3279 4604 dicatur
3305 4548 3431 4617 quia
3476 4546 3559 4601 vir
3582 4561 3686 4600 non

434 4645 556 4709 deo,
584 4659 686 4699 nec
716 4645 915 4707 esuris,
944 4660 1045 4699 nec
1074 4646 1193 4701 sitis
1216 4644 1507 4713 justitiam,
1533 4655 1586 4699 et
1609 4647 1877 4715 quomodo
1895 4646 2009 4716 88

434 4737 637 4805 poteris
660 4736 841 4792 dicere
865 4736 906 4768 ³²
937 4756 949 4792 :
1001 4736 1153 4792 Sicut
1181 4756 1360 4794 cervus
1411 4740 1675 4793 desiderat
1707 4741 1778 4793 ad
1840 4741 2007 4809 fontes

432 4846 710 4899 aquarum,
738 4830 813 4883 ita
840 4830 1103 4884 desiderat
1130 4831 1307 4885 anima
1335 4848 1449 4885 mea
1487 4832 1555 4885 ad
1584 4842 1652 4896 te,
1691 4832 1852 4890 Deus.
1882 4832 2010 4887 Siti-

432 4918 504 4970 vit
526 4919 703 4970 anima
742 4933 856 4971 mea
883 4918 951 4972 ad
977 4919 1140 4972 Deum
1165 4922 1332 4973 vivum
1367 4921 1482 4990 (67)
1512 4936 1522 4968 :
1558 4925 1769 4991 quando
1798 4923 2006 4975 veniam

431 5017 478 5060 et
502 5009 692 5075 parebo
730 5020 849 5064 ante
915 5023 1246 5080 conspectum
1283 5013 1439 5080 ejus?
1492 5013 1732 5069 Obsecro
1776 5029 1873 5070 vos
1916 5015 2008 5082 qui

433 5100 705 5155 auditorio
734 5103 883 5157 verbi
910 5118 1128 5171 semper
1152 5103 1431 5163 assistitis.
1456 5107 1723 5175 patienter
1752 5106 2003 5175 accipite,

433 5191 608 5246 donec
642 5194 916 5262 paululum
949 5198 1287 5272 negligentes
1326 5207 1377 5253 et
1409 5198 1622 5253 desides
1662 5210 2008 5252 commonea—

502 5281 568 5357 ’ζ
585 5283 723 5357 Gen.
759 5302 908 5357 μιν,
938 5288 1021 5343 19.
1120 5292 1165 5322 ’³
1193 5290 1320 5345 Ose.
1359 5305 1421 5357 ll,
1456 5290 1543 5353 t9,
1570 5289 1657 5344 20.

434 5366 505 5418 Iv,
536 5351 591 5405 7.
660 5354 711 5423 ί³⁶
748 5354 904 5411 Joan.
933 5374 1028 5423 vn,
1062 5360 1150 5414 37.
1229 5362 1271 5393 ³¹
1301 5351 1444 5415 Psai.
1482 5351 1613 5422 xm,
1640 5362 1692 5422 1,
1717 5360 1769 5413 2.

432 5439 486 5485 v,
523 5423 577 5480 7.
651 5422 862 5481 "Psal.
891 5422 1040 5492 xxix,
1074 5431 1127 5485 5.
1204 5432 1248 5471 ³⁷
1283 5432 1421 5488 Gen.
1467 5447 1595 5495 xxv,
1624 5430 1710 5483 16.

643 5510 744 5587 Sic
770 5529 898 5567 mss.
940 5516 1104 5587 Alias,
1130 5519 1241 5570 vult
1272 5531 1321 5573 te
1349 5520 1450 5573 sibi
1476 5521 1813 5587 desponsare.

501 5582 615 5649 (66)
651 5581 876 5636 Rebecca
894 5603 1010 5654 quw
1033 5586 1407 5655 interpretatur
1427 5581 1711 5658 patientia,
1731 5606 1759 5640 a
1777 5602 1853 5649 :3
1870 5599 2005 5643 mut-

429 5656 550 5721 tant
564 5662 612 5721 et
640 5661 741 5714 mra
766 5658 1099 5721 exspectavit.

501 5717 612 5788 (67)
641 5722 807 5788 Alias,
859 5717 940 5777 ad
997 5726 1161 5781 Deum
1214 5726 1407 5796 fontem
1438 5731 1628 5783 vivum.
1657 5729 1763 5785 Sed
1792 5730 1844 5785 in
1868 5745 1999 5785 mss.

432 5787 574 5843 dees't
608 5806 706 5844 vox
737 5796 949 5865 fontem.
996 5846 1003 5852 .

2117 4655 2451 4717 cognoverat
2487 4643 2646 4698 eam?
2672 4642 2768 4695 Est
2788 4640 2929 4694 enim
2968 4638 3145 4706 aliqua
3175 4639 3329 4708 virgo
3362 4652 3522 4706 quam
3553 4651 3687 4691 con-

2122 4737 2306 4808 tigerit
2336 4736 2453 4789 vir?
2487 4734 2638 4804 Smpe
2662 4732 2775 4803 jam
2801 4732 2911 4788 dixi
2944 4732 3090 4800 quod
3120 4730 3172 4783 in
3203 4731 3287 4785 his
3311 4744 3417 4783 non
3443 4728 3690 4782 historiae

2116 4838 2435 4894 narrantur,
2471 4828 2565 4883 sed
2597 4826 2857 4895 mysteria
2892 4830 3280 4879 contexuntur.
3314 4820 3447 4874 Tale
3472 4834 3602 4889 ergo
3635 4821 3686 4872 in

2118 4922 2222 4976 hoe
2272 4920 2475 4989 aliquid
2534 4918 2759 4974 indicari
2798 4926 2947 4986 puto.
2983 4913 3136 4968 Sient
3192 4913 3441 4966 Christus
3493 4909 3690 4964 animze

2118 5014 2203 5068 vir
2228 5013 2444 5075 dicitur,
2498 5011 2587 5067 cui
2621 5010 2776 5065 nubit
2807 5010 2984 5063 anima
3015 5023 3138 5062 cum
3191 5005 3341 5059 venit
3381 5003 3449 5057 ad
3486 5002 3639 5056 tidem
3671 5017 3686 5055 :

2114 5103 2186 5159 ita
2219 5112 2273 5158 et
2303 5104 2432 5158 huic
2480 5102 2789 5158 etmlrarins
2823 5101 2905 5154 vir
2943 5099 3033 5153 ille
3067 5107 3173 5163 est,
3207 5098 3290 5151 cui
3324 5094 3476 5150 nubit
3505 5094 3688 5146 anima

2114 5212 2237 5251 cum
2264 5195 2501 5250 declinat
2523 5196 2587 5248 ad
2612 5193 2914 5262 perﬁdiam.
2945 5192 3064 5263 Ipse
3088 5192 3174 5244 ille
3202 5191 3292 5259 qui
3333 5198 3387 5243 et
3435 5187 3688 5241 inimicus

1752 5291 1797 5321 ’⁸
1836 5289 1990 5342 Rom.

2116 5290 2163 5344 4.
2242 5290 2284 5321 ’⁷
2314 5289 2449 5345 Gen.
2480 5304 2629 5347 χχιιι,
2659 5286 2744 5340 14.
2822 5287 2867 5319 ’⁸
2899 5264 3086 5339 Matth:
3126 5299 3250 5355 xxv,
3295 5281 3384 5355 $5.
3423 5276 3687 5355 Δξ’..ἰςιςιιμ

1851 5360 1893 5391 ³³
1917 5360 2080 5417 lCor.
2119 5359 2295 5427 tv,10.

2373 5358 2570 5414 "Luc.
2600 5346 2651 5426 ν,
2682 5358 2772 5412 3|.
2847 5357 2892 5388 “
2928 5358 3032 5411 tsa.
3066 5371 3104 5424 ι,
3137 5346 3345 5419 15,14.
3422 5348 3465 5381 ³⁸
3506 5349 3524 5402 l
3558 5346 3691 5401 Cor.

2186 5518 2296 5589 (68)
2329 5520 2501 5573 Dicite
2534 5518 2658 5571 mihi
2689 5535 2799 5589 vos,
2829 5526 2937 5571 etc.
2966 5515 3119 5589 Cﬂat
3149 5515 3292 5568 hunc
3318 5512 3490 5589 Iugum
3522 5508 3688 5568 Jonas

2114 5584 2526 5643 Aurelianensis
2566 5590 2658 5641 lib.
2698 5605 2712 5642 ι
2748 5588 2820 5642 De
2849 5588 3018 5658 instit.
3048 5585 3195 5647 laic.,
3225 5600 3343 5658 eap.
3376 5584 3458 5635 fl.
3514 5651 3524 5658 _
3629 5648 3638 5657 ι

2186 5660 2297 5729 (69)
2326 5660 2491 5722 Alias,
2555 5659 2733 5728 aliqua
2783 5660 2851 5710 sit
2886 5657 3031 5724 virgo
3080 5670 3237 5725 quam
3281 5656 3358 5710 vir
3386 5656 3682 5720 contigerit.

2115 5731 2240 5787 Sed.
2275 5747 2404 5787 mss.
2438 5740 2496 5785 ut
2533 5732 2584 5784 in
2620 5738 2805 5783 nostro
2842 5735 3007 5781 textu.
