  <div class='ocr_page' id='page_1' title='image "/cluster/home/n/w/nwhite01/storage/ocr_20150623/12:no.2/coo.31924054873074/123.png"; bbox 0 0 4132 6418; ppageno 0'>
   <div class='ocr_carea' id='block_1_1' title="bbox 435 344 542 400">
    <p class='ocr_par' dir='ltr' id='par_1_1' title="bbox 435 344 542 400">
     <span class='ocr_line' id='line_1_1' title="bbox 435 344 542 400; baseline 0.019 -2"><span class='ocrx_word' id='word_1_1' title='bbox 435 344 542 400; x_wconf 73' lang='grc'><strong>219</strong></span> 
     </span>
    </p>
   </div>
   <div class='ocr_carea' id='block_1_2' title="bbox 1932 337 2253 397">
    <p class='ocr_par' dir='ltr' id='par_1_2' title="bbox 1932 337 2253 397">
     <span class='ocr_line' id='line_1_2' title="bbox 1932 337 2253 397; baseline 0.006 -3"><span class='ocrx_word' id='word_1_2' title='bbox 1932 337 2253 397; x_wconf 74' lang='lat' dir='ltr'><strong>ORIGENIS</strong></span> 
     </span>
    </p>
   </div>
   <div class='ocr_carea' id='block_1_3' title="bbox 3600 343 3709 399">
    <p class='ocr_par' dir='ltr' id='par_1_3' title="bbox 3600 343 3709 399">
     <span class='ocr_line' id='line_1_3' title="bbox 3600 343 3709 399; baseline 0.009 -1"><span class='ocrx_word' id='word_1_3' title='bbox 3600 343 3709 399; x_wconf 70' lang='lat'><strong>220</strong></span> 
     </span>
    </p>
   </div>
   <div class='ocr_carea' id='block_1_4' title="bbox 441 453 3704 527">
    <p class='ocr_par' dir='ltr' id='par_1_4' title="bbox 441 453 3704 527">
     <span class='ocr_line' id='line_1_4' title="bbox 441 453 3704 527; baseline -0.002 -11"><span class='ocrx_word' id='word_1_4' title='bbox 441 463 603 518; x_wconf 91' lang='lat' dir='ltr'><strong>homo</strong></span> <span class='ocrx_word' id='word_1_5' title='bbox 632 460 853 525; x_wconf 89' lang='lat' dir='ltr'><strong>dicitur,</strong></span> <span class='ocrx_word' id='word_1_6' title='bbox 890 473 1008 515; x_wconf 85' lang='lat' dir='ltr'><strong>eum</strong></span> <span class='ocrx_word' id='word_1_7' title='bbox 1038 457 1225 513; x_wconf 83' lang='lat' dir='ltr'><strong>lolium</strong></span> <span class='ocrx_word' id='word_1_8' title='bbox 1250 454 1553 526; x_wconf 86' lang='lat' dir='ltr'><strong>superserit</strong></span> <span class='ocrx_word' id='word_1_9' title='bbox 1580 454 1767 509; x_wconf 90' lang='lat' dir='ltr'><strong>tritico</strong></span> <span class='ocrx_word' id='word_1_10' title='bbox 1803 454 1871 508; x_wconf 74' lang='grc'>³⁸.</span> <span class='ocrx_word' id='word_1_11' title='bbox 1904 453 2020 509; x_wconf 83' lang='grc' dir='ltr'>Νοιι</span> <span class='ocrx_word' id='word_1_12' title='bbox 2052 460 2097 514; x_wconf 73' lang='grc' dir='ltr'>Α</span> <span class='ocrx_word' id='word_1_13' title='bbox 2127 455 2333 527; x_wconf 77' lang='lat' dir='ltr'><strong>Raguel</strong></span> <span class='ocrx_word' id='word_1_14' title='bbox 2390 457 2454 515; x_wconf 76' lang='lat'><strong>“.</strong></span> <span class='ocrx_word' id='word_1_15' title='bbox 2506 454 2752 510; x_wconf 80' lang='lat' dir='ltr'><strong>Nondum</strong></span> <span class='ocrx_word' id='word_1_16' title='bbox 2814 456 3049 512; x_wconf 86' lang='lat' dir='ltr'><strong>moveris</strong></span> <span class='ocrx_word' id='word_1_17' title='bbox 3075 497 3090 522; x_wconf 94' lang='lat'><strong>,</strong></span> <span class='ocrx_word' id='word_1_18' title='bbox 3144 464 3203 511; x_wconf 90' lang='lat' dir='ltr'><strong>ut</strong></span> <span class='ocrx_word' id='word_1_19' title='bbox 3266 456 3379 511; x_wconf 68' lang='lat' dir='ltr'><strong>ha&#39;c</strong></span> <span class='ocrx_word' id='word_1_20' title='bbox 3431 455 3704 527; x_wconf 78' lang='lat' dir='ltr'><strong>intelligas</strong></span> 
     </span>
    </p>
   </div>
   <div class='ocr_carea' id='block_1_5' title="bbox 442 546 2021 622">
    <p class='ocr_par' dir='ltr' id='par_1_5' title="bbox 442 546 2021 622">
     <span class='ocr_line' id='line_1_5' title="bbox 442 546 2021 622; baseline -0.005 -17"><span class='ocrx_word' id='word_1_21' title='bbox 442 566 573 622; x_wconf 87' lang='lat' dir='ltr'><strong>ergo</strong></span> <span class='ocrx_word' id='word_1_22' title='bbox 606 548 802 604; x_wconf 81' lang='lat' dir='ltr'><strong>suﬂicit</strong></span> <span class='ocrx_word' id='word_1_23' title='bbox 826 551 1019 603; x_wconf 81' lang='lat' dir='ltr'><strong>anima:</strong></span> <span class='ocrx_word' id='word_1_24' title='bbox 1065 558 1124 601; x_wconf 93' lang='lat' dir='ltr'><strong>ut</strong></span> <span class='ocrx_word' id='word_1_25' title='bbox 1178 555 1332 600; x_wconf 88' lang='lat' dir='ltr'><strong>casta</strong></span> <span class='ocrx_word' id='word_1_26' title='bbox 1373 546 1446 599; x_wconf 87' lang='lat' dir='ltr'><strong>sit</strong></span> <span class='ocrx_word' id='word_1_27' title='bbox 1483 560 1737 615; x_wconf 89' lang='lat' dir='ltr'><strong>corpore,</strong></span> <span class='ocrx_word' id='word_1_28' title='bbox 1770 559 1905 614; x_wconf 87' lang='lat' dir='ltr'><strong>opus</strong></span> <span class='ocrx_word' id='word_1_29' title='bbox 1936 553 2021 598; x_wconf 88' lang='lat' dir='ltr'><strong>est</strong></span> 
     </span>
    </p>
   </div>
   <div class='ocr_carea' id='block_1_6' title="bbox 444 638 2023 713">
    <p class='ocr_par' dir='ltr' id='par_1_6' title="bbox 444 638 2023 713">
     <span class='ocr_line' id='line_1_6' title="bbox 444 638 2023 713; baseline -0.005 -14"><span class='ocrx_word' id='word_1_30' title='bbox 444 654 501 699; x_wconf 85' lang='grc' dir='ltr'>ιιι</span> <span class='ocrx_word' id='word_1_31' title='bbox 531 654 586 698; x_wconf 84' lang='lat' dir='ltr'><strong>et</strong></span> <span class='ocrx_word' id='word_1_32' title='bbox 618 644 701 698; x_wconf 89' lang='lat' dir='ltr'><strong>vir</strong></span> <span class='ocrx_word' id='word_1_33' title='bbox 736 644 824 698; x_wconf 92' lang='lat' dir='ltr'><strong>hic</strong></span> <span class='ocrx_word' id='word_1_34' title='bbox 857 643 1128 713; x_wconf 83' lang='lat' dir='ltr'><strong>pessimus</strong></span> <span class='ocrx_word' id='word_1_35' title='bbox 1163 657 1268 695; x_wconf 91' lang='lat' dir='ltr'><strong>non</strong></span> <span class='ocrx_word' id='word_1_36' title='bbox 1306 641 1624 711; x_wconf 89' lang='lat' dir='ltr'><strong>cognoverit</strong></span> <span class='ocrx_word' id='word_1_37' title='bbox 1657 656 1799 694; x_wconf 90' lang='lat' dir='ltr'><strong>eam.</strong></span> <span class='ocrx_word' id='word_1_38' title='bbox 1837 638 2023 693; x_wconf 89' lang='lat' dir='ltr'><strong>Potest</strong></span> 
     </span>
    </p>
   </div>
   <div class='ocr_carea' id='block_1_7' title="bbox 440 731 2021 802">
    <p class='ocr_par' dir='ltr' id='par_1_7' title="bbox 440 731 2021 802">
     <span class='ocr_line' id='line_1_7' title="bbox 440 731 2021 802; baseline -0.006 -12"><span class='ocrx_word' id='word_1_39' title='bbox 440 737 585 792; x_wconf 89' lang='lat' dir='ltr'><strong>enim</strong></span> <span class='ocrx_word' id='word_1_40' title='bbox 622 735 733 789; x_wconf 84' lang='lat' dir='ltr'><strong>ﬁeri</strong></span> <span class='ocrx_word' id='word_1_41' title='bbox 766 747 822 788; x_wconf 91' lang='lat' dir='ltr'><strong>ut</strong></span> <span class='ocrx_word' id='word_1_42' title='bbox 876 736 1076 789; x_wconf 89' lang='lat' dir='ltr'><strong>habeat</strong></span> <span class='ocrx_word' id='word_1_43' title='bbox 1116 736 1239 801; x_wconf 86' lang='lat' dir='ltr'><strong>quis</strong></span> <span class='ocrx_word' id='word_1_44' title='bbox 1268 734 1321 786; x_wconf 92' lang='lat' dir='ltr'><strong>in</strong></span> <span class='ocrx_word' id='word_1_45' title='bbox 1364 746 1597 800; x_wconf 88' lang='lat' dir='ltr'><strong>corpore</strong></span> <span class='ocrx_word' id='word_1_46' title='bbox 1624 731 2021 802; x_wconf 74' lang='lat' dir='ltr'><strong>virginitatem,</strong></span> 
     </span>
    </p>
   </div>
   <div class='ocr_carea' id='block_1_8' title="bbox 440 822 2021 897">
    <p class='ocr_par' dir='ltr' id='par_1_8' title="bbox 440 822 2021 897">
     <span class='ocr_line' id='line_1_8' title="bbox 440 822 2021 897; baseline -0.004 -15"><span class='ocrx_word' id='word_1_47' title='bbox 440 838 492 882; x_wconf 88' lang='lat' dir='ltr'><strong>et</strong></span> <span class='ocrx_word' id='word_1_48' title='bbox 542 842 883 897; x_wconf 84' lang='lat' dir='ltr'><strong>cognoscens</strong></span> <span class='ocrx_word' id='word_1_49' title='bbox 947 827 1109 880; x_wconf 92' lang='lat' dir='ltr'><strong>istum</strong></span> <span class='ocrx_word' id='word_1_50' title='bbox 1157 827 1331 879; x_wconf 91' lang='lat' dir='ltr'><strong>virum</strong></span> <span class='ocrx_word' id='word_1_51' title='bbox 1399 825 1692 892; x_wconf 88' lang='lat' dir='ltr'><strong>pessimum</strong></span> <span class='ocrx_word' id='word_1_52' title='bbox 1744 822 2021 877; x_wconf 90' lang='lat' dir='ltr'><strong>diabolum</strong></span> 
     </span>
    </p>
   </div>
   <div class='ocr_carea' id='block_1_9' title="bbox 439 914 2022 988">
    <p class='ocr_par' dir='ltr' id='par_1_9' title="bbox 439 914 2022 988">
     <span class='ocr_line' id='line_1_9' title="bbox 439 914 2022 988; baseline -0.003 -17"><span class='ocrx_word' id='word_1_53' title='bbox 439 929 599 988; x_wconf 85' lang='lat' dir='ltr'><strong>atque</strong></span> <span class='ocrx_word' id='word_1_54' title='bbox 627 920 695 973; x_wconf 88' lang='lat' dir='ltr'><strong>ab</strong></span> <span class='ocrx_word' id='word_1_55' title='bbox 735 934 800 972; x_wconf 92' lang='lat' dir='ltr'><strong>eo</strong></span> <span class='ocrx_word' id='word_1_56' title='bbox 830 918 1292 987; x_wconf 72' lang='lat' dir='ltr'><strong>concupiscentia:</strong></span> <span class='ocrx_word' id='word_1_57' title='bbox 1335 917 1512 985; x_wconf 86' lang='lat' dir='ltr'><strong>jacula</strong></span> <span class='ocrx_word' id='word_1_58' title='bbox 1571 917 1621 968; x_wconf 91' lang='lat' dir='ltr'><strong>in</strong></span> <span class='ocrx_word' id='word_1_59' title='bbox 1652 917 1814 970; x_wconf 89' lang='lat' dir='ltr'><strong>corde</strong></span> <span class='ocrx_word' id='word_1_60' title='bbox 1848 914 2022 968; x_wconf 82' lang='lat' dir='ltr'><strong>susci-</strong></span> 
     </span>
    </p>
   </div>
   <div class='ocr_carea' id='block_1_10' title="bbox 439 1006 2020 1078">
    <p class='ocr_par' dir='ltr' id='par_1_10' title="bbox 439 1006 2020 1078">
     <span class='ocr_line' id='line_1_10' title="bbox 439 1006 2020 1078; baseline -0.002 -17"><span class='ocrx_word' id='word_1_61' title='bbox 439 1012 615 1078; x_wconf 88' lang='lat' dir='ltr'><strong>piens,</strong></span> <span class='ocrx_word' id='word_1_62' title='bbox 657 1010 852 1063; x_wconf 66' lang='lat' dir='ltr'><strong>animte</strong></span> <span class='ocrx_word' id='word_1_63' title='bbox 888 1009 1182 1078; x_wconf 74' lang='lat' dir='ltr'><strong>perdiderit</strong></span> <span class='ocrx_word' id='word_1_64' title='bbox 1218 1009 1550 1062; x_wconf 81' lang='lat' dir='ltr'><strong>castitatem.</strong></span> <span class='ocrx_word' id='word_1_65' title='bbox 1590 1008 1723 1075; x_wconf 82' lang='lat' dir='ltr'><strong>Quia</strong></span> <span class='ocrx_word' id='word_1_66' title='bbox 1749 1023 1879 1075; x_wconf 79' lang='lat' dir='ltr'><strong>ergo</strong></span> <span class='ocrx_word' id='word_1_67' title='bbox 1913 1006 2020 1059; x_wconf 84' lang='lat' dir='ltr'><strong>Rc-</strong></span> 
     </span>
    </p>
   </div>
   <div class='ocr_carea' id='block_1_11' title="bbox 438 1099 2025 1170">
    <p class='ocr_par' dir='ltr' id='par_1_11' title="bbox 438 1099 2025 1170">
     <span class='ocr_line' id='line_1_11' title="bbox 438 1099 2025 1170; baseline -0.001 -17"><span class='ocrx_word' id='word_1_68' title='bbox 438 1102 602 1156; x_wconf 82' lang='lat' dir='ltr'><strong>becca</strong></span> <span class='ocrx_word' id='word_1_69' title='bbox 637 1102 791 1170; x_wconf 78' lang='lat' dir='ltr'><strong>virgo</strong></span> <span class='ocrx_word' id='word_1_70' title='bbox 819 1112 935 1155; x_wconf 89' lang='lat' dir='ltr'><strong>erat</strong></span> <span class='ocrx_word' id='word_1_71' title='bbox 966 1109 1158 1155; x_wconf 88' lang='lat' dir='ltr'><strong>sancta</strong></span> <span class='ocrx_word' id='word_1_72' title='bbox 1182 1116 1412 1169; x_wconf 91' lang='lat' dir='ltr'><strong>corpore</strong></span> <span class='ocrx_word' id='word_1_73' title='bbox 1446 1110 1498 1154; x_wconf 91' lang='lat' dir='ltr'><strong>cl</strong></span> <span class='ocrx_word' id='word_1_74' title='bbox 1551 1099 1768 1168; x_wconf 88' lang='lat' dir='ltr'><strong>spiritu,</strong></span> <span class='ocrx_word' id='word_1_75' title='bbox 1820 1099 2025 1153; x_wconf 89' lang='lat' dir='ltr'><strong>idcirco</strong></span> 
     </span>
    </p>
   </div>
   <div class='ocr_carea' id='block_1_12' title="bbox 439 1191 2023 1262">
    <p class='ocr_par' dir='ltr' id='par_1_12' title="bbox 439 1191 2023 1262">
     <span class='ocr_line' id='line_1_12' title="bbox 439 1191 2023 1262; baseline -0.002 -16"><span class='ocrx_word' id='word_1_76' title='bbox 439 1192 557 1262; x_wconf 82' lang='lat' dir='ltr'><strong>ejus</strong></span> <span class='ocrx_word' id='word_1_77' title='bbox 583 1192 818 1261; x_wconf 85' lang='lat' dir='ltr'><strong>duplicat</strong></span> <span class='ocrx_word' id='word_1_78' title='bbox 860 1192 1068 1245; x_wconf 88' lang='lat' dir='ltr'><strong>laudem</strong></span> <span class='ocrx_word' id='word_1_79' title='bbox 1103 1201 1154 1247; x_wconf 91' lang='lat' dir='ltr'><strong>et</strong></span> <span class='ocrx_word' id='word_1_80' title='bbox 1179 1193 1309 1247; x_wconf 84' lang='lat' dir='ltr'><strong>dicit</strong></span> <span class='ocrx_word' id='word_1_81' title='bbox 1337 1210 1349 1245; x_wconf 89' lang='lat'>:</span> <span class='ocrx_word' id='word_1_82' title='bbox 1388 1191 1543 1261; x_wconf 83' lang='lat' dir='ltr'><strong>Virgo</strong></span> <span class='ocrx_word' id='word_1_83' title='bbox 1572 1202 1704 1256; x_wconf 86' lang='lat' dir='ltr'><strong>erat,</strong></span> <span class='ocrx_word' id='word_1_84' title='bbox 1737 1202 1783 1244; x_wconf 86' lang='lat' dir='ltr'><strong>et</strong></span> <span class='ocrx_word' id='word_1_85' title='bbox 1818 1191 1894 1243; x_wconf 73' lang='lat' dir='ltr'><strong>vir</strong></span> <span class='ocrx_word' id='word_1_86' title='bbox 1921 1208 2023 1243; x_wconf 76' lang='lat' dir='ltr'><strong>non</strong></span> 
     </span>
    </p>
   </div>
   <div class='ocr_carea' id='block_1_13' title="bbox 439 1281 2025 1353">
    <p class='ocr_par' dir='ltr' id='par_1_13' title="bbox 439 1281 2025 1353">
     <span class='ocr_line' id='line_1_13' title="bbox 439 1281 2025 1353; baseline -0.001 -17"><span class='ocrx_word' id='word_1_87' title='bbox 439 1292 751 1353; x_wconf 83' lang='lat' dir='ltr'><strong>cognoverat</strong></span> <span class='ocrx_word' id='word_1_88' title='bbox 804 1300 943 1337; x_wconf 83' lang='lat' dir='ltr'><strong>eam.</strong></span> <span class='ocrx_word' id='word_1_89' title='bbox 999 1282 1236 1352; x_wconf 76' lang='lat' dir='ltr'><strong>Vespere</strong></span> <span class='ocrx_word' id='word_1_90' title='bbox 1283 1299 1412 1353; x_wconf 84' lang='lat' dir='ltr'><strong>ergo</strong></span> <span class='ocrx_word' id='word_1_91' title='bbox 1442 1284 1588 1338; x_wconf 88' lang='lat' dir='ltr'><strong>venit</strong></span> <span class='ocrx_word' id='word_1_92' title='bbox 1618 1283 1684 1337; x_wconf 85' lang='lat' dir='ltr'><strong>ad</strong></span> <span class='ocrx_word' id='word_1_93' title='bbox 1733 1298 1920 1351; x_wconf 82' lang='lat' dir='ltr'><strong>aquas.</strong></span> <span class='ocrx_word' id='word_1_94' title='bbox 1952 1281 2025 1334; x_wconf 89' lang='lat' dir='ltr'><strong>De</strong></span> 
     </span>
    </p>
   </div>
   <div class='ocr_carea' id='block_1_14' title="bbox 440 1374 2021 1444">
    <p class='ocr_par' dir='ltr' id='par_1_14' title="bbox 440 1374 2021 1444">
     <span class='ocr_line' id='line_1_14' title="bbox 440 1374 2021 1444; baseline 0.001 -17"><span class='ocrx_word' id='word_1_95' title='bbox 440 1390 666 1443; x_wconf 87' lang='lat' dir='ltr'><strong>vespera</strong></span> <span class='ocrx_word' id='word_1_96' title='bbox 691 1374 801 1444; x_wconf 90' lang='lat' dir='ltr'><strong>jam</strong></span> <span class='ocrx_word' id='word_1_97' title='bbox 829 1390 993 1444; x_wconf 91' lang='lat' dir='ltr'><strong>supra</strong></span> <span class='ocrx_word' id='word_1_98' title='bbox 1018 1376 1279 1431; x_wconf 81' lang='lat' dir='ltr'><strong>diximus.</strong></span> <span class='ocrx_word' id='word_1_99' title='bbox 1311 1374 1443 1431; x_wconf 85' lang='lat' dir='ltr'><strong>Vide</strong></span> <span class='ocrx_word' id='word_1_100' title='bbox 1468 1385 1647 1431; x_wconf 87' lang='lat' dir='ltr'><strong>autem</strong></span> <span class='ocrx_word' id='word_1_101' title='bbox 1677 1375 2021 1443; x_wconf 87' lang='lat' dir='ltr'><strong>prudentiam</strong></span> 
     </span>
    </p>
   </div>
   <div class='ocr_carea' id='block_1_15' title="bbox 441 1466 2026 1537">
    <p class='ocr_par' dir='ltr' id='par_1_15' title="bbox 441 1466 2026 1537">
     <span class='ocr_line' id='line_1_15' title="bbox 441 1466 2026 1537; baseline 0.001 -18"><span class='ocrx_word' id='word_1_102' title='bbox 441 1466 615 1534; x_wconf 89' lang='lat' dir='ltr'><strong>pueri,</strong></span> <span class='ocrx_word' id='word_1_103' title='bbox 666 1482 772 1520; x_wconf 91' lang='lat' dir='ltr'><strong>non</strong></span> <span class='ocrx_word' id='word_1_104' title='bbox 831 1468 947 1521; x_wconf 90' lang='lat' dir='ltr'><strong>vult</strong></span> <span class='ocrx_word' id='word_1_105' title='bbox 998 1482 1279 1523; x_wconf 76' lang='lat' dir='ltr'><strong>assumere</strong></span> <span class='ocrx_word' id='word_1_106' title='bbox 1343 1483 1595 1537; x_wconf 85' lang='lat' dir='ltr'><strong>sponsam</strong></span> <span class='ocrx_word' id='word_1_107' title='bbox 1648 1467 1870 1522; x_wconf 91' lang='lat' dir='ltr'><strong>domino</strong></span> <span class='ocrx_word' id='word_1_108' title='bbox 1923 1482 2026 1521; x_wconf 92' lang='lat' dir='ltr'><strong>suo</strong></span> 
     </span>
    </p>
   </div>
   <div class='ocr_carea' id='block_1_16' title="bbox 445 1555 2011 1628">
    <p class='ocr_par' dir='ltr' id='par_1_16' title="bbox 445 1555 2011 1628">
     <span class='ocr_line' id='line_1_16' title="bbox 445 1555 2011 1628; baseline 0.001 -18"><span class='ocrx_word' id='word_1_109' title='bbox 445 1555 616 1624; x_wconf 87' lang='lat' dir='ltr'><strong>Isaac,</strong></span> <span class='ocrx_word' id='word_1_110' title='bbox 650 1559 753 1612; x_wconf 90' lang='lat' dir='ltr'><strong>nisi</strong></span> <span class='ocrx_word' id='word_1_111' title='bbox 776 1573 939 1627; x_wconf 91' lang='lat' dir='ltr'><strong>quam</strong></span> <span class='ocrx_word' id='word_1_112' title='bbox 965 1558 1233 1615; x_wconf 76' lang='lat' dir='ltr'><strong>invenerit</strong></span> <span class='ocrx_word' id='word_1_113' title='bbox 1264 1560 1514 1614; x_wconf 82' lang='lat' dir='ltr'><strong>decoram</strong></span> <span class='ocrx_word' id='word_1_114' title='bbox 1549 1569 1603 1614; x_wconf 87' lang='lat' dir='ltr'><strong>et</strong></span> <span class='ocrx_word' id='word_1_115' title='bbox 1630 1558 1908 1628; x_wconf 81' lang='lat' dir='ltr'><strong>pulchram</strong></span> <span class='ocrx_word' id='word_1_116' title='bbox 1940 1558 2011 1611; x_wconf 81' lang='lat' dir='ltr'><strong>fa-</strong></span> 
     </span>
    </p>
   </div>
   <div class='ocr_carea' id='block_1_17' title="bbox 446 1647 2021 1719">
    <p class='ocr_par' dir='ltr' id='par_1_17' title="bbox 446 1647 2021 1719">
     <span class='ocr_line' id='line_1_17' title="bbox 446 1647 2021 1719; baseline 0.002 -20"><span class='ocrx_word' id='word_1_117' title='bbox 446 1647 529 1702; x_wconf 87' lang='lat' dir='ltr'><strong>cie</strong></span> <span class='ocrx_word' id='word_1_118' title='bbox 574 1648 865 1718; x_wconf 81' lang='lat' dir='ltr'><strong>virginem,</strong></span> <span class='ocrx_word' id='word_1_119' title='bbox 918 1658 970 1703; x_wconf 89' lang='lat' dir='ltr'><strong>et</strong></span> <span class='ocrx_word' id='word_1_120' title='bbox 1008 1664 1112 1703; x_wconf 91' lang='lat' dir='ltr'><strong>non</strong></span> <span class='ocrx_word' id='word_1_121' title='bbox 1172 1649 1347 1705; x_wconf 93' lang='lat' dir='ltr'><strong>solum</strong></span> <span class='ocrx_word' id='word_1_122' title='bbox 1393 1650 1681 1719; x_wconf 79' lang='lat' dir='ltr'><strong>virginem,</strong></span> <span class='ocrx_word' id='word_1_123' title='bbox 1716 1651 1812 1703; x_wconf 84' lang='lat' dir='ltr'><strong>sed</strong></span> <span class='ocrx_word' id='word_1_124' title='bbox 1856 1664 2021 1719; x_wconf 90' lang='lat' dir='ltr'><strong>quam</strong></span> 
     </span>
    </p>
   </div>
   <div class='ocr_carea' id='block_1_18' title="bbox 444 1741 2024 1812">
    <p class='ocr_par' dir='ltr' id='par_1_18' title="bbox 444 1741 2024 1812">
     <span class='ocr_line' id='line_1_18' title="bbox 444 1741 2024 1812; baseline 0.001 -19"><span class='ocrx_word' id='word_1_125' title='bbox 444 1755 550 1795; x_wconf 91' lang='lat' dir='ltr'><strong>non</strong></span> <span class='ocrx_word' id='word_1_126' title='bbox 596 1741 883 1810; x_wconf 79' lang='lat' dir='ltr'><strong>contigerit</strong></span> <span class='ocrx_word' id='word_1_127' title='bbox 932 1742 1035 1805; x_wconf 91' lang='lat' dir='ltr'><strong>vir,</strong></span> <span class='ocrx_word' id='word_1_128' title='bbox 1104 1751 1158 1796; x_wconf 92' lang='lat' dir='ltr'><strong>ct</strong></span> <span class='ocrx_word' id='word_1_129' title='bbox 1209 1742 1311 1797; x_wconf 90' lang='lat' dir='ltr'><strong>nisi</strong></span> <span class='ocrx_word' id='word_1_130' title='bbox 1340 1758 1501 1811; x_wconf 89' lang='lat' dir='ltr'><strong>quam</strong></span> <span class='ocrx_word' id='word_1_131' title='bbox 1557 1742 1822 1812; x_wconf 88' lang='lat' dir='ltr'><strong>repererit</strong></span> <span class='ocrx_word' id='word_1_132' title='bbox 1855 1757 2024 1811; x_wconf 91' lang='lat' dir='ltr'><strong>aquas</strong></span> 
     </span>
    </p>
   </div>
   <div class='ocr_carea' id='block_1_19' title="bbox 2125 546 3706 617">
    <p class='ocr_par' dir='ltr' id='par_1_19' title="bbox 2125 546 3706 617">
     <span class='ocr_line' id='line_1_19' title="bbox 2125 546 3706 617; baseline 0 -16"><span class='ocrx_word' id='word_1_133' title='bbox 2125 547 2447 616; x_wconf 76' lang='lat' dir='ltr'><strong>spiritaliter</strong></span> <span class='ocrx_word' id='word_1_134' title='bbox 2471 546 2617 601; x_wconf 82' lang='lat' dir='ltr'><strong>dici?</strong></span> <span class='ocrx_word' id='word_1_135' title='bbox 2644 546 2749 599; x_wconf 88' lang='lat' dir='ltr'><strong>Aut</strong></span> <span class='ocrx_word' id='word_1_136' title='bbox 2780 555 2940 615; x_wconf 89' lang='lat' dir='ltr'><strong>putas</strong></span> <span class='ocrx_word' id='word_1_137' title='bbox 2969 562 3182 616; x_wconf 88' lang='lat' dir='ltr'><strong>semper</strong></span> <span class='ocrx_word' id='word_1_138' title='bbox 3202 561 3329 600; x_wconf 90' lang='lat' dir='ltr'><strong>casu</strong></span> <span class='ocrx_word' id='word_1_139' title='bbox 3362 546 3706 617; x_wconf 87' lang='lat' dir='ltr'><strong>contingere,</strong></span> 
     </span>
    </p>
   </div>
   <div class='ocr_carea' id='block_1_20' title="bbox 2127 637 3705 707">
    <p class='ocr_par' dir='ltr' id='par_1_20' title="bbox 2127 637 3705 707">
     <span class='ocr_line' id='line_1_20' title="bbox 2127 637 3705 707; baseline 0.003 -18"><span class='ocrx_word' id='word_1_140' title='bbox 2127 647 2185 690; x_wconf 87' lang='grc' dir='ltr'><strong>ιιι</strong></span> <span class='ocrx_word' id='word_1_141' title='bbox 2240 638 2568 705; x_wconf 75' lang='lat' dir='ltr'><strong>patriarcha:</strong></span> <span class='ocrx_word' id='word_1_142' title='bbox 2611 637 2678 690; x_wconf 88' lang='lat' dir='ltr'><strong>ad</strong></span> <span class='ocrx_word' id='word_1_143' title='bbox 2711 647 2902 707; x_wconf 92' lang='lat' dir='ltr'><strong>puteos</strong></span> <span class='ocrx_word' id='word_1_144' title='bbox 2938 638 3161 691; x_wconf 83' lang='lat' dir='ltr'><strong>veniant</strong></span> <span class='ocrx_word' id='word_1_145' title='bbox 3200 647 3251 693; x_wconf 88' lang='lat' dir='ltr'><strong>et</strong></span> <span class='ocrx_word' id='word_1_146' title='bbox 3284 637 3349 692; x_wconf 90' lang='lat' dir='ltr'><strong>ad</strong></span> <span class='ocrx_word' id='word_1_147' title='bbox 3377 653 3545 706; x_wconf 84' lang='lat' dir='ltr'><strong>aquas</strong></span> <span class='ocrx_word' id='word_1_148' title='bbox 3572 653 3705 693; x_wconf 88' lang='lat' dir='ltr'><strong>con-</strong></span> 
     </span>
    </p>
   </div>
   <div class='ocr_carea' id='block_1_21' title="bbox 2120 726 3708 797">
    <p class='ocr_par' dir='ltr' id='par_1_21' title="bbox 2120 726 3708 797">
     <span class='ocr_line' id='line_1_21' title="bbox 2120 726 3708 797; baseline 0.003 -19"><span class='ocrx_word' id='word_1_149' title='bbox 2120 726 2267 797; x_wconf 75' lang='lat' dir='ltr'><strong>jugis</strong></span> <span class='ocrx_word' id='word_1_150' title='bbox 2289 727 2627 782; x_wconf 81' lang='lat' dir='ltr'><strong>sortiantur?</strong></span> <span class='ocrx_word' id='word_1_151' title='bbox 2660 727 2761 794; x_wconf 85' lang='lat' dir='ltr'><strong>Qui</strong></span> <span class='ocrx_word' id='word_1_152' title='bbox 2792 732 2903 784; x_wconf 71' lang='lat' dir='ltr'><strong>hmo</strong></span> <span class='ocrx_word' id='word_1_153' title='bbox 2936 730 3008 783; x_wconf 89' lang='lat' dir='ltr'><strong>ita</strong></span> <span class='ocrx_word' id='word_1_154' title='bbox 3043 736 3230 797; x_wconf 88' lang='lat' dir='ltr'><strong>putat,</strong></span> <span class='ocrx_word' id='word_1_155' title='bbox 3263 728 3513 781; x_wconf 71' lang='lat' dir='ltr'><strong>animalis</strong></span> <span class='ocrx_word' id='word_1_156' title='bbox 3544 728 3708 783; x_wconf 90' lang='lat' dir='ltr'><strong>homo</strong></span> 
     </span>
    </p>
   </div>
   <div class='ocr_carea' id='block_1_22' title="bbox 2124 817 3705 891">
    <p class='ocr_par' dir='ltr' id='par_1_22' title="bbox 2124 817 3705 891">
     <span class='ocr_line' id='line_1_22' title="bbox 2124 817 3705 891; baseline -0.001 -17"><span class='ocrx_word' id='word_1_157' title='bbox 2124 828 2226 881; x_wconf 87' lang='lat' dir='ltr'><strong>est,</strong></span> <span class='ocrx_word' id='word_1_158' title='bbox 2261 829 2315 874; x_wconf 90' lang='lat' dir='ltr'><strong>et</strong></span> <span class='ocrx_word' id='word_1_159' title='bbox 2355 837 2457 872; x_wconf 78' lang='lat' dir='ltr'><strong>non</strong></span> <span class='ocrx_word' id='word_1_160' title='bbox 2480 821 2698 889; x_wconf 81' lang='lat' dir='ltr'><strong>percipit</strong></span> <span class='ocrx_word' id='word_1_161' title='bbox 2730 838 2845 891; x_wconf 76' lang='lat' dir='ltr'><strong>qua:</strong></span> <span class='ocrx_word' id='word_1_162' title='bbox 2875 822 2978 873; x_wconf 74' lang='lat' dir='ltr'><strong>sint</strong></span> <span class='ocrx_word' id='word_1_163' title='bbox 3011 821 3223 889; x_wconf 72' lang='lat' dir='ltr'><strong>spiritus</strong></span> <span class='ocrx_word' id='word_1_164' title='bbox 3256 819 3349 872; x_wconf 83' lang='lat' dir='ltr'><strong>Dei</strong></span> <span class='ocrx_word' id='word_1_165' title='bbox 3379 819 3447 871; x_wconf 85' lang='grc'><strong>⁸¹.</strong></span> <span class='ocrx_word' id='word_1_166' title='bbox 3481 817 3586 872; x_wconf 91' lang='lat' dir='ltr'><strong>Sed</strong></span> <span class='ocrx_word' id='word_1_167' title='bbox 3612 820 3705 888; x_wconf 85' lang='lat' dir='ltr'><strong>qui</strong></span> 
     </span>
    </p>
   </div>
   <div class='ocr_carea' id='block_1_23' title="bbox 2125 908 3707 981">
    <p class='ocr_par' dir='ltr' id='par_1_23' title="bbox 2125 908 3707 981">
     <span class='ocr_line' id='line_1_23' title="bbox 2125 908 3707 981; baseline -0.001 -17"><span class='ocrx_word' id='word_1_168' title='bbox 2125 912 2239 965; x_wconf 92' lang='lat' dir='ltr'><strong>vult</strong></span> <span class='ocrx_word' id='word_1_169' title='bbox 2271 921 2486 964; x_wconf 87' lang='lat' dir='ltr'><strong>maneat</strong></span> <span class='ocrx_word' id='word_1_170' title='bbox 2516 913 2567 965; x_wconf 93' lang='lat' dir='ltr'><strong>in</strong></span> <span class='ocrx_word' id='word_1_171' title='bbox 2596 914 2703 978; x_wconf 87' lang='lat' dir='ltr'><strong>his,</strong></span> <span class='ocrx_word' id='word_1_172' title='bbox 2736 923 2951 967; x_wconf 87' lang='lat' dir='ltr'><strong>maneat</strong></span> <span class='ocrx_word' id='word_1_173' title='bbox 2979 912 3231 966; x_wconf 83' lang='lat' dir='ltr'><strong>animalis</strong></span> <span class='ocrx_word' id='word_1_174' title='bbox 3266 912 3407 981; x_wconf 80' lang='lat' dir='ltr'><strong>(7t):</strong></span> <span class='ocrx_word' id='word_1_175' title='bbox 3440 925 3541 979; x_wconf 87' lang='lat' dir='ltr'><strong>ego</strong></span> <span class='ocrx_word' id='word_1_176' title='bbox 3568 908 3707 964; x_wconf 78' lang='lat' dir='ltr'><strong>Pau-</strong></span> 
     </span>
    </p>
   </div>
   <div class='ocr_carea' id='block_1_24' title="bbox 2125 1002 3711 1073">
    <p class='ocr_par' dir='ltr' id='par_1_24' title="bbox 2125 1002 3711 1073">
     <span class='ocr_line' id='line_1_24' title="bbox 2125 1002 3711 1073; baseline 0.001 -18"><span class='ocrx_word' id='word_1_177' title='bbox 2125 1002 2233 1056; x_wconf 91' lang='lat' dir='ltr'><strong>lum</strong></span> <span class='ocrx_word' id='word_1_178' title='bbox 2273 1003 2575 1071; x_wconf 81' lang='lat' dir='ltr'><strong>apostolum</strong></span> <span class='ocrx_word' id='word_1_179' title='bbox 2613 1018 2845 1073; x_wconf 86' lang='lat' dir='ltr'><strong>sequens</strong></span> <span class='ocrx_word' id='word_1_180' title='bbox 2870 1043 2885 1068; x_wconf 94' lang='lat'><strong>,</strong></span> <span class='ocrx_word' id='word_1_181' title='bbox 2921 1003 3043 1057; x_wconf 88' lang='lat' dir='ltr'><strong>dico</strong></span> <span class='ocrx_word' id='word_1_182' title='bbox 3079 1003 3192 1055; x_wconf 84' lang='lat' dir='ltr'><strong>h.ec</strong></span> <span class='ocrx_word' id='word_1_183' title='bbox 3221 1017 3341 1057; x_wconf 87' lang='lat' dir='ltr'><strong>esse</strong></span> <span class='ocrx_word' id='word_1_184' title='bbox 3372 1002 3665 1072; x_wconf 83' lang='lat' dir='ltr'><strong>allegorica</strong></span> <span class='ocrx_word' id='word_1_185' title='bbox 3688 1042 3711 1065; x_wconf 49' lang='grc' dir='ltr'><strong><em>ν</em></strong></span> 
     </span>
    </p>
   </div>
   <div class='ocr_carea' id='block_1_25' title="bbox 2124 1096 3711 1165">
    <p class='ocr_par' dir='ltr' id='par_1_25' title="bbox 2124 1096 3711 1165">
     <span class='ocr_line' id='line_1_25' title="bbox 2124 1096 3711 1165; baseline 0.001 -16"><span class='ocrx_word' id='word_1_186' title='bbox 2124 1105 2179 1149; x_wconf 87' lang='lat' dir='ltr'><strong>et</strong></span> <span class='ocrx_word' id='word_1_187' title='bbox 2214 1105 2533 1151; x_wconf 87' lang='lat' dir='ltr'><strong>sanctorum</strong></span> <span class='ocrx_word' id='word_1_188' title='bbox 2573 1098 2788 1163; x_wconf 80' lang='lat' dir='ltr'><strong>nuptias</strong></span> <span class='ocrx_word' id='word_1_189' title='bbox 2820 1096 3257 1165; x_wconf 89' lang='lat' dir='ltr'><strong>conjunctioncm</strong></span> <span class='ocrx_word' id='word_1_190' title='bbox 3284 1098 3407 1151; x_wconf 87' lang='lat' dir='ltr'><strong>dico</strong></span> <span class='ocrx_word' id='word_1_191' title='bbox 3443 1112 3561 1151; x_wconf 87' lang='lat' dir='ltr'><strong>esse</strong></span> <span class='ocrx_word' id='word_1_192' title='bbox 3588 1096 3711 1151; x_wconf 88' lang='lat' dir='ltr'><strong>ani-</strong></span> 
     </span>
    </p>
   </div>
   <div class='ocr_carea' id='block_1_26' title="bbox 2126 1188 3705 1260">
    <p class='ocr_par' dir='ltr' id='par_1_26' title="bbox 2126 1188 3705 1260">
     <span class='ocr_line' id='line_1_26' title="bbox 2126 1188 3705 1260; baseline -0.001 -18"><span class='ocrx_word' id='word_1_193' title='bbox 2126 1203 2226 1242; x_wconf 83' lang='lat' dir='ltr'><strong>ma:</strong></span> <span class='ocrx_word' id='word_1_194' title='bbox 2268 1204 2390 1243; x_wconf 83' lang='lat' dir='ltr'><strong>eum</strong></span> <span class='ocrx_word' id='word_1_195' title='bbox 2422 1190 2587 1243; x_wconf 91' lang='lat' dir='ltr'><strong>verbo</strong></span> <span class='ocrx_word' id='word_1_196' title='bbox 2635 1189 2750 1245; x_wconf 89' lang='lat' dir='ltr'><strong>Dei.</strong></span> <span class='ocrx_word' id='word_1_197' title='bbox 2803 1188 2909 1254; x_wconf 85' lang='lat' dir='ltr'><strong>Qui</strong></span> <span class='ocrx_word' id='word_1_198' title='bbox 2947 1189 3092 1242; x_wconf 88' lang='lat' dir='ltr'><strong>enim</strong></span> <span class='ocrx_word' id='word_1_199' title='bbox 3138 1189 3317 1260; x_wconf 82' lang='lat' dir='ltr'><strong>jungit</strong></span> <span class='ocrx_word' id='word_1_200' title='bbox 3354 1206 3408 1243; x_wconf 77' lang='lat' dir='ltr'><strong>se</strong></span> <span class='ocrx_word' id='word_1_201' title='bbox 3439 1188 3663 1242; x_wconf 84' lang='lat' dir='ltr'><strong>Domino</strong></span> <span class='ocrx_word' id='word_1_202' title='bbox 3688 1228 3705 1253; x_wconf 97' lang='lat'><strong>,</strong></span> 
     </span>
    </p>
   </div>
   <div class='ocr_carea' id='block_1_27' title="bbox 2127 1281 3707 1350">
    <p class='ocr_par' dir='ltr' id='par_1_27' title="bbox 2127 1281 3707 1350">
     <span class='ocr_line' id='line_1_27' title="bbox 2127 1281 3707 1350; baseline 0.001 -16"><span class='ocrx_word' id='word_1_203' title='bbox 2127 1297 2263 1335; x_wconf 69' lang='lat' dir='ltr'><strong>unus</strong></span> <span class='ocrx_word' id='word_1_204' title='bbox 2305 1284 2524 1350; x_wconf 72' lang='lat' dir='ltr'><strong>spiritus</strong></span> <span class='ocrx_word' id='word_1_205' title='bbox 2579 1293 2653 1337; x_wconf 75' lang='lat' dir='ltr'><strong>est</strong></span> <span class='ocrx_word' id='word_1_206' title='bbox 2708 1282 2773 1336; x_wconf 84' lang='grc'>⁸³.</span> <span class='ocrx_word' id='word_1_207' title='bbox 2835 1282 2985 1337; x_wconf 85' lang='lat' dir='ltr'><strong>lianc</strong></span> <span class='ocrx_word' id='word_1_208' title='bbox 3035 1292 3215 1337; x_wconf 88' lang='lat' dir='ltr'><strong>autem</strong></span> <span class='ocrx_word' id='word_1_209' title='bbox 3266 1281 3707 1348; x_wconf 90' lang='lat' dir='ltr'><strong>conjunctionem</strong></span> 
     </span>
    </p>
   </div>
   <div class='ocr_carea' id='block_1_28' title="bbox 2126 1372 3707 1445">
    <p class='ocr_par' dir='ltr' id='par_1_28' title="bbox 2126 1372 3707 1445">
     <span class='ocr_line' id='line_1_28' title="bbox 2126 1372 3707 1445; baseline 0.003 -20"><span class='ocrx_word' id='word_1_210' title='bbox 2126 1372 2322 1428; x_wconf 74' lang='lat' dir='ltr'><strong>anima:</strong></span> <span class='ocrx_word' id='word_1_211' title='bbox 2349 1390 2470 1427; x_wconf 89' lang='lat' dir='ltr'><strong>cum</strong></span> <span class='ocrx_word' id='word_1_212' title='bbox 2504 1376 2692 1439; x_wconf 85' lang='lat' dir='ltr'><strong>verbo,</strong></span> <span class='ocrx_word' id='word_1_213' title='bbox 2714 1385 2919 1429; x_wconf 90' lang='lat' dir='ltr'><strong>certum</strong></span> <span class='ocrx_word' id='word_1_214' title='bbox 2947 1385 3032 1429; x_wconf 87' lang='lat' dir='ltr'><strong>est</strong></span> <span class='ocrx_word' id='word_1_215' title='bbox 3053 1391 3157 1429; x_wconf 92' lang='lat' dir='ltr'><strong>non</strong></span> <span class='ocrx_word' id='word_1_216' title='bbox 3186 1374 3343 1429; x_wconf 88' lang='lat' dir='ltr'><strong>aliter</strong></span> <span class='ocrx_word' id='word_1_217' title='bbox 3377 1374 3495 1431; x_wconf 91' lang='lat' dir='ltr'><strong>ﬁeri</strong></span> <span class='ocrx_word' id='word_1_218' title='bbox 3522 1391 3707 1445; x_wconf 85' lang='lat' dir='ltr'><strong>posse,</strong></span> 
     </span>
    </p>
   </div>
   <div class='ocr_carea' id='block_1_29' title="bbox 2127 1464 3707 1537">
    <p class='ocr_par' dir='ltr' id='par_1_29' title="bbox 2127 1464 3707 1537">
     <span class='ocr_line' id='line_1_29' title="bbox 2127 1464 3707 1537; baseline 0.003 -20"><span class='ocrx_word' id='word_1_219' title='bbox 2127 1464 2227 1518; x_wconf 87' lang='lat' dir='ltr'><strong>nisi</strong></span> <span class='ocrx_word' id='word_1_220' title='bbox 2293 1480 2390 1534; x_wconf 88' lang='lat' dir='ltr'><strong>per</strong></span> <span class='ocrx_word' id='word_1_221' title='bbox 2441 1466 2860 1521; x_wconf 87' lang='lat' dir='ltr'><strong>instructionem</strong></span> <span class='ocrx_word' id='word_1_222' title='bbox 2916 1468 3223 1523; x_wconf 84' lang='lat' dir='ltr'><strong>divinorum</strong></span> <span class='ocrx_word' id='word_1_223' title='bbox 3270 1468 3568 1530; x_wconf 87' lang='lat' dir='ltr'><strong>librorum,</strong></span> <span class='ocrx_word' id='word_1_224' title='bbox 3611 1470 3707 1537; x_wconf 92' lang='lat' dir='ltr'><strong>qui</strong></span> 
     </span>
    </p>
   </div>
   <div class='ocr_carea' id='block_1_30' title="bbox 2128 1556 3712 1628">
    <p class='ocr_par' dir='ltr' id='par_1_30' title="bbox 2128 1556 3712 1628">
     <span class='ocr_line' id='line_1_30' title="bbox 2128 1556 3712 1628; baseline 0.001 -19"><span class='ocrx_word' id='word_1_225' title='bbox 2128 1556 2427 1626; x_wconf 83' lang='lat' dir='ltr'><strong>ﬁguraliter</strong></span> <span class='ocrx_word' id='word_1_226' title='bbox 2471 1558 2613 1627; x_wconf 80' lang='lat' dir='ltr'><strong>putei</strong></span> <span class='ocrx_word' id='word_1_227' title='bbox 2663 1558 3024 1627; x_wconf 79' lang='lat' dir='ltr'><strong>appellantur.</strong></span> <span class='ocrx_word' id='word_1_228' title='bbox 3067 1560 3146 1614; x_wconf 75' lang='lat' dir='ltr'><strong>Ad</strong></span> <span class='ocrx_word' id='word_1_229' title='bbox 3193 1574 3330 1628; x_wconf 84' lang='lat' dir='ltr'><strong>quos</strong></span> <span class='ocrx_word' id='word_1_230' title='bbox 3382 1558 3425 1614; x_wconf 91' lang='lat' dir='ltr'><strong>si</strong></span> <span class='ocrx_word' id='word_1_231' title='bbox 3456 1558 3577 1627; x_wconf 85' lang='lat' dir='ltr'><strong>quis</strong></span> <span class='ocrx_word' id='word_1_232' title='bbox 3617 1575 3712 1612; x_wconf 88' lang='lat' dir='ltr'><strong>ve-</strong></span> 
     </span>
    </p>
   </div>
   <div class='ocr_carea' id='block_1_31' title="bbox 2128 1648 3707 1721">
    <p class='ocr_par' dir='ltr' id='par_1_31' title="bbox 2128 1648 3707 1721">
     <span class='ocr_line' id='line_1_31' title="bbox 2128 1648 3707 1721; baseline 0.003 -20"><span class='ocrx_word' id='word_1_233' title='bbox 2128 1648 2261 1714; x_wconf 90' lang='lat' dir='ltr'><strong>niat,</strong></span> <span class='ocrx_word' id='word_1_234' title='bbox 2290 1660 2345 1703; x_wconf 87' lang='lat' dir='ltr'><strong>et</strong></span> <span class='ocrx_word' id='word_1_235' title='bbox 2380 1649 2597 1703; x_wconf 86' lang='lat' dir='ltr'><strong>hauriat</strong></span> <span class='ocrx_word' id='word_1_236' title='bbox 2636 1666 2701 1705; x_wconf 76' lang='lat' dir='ltr'><strong>ex</strong></span> <span class='ocrx_word' id='word_1_237' title='bbox 2732 1651 2819 1706; x_wconf 89' lang='lat' dir='ltr'><strong>his</strong></span> <span class='ocrx_word' id='word_1_238' title='bbox 2865 1666 3058 1721; x_wconf 80' lang='lat' dir='ltr'><strong>aquas,</strong></span> <span class='ocrx_word' id='word_1_239' title='bbox 3092 1651 3144 1705; x_wconf 90' lang='lat' dir='ltr'><strong>id</strong></span> <span class='ocrx_word' id='word_1_240' title='bbox 3188 1661 3271 1705; x_wconf 86' lang='lat' dir='ltr'><strong>est</strong></span> <span class='ocrx_word' id='word_1_241' title='bbox 3304 1651 3615 1705; x_wconf 89' lang='lat' dir='ltr'><strong>meditando</strong></span> <span class='ocrx_word' id='word_1_242' title='bbox 3655 1651 3707 1705; x_wconf 92' lang='lat' dir='ltr'><strong>in</strong></span> 
     </span>
    </p>
   </div>
   <div class='ocr_carea' id='block_1_32' title="bbox 2128 1741 3711 1814">
    <p class='ocr_par' dir='ltr' id='par_1_32' title="bbox 2128 1741 3711 1814">
     <span class='ocr_line' id='line_1_32' title="bbox 2128 1741 3711 1814; baseline 0.001 -21"><span class='ocrx_word' id='word_1_243' title='bbox 2128 1741 2242 1805; x_wconf 88' lang='lat' dir='ltr'><strong>his,</strong></span> <span class='ocrx_word' id='word_1_244' title='bbox 2279 1756 2498 1795; x_wconf 88' lang='lat' dir='ltr'><strong>sensum</strong></span> <span class='ocrx_word' id='word_1_245' title='bbox 2536 1751 2591 1795; x_wconf 91' lang='lat' dir='ltr'><strong>et</strong></span> <span class='ocrx_word' id='word_1_246' title='bbox 2629 1742 2961 1798; x_wconf 89' lang='lat' dir='ltr'><strong>intellectum</strong></span> <span class='ocrx_word' id='word_1_247' title='bbox 2992 1744 3257 1814; x_wconf 82' lang='lat' dir='ltr'><strong>percipiat</strong></span> <span class='ocrx_word' id='word_1_248' title='bbox 3289 1743 3577 1809; x_wconf 89' lang='lat' dir='ltr'><strong>altiorem,</strong></span> <span class='ocrx_word' id='word_1_249' title='bbox 3624 1742 3711 1795; x_wconf 91' lang='lat' dir='ltr'><strong>iu—</strong></span> 
     </span>
    </p>
   </div>
   <div class='ocr_carea' id='block_1_33' title="bbox 442 1811 3715 1905">
    <p class='ocr_par' dir='ltr' id='par_1_33' title="bbox 442 1811 3715 1905">
     <span class='ocr_line' id='line_1_33' title="bbox 442 1811 3715 1905; baseline 0.002 -21"><span class='ocrx_word' id='word_1_250' title='bbox 442 1831 800 1897; x_wconf 87' lang='lat' dir='ltr'><strong>haurientem,</strong></span> <span class='ocrx_word' id='word_1_251' title='bbox 826 1848 932 1886; x_wconf 90' lang='lat' dir='ltr'><strong>non</strong></span> <span class='ocrx_word' id='word_1_252' title='bbox 966 1831 1079 1887; x_wconf 90' lang='lat' dir='ltr'><strong>vult</strong></span> <span class='ocrx_word' id='word_1_253' title='bbox 1102 1832 1265 1886; x_wconf 87' lang='lat' dir='ltr'><strong>aliam</strong></span> <span class='ocrx_word' id='word_1_254' title='bbox 1293 1811 1633 1901; x_wconf 88' lang='lat' dir='ltr'><strong>despondere</strong></span> <span class='ocrx_word' id='word_1_255' title='bbox 1652 1834 1872 1889; x_wconf 91' lang='lat' dir='ltr'><strong>domino</strong></span> <span class='ocrx_word' id='word_1_256' title='bbox 1900 1850 2018 1903; x_wconf 89' lang='lat' dir='ltr'><strong>suo,</strong></span> <span class='ocrx_word' id='word_1_257' title='bbox 2053 1811 2096 1866; x_wconf 73' lang='grc' dir='ltr'>Β</span> <span class='ocrx_word' id='word_1_258' title='bbox 2130 1835 2304 1888; x_wconf 80' lang='lat' dir='ltr'><strong>veniet</strong></span> <span class='ocrx_word' id='word_1_259' title='bbox 2330 1834 2549 1904; x_wconf 88' lang='lat' dir='ltr'><strong>nuptias</strong></span> <span class='ocrx_word' id='word_1_260' title='bbox 2581 1835 2693 1888; x_wconf 86' lang='lat' dir='ltr'><strong>Deo</strong></span> <span class='ocrx_word' id='word_1_261' title='bbox 2714 1836 2927 1904; x_wconf 85' lang='lat' dir='ltr'><strong>dignas.</strong></span> <span class='ocrx_word' id='word_1_262' title='bbox 2963 1835 3325 1905; x_wconf 85' lang='lat' dir='ltr'><strong>Conjungitur</strong></span> <span class='ocrx_word' id='word_1_263' title='bbox 3356 1835 3503 1890; x_wconf 89' lang='lat' dir='ltr'><strong>enim</strong></span> <span class='ocrx_word' id='word_1_264' title='bbox 3530 1834 3715 1889; x_wconf 79' lang='lat' dir='ltr'><strong>anima</strong></span> 
     </span>
    </p>
   </div>
   <div class='ocr_carea' id='block_1_34' title="bbox 439 1924 2023 1991">
    <p class='ocr_par' dir='ltr' id='par_1_34' title="bbox 439 1924 2023 1991">
     <span class='ocr_line' id='line_1_34' title="bbox 439 1924 2023 1991; baseline 0.002 -14"><span class='ocrx_word' id='word_1_265' title='bbox 439 1940 545 1979; x_wconf 91' lang='lat' dir='ltr'><strong>non</strong></span> <span class='ocrx_word' id='word_1_266' title='bbox 574 1925 621 1979; x_wconf 88' lang='lat' dir='ltr'><strong>ei</strong></span> <span class='ocrx_word' id='word_1_267' title='bbox 656 1924 748 1979; x_wconf 86' lang='lat' dir='ltr'><strong>dat</strong></span> <span class='ocrx_word' id='word_1_268' title='bbox 775 1934 1117 1991; x_wconf 89' lang='lat' dir='ltr'><strong>ornamenta,</strong></span> <span class='ocrx_word' id='word_1_269' title='bbox 1147 1926 1245 1979; x_wconf 90' lang='lat' dir='ltr'><strong>nisi</strong></span> <span class='ocrx_word' id='word_1_270' title='bbox 1278 1927 1396 1981; x_wconf 90' lang='lat' dir='ltr'><strong>talis</strong></span> <span class='ocrx_word' id='word_1_271' title='bbox 1436 1928 1525 1981; x_wconf 88' lang='lat' dir='ltr'><strong>sit.</strong></span> <span class='ocrx_word' id='word_1_272' title='bbox 1563 1926 1676 1980; x_wconf 80' lang='lat' dir='ltr'><strong>Non</strong></span> <span class='ocrx_word' id='word_1_273' title='bbox 1718 1925 1811 1979; x_wconf 90' lang='lat' dir='ltr'><strong>dat</strong></span> <span class='ocrx_word' id='word_1_274' title='bbox 1866 1927 2023 1981; x_wconf 91' lang='lat' dir='ltr'><strong>inau-</strong></span> 
     </span>
    </p>
   </div>
   <div class='ocr_carea' id='block_1_35' title="bbox 440 2015 2020 2087">
    <p class='ocr_par' dir='ltr' id='par_1_35' title="bbox 440 2015 2020 2087">
     <span class='ocr_line' id='line_1_35' title="bbox 440 2015 2020 2087; baseline 0.003 -20"><span class='ocrx_word' id='word_1_275' title='bbox 440 2029 548 2078; x_wconf 87' lang='lat' dir='ltr'><strong>res,</strong></span> <span class='ocrx_word' id='word_1_276' title='bbox 584 2030 689 2071; x_wconf 93' lang='lat' dir='ltr'><strong>non</strong></span> <span class='ocrx_word' id='word_1_277' title='bbox 720 2015 1073 2070; x_wconf 82' lang='lat' dir='ltr'><strong>braccttialia.</strong></span> <span class='ocrx_word' id='word_1_278' title='bbox 1108 2016 1286 2070; x_wconf 84' lang='lat' dir='ltr'><strong>Manet</strong></span> <span class='ocrx_word' id='word_1_279' title='bbox 1316 2017 1699 2087; x_wconf 89' lang='lat' dir='ltr'><strong>incomposita,</strong></span> <span class='ocrx_word' id='word_1_280' title='bbox 1724 2017 2020 2086; x_wconf 88' lang='lat' dir='ltr'><strong>iuerudita,</strong></span> 
     </span>
    </p>
   </div>
   <div class='ocr_carea' id='block_1_36' title="bbox 439 2106 2024 2178">
    <p class='ocr_par' dir='ltr' id='par_1_36' title="bbox 439 2106 2024 2178">
     <span class='ocr_line' id='line_1_36' title="bbox 439 2106 2024 2178; baseline 0.003 -17"><span class='ocrx_word' id='word_1_281' title='bbox 439 2106 733 2176; x_wconf 86' lang='lat' dir='ltr'><strong>incompta.</strong></span> <span class='ocrx_word' id='word_1_282' title='bbox 785 2106 1046 2161; x_wconf 81' lang='lat' dir='ltr'><strong>Putamus</strong></span> <span class='ocrx_word' id='word_1_283' title='bbox 1083 2107 1211 2177; x_wconf 90' lang='lat' dir='ltr'><strong>quia</strong></span> <span class='ocrx_word' id='word_1_284' title='bbox 1262 2117 1419 2178; x_wconf 86' lang='lat' dir='ltr'><strong>pater</strong></span> <span class='ocrx_word' id='word_1_285' title='bbox 1476 2110 1735 2163; x_wconf 88' lang='lat' dir='ltr'><strong>Rebecca:</strong></span> <span class='ocrx_word' id='word_1_286' title='bbox 1762 2109 1843 2163; x_wconf 90' lang='lat' dir='ltr'><strong>vir</strong></span> <span class='ocrx_word' id='word_1_287' title='bbox 1872 2110 2024 2165; x_wconf 85' lang='lat' dir='ltr'><strong>dives</strong></span> 
     </span>
    </p>
   </div>
   <div class='ocr_carea' id='block_1_37' title="bbox 438 2198 2022 2272">
    <p class='ocr_par' dir='ltr' id='par_1_37' title="bbox 438 2198 2022 2272">
     <span class='ocr_line' id='line_1_37' title="bbox 438 2198 2022 2272; baseline 0.004 -20"><span class='ocrx_word' id='word_1_288' title='bbox 438 2213 546 2254; x_wconf 93' lang='lat' dir='ltr'><strong>non</strong></span> <span class='ocrx_word' id='word_1_289' title='bbox 574 2198 810 2254; x_wconf 87' lang='lat' dir='ltr'><strong>habebat</strong></span> <span class='ocrx_word' id='word_1_290' title='bbox 856 2199 1186 2254; x_wconf 88' lang='lat' dir='ltr'><strong>bracchialia</strong></span> <span class='ocrx_word' id='word_1_291' title='bbox 1234 2211 1287 2254; x_wconf 88' lang='lat' dir='ltr'><strong>et</strong></span> <span class='ocrx_word' id='word_1_292' title='bbox 1346 2202 1584 2269; x_wconf 83' lang='lat' dir='ltr'><strong>inaures,</strong></span> <span class='ocrx_word' id='word_1_293' title='bbox 1616 2217 1750 2271; x_wconf 92' lang='lat' dir='ltr'><strong>quas</strong></span> <span class='ocrx_word' id='word_1_294' title='bbox 1776 2203 2022 2272; x_wconf 89' lang='lat' dir='ltr'><strong>impone-</strong></span> 
     </span>
    </p>
   </div>
   <div class='ocr_carea' id='block_1_38' title="bbox 440 2293 2021 2367">
    <p class='ocr_par' dir='ltr' id='par_1_38' title="bbox 440 2293 2021 2367">
     <span class='ocr_line' id='line_1_38' title="bbox 440 2293 2021 2367; baseline 0.001 -19"><span class='ocrx_word' id='word_1_295' title='bbox 440 2305 523 2349; x_wconf 86' lang='lat' dir='ltr'><strong>ret</strong></span> <span class='ocrx_word' id='word_1_296' title='bbox 551 2294 675 2350; x_wconf 79' lang='lat' dir='ltr'><strong>ﬁlia:</strong></span> <span class='ocrx_word' id='word_1_297' title='bbox 698 2294 843 2349; x_wconf 67' lang='lat' dir='ltr'><strong>suae?</strong></span> <span class='ocrx_word' id='word_1_298' title='bbox 869 2293 1039 2347; x_wconf 89' lang='lat' dir='ltr'><strong>Tanta</strong></span> <span class='ocrx_word' id='word_1_299' title='bbox 1077 2294 1192 2363; x_wconf 87' lang='lat' dir='ltr'><strong>ejus</strong></span> <span class='ocrx_word' id='word_1_300' title='bbox 1218 2296 1548 2367; x_wconf 82' lang='lat' dir='ltr'><strong>negligentia</strong></span> <span class='ocrx_word' id='word_1_301' title='bbox 1574 2307 1718 2361; x_wconf 89' lang='lat' dir='ltr'><strong>erat,</strong></span> <span class='ocrx_word' id='word_1_302' title='bbox 1752 2305 1847 2350; x_wconf 87' lang='lat' dir='ltr'><strong>aut</strong></span> <span class='ocrx_word' id='word_1_303' title='bbox 1889 2312 2021 2351; x_wconf 84' lang='lat' dir='ltr'><strong>ava-</strong></span> 
     </span>
    </p>
   </div>
   <div class='ocr_carea' id='block_1_39' title="bbox 441 2385 2021 2449">
    <p class='ocr_par' dir='ltr' id='par_1_39' title="bbox 441 2385 2021 2449">
     <span class='ocr_line' id='line_1_39' title="bbox 441 2385 2021 2449; baseline 0.003 -11"><span class='ocrx_word' id='word_1_304' title='bbox 441 2385 582 2449; x_wconf 77' lang='lat' dir='ltr'><strong>ritia,</strong></span> <span class='ocrx_word' id='word_1_305' title='bbox 614 2396 671 2438; x_wconf 92' lang='lat' dir='ltr'><strong>ut</strong></span> <span class='ocrx_word' id='word_1_306' title='bbox 704 2385 826 2439; x_wconf 77' lang='lat' dir='ltr'><strong>ﬁlia:</strong></span> <span class='ocrx_word' id='word_1_307' title='bbox 876 2396 1195 2439; x_wconf 87' lang='lat' dir='ltr'><strong>ornamenta</strong></span> <span class='ocrx_word' id='word_1_308' title='bbox 1231 2403 1337 2440; x_wconf 92' lang='lat' dir='ltr'><strong>non</strong></span> <span class='ocrx_word' id='word_1_309' title='bbox 1393 2388 1587 2442; x_wconf 85' lang='lat' dir='ltr'><strong>daret?</strong></span> <span class='ocrx_word' id='word_1_310' title='bbox 1634 2385 1740 2441; x_wconf 91' lang='lat' dir='ltr'><strong>Sed</strong></span> <span class='ocrx_word' id='word_1_311' title='bbox 1775 2388 2021 2442; x_wconf 75' lang='lat' dir='ltr'><strong>Rebecca</strong></span> 
     </span>
    </p>
   </div>
   <div class='ocr_carea' id='block_1_40' title="bbox 439 2477 2021 2535">
    <p class='ocr_par' dir='ltr' id='par_1_40' title="bbox 439 2477 2021 2535">
     <span class='ocr_line' id='line_1_40' title="bbox 439 2477 2021 2535; baseline 0.004 -6"><span class='ocrx_word' id='word_1_312' title='bbox 439 2492 543 2531; x_wconf 90' lang='lat' dir='ltr'><strong>non</strong></span> <span class='ocrx_word' id='word_1_313' title='bbox 579 2477 691 2530; x_wconf 90' lang='lat' dir='ltr'><strong>vult</strong></span> <span class='ocrx_word' id='word_1_314' title='bbox 718 2479 785 2532; x_wconf 91' lang='lat' dir='ltr'><strong>de</strong></span> <span class='ocrx_word' id='word_1_315' title='bbox 811 2493 945 2533; x_wconf 91' lang='lat' dir='ltr'><strong>auro</strong></span> <span class='ocrx_word' id='word_1_316' title='bbox 978 2477 1256 2533; x_wconf 85' lang='lat' dir='ltr'><strong>Bathuelis</strong></span> <span class='ocrx_word' id='word_1_317' title='bbox 1283 2480 1494 2533; x_wconf 90' lang='lat' dir='ltr'><strong>ornari.</strong></span> <span class='ocrx_word' id='word_1_318' title='bbox 1523 2478 1637 2535; x_wconf 87' lang='lat' dir='ltr'><strong>Non</strong></span> <span class='ocrx_word' id='word_1_319' title='bbox 1661 2490 1785 2534; x_wconf 91' lang='lat' dir='ltr'><strong>sunt</strong></span> <span class='ocrx_word' id='word_1_320' title='bbox 1819 2480 1867 2535; x_wconf 90' lang='lat' dir='ltr'><strong>ei</strong></span> <span class='ocrx_word' id='word_1_321' title='bbox 1894 2497 2021 2535; x_wconf 83' lang='lat' dir='ltr'><strong>con-</strong></span> 
     </span>
    </p>
   </div>
   <div class='ocr_carea' id='block_1_41' title="bbox 436 2569 2023 2642">
    <p class='ocr_par' dir='ltr' id='par_1_41' title="bbox 436 2569 2023 2642">
     <span class='ocr_line' id='line_1_41' title="bbox 436 2569 2023 2642; baseline 0.004 -21"><span class='ocrx_word' id='word_1_322' title='bbox 436 2569 596 2639; x_wconf 84' lang='lat' dir='ltr'><strong>digna</strong></span> <span class='ocrx_word' id='word_1_323' title='bbox 652 2584 973 2624; x_wconf 86' lang='lat' dir='ltr'><strong>oruamenta</strong></span> <span class='ocrx_word' id='word_1_324' title='bbox 1029 2572 1264 2626; x_wconf 88' lang='lat' dir='ltr'><strong>hominis</strong></span> <span class='ocrx_word' id='word_1_325' title='bbox 1293 2571 1513 2625; x_wconf 89' lang='lat' dir='ltr'><strong>barbari</strong></span> <span class='ocrx_word' id='word_1_326' title='bbox 1546 2583 1600 2626; x_wconf 89' lang='lat' dir='ltr'><strong>et</strong></span> <span class='ocrx_word' id='word_1_327' title='bbox 1651 2572 1908 2642; x_wconf 85' lang='lat' dir='ltr'><strong>imperiti.</strong></span> <span class='ocrx_word' id='word_1_328' title='bbox 1951 2574 2023 2628; x_wconf 88' lang='lat' dir='ltr'><strong>De</strong></span> 
     </span>
    </p>
   </div>
   <div class='ocr_carea' id='block_1_42' title="bbox 434 2659 2023 2733">
    <p class='ocr_par' dir='ltr' id='par_1_42' title="bbox 434 2659 2023 2733">
     <span class='ocr_line' id='line_1_42' title="bbox 434 2659 2023 2733; baseline 0.006 -20"><span class='ocrx_word' id='word_1_329' title='bbox 434 2659 597 2713; x_wconf 88' lang='lat' dir='ltr'><strong>domo</strong></span> <span class='ocrx_word' id='word_1_330' title='bbox 647 2661 878 2717; x_wconf 64' lang='lat' dir='ltr'><strong>Abrahae</strong></span> <span class='ocrx_word' id='word_1_331' title='bbox 909 2665 1139 2733; x_wconf 86' lang='lat' dir='ltr'><strong>requirit</strong></span> <span class='ocrx_word' id='word_1_332' title='bbox 1195 2664 1437 2732; x_wconf 90' lang='lat' dir='ltr'><strong>monilia,</strong></span> <span class='ocrx_word' id='word_1_333' title='bbox 1494 2664 1621 2732; x_wconf 85' lang='lat' dir='ltr'><strong>quia</strong></span> <span class='ocrx_word' id='word_1_334' title='bbox 1660 2666 1920 2731; x_wconf 84' lang='lat' dir='ltr'><strong>patientia</strong></span> <span class='ocrx_word' id='word_1_335' title='bbox 1955 2668 2023 2722; x_wconf 90' lang='lat' dir='ltr'><strong>de</strong></span> 
     </span>
    </p>
   </div>
   <div class='ocr_carea' id='block_1_43' title="bbox 435 2738 2073 2825">
    <p class='ocr_par' dir='ltr' id='par_1_43' title="bbox 435 2738 2073 2825">
     <span class='ocr_line' id='line_1_43' title="bbox 435 2738 2073 2825; baseline 0.005 -23"><span class='ocrx_word' id='word_1_336' title='bbox 435 2750 596 2803; x_wconf 89' lang='lat' dir='ltr'><strong>domo</strong></span> <span class='ocrx_word' id='word_1_337' title='bbox 621 2753 884 2819; x_wconf 89' lang='lat' dir='ltr'><strong>sapientis</strong></span> <span class='ocrx_word' id='word_1_338' title='bbox 912 2768 1159 2809; x_wconf 89' lang='lat' dir='ltr'><strong>ornatur.</strong></span> <span class='ocrx_word' id='word_1_339' title='bbox 1213 2754 1328 2808; x_wconf 83' lang='lat' dir='ltr'><strong>Non</strong></span> <span class='ocrx_word' id='word_1_340' title='bbox 1371 2762 1666 2824; x_wconf 90' lang='lat' dir='ltr'><strong>potuerunt</strong></span> <span class='ocrx_word' id='word_1_341' title='bbox 1703 2771 1833 2825; x_wconf 71' lang='lat' dir='ltr'><strong>ergo</strong></span> <span class='ocrx_word' id='word_1_342' title='bbox 1860 2771 2021 2811; x_wconf 89' lang='lat' dir='ltr'><strong>aures</strong></span> <span class='ocrx_word' id='word_1_343' title='bbox 2068 2738 2073 2751; x_wconf 25' lang='grc' dir='ltr'>ἱ</span> 
     </span>
    </p>
   </div>
   <div class='ocr_carea' id='block_1_44' title="bbox 440 2841 2067 2915">
    <p class='ocr_par' dir='ltr' id='par_1_44' title="bbox 440 2841 2067 2915">
     <span class='ocr_line' id='line_1_44' title="bbox 440 2841 2067 2915; baseline 0.005 -22"><span class='ocrx_word' id='word_1_344' title='bbox 440 2841 695 2896; x_wconf 78' lang='lat' dir='ltr'><strong>Rebecca:</strong></span> <span class='ocrx_word' id='word_1_345' title='bbox 721 2843 963 2913; x_wconf 87' lang='lat' dir='ltr'><strong>recipere</strong></span> <span class='ocrx_word' id='word_1_346' title='bbox 990 2845 1243 2900; x_wconf 88' lang='lat' dir='ltr'><strong>decorem</strong></span> <span class='ocrx_word' id='word_1_347' title='bbox 1270 2862 1432 2900; x_wconf 88' lang='lat' dir='ltr'><strong>suum</strong></span> <span class='ocrx_word' id='word_1_348' title='bbox 1454 2885 1469 2909; x_wconf 93' lang='lat'><strong>,</strong></span> <span class='ocrx_word' id='word_1_349' title='bbox 1506 2845 1610 2900; x_wconf 81' lang='lat' dir='ltr'><strong>nisi</strong></span> <span class='ocrx_word' id='word_1_350' title='bbox 1647 2848 1859 2901; x_wconf 89' lang='lat' dir='ltr'><strong>veniret</strong></span> <span class='ocrx_word' id='word_1_351' title='bbox 1887 2863 2025 2915; x_wconf 90' lang='lat' dir='ltr'><strong>puer</strong></span> <span class='ocrx_word' id='word_1_352' title='bbox 2062 2906 2067 2909; x_wconf 18' lang='grc' dir='ltr'><strong>Α</strong></span> 
     </span>
    </p>
   </div>
   <div class='ocr_carea' id='block_1_45' title="bbox 434 2932 2065 3009">
    <p class='ocr_par' dir='ltr' id='par_1_45' title="bbox 434 2932 2065 3009">
     <span class='ocr_line' id='line_1_45' title="bbox 434 2932 2065 3009; baseline 0.005 -25"><span class='ocrx_word' id='word_1_353' title='bbox 434 2932 691 2995; x_wconf 65' lang='lat' dir='ltr'><strong>Abrahae,</strong></span> <span class='ocrx_word' id='word_1_354' title='bbox 728 2941 778 2987; x_wconf 89' lang='lat' dir='ltr'><strong>et</strong></span> <span class='ocrx_word' id='word_1_355' title='bbox 834 2934 951 3004; x_wconf 91' lang='lat' dir='ltr'><strong>ipse</strong></span> <span class='ocrx_word' id='word_1_356' title='bbox 989 2950 1084 2990; x_wconf 87' lang='lat' dir='ltr'><strong>eas</strong></span> <span class='ocrx_word' id='word_1_357' title='bbox 1122 2949 1370 2991; x_wconf 86' lang='lat' dir='ltr'><strong>ornaret.</strong></span> <span class='ocrx_word' id='word_1_358' title='bbox 1412 2935 1523 2991; x_wconf 82' lang='lat' dir='ltr'><strong>Nec</strong></span> <span class='ocrx_word' id='word_1_359' title='bbox 1556 2952 1746 2991; x_wconf 87' lang='lat' dir='ltr'><strong>manus</strong></span> <span class='ocrx_word' id='word_1_360' title='bbox 1792 2939 1909 3007; x_wconf 88' lang='lat' dir='ltr'><strong>ejus</strong></span> <span class='ocrx_word' id='word_1_361' title='bbox 1941 2954 2027 2992; x_wconf 83' lang='lat' dir='ltr'><strong>or-</strong></span> <span class='ocrx_word' id='word_1_362' title='bbox 2060 2934 2065 3009; x_wconf 68' lang='grc' dir='ltr'>ξ</span> 
     </span>
    </p>
   </div>
   <div class='ocr_carea' id='block_1_46' title="bbox 436 3028 2023 3100">
    <p class='ocr_par' dir='ltr' id='par_1_46' title="bbox 436 3028 2023 3100">
     <span class='ocr_line' id='line_1_46' title="bbox 436 3028 2023 3100; baseline 0.004 -21"><span class='ocrx_word' id='word_1_363' title='bbox 436 3036 690 3081; x_wconf 90' lang='lat' dir='ltr'><strong>namcnta</strong></span> <span class='ocrx_word' id='word_1_364' title='bbox 747 3028 1074 3099; x_wconf 87' lang='lat' dir='ltr'><strong>suscipiunt,</strong></span> <span class='ocrx_word' id='word_1_365' title='bbox 1134 3030 1235 3085; x_wconf 89' lang='lat' dir='ltr'><strong>nisi</strong></span> <span class='ocrx_word' id='word_1_366' title='bbox 1293 3046 1413 3100; x_wconf 85' lang='lat' dir='ltr'><strong>qua:</strong></span> <span class='ocrx_word' id='word_1_367' title='bbox 1441 3031 1653 3086; x_wconf 87' lang='lat' dir='ltr'><strong>miserit</strong></span> <span class='ocrx_word' id='word_1_368' title='bbox 1687 3032 1857 3087; x_wconf 81' lang='lat' dir='ltr'><strong>Isaac.</strong></span> <span class='ocrx_word' id='word_1_369' title='bbox 1898 3030 2023 3086; x_wconf 80' lang='lat' dir='ltr'><strong>Vult</strong></span> 
     </span>
    </p>
   </div>
   <div class='ocr_carea' id='block_1_47' title="bbox 2124 1926 3708 1996">
    <p class='ocr_par' dir='ltr' id='par_1_47' title="bbox 2124 1926 3708 1996">
     <span class='ocr_line' id='line_1_47' title="bbox 2124 1926 3708 1996; baseline 0.003 -16"><span class='ocrx_word' id='word_1_370' title='bbox 2124 1926 2242 1996; x_wconf 87' lang='lat' dir='ltr'><strong>ejus</strong></span> <span class='ocrx_word' id='word_1_371' title='bbox 2273 1943 2394 1981; x_wconf 87' lang='lat' dir='ltr'><strong>ctnu</strong></span> <span class='ocrx_word' id='word_1_372' title='bbox 2438 1928 2565 1983; x_wconf 82' lang='lat' dir='ltr'><strong>Deo.</strong></span> <span class='ocrx_word' id='word_1_373' title='bbox 2604 1927 2792 1983; x_wconf 88' lang='lat' dir='ltr'><strong>Desilit</strong></span> <span class='ocrx_word' id='word_1_374' title='bbox 2824 1930 2989 1983; x_wconf 86' lang='lat' dir='ltr'><strong>etiam</strong></span> <span class='ocrx_word' id='word_1_375' title='bbox 3020 1929 3087 1983; x_wconf 91' lang='lat' dir='ltr'><strong>de</strong></span> <span class='ocrx_word' id='word_1_376' title='bbox 3116 1928 3338 1983; x_wconf 88' lang='lat' dir='ltr'><strong>camelis</strong></span> <span class='ocrx_word' id='word_1_377' title='bbox 3360 1968 3375 1994; x_wconf 95' lang='lat'><strong>,</strong></span> <span class='ocrx_word' id='word_1_378' title='bbox 3408 1928 3459 1983; x_wconf 88' lang='lat' dir='ltr'><strong>id</strong></span> <span class='ocrx_word' id='word_1_379' title='bbox 3490 1937 3575 1982; x_wconf 88' lang='lat' dir='ltr'><strong>est</strong></span> <span class='ocrx_word' id='word_1_380' title='bbox 3598 1928 3708 1984; x_wconf 82' lang='lat' dir='ltr'><strong>dis-</strong></span> 
     </span>
    </p>
   </div>
   <div class='ocr_carea' id='block_1_48' title="bbox 2124 2019 3715 2091">
    <p class='ocr_par' dir='ltr' id='par_1_48' title="bbox 2124 2019 3715 2091">
     <span class='ocr_line' id='line_1_48' title="bbox 2124 2019 3715 2091; baseline 0.001 -17"><span class='ocrx_word' id='word_1_381' title='bbox 2124 2021 2268 2074; x_wconf 87' lang='lat' dir='ltr'><strong>cedit</strong></span> <span class='ocrx_word' id='word_1_382' title='bbox 2319 2035 2347 2072; x_wconf 92' lang='lat' dir='ltr'><strong>a</strong></span> <span class='ocrx_word' id='word_1_383' title='bbox 2396 2019 2577 2085; x_wconf 86' lang='lat' dir='ltr'><strong>vitiis,</strong></span> <span class='ocrx_word' id='word_1_384' title='bbox 2611 2019 2797 2087; x_wconf 89' lang='lat' dir='ltr'><strong>ahjicit</strong></span> <span class='ocrx_word' id='word_1_385' title='bbox 2826 2020 2936 2091; x_wconf 74' lang='lat'><strong>(72)</strong></span> <span class='ocrx_word' id='word_1_386' title='bbox 2968 2019 3369 2074; x_wconf 88' lang='lat' dir='ltr'><strong>irrationabiles</strong></span> <span class='ocrx_word' id='word_1_387' title='bbox 3405 2035 3621 2085; x_wconf 87' lang='lat' dir='ltr'><strong>sensus,</strong></span> <span class='ocrx_word' id='word_1_388' title='bbox 3654 2028 3715 2076; x_wconf 76' lang='lat' dir='ltr'><strong>et</strong></span> 
     </span>
    </p>
   </div>
   <div class='ocr_carea' id='block_1_49' title="bbox 2124 2109 3711 2180">
    <p class='ocr_par' dir='ltr' id='par_1_49' title="bbox 2124 2109 3711 2180">
     <span class='ocr_line' id='line_1_49' title="bbox 2124 2109 3711 2180; baseline 0.001 -16"><span class='ocrx_word' id='word_1_389' title='bbox 2124 2109 2472 2180; x_wconf 85' lang='lat' dir='ltr'><strong>conjungitur</strong></span> <span class='ocrx_word' id='word_1_390' title='bbox 2520 2110 2692 2164; x_wconf 88' lang='lat' dir='ltr'><strong>Isaac.</strong></span> <span class='ocrx_word' id='word_1_391' title='bbox 2750 2110 2976 2180; x_wconf 88' lang='lat' dir='ltr'><strong>Dignum</strong></span> <span class='ocrx_word' id='word_1_392' title='bbox 3025 2126 3257 2180; x_wconf 81' lang='lat' dir='ltr'><strong>namque</strong></span> <span class='ocrx_word' id='word_1_393' title='bbox 3302 2119 3385 2165; x_wconf 86' lang='lat' dir='ltr'><strong>est</strong></span> <span class='ocrx_word' id='word_1_394' title='bbox 3452 2120 3507 2164; x_wconf 93' lang='lat' dir='ltr'><strong>ut</strong></span> <span class='ocrx_word' id='word_1_395' title='bbox 3562 2110 3711 2165; x_wconf 86' lang='lat' dir='ltr'><strong>Isaac</strong></span> 
     </span>
    </p>
   </div>
   <div class='ocr_carea' id='block_1_50' title="bbox 2125 2202 3712 2269">
    <p class='ocr_par' dir='ltr' id='par_1_50' title="bbox 2125 2202 3712 2269">
     <span class='ocr_line' id='line_1_50' title="bbox 2125 2202 3712 2269; baseline 0.003 -15"><span class='ocrx_word' id='word_1_396' title='bbox 2125 2212 2365 2256; x_wconf 90' lang='lat' dir='ltr'><strong>transeat</strong></span> <span class='ocrx_word' id='word_1_397' title='bbox 2417 2204 2484 2258; x_wconf 87' lang='lat' dir='ltr'><strong>de</strong></span> <span class='ocrx_word' id='word_1_398' title='bbox 2518 2204 2718 2257; x_wconf 86' lang='lat' dir='ltr'><strong>virtute</strong></span> <span class='ocrx_word' id='word_1_399' title='bbox 2756 2202 2824 2258; x_wconf 85' lang='lat' dir='ltr'><strong>ad</strong></span> <span class='ocrx_word' id='word_1_400' title='bbox 2860 2203 3139 2256; x_wconf 82' lang='lat' dir='ltr'><strong>virtutem.</strong></span> <span class='ocrx_word' id='word_1_401' title='bbox 3175 2203 3278 2269; x_wconf 89' lang='lat' dir='ltr'><strong>Qui</strong></span> <span class='ocrx_word' id='word_1_402' title='bbox 3311 2203 3531 2258; x_wconf 90' lang='lat' dir='ltr'><strong>virtutis</strong></span> <span class='ocrx_word' id='word_1_403' title='bbox 3569 2204 3712 2258; x_wconf 81' lang='lat' dir='ltr'><strong>titius</strong></span> 
     </span>
    </p>
   </div>
   <div class='ocr_carea' id='block_1_51' title="bbox 2125 2292 3709 2365">
    <p class='ocr_par' dir='ltr' id='par_1_51' title="bbox 2125 2292 3709 2365">
     <span class='ocr_line' id='line_1_51' title="bbox 2125 2292 3709 2365; baseline 0.001 -17"><span class='ocrx_word' id='word_1_404' title='bbox 2125 2306 2208 2348; x_wconf 90' lang='lat' dir='ltr'><strong>est</strong></span> <span class='ocrx_word' id='word_1_405' title='bbox 2243 2292 2431 2359; x_wconf 68' lang='lat' dir='ltr'><strong>Sorte,</strong></span> <span class='ocrx_word' id='word_1_406' title='bbox 2467 2310 2611 2348; x_wconf 91' lang='lat' dir='ltr'><strong>nunc</strong></span> <span class='ocrx_word' id='word_1_407' title='bbox 2650 2294 2999 2363; x_wconf 87' lang='lat' dir='ltr'><strong>conjungitur</strong></span> <span class='ocrx_word' id='word_1_408' title='bbox 3026 2303 3080 2349; x_wconf 88' lang='lat' dir='ltr'><strong>et</strong></span> <span class='ocrx_word' id='word_1_409' title='bbox 3112 2295 3355 2349; x_wconf 82' lang='lat' dir='ltr'><strong>sociatur</strong></span> <span class='ocrx_word' id='word_1_410' title='bbox 3393 2296 3709 2365; x_wconf 64' lang='lat' dir='ltr'><strong>patientiae,</strong></span> 
     </span>
    </p>
   </div>
   <div class='ocr_carea' id='block_1_52' title="bbox 2125 2387 3709 2457">
    <p class='ocr_par' dir='ltr' id='par_1_52' title="bbox 2125 2387 3709 2457">
     <span class='ocr_line' id='line_1_52' title="bbox 2125 2387 3709 2457; baseline 0 -17"><span class='ocrx_word' id='word_1_411' title='bbox 2125 2404 2245 2457; x_wconf 82' lang='lat' dir='ltr'><strong>qua:</strong></span> <span class='ocrx_word' id='word_1_412' title='bbox 2272 2398 2356 2443; x_wconf 92' lang='lat' dir='ltr'><strong>est</strong></span> <span class='ocrx_word' id='word_1_413' title='bbox 2387 2387 2652 2443; x_wconf 78' lang='lat' dir='ltr'><strong>Rebecca.</strong></span> <span class='ocrx_word' id='word_1_414' title='bbox 2700 2388 2765 2442; x_wconf 76' lang='lat' dir='ltr'><strong>Et</strong></span> <span class='ocrx_word' id='word_1_415' title='bbox 2797 2388 2900 2443; x_wconf 92' lang='lat' dir='ltr'><strong>hoc</strong></span> <span class='ocrx_word' id='word_1_416' title='bbox 2932 2398 3015 2444; x_wconf 88' lang='lat' dir='ltr'><strong>est</strong></span> <span class='ocrx_word' id='word_1_417' title='bbox 3050 2389 3285 2445; x_wconf 87' lang='lat' dir='ltr'><strong>transire</strong></span> <span class='ocrx_word' id='word_1_418' title='bbox 3314 2390 3381 2444; x_wconf 86' lang='lat' dir='ltr'><strong>de</strong></span> <span class='ocrx_word' id='word_1_419' title='bbox 3411 2390 3611 2444; x_wconf 86' lang='lat' dir='ltr'><strong>virtute</strong></span> <span class='ocrx_word' id='word_1_420' title='bbox 3642 2390 3709 2442; x_wconf 88' lang='lat' dir='ltr'><strong>ad</strong></span> 
     </span>
    </p>
   </div>
   <div class='ocr_carea' id='block_1_53' title="bbox 2126 2479 3707 2551">
    <p class='ocr_par' dir='ltr' id='par_1_53' title="bbox 2126 2479 3707 2551">
     <span class='ocr_line' id='line_1_53' title="bbox 2126 2479 3707 2551; baseline 0.002 -20"><span class='ocrx_word' id='word_1_421' title='bbox 2126 2479 2408 2543; x_wconf 91' lang='lat' dir='ltr'><strong>virtutem,</strong></span> <span class='ocrx_word' id='word_1_422' title='bbox 2437 2490 2491 2533; x_wconf 89' lang='lat' dir='ltr'><strong>et</strong></span> <span class='ocrx_word' id='word_1_423' title='bbox 2520 2495 2584 2534; x_wconf 76' lang='lat' dir='ltr'><strong>ex</strong></span> <span class='ocrx_word' id='word_1_424' title='bbox 2618 2479 2720 2533; x_wconf 88' lang='lat' dir='ltr'><strong>ﬁde</strong></span> <span class='ocrx_word' id='word_1_425' title='bbox 2755 2480 2821 2535; x_wconf 90' lang='lat' dir='ltr'><strong>ad</strong></span> <span class='ocrx_word' id='word_1_426' title='bbox 2858 2481 3043 2535; x_wconf 90' lang='lat' dir='ltr'><strong>ﬁdem.</strong></span> <span class='ocrx_word' id='word_1_427' title='bbox 3086 2479 3191 2534; x_wconf 90' lang='lat' dir='ltr'><strong>Sed</strong></span> <span class='ocrx_word' id='word_1_428' title='bbox 3221 2489 3276 2533; x_wconf 92' lang='lat' dir='ltr'><strong>et</strong></span> <span class='ocrx_word' id='word_1_429' title='bbox 3306 2480 3371 2533; x_wconf 91' lang='lat' dir='ltr'><strong>ad</strong></span> <span class='ocrx_word' id='word_1_430' title='bbox 3415 2481 3707 2551; x_wconf 84' lang='lat' dir='ltr'><strong>Evangelia</strong></span> 
     </span>
    </p>
   </div>
   <div class='ocr_carea' id='block_1_54' title="bbox 2125 2572 3709 2643">
    <p class='ocr_par' dir='ltr' id='par_1_54' title="bbox 2125 2572 3709 2643">
     <span class='ocr_line' id='line_1_54' title="bbox 2125 2572 3709 2643; baseline 0.001 -19"><span class='ocrx_word' id='word_1_431' title='bbox 2125 2573 2409 2627; x_wconf 88' lang='lat' dir='ltr'><strong>veniamus</strong></span> <span class='ocrx_word' id='word_1_432' title='bbox 2437 2572 2503 2626; x_wconf 91' lang='grc'>⁸⁸.</span> <span class='ocrx_word' id='word_1_433' title='bbox 2531 2573 2649 2641; x_wconf 85' lang='lat' dir='ltr'><strong>Ipse</strong></span> <span class='ocrx_word' id='word_1_434' title='bbox 2687 2572 2951 2627; x_wconf 88' lang='lat' dir='ltr'><strong>Dominus</strong></span> <span class='ocrx_word' id='word_1_435' title='bbox 2978 2588 3104 2629; x_wconf 91' lang='lat' dir='ltr'><strong>cum</strong></span> <span class='ocrx_word' id='word_1_436' title='bbox 3131 2589 3196 2627; x_wconf 78' lang='lat' dir='ltr'><strong>ex</strong></span> <span class='ocrx_word' id='word_1_437' title='bbox 3228 2574 3421 2627; x_wconf 89' lang='lat' dir='ltr'><strong>itinere</strong></span> <span class='ocrx_word' id='word_1_438' title='bbox 3451 2573 3709 2643; x_wconf 83' lang='lat' dir='ltr'><strong>fatigatus</strong></span> 
     </span>
    </p>
   </div>
   <div class='ocr_carea' id='block_1_55' title="bbox 2127 2663 3710 2736">
    <p class='ocr_par' dir='ltr' id='par_1_55' title="bbox 2127 2663 3710 2736">
     <span class='ocr_line' id='line_1_55' title="bbox 2127 2663 3710 2736; baseline 0.002 -19"><span class='ocrx_word' id='word_1_439' title='bbox 2127 2663 2337 2730; x_wconf 77' lang='lat' dir='ltr'><strong>fuisset,</strong></span> <span class='ocrx_word' id='word_1_440' title='bbox 2362 2666 2642 2720; x_wconf 90' lang='lat' dir='ltr'><strong>videamus</strong></span> <span class='ocrx_word' id='word_1_441' title='bbox 2670 2665 2759 2719; x_wconf 93' lang='lat' dir='ltr'><strong>ubi</strong></span> <span class='ocrx_word' id='word_1_442' title='bbox 2790 2666 3029 2736; x_wconf 89' lang='lat' dir='ltr'><strong>requiem</strong></span> <span class='ocrx_word' id='word_1_443' title='bbox 3054 2666 3272 2736; x_wconf 66' lang='lat' dir='ltr'><strong>qumrit.</strong></span> <span class='ocrx_word' id='word_1_444' title='bbox 3306 2664 3484 2729; x_wconf 79' lang='lat' dir='ltr'><strong>Venit,</strong></span> <span class='ocrx_word' id='word_1_445' title='bbox 3511 2665 3710 2734; x_wconf 89' lang='lat' dir='ltr'><strong>inquit,</strong></span> 
     </span>
    </p>
   </div>
   <div class='ocr_carea' id='block_1_56' title="bbox 2126 2755 3713 2827">
    <p class='ocr_par' dir='ltr' id='par_1_56' title="bbox 2126 2755 3713 2827">
     <span class='ocr_line' id='line_1_56' title="bbox 2126 2755 3713 2827; baseline 0.002 -17"><span class='ocrx_word' id='word_1_446' title='bbox 2126 2757 2191 2810; x_wconf 84' lang='lat' dir='ltr'><strong>ad</strong></span> <span class='ocrx_word' id='word_1_447' title='bbox 2227 2764 2472 2826; x_wconf 84' lang='lat' dir='ltr'><strong>puteum,</strong></span> <span class='ocrx_word' id='word_1_448' title='bbox 2505 2766 2559 2811; x_wconf 90' lang='lat' dir='ltr'><strong>et</strong></span> <span class='ocrx_word' id='word_1_449' title='bbox 2581 2758 2808 2813; x_wconf 89' lang='lat' dir='ltr'><strong>sedebat</strong></span> <span class='ocrx_word' id='word_1_450' title='bbox 2835 2773 2999 2827; x_wconf 89' lang='lat' dir='ltr'><strong>super</strong></span> <span class='ocrx_word' id='word_1_451' title='bbox 3020 2773 3163 2811; x_wconf 91' lang='lat' dir='ltr'><strong>eum.</strong></span> <span class='ocrx_word' id='word_1_452' title='bbox 3192 2755 3356 2811; x_wconf 80' lang='lat' dir='ltr'><strong>Vides</strong></span> <span class='ocrx_word' id='word_1_453' title='bbox 3385 2756 3584 2825; x_wconf 89' lang='lat' dir='ltr'><strong>ubique</strong></span> <span class='ocrx_word' id='word_1_454' title='bbox 3604 2758 3713 2815; x_wconf 88' lang='lat' dir='ltr'><strong>sibi</strong></span> 
     </span>
    </p>
   </div>
   <div class='ocr_carea' id='block_1_57' title="bbox 2125 2846 3709 2919">
    <p class='ocr_par' dir='ltr' id='par_1_57' title="bbox 2125 2846 3709 2919">
     <span class='ocr_line' id='line_1_57' title="bbox 2125 2846 3709 2919; baseline -0.003 -15"><span class='ocrx_word' id='word_1_455' title='bbox 2125 2848 2463 2905; x_wconf 88' lang='lat' dir='ltr'><strong>concordare</strong></span> <span class='ocrx_word' id='word_1_456' title='bbox 2488 2849 2773 2919; x_wconf 82' lang='lat' dir='ltr'><strong>mysteria,</strong></span> <span class='ocrx_word' id='word_1_457' title='bbox 2801 2848 2953 2903; x_wconf 90' lang='lat' dir='ltr'><strong>vides</strong></span> <span class='ocrx_word' id='word_1_458' title='bbox 2983 2846 3120 2903; x_wconf 84' lang='lat' dir='ltr'><strong>Novi</strong></span> <span class='ocrx_word' id='word_1_459' title='bbox 3176 2857 3231 2904; x_wconf 89' lang='lat' dir='ltr'><strong>et</strong></span> <span class='ocrx_word' id='word_1_460' title='bbox 3273 2848 3482 2903; x_wconf 82' lang='lat' dir='ltr'><strong>Veteris</strong></span> <span class='ocrx_word' id='word_1_461' title='bbox 3515 2846 3709 2913; x_wconf 54' lang='lat' dir='ltr'><strong>Testae</strong></span> 
     </span>
    </p>
   </div>
   <div class='ocr_carea' id='block_1_58' title="bbox 2126 2938 3709 3009">
    <p class='ocr_par' dir='ltr' id='par_1_58' title="bbox 2126 2938 3709 3009">
     <span class='ocr_line' id='line_1_58' title="bbox 2126 2938 3709 3009; baseline -0.003 -13"><span class='ocrx_word' id='word_1_462' title='bbox 2126 2941 2298 2997; x_wconf 88' lang='lat' dir='ltr'><strong>menti</strong></span> <span class='ocrx_word' id='word_1_463' title='bbox 2330 2956 2603 2997; x_wconf 86' lang='lat' dir='ltr'><strong>consonas</strong></span> <span class='ocrx_word' id='word_1_464' title='bbox 2639 2940 2865 2994; x_wconf 76' lang='lat' dir='ltr'><strong>formas.</strong></span> <span class='ocrx_word' id='word_1_465' title='bbox 2918 2938 2992 2993; x_wconf 87' lang='lat' dir='ltr'><strong>lbi</strong></span> <span class='ocrx_word' id='word_1_466' title='bbox 3020 2940 3084 2993; x_wconf 90' lang='lat' dir='ltr'><strong>ad</strong></span> <span class='ocrx_word' id='word_1_467' title='bbox 3118 2947 3314 3009; x_wconf 88' lang='lat' dir='ltr'><strong>puteos</strong></span> <span class='ocrx_word' id='word_1_468' title='bbox 3353 2947 3408 2992; x_wconf 91' lang='lat' dir='ltr'><strong>ct</strong></span> <span class='ocrx_word' id='word_1_469' title='bbox 3437 2938 3501 2991; x_wconf 84' lang='lat' dir='ltr'><strong>ad</strong></span> <span class='ocrx_word' id='word_1_470' title='bbox 3540 2950 3709 3007; x_wconf 80' lang='lat' dir='ltr'><strong>aquas</strong></span> 
     </span>
    </p>
   </div>
   <div class='ocr_carea' id='block_1_59' title="bbox 2124 3027 3713 3100">
    <p class='ocr_par' dir='ltr' id='par_1_59' title="bbox 2124 3027 3713 3100">
     <span class='ocr_line' id='line_1_59' title="bbox 2124 3027 3713 3100; baseline -0.004 -13"><span class='ocrx_word' id='word_1_471' title='bbox 2124 3033 2381 3098; x_wconf 87' lang='lat' dir='ltr'><strong>venitur,</strong></span> <span class='ocrx_word' id='word_1_472' title='bbox 2432 3041 2490 3086; x_wconf 93' lang='lat' dir='ltr'><strong>ut</strong></span> <span class='ocrx_word' id='word_1_473' title='bbox 2541 3032 2893 3087; x_wconf 85' lang='lat' dir='ltr'><strong>inveniantur</strong></span> <span class='ocrx_word' id='word_1_474' title='bbox 2944 3046 3156 3100; x_wconf 72' lang='lat' dir='ltr'><strong>sponsae</strong></span> <span class='ocrx_word' id='word_1_475' title='bbox 3197 3031 3332 3099; x_wconf 80' lang='lat'><strong>(73),</strong></span> <span class='ocrx_word' id='word_1_476' title='bbox 3366 3038 3420 3084; x_wconf 91' lang='lat' dir='ltr'><strong>et</strong></span> <span class='ocrx_word' id='word_1_477' title='bbox 3468 3027 3713 3083; x_wconf 77' lang='lat' dir='ltr'><strong>Ecclesia</strong></span> 
     </span>
    </p>
   </div>
   <div class='ocr_carea' id='block_1_60' title="bbox 433 3120 3712 3204">
    <p class='ocr_par' dir='ltr' id='par_1_60' title="bbox 433 3120 3712 3204">
     <span class='ocr_line' id='line_1_60' title="bbox 433 3120 3712 3204; baseline 0.001 -33"><span class='ocrx_word' id='word_1_478' title='bbox 433 3122 578 3173; x_wconf 84' lang='lat' dir='ltr'><strong>enim</strong></span> <span class='ocrx_word' id='word_1_479' title='bbox 611 3136 773 3175; x_wconf 88' lang='lat' dir='ltr'><strong>aurea</strong></span> <span class='ocrx_word' id='word_1_480' title='bbox 806 3120 917 3191; x_wconf 82' lang='lat'><strong>(70)</strong></span> <span class='ocrx_word' id='word_1_481' title='bbox 957 3122 1006 3175; x_wconf 94' lang='lat' dir='ltr'><strong>in</strong></span> <span class='ocrx_word' id='word_1_482' title='bbox 1044 3123 1268 3177; x_wconf 89' lang='lat' dir='ltr'><strong>auribus</strong></span> <span class='ocrx_word' id='word_1_483' title='bbox 1300 3123 1581 3193; x_wconf 89' lang='lat' dir='ltr'><strong>suscipere</strong></span> <span class='ocrx_word' id='word_1_484' title='bbox 1613 3125 1799 3189; x_wconf 84' lang='lat' dir='ltr'><strong>verba,</strong></span> <span class='ocrx_word' id='word_1_485' title='bbox 1834 3135 1886 3179; x_wconf 93' lang='lat' dir='ltr'><strong>ct</strong></span> <span class='ocrx_word' id='word_1_486' title='bbox 1920 3142 2020 3179; x_wconf 88' lang='lat' dir='ltr'><strong>au-</strong></span> <span class='ocrx_word' id='word_1_487' title='bbox 2046 3145 2090 3204; x_wconf 70' lang='grc' dir='ltr'><strong><em>ε</em></strong></span> <span class='ocrx_word' id='word_1_488' title='bbox 2126 3126 2345 3182; x_wconf 90' lang='lat' dir='ltr'><strong>Christo</strong></span> <span class='ocrx_word' id='word_1_489' title='bbox 2377 3125 2429 3180; x_wconf 92' lang='lat' dir='ltr'><strong>in</strong></span> <span class='ocrx_word' id='word_1_490' title='bbox 2465 3125 2690 3180; x_wconf 89' lang='lat' dir='ltr'><strong>lavacro</strong></span> <span class='ocrx_word' id='word_1_491' title='bbox 2725 3138 2881 3194; x_wconf 80' lang='lat' dir='ltr'><strong>aqua:</strong></span> <span class='ocrx_word' id='word_1_492' title='bbox 2918 3122 3287 3192; x_wconf 87' lang='lat' dir='ltr'><strong>conjungitur.</strong></span> <span class='ocrx_word' id='word_1_493' title='bbox 3334 3120 3496 3175; x_wconf 84' lang='lat' dir='ltr'><strong>Vides</strong></span> <span class='ocrx_word' id='word_1_494' title='bbox 3536 3135 3712 3190; x_wconf 88' lang='lat' dir='ltr'><strong>quan-</strong></span> 
     </span>
    </p>
   </div>
   <div class='ocr_carea' id='block_1_61' title="bbox 436 3214 2018 3287">
    <p class='ocr_par' dir='ltr' id='par_1_61' title="bbox 436 3214 2018 3287">
     <span class='ocr_line' id='line_1_61' title="bbox 436 3214 2018 3287; baseline 0.004 -21"><span class='ocrx_word' id='word_1_495' title='bbox 436 3228 560 3268; x_wconf 86' lang='lat' dir='ltr'><strong>reos</strong></span> <span class='ocrx_word' id='word_1_496' title='bbox 583 3223 739 3268; x_wconf 87' lang='lat' dir='ltr'><strong>actus</strong></span> <span class='ocrx_word' id='word_1_497' title='bbox 769 3214 821 3268; x_wconf 91' lang='lat' dir='ltr'><strong>in</strong></span> <span class='ocrx_word' id='word_1_498' title='bbox 853 3216 1107 3271; x_wconf 90' lang='lat' dir='ltr'><strong>manibus</strong></span> <span class='ocrx_word' id='word_1_499' title='bbox 1145 3216 1367 3271; x_wconf 89' lang='lat' dir='ltr'><strong>habere.</strong></span> <span class='ocrx_word' id='word_1_500' title='bbox 1403 3215 1510 3270; x_wconf 91' lang='lat' dir='ltr'><strong>Sed</strong></span> <span class='ocrx_word' id='word_1_501' title='bbox 1540 3216 1656 3272; x_wconf 63' lang='lat' dir='ltr'><strong>haec</strong></span> <span class='ocrx_word' id='word_1_502' title='bbox 1688 3217 1840 3287; x_wconf 90' lang='lat' dir='ltr'><strong>prius</strong></span> <span class='ocrx_word' id='word_1_503' title='bbox 1870 3218 2018 3272; x_wconf 83' lang='lat' dir='ltr'><strong>acci-</strong></span> 
     </span>
    </p>
   </div>
   <div class='ocr_carea' id='block_1_62' title="bbox 435 3306 2021 3378">
    <p class='ocr_par' dir='ltr' id='par_1_62' title="bbox 435 3306 2021 3378">
     <span class='ocr_line' id='line_1_62' title="bbox 435 3306 2021 3378; baseline 0.003 -19"><span class='ocrx_word' id='word_1_504' title='bbox 435 3319 565 3373; x_wconf 88' lang='lat' dir='ltr'><strong>pere</strong></span> <span class='ocrx_word' id='word_1_505' title='bbox 602 3322 704 3359; x_wconf 91' lang='lat' dir='ltr'><strong>non</strong></span> <span class='ocrx_word' id='word_1_506' title='bbox 754 3306 947 3374; x_wconf 87' lang='lat' dir='ltr'><strong>potuit,</strong></span> <span class='ocrx_word' id='word_1_507' title='bbox 985 3321 1085 3361; x_wconf 86' lang='lat' dir='ltr'><strong>nec</strong></span> <span class='ocrx_word' id='word_1_508' title='bbox 1138 3308 1362 3372; x_wconf 89' lang='lat' dir='ltr'><strong>mereri,</strong></span> <span class='ocrx_word' id='word_1_509' title='bbox 1414 3308 1516 3361; x_wconf 88' lang='lat' dir='ltr'><strong>nisi</strong></span> <span class='ocrx_word' id='word_1_510' title='bbox 1554 3309 1793 3364; x_wconf 88' lang='lat' dir='ltr'><strong>venisset</strong></span> <span class='ocrx_word' id='word_1_511' title='bbox 1824 3309 1890 3363; x_wconf 89' lang='lat' dir='ltr'><strong>ad</strong></span> <span class='ocrx_word' id='word_1_512' title='bbox 1924 3324 2021 3378; x_wconf 84' lang='lat' dir='ltr'><strong>pu-</strong></span> 
     </span>
    </p>
   </div>
   <div class='ocr_carea' id='block_1_63' title="bbox 439 3397 2018 3472">
    <p class='ocr_par' dir='ltr' id='par_1_63' title="bbox 439 3397 2018 3472">
     <span class='ocr_line' id='line_1_63' title="bbox 439 3397 2018 3472; baseline 0.003 -23"><span class='ocrx_word' id='word_1_513' title='bbox 439 3406 553 3451; x_wconf 85' lang='lat' dir='ltr'><strong>teos</strong></span> <span class='ocrx_word' id='word_1_514' title='bbox 574 3397 789 3451; x_wconf 91' lang='lat' dir='ltr'><strong>haurire</strong></span> <span class='ocrx_word' id='word_1_515' title='bbox 816 3412 1005 3467; x_wconf 89' lang='lat' dir='ltr'><strong>aquas.</strong></span> <span class='ocrx_word' id='word_1_516' title='bbox 1038 3398 1114 3451; x_wconf 90' lang='lat' dir='ltr'><strong>Tu</strong></span> <span class='ocrx_word' id='word_1_517' title='bbox 1138 3400 1228 3468; x_wconf 92' lang='lat' dir='ltr'><strong>qui</strong></span> <span class='ocrx_word' id='word_1_518' title='bbox 1259 3415 1366 3455; x_wconf 92' lang='lat' dir='ltr'><strong>non</strong></span> <span class='ocrx_word' id='word_1_519' title='bbox 1399 3401 1480 3454; x_wconf 91' lang='lat' dir='ltr'><strong>vis</strong></span> <span class='ocrx_word' id='word_1_520' title='bbox 1511 3400 1698 3454; x_wconf 89' lang='lat' dir='ltr'><strong>venire</strong></span> <span class='ocrx_word' id='word_1_521' title='bbox 1728 3403 1794 3454; x_wconf 89' lang='lat' dir='ltr'><strong>ad</strong></span> <span class='ocrx_word' id='word_1_522' title='bbox 1828 3418 2018 3472; x_wconf 86' lang='lat' dir='ltr'><strong>aquas,</strong></span> 
     </span>
    </p>
   </div>
   <div class='ocr_carea' id='block_1_64' title="bbox 396 3487 2020 3561">
    <p class='ocr_par' dir='ltr' id='par_1_64' title="bbox 396 3487 2020 3561">
     <span class='ocr_line' id='line_1_64' title="bbox 396 3487 2020 3561; baseline 0.004 -22"><span class='ocrx_word' id='word_1_523' title='bbox 396 3501 403 3506; x_wconf 78' lang='grc'><em>’</em></span> <span class='ocrx_word' id='word_1_524' title='bbox 436 3488 528 3555; x_wconf 89' lang='lat' dir='ltr'><strong>qui</strong></span> <span class='ocrx_word' id='word_1_525' title='bbox 564 3504 668 3541; x_wconf 89' lang='lat' dir='ltr'><strong>non</strong></span> <span class='ocrx_word' id='word_1_526' title='bbox 702 3488 784 3543; x_wconf 88' lang='lat' dir='ltr'><strong>vis</strong></span> <span class='ocrx_word' id='word_1_527' title='bbox 810 3487 863 3542; x_wconf 91' lang='lat' dir='ltr'><strong>in</strong></span> <span class='ocrx_word' id='word_1_528' title='bbox 894 3491 1120 3545; x_wconf 90' lang='lat' dir='ltr'><strong>auribus</strong></span> <span class='ocrx_word' id='word_1_529' title='bbox 1147 3490 1251 3545; x_wconf 92' lang='lat' dir='ltr'><strong>tuis</strong></span> <span class='ocrx_word' id='word_1_530' title='bbox 1274 3505 1438 3545; x_wconf 91' lang='lat' dir='ltr'><strong>aurea</strong></span> <span class='ocrx_word' id='word_1_531' title='bbox 1478 3491 1870 3561; x_wconf 89' lang='lat' dir='ltr'><strong>prophetarum</strong></span> <span class='ocrx_word' id='word_1_532' title='bbox 1899 3508 2020 3546; x_wconf 90' lang='lat' dir='ltr'><strong>ver-</strong></span> 
     </span>
    </p>
   </div>
   <div class='ocr_carea' id='block_1_65' title="bbox 438 3580 2022 3651">
    <p class='ocr_par' dir='ltr' id='par_1_65' title="bbox 438 3580 2022 3651">
     <span class='ocr_line' id='line_1_65' title="bbox 438 3580 2022 3651; baseline 0.001 -16"><span class='ocrx_word' id='word_1_533' title='bbox 438 3580 503 3635; x_wconf 90' lang='lat' dir='ltr'><strong>ba</strong></span> <span class='ocrx_word' id='word_1_534' title='bbox 529 3580 832 3650; x_wconf 77' lang='lat' dir='ltr'><strong>suscipere,</strong></span> <span class='ocrx_word' id='word_1_535' title='bbox 878 3580 1150 3651; x_wconf 90' lang='lat' dir='ltr'><strong>quomodo</strong></span> <span class='ocrx_word' id='word_1_536' title='bbox 1181 3582 1388 3651; x_wconf 87' lang='lat' dir='ltr'><strong>poteris</strong></span> <span class='ocrx_word' id='word_1_537' title='bbox 1436 3591 1667 3637; x_wconf 76' lang='lat' dir='ltr'><strong>ornatus</strong></span> <span class='ocrx_word' id='word_1_538' title='bbox 1694 3596 1814 3637; x_wconf 88' lang='lat' dir='ltr'><strong>esse</strong></span> <span class='ocrx_word' id='word_1_539' title='bbox 1839 3585 1891 3636; x_wconf 91' lang='lat' dir='ltr'><strong>in</strong></span> <span class='ocrx_word' id='word_1_540' title='bbox 1924 3583 2022 3640; x_wconf 90' lang='lat' dir='ltr'><strong>do-</strong></span> 
     </span>
    </p>
   </div>
   <div class='ocr_carea' id='block_1_66' title="bbox 436 3672 1882 3739">
    <p class='ocr_par' dir='ltr' id='par_1_66' title="bbox 436 3672 1882 3739">
     <span class='ocr_line' id='line_1_66' title="bbox 436 3672 1882 3739; baseline 0.001 -14"><span class='ocrx_word' id='word_1_541' title='bbox 436 3672 635 3739; x_wconf 88' lang='lat' dir='ltr'><strong>ctrina,</strong></span> <span class='ocrx_word' id='word_1_542' title='bbox 662 3682 885 3728; x_wconf 89' lang='lat' dir='ltr'><strong>ornatus</strong></span> <span class='ocrx_word' id='word_1_543' title='bbox 917 3673 971 3727; x_wconf 92' lang='lat' dir='ltr'><strong>in</strong></span> <span class='ocrx_word' id='word_1_544' title='bbox 997 3673 1232 3738; x_wconf 87' lang='lat' dir='ltr'><strong>actibus,</strong></span> <span class='ocrx_word' id='word_1_545' title='bbox 1263 3682 1493 3728; x_wconf 89' lang='lat' dir='ltr'><strong>ornatus</strong></span> <span class='ocrx_word' id='word_1_546' title='bbox 1518 3673 1571 3728; x_wconf 94' lang='lat' dir='ltr'><strong>in</strong></span> <span class='ocrx_word' id='word_1_547' title='bbox 1601 3674 1882 3729; x_wconf 83' lang='lat' dir='ltr'><strong>moribus?</strong></span> 
     </span>
    </p>
   </div>
   <div class='ocr_carea' id='block_1_67' title="bbox 504 3763 2023 3836">
    <p class='ocr_par' dir='ltr' id='par_1_67' title="bbox 504 3763 2023 3836">
     <span class='ocr_line' id='line_1_67' title="bbox 504 3763 2023 3836; baseline 0.001 -18"><span class='ocrx_word' id='word_1_548' title='bbox 504 3763 560 3818; x_wconf 83' lang='lat'><strong>5.</strong></span> <span class='ocrx_word' id='word_1_549' title='bbox 588 3764 713 3827; x_wconf 89' lang='lat' dir='ltr'><strong>Sed,</strong></span> <span class='ocrx_word' id='word_1_550' title='bbox 750 3773 808 3819; x_wconf 91' lang='lat' dir='ltr'><strong>ut</strong></span> <span class='ocrx_word' id='word_1_551' title='bbox 839 3765 1159 3820; x_wconf 91' lang='lat' dir='ltr'><strong>omittamus</strong></span> <span class='ocrx_word' id='word_1_552' title='bbox 1200 3765 1455 3836; x_wconf 89' lang='lat' dir='ltr'><strong>plurima,</strong></span> <span class='ocrx_word' id='word_1_553' title='bbox 1490 3779 1663 3835; x_wconf 90' lang='lat' dir='ltr'><strong>neque</strong></span> <span class='ocrx_word' id='word_1_554' title='bbox 1702 3766 1843 3820; x_wconf 90' lang='lat' dir='ltr'><strong>enim</strong></span> <span class='ocrx_word' id='word_1_555' title='bbox 1874 3781 2023 3820; x_wconf 89' lang='lat' dir='ltr'><strong>com-</strong></span> 
     </span>
    </p>
   </div>
   <div class='ocr_carea' id='block_1_68' title="bbox 435 3856 2024 3926">
    <p class='ocr_par' dir='ltr' id='par_1_68' title="bbox 435 3856 2024 3926">
     <span class='ocr_line' id='line_1_68' title="bbox 435 3856 2024 3926; baseline 0.003 -17"><span class='ocrx_word' id='word_1_556' title='bbox 435 3856 712 3910; x_wconf 87' lang='lat' dir='ltr'><strong>mentandi</strong></span> <span class='ocrx_word' id='word_1_557' title='bbox 745 3872 886 3911; x_wconf 90' lang='lat' dir='ltr'><strong>nunc</strong></span> <span class='ocrx_word' id='word_1_558' title='bbox 933 3866 1146 3926; x_wconf 89' lang='lat' dir='ltr'><strong>tempus</strong></span> <span class='ocrx_word' id='word_1_559' title='bbox 1200 3866 1305 3923; x_wconf 91' lang='lat' dir='ltr'><strong>est,</strong></span> <span class='ocrx_word' id='word_1_560' title='bbox 1340 3858 1433 3913; x_wconf 88' lang='lat' dir='ltr'><strong>sed</strong></span> <span class='ocrx_word' id='word_1_561' title='bbox 1480 3857 1782 3913; x_wconf 78' lang='lat' dir='ltr'><strong>:ediﬁcandi</strong></span> <span class='ocrx_word' id='word_1_562' title='bbox 1832 3857 2024 3914; x_wconf 89' lang='lat' dir='ltr'><strong>Eccle-</strong></span> 
     </span>
    </p>
   </div>
   <div class='ocr_carea' id='block_1_69' title="bbox 436 3944 2023 4017">
    <p class='ocr_par' dir='ltr' id='par_1_69' title="bbox 436 3944 2023 4017">
     <span class='ocr_line' id='line_1_69' title="bbox 436 3944 2023 4017; baseline 0.003 -18"><span class='ocrx_word' id='word_1_563' title='bbox 436 3945 574 3999; x_wconf 85' lang='lat' dir='ltr'><strong>siam</strong></span> <span class='ocrx_word' id='word_1_564' title='bbox 605 3944 722 4011; x_wconf 91' lang='lat' dir='ltr'><strong>Dei,</strong></span> <span class='ocrx_word' id='word_1_565' title='bbox 770 3954 827 4000; x_wconf 90' lang='lat' dir='ltr'><strong>et</strong></span> <span class='ocrx_word' id='word_1_566' title='bbox 857 3947 1122 4017; x_wconf 79' lang='lat' dir='ltr'><strong>pigriores</strong></span> <span class='ocrx_word' id='word_1_567' title='bbox 1173 3962 1238 4004; x_wconf 88' lang='lat' dir='ltr'><strong>ac</strong></span> <span class='ocrx_word' id='word_1_568' title='bbox 1267 3948 1480 4003; x_wconf 89' lang='lat' dir='ltr'><strong>desides</strong></span> <span class='ocrx_word' id='word_1_569' title='bbox 1526 3948 1798 4005; x_wconf 87' lang='lat' dir='ltr'><strong>auditores</strong></span> <span class='ocrx_word' id='word_1_570' title='bbox 1829 3965 2023 4004; x_wconf 77' lang='lat' dir='ltr'><strong>exem-</strong></span> 
     </span>
    </p>
   </div>
   <div class='ocr_carea' id='block_1_70' title="bbox 436 4038 2025 4113">
    <p class='ocr_par' dir='ltr' id='par_1_70' title="bbox 436 4038 2025 4113">
     <span class='ocr_line' id='line_1_70' title="bbox 436 4038 2025 4113; baseline 0.005 -24"><span class='ocrx_word' id='word_1_571' title='bbox 436 4038 539 4105; x_wconf 89' lang='lat' dir='ltr'><strong>plis</strong></span> <span class='ocrx_word' id='word_1_572' title='bbox 569 4048 877 4093; x_wconf 90' lang='lat' dir='ltr'><strong>sanctorum</strong></span> <span class='ocrx_word' id='word_1_573' title='bbox 926 4049 981 4094; x_wconf 87' lang='lat' dir='ltr'><strong>et</strong></span> <span class='ocrx_word' id='word_1_574' title='bbox 1021 4040 1265 4110; x_wconf 87' lang='lat' dir='ltr'><strong>mysticis</strong></span> <span class='ocrx_word' id='word_1_575' title='bbox 1298 4040 1775 4111; x_wconf 84' lang='lat' dir='ltr'><strong>explanationibus</strong></span> <span class='ocrx_word' id='word_1_576' title='bbox 1826 4057 2025 4113; x_wconf 58' lang='lat' dir='ltr'><strong>prove.</strong></span> 
     </span>
    </p>
   </div>
   <div class='ocr_carea' id='block_1_71' title="bbox 436 4131 2025 4204">
    <p class='ocr_par' dir='ltr' id='par_1_71' title="bbox 436 4131 2025 4204">
     <span class='ocr_line' id='line_1_71' title="bbox 436 4131 2025 4204; baseline 0.002 -19"><span class='ocrx_word' id='word_1_577' title='bbox 436 4132 594 4185; x_wconf 88' lang='lat' dir='ltr'><strong>candi</strong></span> <span class='ocrx_word' id='word_1_578' title='bbox 624 4148 638 4185; x_wconf 87' lang='lat'><strong>:</strong></span> <span class='ocrx_word' id='word_1_579' title='bbox 665 4141 851 4187; x_wconf 89' lang='lat' dir='ltr'><strong>secuta</strong></span> <span class='ocrx_word' id='word_1_580' title='bbox 879 4148 1104 4202; x_wconf 89' lang='lat' dir='ltr'><strong>puerum</strong></span> <span class='ocrx_word' id='word_1_581' title='bbox 1134 4133 1405 4204; x_wconf 75' lang='lat' dir='ltr'><strong>Rebecca,</strong></span> <span class='ocrx_word' id='word_1_582' title='bbox 1430 4134 1581 4187; x_wconf 90' lang='lat' dir='ltr'><strong>venit</strong></span> <span class='ocrx_word' id='word_1_583' title='bbox 1607 4135 1673 4188; x_wconf 91' lang='lat' dir='ltr'><strong>ad</strong></span> <span class='ocrx_word' id='word_1_584' title='bbox 1702 4131 1875 4188; x_wconf 87' lang='lat' dir='ltr'><strong>Isaac.</strong></span> <span class='ocrx_word' id='word_1_585' title='bbox 1924 4133 2025 4190; x_wconf 85' lang='lat' dir='ltr'><strong>Se-</strong></span> 
     </span>
    </p>
   </div>
   <div class='ocr_carea' id='block_1_72' title="bbox 436 4221 2021 4292">
    <p class='ocr_par' dir='ltr' id='par_1_72' title="bbox 436 4221 2021 4292">
     <span class='ocr_line' id='line_1_72' title="bbox 436 4221 2021 4292; baseline 0.001 -19"><span class='ocrx_word' id='word_1_586' title='bbox 436 4230 557 4276; x_wconf 78' lang='lat' dir='ltr'><strong>cuta</strong></span> <span class='ocrx_word' id='word_1_587' title='bbox 580 4222 722 4277; x_wconf 89' lang='lat' dir='ltr'><strong>enim</strong></span> <span class='ocrx_word' id='word_1_588' title='bbox 749 4238 1053 4278; x_wconf 88' lang='lat' dir='ltr'><strong>sermonem</strong></span> <span class='ocrx_word' id='word_1_589' title='bbox 1088 4224 1465 4292; x_wconf 90' lang='lat' dir='ltr'><strong>propheticum</strong></span> <span class='ocrx_word' id='word_1_590' title='bbox 1491 4221 1738 4276; x_wconf 87' lang='lat' dir='ltr'><strong>Ecclesia</strong></span> <span class='ocrx_word' id='word_1_591' title='bbox 1769 4222 1917 4275; x_wconf 88' lang='lat' dir='ltr'><strong>venit</strong></span> <span class='ocrx_word' id='word_1_592' title='bbox 1954 4221 2021 4275; x_wconf 91' lang='lat' dir='ltr'><strong>ad</strong></span> 
     </span>
    </p>
   </div>
   <div class='ocr_carea' id='block_1_73' title="bbox 433 4310 2023 4379">
    <p class='ocr_par' dir='ltr' id='par_1_73' title="bbox 433 4310 2023 4379">
     <span class='ocr_line' id='line_1_73' title="bbox 433 4310 2023 4379; baseline -0.001 -13"><span class='ocrx_word' id='word_1_593' title='bbox 433 4310 734 4368; x_wconf 88' lang='lat' dir='ltr'><strong>Christum.</strong></span> <span class='ocrx_word' id='word_1_594' title='bbox 786 4312 853 4367; x_wconf 91' lang='lat' dir='ltr'><strong>Et</strong></span> <span class='ocrx_word' id='word_1_595' title='bbox 904 4313 994 4369; x_wconf 92' lang='lat' dir='ltr'><strong>ubi</strong></span> <span class='ocrx_word' id='word_1_596' title='bbox 1043 4327 1167 4367; x_wconf 90' lang='lat' dir='ltr'><strong>eum</strong></span> <span class='ocrx_word' id='word_1_597' title='bbox 1217 4312 1463 4368; x_wconf 87' lang='lat' dir='ltr'><strong>invenit?</strong></span> <span class='ocrx_word' id='word_1_598' title='bbox 1520 4313 1601 4367; x_wconf 83' lang='lat' dir='ltr'><strong>Ad</strong></span> <span class='ocrx_word' id='word_1_599' title='bbox 1645 4322 1884 4379; x_wconf 80' lang='lat' dir='ltr'><strong>puteum,</strong></span> <span class='ocrx_word' id='word_1_600' title='bbox 1942 4311 2023 4364; x_wconf 91' lang='lat' dir='ltr'><strong>iu-</strong></span> 
     </span>
    </p>
   </div>
   <div class='ocr_carea' id='block_1_74' title="bbox 436 4399 2023 4474">
    <p class='ocr_par' dir='ltr' id='par_1_74' title="bbox 436 4399 2023 4474">
     <span class='ocr_line' id='line_1_74' title="bbox 436 4399 2023 4474; baseline 0.001 -21"><span class='ocrx_word' id='word_1_601' title='bbox 436 4402 553 4474; x_wconf 85' lang='lat' dir='ltr'><strong>quit</strong></span> <span class='ocrx_word' id='word_1_602' title='bbox 594 4402 662 4467; x_wconf 61' lang='lat'><strong>3’,</strong></span> <span class='ocrx_word' id='word_1_603' title='bbox 716 4402 1006 4473; x_wconf 82' lang='lat' dir='ltr'><strong>juramenti</strong></span> <span class='ocrx_word' id='word_1_604' title='bbox 1069 4402 1520 4458; x_wconf 85' lang='lat' dir='ltr'><strong>deambulantem.</strong></span> <span class='ocrx_word' id='word_1_605' title='bbox 1588 4399 1868 4469; x_wconf 81' lang='lat' dir='ltr'><strong>Nusquam</strong></span> <span class='ocrx_word' id='word_1_606' title='bbox 1936 4417 2023 4455; x_wconf 88' lang='lat' dir='ltr'><strong>rc-</strong></span> 
     </span>
    </p>
   </div>
   <div class='ocr_carea' id='block_1_75' title="bbox 434 4488 2093 4563">
    <p class='ocr_par' dir='ltr' id='par_1_75' title="bbox 434 4488 2093 4563">
     <span class='ocr_line' id='line_1_75' title="bbox 434 4488 2093 4563; baseline 0.002 -16"><span class='ocrx_word' id='word_1_607' title='bbox 434 4492 643 4547; x_wconf 83' lang='lat' dir='ltr'><strong>ceditur</strong></span> <span class='ocrx_word' id='word_1_608' title='bbox 708 4508 739 4546; x_wconf 91' lang='lat' dir='ltr'><strong>a</strong></span> <span class='ocrx_word' id='word_1_609' title='bbox 797 4493 996 4559; x_wconf 85' lang='lat' dir='ltr'><strong>puteis,</strong></span> <span class='ocrx_word' id='word_1_610' title='bbox 1062 4507 1339 4563; x_wconf 89' lang='lat' dir='ltr'><strong>nunquam</strong></span> <span class='ocrx_word' id='word_1_611' title='bbox 1391 4492 1678 4547; x_wconf 87' lang='lat' dir='ltr'><strong>desistitur</strong></span> <span class='ocrx_word' id='word_1_612' title='bbox 1724 4491 1793 4545; x_wconf 93' lang='lat' dir='ltr'><strong>ab</strong></span> <span class='ocrx_word' id='word_1_613' title='bbox 1836 4492 2010 4560; x_wconf 86' lang='lat' dir='ltr'><strong>aquis.</strong></span> <span class='ocrx_word' id='word_1_614' title='bbox 2046 4488 2093 4548; x_wconf 86' lang='lat' dir='ltr'><strong>D</strong></span> 
     </span>
    </p>
   </div>
   <div class='ocr_carea' id='block_1_76' title="bbox 435 4582 2018 4654">
    <p class='ocr_par' dir='ltr' id='par_1_76' title="bbox 435 4582 2018 4654">
     <span class='ocr_line' id='line_1_76' title="bbox 435 4582 2018 4654; baseline 0.003 -18"><span class='ocrx_word' id='word_1_615' title='bbox 435 4583 683 4639; x_wconf 85' lang='lat' dir='ltr'><strong>Rebecca</strong></span> <span class='ocrx_word' id='word_1_616' title='bbox 734 4585 1009 4639; x_wconf 84' lang='lat' dir='ltr'><strong>invenitur</strong></span> <span class='ocrx_word' id='word_1_617' title='bbox 1060 4586 1129 4639; x_wconf 90' lang='lat' dir='ltr'><strong>ad</strong></span> <span class='ocrx_word' id='word_1_618' title='bbox 1187 4594 1431 4654; x_wconf 90' lang='lat' dir='ltr'><strong>puteum.</strong></span> <span class='ocrx_word' id='word_1_619' title='bbox 1495 4582 1734 4639; x_wconf 90' lang='lat' dir='ltr'><strong>Rursum</strong></span> <span class='ocrx_word' id='word_1_620' title='bbox 1805 4584 2018 4640; x_wconf 83' lang='lat' dir='ltr'><strong>Rebec-</strong></span> 
     </span>
    </p>
   </div>
   <div class='ocr_carea' id='block_1_77' title="bbox 433 4676 2020 4748">
    <p class='ocr_par' dir='ltr' id='par_1_77' title="bbox 433 4676 2020 4748">
     <span class='ocr_line' id='line_1_77' title="bbox 433 4676 2020 4748; baseline 0.002 -17"><span class='ocrx_word' id='word_1_621' title='bbox 433 4692 494 4731; x_wconf 84' lang='lat' dir='ltr'><strong>ca</strong></span> <span class='ocrx_word' id='word_1_622' title='bbox 550 4676 617 4730; x_wconf 89' lang='lat' dir='ltr'><strong>ad</strong></span> <span class='ocrx_word' id='word_1_623' title='bbox 697 4686 917 4745; x_wconf 90' lang='lat' dir='ltr'><strong>puteum</strong></span> <span class='ocrx_word' id='word_1_624' title='bbox 967 4677 1173 4731; x_wconf 89' lang='lat' dir='ltr'><strong>invenit</strong></span> <span class='ocrx_word' id='word_1_625' title='bbox 1237 4676 1412 4732; x_wconf 85' lang='lat' dir='ltr'><strong>Isaac.</strong></span> <span class='ocrx_word' id='word_1_626' title='bbox 1463 4676 1539 4731; x_wconf 92' lang='lat' dir='ltr'><strong>lbi</strong></span> <span class='ocrx_word' id='word_1_627' title='bbox 1621 4678 1826 4747; x_wconf 88' lang='lat' dir='ltr'><strong>primos</strong></span> <span class='ocrx_word' id='word_1_628' title='bbox 1902 4679 2020 4748; x_wconf 83' lang='lat' dir='ltr'><strong>ejus</strong></span> 
     </span>
    </p>
   </div>
   <div class='ocr_carea' id='block_1_78' title="bbox 433 4768 2018 4837">
    <p class='ocr_par' dir='ltr' id='par_1_78' title="bbox 433 4768 2018 4837">
     <span class='ocr_line' id='line_1_78' title="bbox 433 4768 2018 4837; baseline 0.003 -17"><span class='ocrx_word' id='word_1_629' title='bbox 433 4768 835 4837; x_wconf 86' lang='lat' dir='ltr'><strong>contemplatur</strong></span> <span class='ocrx_word' id='word_1_630' title='bbox 893 4780 1179 4837; x_wconf 84' lang='lat' dir='ltr'><strong>aspectus,</strong></span> <span class='ocrx_word' id='word_1_631' title='bbox 1260 4769 1333 4824; x_wconf 88' lang='lat' dir='ltr'><strong>ibi</strong></span> <span class='ocrx_word' id='word_1_632' title='bbox 1391 4769 1573 4825; x_wconf 83' lang='lat' dir='ltr'><strong>desilit</strong></span> <span class='ocrx_word' id='word_1_633' title='bbox 1631 4772 1697 4825; x_wconf 88' lang='lat' dir='ltr'><strong>de</strong></span> <span class='ocrx_word' id='word_1_634' title='bbox 1760 4772 2018 4837; x_wconf 84' lang='lat' dir='ltr'><strong>camelis,</strong></span> 
     </span>
    </p>
   </div>
   <div class='ocr_carea' id='block_1_79' title="bbox 432 4860 2021 4930">
    <p class='ocr_par' dir='ltr' id='par_1_79' title="bbox 432 4860 2021 4930">
     <span class='ocr_line' id='line_1_79' title="bbox 432 4860 2021 4930; baseline 0.004 -17"><span class='ocrx_word' id='word_1_635' title='bbox 432 4860 547 4930; x_wconf 81' lang='lat'><strong>89</strong></span> <span class='ocrx_word' id='word_1_636' title='bbox 580 4861 649 4915; x_wconf 90' lang='lat' dir='ltr'><strong>ibi</strong></span> <span class='ocrx_word' id='word_1_637' title='bbox 679 4877 706 4914; x_wconf 91' lang='lat' dir='ltr'><strong>a</strong></span> <span class='ocrx_word' id='word_1_638' title='bbox 752 4876 917 4930; x_wconf 90' lang='lat' dir='ltr'><strong>puero</strong></span> <span class='ocrx_word' id='word_1_639' title='bbox 954 4862 1055 4917; x_wconf 85' lang='lat' dir='ltr'><strong>sibi</strong></span> <span class='ocrx_word' id='word_1_640' title='bbox 1085 4864 1519 4918; x_wconf 89' lang='lat' dir='ltr'><strong>demonstratum</strong></span> <span class='ocrx_word' id='word_1_641' title='bbox 1540 4864 1671 4918; x_wconf 89' lang='lat' dir='ltr'><strong>vidit</strong></span> <span class='ocrx_word' id='word_1_642' title='bbox 1695 4864 1863 4919; x_wconf 84' lang='lat' dir='ltr'><strong>Isaac.</strong></span> <span class='ocrx_word' id='word_1_643' title='bbox 1891 4864 2021 4919; x_wconf 68' lang='lat' dir='ltr'><strong>llaec</strong></span> 
     </span>
    </p>
   </div>
   <div class='ocr_carea' id='block_1_80' title="bbox 434 4954 2016 5027">
    <p class='ocr_par' dir='ltr' id='par_1_80' title="bbox 434 4954 2016 5027">
     <span class='ocr_line' id='line_1_80' title="bbox 434 4954 2016 5027; baseline 0.007 -26"><span class='ocrx_word' id='word_1_644' title='bbox 434 4964 595 5017; x_wconf 89' lang='lat' dir='ltr'><strong>putas</strong></span> <span class='ocrx_word' id='word_1_645' title='bbox 654 4954 769 5008; x_wconf 86' lang='lat' dir='ltr'><strong>sola</strong></span> <span class='ocrx_word' id='word_1_646' title='bbox 820 4955 1017 5010; x_wconf 83' lang='lat' dir='ltr'><strong>referri</strong></span> <span class='ocrx_word' id='word_1_647' title='bbox 1076 4955 1145 5010; x_wconf 87' lang='lat' dir='ltr'><strong>de</strong></span> <span class='ocrx_word' id='word_1_648' title='bbox 1189 4956 1410 5027; x_wconf 82' lang='lat' dir='ltr'><strong>puteis?</strong></span> <span class='ocrx_word' id='word_1_649' title='bbox 1460 4966 1519 5011; x_wconf 91' lang='lat' dir='ltr'><strong>et</strong></span> <span class='ocrx_word' id='word_1_650' title='bbox 1572 4957 1745 5013; x_wconf 88' lang='lat' dir='ltr'><strong>Jacob</strong></span> <span class='ocrx_word' id='word_1_651' title='bbox 1798 4961 1864 5011; x_wconf 90' lang='lat' dir='ltr'><strong>ad</strong></span> <span class='ocrx_word' id='word_1_652' title='bbox 1917 4974 2016 5027; x_wconf 89' lang='lat' dir='ltr'><strong>pu-</strong></span> 
     </span>
    </p>
   </div>
   <div class='ocr_carea' id='block_1_81' title="bbox 435 5049 2015 5115">
    <p class='ocr_par' dir='ltr' id='par_1_81' title="bbox 435 5049 2015 5115">
     <span class='ocr_line' id='line_1_81' title="bbox 435 5049 2015 5115; baseline 0.004 -18"><span class='ocrx_word' id='word_1_653' title='bbox 435 5053 580 5099; x_wconf 83' lang='lat' dir='ltr'><strong>teum</strong></span> <span class='ocrx_word' id='word_1_654' title='bbox 627 5049 819 5112; x_wconf 86' lang='lat' dir='ltr'><strong>venit,</strong></span> <span class='ocrx_word' id='word_1_655' title='bbox 869 5059 922 5103; x_wconf 89' lang='lat' dir='ltr'><strong>et</strong></span> <span class='ocrx_word' id='word_1_656' title='bbox 993 5049 1063 5103; x_wconf 93' lang='lat' dir='ltr'><strong>ibi</strong></span> <span class='ocrx_word' id='word_1_657' title='bbox 1126 5050 1331 5104; x_wconf 89' lang='lat' dir='ltr'><strong>invenit</strong></span> <span class='ocrx_word' id='word_1_658' title='bbox 1383 5049 1624 5115; x_wconf 87' lang='lat' dir='ltr'><strong>Rachel,</strong></span> <span class='ocrx_word' id='word_1_659' title='bbox 1667 5060 1721 5104; x_wconf 91' lang='lat' dir='ltr'><strong>et</strong></span> <span class='ocrx_word' id='word_1_660' title='bbox 1776 5051 1849 5105; x_wconf 89' lang='lat' dir='ltr'><strong>ibi</strong></span> <span class='ocrx_word' id='word_1_661' title='bbox 1933 5052 2015 5103; x_wconf 88' lang='lat' dir='ltr'><strong>iu-</strong></span> 
     </span>
    </p>
   </div>
   <div class='ocr_carea' id='block_1_82' title="bbox 436 5140 2017 5211">
    <p class='ocr_par' dir='ltr' id='par_1_82' title="bbox 436 5140 2017 5211">
     <span class='ocr_line' id='line_1_82' title="bbox 436 5140 2017 5211; baseline 0.005 -21"><span class='ocrx_word' id='word_1_662' title='bbox 436 5140 665 5194; x_wconf 84' lang='lat' dir='ltr'><strong>notcscit</strong></span> <span class='ocrx_word' id='word_1_663' title='bbox 700 5140 749 5194; x_wconf 90' lang='lat' dir='ltr'><strong>ei</strong></span> <span class='ocrx_word' id='word_1_664' title='bbox 787 5141 984 5195; x_wconf 86' lang='lat' dir='ltr'><strong>Rachel</strong></span> <span class='ocrx_word' id='word_1_665' title='bbox 1010 5142 1149 5197; x_wconf 88' lang='lat' dir='ltr'><strong>bona</strong></span> <span class='ocrx_word' id='word_1_666' title='bbox 1184 5142 1356 5197; x_wconf 88' lang='lat' dir='ltr'><strong>oculis</strong></span> <span class='ocrx_word' id='word_1_667' title='bbox 1389 5150 1442 5197; x_wconf 92' lang='lat' dir='ltr'><strong>ct</strong></span> <span class='ocrx_word' id='word_1_668' title='bbox 1470 5143 1666 5197; x_wconf 89' lang='lat' dir='ltr'><strong>decora</strong></span> <span class='ocrx_word' id='word_1_669' title='bbox 1695 5152 1921 5211; x_wconf 90' lang='lat' dir='ltr'><strong>aspectu</strong></span> <span class='ocrx_word' id='word_1_670' title='bbox 1950 5143 2017 5198; x_wconf 78' lang='grc' dir='ltr'><strong>⁸ο.</strong></span> 
     </span>
    </p>
   </div>
   <div class='ocr_carea' id='block_1_83' title="bbox 435 5230 2018 5305">
    <p class='ocr_par' dir='ltr' id='par_1_83' title="bbox 435 5230 2018 5305">
     <span class='ocr_line' id='line_1_83' title="bbox 435 5230 2018 5305; baseline 0.003 -20"><span class='ocrx_word' id='word_1_671' title='bbox 435 5230 540 5285; x_wconf 87' lang='lat' dir='ltr'><strong>Sed</strong></span> <span class='ocrx_word' id='word_1_672' title='bbox 578 5238 632 5285; x_wconf 89' lang='lat' dir='ltr'><strong>ct</strong></span> <span class='ocrx_word' id='word_1_673' title='bbox 670 5231 880 5305; x_wconf 81' lang='lat' dir='ltr'><strong>Moyses</strong></span> <span class='ocrx_word' id='word_1_674' title='bbox 916 5234 981 5287; x_wconf 87' lang='lat' dir='ltr'><strong>ad</strong></span> <span class='ocrx_word' id='word_1_675' title='bbox 1018 5242 1241 5304; x_wconf 90' lang='lat' dir='ltr'><strong>puteum</strong></span> <span class='ocrx_word' id='word_1_676' title='bbox 1290 5235 1495 5289; x_wconf 88' lang='lat' dir='ltr'><strong>invenit</strong></span> <span class='ocrx_word' id='word_1_677' title='bbox 1536 5233 1802 5288; x_wconf 72' lang='lat' dir='ltr'><strong>Seﬁormn</strong></span> <span class='ocrx_word' id='word_1_678' title='bbox 1851 5233 2018 5289; x_wconf 85' lang='lat' dir='ltr'><strong>ﬁliam</strong></span> 
     </span>
    </p>
   </div>
   <div class='ocr_carea' id='block_1_84' title="bbox 542 5326 1612 5465">
    <p class='ocr_par' dir='ltr' id='par_1_84' title="bbox 542 5326 1612 5465">
     <span class='ocr_line' id='line_1_84' title="bbox 542 5326 1612 5397; baseline 0.002 -16"><span class='ocrx_word' id='word_1_679' title='bbox 542 5326 589 5359; x_wconf 83' lang='grc'><strong>³⁸</strong></span> <span class='ocrx_word' id='word_1_680' title='bbox 610 5327 801 5383; x_wconf 86' lang='lat' dir='ltr'><strong>Matth.</strong></span> <span class='ocrx_word' id='word_1_681' title='bbox 833 5344 952 5383; x_wconf 77' lang='lat' dir='ltr'><strong>xm.</strong></span> <span class='ocrx_word' id='word_1_682' title='bbox 1031 5329 1075 5360; x_wconf 79' lang='grc'><strong>³⁹</strong></span> <span class='ocrx_word' id='word_1_683' title='bbox 1105 5329 1301 5384; x_wconf 88' lang='lat' dir='ltr'><strong>Geues.</strong></span> <span class='ocrx_word' id='word_1_684' title='bbox 1338 5344 1490 5397; x_wconf 79' lang='lat' dir='ltr'><strong>xxiv,</strong></span> <span class='ocrx_word' id='word_1_685' title='bbox 1523 5328 1612 5383; x_wconf 69' lang='grc'><strong>62.</strong></span> 
     </span>
     <span class='ocr_line' id='line_1_85' title="bbox 542 5397 1406 5465; baseline 0.005 -16"><span class='ocrx_word' id='word_1_686' title='bbox 542 5413 665 5453; x_wconf 90' lang='lat' dir='ltr'><strong>oau.</strong></span> <span class='ocrx_word' id='word_1_687' title='bbox 700 5414 776 5463; x_wconf 88' lang='lat' dir='ltr'><strong>Iv,</strong></span> <span class='ocrx_word' id='word_1_688' title='bbox 813 5400 868 5455; x_wconf 80' lang='lat' dir='ltr'><strong>ti.</strong></span> <span class='ocrx_word' id='word_1_689' title='bbox 943 5400 988 5430; x_wconf 82' lang='grc'>⁸⁵</span> <span class='ocrx_word' id='word_1_690' title='bbox 1017 5397 1175 5453; x_wconf 73' lang='lat' dir='ltr'><strong>llum.</strong></span> <span class='ocrx_word' id='word_1_691' title='bbox 1209 5416 1283 5465; x_wconf 91' lang='lat' dir='ltr'><strong>tv,</strong></span> <span class='ocrx_word' id='word_1_692' title='bbox 1318 5400 1406 5455; x_wconf 87' lang='grc'><strong>19.</strong></span> 
     </span>
    </p>
   </div>
   <div class='ocr_carea' id='block_1_85' title="bbox 508 5491 2017 5564">
    <p class='ocr_par' dir='ltr' id='par_1_85' title="bbox 508 5491 2017 5564">
     <span class='ocr_line' id='line_1_86' title="bbox 508 5491 2017 5564; baseline 0.003 -19"><span class='ocrx_word' id='word_1_693' title='bbox 508 5491 629 5564; x_wconf 86' lang='lat'><strong>(70_)_</strong></span> <span class='ocrx_word' id='word_1_694' title='bbox 655 5491 775 5545; x_wconf 85' lang='lat' dir='ltr'><strong>Vult</strong></span> <span class='ocrx_word' id='word_1_695' title='bbox 797 5495 933 5546; x_wconf 83' lang='lat' dir='ltr'><strong>enim</strong></span> <span class='ocrx_word' id='word_1_696' title='bbox 958 5511 1141 5559; x_wconf 81' lang='lat' dir='ltr'><strong>mtrea,</strong></span> <span class='ocrx_word' id='word_1_697' title='bbox 1171 5505 1277 5549; x_wconf 88' lang='lat' dir='ltr'><strong>etc.</strong></span> <span class='ocrx_word' id='word_1_698' title='bbox 1308 5492 1462 5549; x_wconf 91' lang='lat' dir='ltr'><strong>llunc</strong></span> <span class='ocrx_word' id='word_1_699' title='bbox 1484 5494 1661 5549; x_wconf 91' lang='lat' dir='ltr'><strong>locum</strong></span> <span class='ocrx_word' id='word_1_700' title='bbox 1684 5494 1859 5564; x_wconf 90' lang='lat' dir='ltr'><strong>carpit</strong></span> <span class='ocrx_word' id='word_1_701' title='bbox 1888 5509 2017 5551; x_wconf 82' lang='lat' dir='ltr'><strong>san-</strong></span> 
     </span>
    </p>
   </div>
   <div class='ocr_carea' id='block_1_86' title="bbox 438 5562 1739 5632">
    <p class='ocr_par' dir='ltr' id='par_1_86' title="bbox 438 5562 1739 5632">
     <span class='ocr_line' id='line_1_87' title="bbox 438 5562 1739 5632; baseline 0.003 -17"><span class='ocrx_word' id='word_1_702' title='bbox 438 5573 560 5632; x_wconf 79' lang='lat' dir='ltr'><strong>ctus</strong></span> <span class='ocrx_word' id='word_1_703' title='bbox 591 5562 909 5617; x_wconf 81' lang='lat' dir='ltr'><strong>Eustathius</strong></span> <span class='ocrx_word' id='word_1_704' title='bbox 945 5565 997 5618; x_wconf 92' lang='lat' dir='ltr'><strong>in</strong></span> <span class='ocrx_word' id='word_1_705' title='bbox 1035 5574 1267 5618; x_wconf 88' lang='lat' dir='ltr'><strong>tractatu</strong></span> <span class='ocrx_word' id='word_1_706' title='bbox 1307 5564 1380 5617; x_wconf 85' lang='lat' dir='ltr'><strong>De</strong></span> <span class='ocrx_word' id='word_1_707' title='bbox 1412 5566 1739 5632; x_wconf 76' lang='lat' dir='ltr'><strong>pythonissa.</strong></span> 
     </span>
    </p>
   </div>
   <div class='ocr_carea' id='block_1_87' title="bbox 512 5630 2016 5699">
    <p class='ocr_par' dir='ltr' id='par_1_87' title="bbox 512 5630 2016 5699">
     <span class='ocr_line' id='line_1_88' title="bbox 512 5630 2016 5699; baseline 0.003 -14"><span class='ocrx_word' id='word_1_708' title='bbox 512 5630 628 5699; x_wconf 84' lang='lat'><strong>(7|)</strong></span> <span class='ocrx_word' id='word_1_709' title='bbox 659 5633 801 5686; x_wconf 85' lang='lat' dir='ltr'><strong>Alias</strong></span> <span class='ocrx_word' id='word_1_710' title='bbox 830 5634 1051 5699; x_wconf 84' lang='lat' dir='ltr'><strong>animal,</strong></span> <span class='ocrx_word' id='word_1_711' title='bbox 1083 5636 1178 5687; x_wconf 85' lang='lat' dir='ltr'><strong>sed</strong></span> <span class='ocrx_word' id='word_1_712' title='bbox 1214 5649 1344 5689; x_wconf 85' lang='lat' dir='ltr'><strong>mss.</strong></span> <span class='ocrx_word' id='word_1_713' title='bbox 1378 5630 1649 5689; x_wconf 75' lang='lat' dir='ltr'><strong>animalis.</strong></span> <span class='ocrx_word' id='word_1_714' title='bbox 1682 5634 1851 5687; x_wconf 77' lang='lat' dir='ltr'><strong>Paulo</strong></span> <span class='ocrx_word' id='word_1_715' title='bbox 1877 5636 2016 5690; x_wconf 74' lang='lat' dir='ltr'><strong>infra</strong></span> 
     </span>
    </p>
   </div>
   <div class='ocr_carea' id='block_1_88' title="bbox 441 5704 2017 5776">
    <p class='ocr_par' dir='ltr' id='par_1_88' title="bbox 441 5704 2017 5776">
     <span class='ocr_line' id='line_1_89' title="bbox 441 5704 2017 5776; baseline 0.006 -25"><span class='ocrx_word' id='word_1_716' title='bbox 441 5718 594 5766; x_wconf 61' lang='grc' dir='ltr'><strong>ιιιιιδ.ν</strong></span> <span class='ocrx_word' id='word_1_717' title='bbox 628 5717 762 5757; x_wconf 75' lang='lat' dir='ltr'><strong>unus</strong></span> <span class='ocrx_word' id='word_1_718' title='bbox 796 5705 1011 5772; x_wconf 74' lang='lat' dir='ltr'><strong>spiritus</strong></span> <span class='ocrx_word' id='word_1_719' title='bbox 1040 5715 1137 5760; x_wconf 77' lang='lat' dir='ltr'><strong>est.</strong></span> <span class='ocrx_word' id='word_1_720' title='bbox 1176 5704 1340 5771; x_wconf 80' lang='lat' dir='ltr'><strong>Editi,</strong></span> <span class='ocrx_word' id='word_1_721' title='bbox 1379 5721 1514 5759; x_wconf 74' lang='lat' dir='ltr'><strong>unus</strong></span> <span class='ocrx_word' id='word_1_722' title='bbox 1541 5714 1613 5759; x_wconf 85' lang='lat' dir='ltr'><strong>cst</strong></span> <span class='ocrx_word' id='word_1_723' title='bbox 1656 5706 1869 5776; x_wconf 79' lang='lat' dir='ltr'><strong>spiritus</strong></span> <span class='ocrx_word' id='word_1_724' title='bbox 1899 5722 2017 5761; x_wconf 80' lang='lat' dir='ltr'><strong>cum</strong></span> 
     </span>
    </p>
   </div>
   <div class='ocr_carea' id='block_1_89' title="bbox 435 5788 515 5826">
    <p class='ocr_par' dir='ltr' id='par_1_89' title="bbox 435 5788 515 5826">
     <span class='ocr_line' id='line_1_90' title="bbox 435 5788 515 5826; baseline 0.025 -2"><span class='ocrx_word' id='word_1_725' title='bbox 435 5788 515 5826; x_wconf 70' lang='lat'><strong>(0.</strong></span> 
     </span>
    </p>
   </div>
   <div class='ocr_carea' id='block_1_90' title="bbox 438 5395 868 5463">
    <p class='ocr_par' dir='ltr' id='par_1_90' title="bbox 438 5395 868 5463">
     <span class='ocr_line' id='line_1_91' title="bbox 438 5395 868 5463; baseline 0.005 -10"><span class='ocrx_word' id='word_1_726' title='bbox 438 5395 484 5427; x_wconf 75' lang='grc'><strong>⁸⁸</strong></span> <span class='ocrx_word' id='word_1_727' title='bbox 510 5395 665 5453; x_wconf 82' lang='lat' dir='ltr'><strong>Joan.</strong></span> <span class='ocrx_word' id='word_1_728' title='bbox 700 5414 776 5463; x_wconf 85' lang='lat' dir='ltr'><strong>tv,</strong></span> <span class='ocrx_word' id='word_1_729' title='bbox 813 5400 868 5455; x_wconf 80' lang='lat'><strong>6.</strong></span> 
     </span>
    </p>
   </div>
   <div class='ocr_carea' id='block_1_91' title="bbox 1689 5327 2151 5390">
    <p class='ocr_par' dir='ltr' id='par_1_91' title="bbox 1689 5327 2151 5390">
     <span class='ocr_line' id='line_1_92' title="bbox 1689 5327 2151 5390; baseline 0.011 -8"><span class='ocrx_word' id='word_1_730' title='bbox 1689 5330 1734 5361; x_wconf 85' lang='grc'><strong>⁸⁰</strong></span> <span class='ocrx_word' id='word_1_731' title='bbox 1764 5327 1963 5385; x_wconf 86' lang='lat' dir='ltr'><strong>Genes.</strong></span> <span class='ocrx_word' id='word_1_732' title='bbox 1998 5347 2151 5390; x_wconf 68' lang='grc' dir='ltr'>χχιιι.</span> 
     </span>
    </p>
   </div>
   <div class='ocr_carea' id='block_1_92' title="bbox 2125 3215 3714 3285">
    <p class='ocr_par' dir='ltr' id='par_1_92' title="bbox 2125 3215 3714 3285">
     <span class='ocr_line' id='line_1_93' title="bbox 2125 3215 3714 3285; baseline -0.006 -11"><span class='ocrx_word' id='word_1_733' title='bbox 2125 3228 2211 3274; x_wconf 90' lang='lat' dir='ltr'><strong>tus</strong></span> <span class='ocrx_word' id='word_1_734' title='bbox 2252 3234 2351 3274; x_wconf 89' lang='lat' dir='ltr'><strong>nos</strong></span> <span class='ocrx_word' id='word_1_735' title='bbox 2394 3228 2863 3273; x_wconf 84' lang='lat' dir='ltr'><strong>sacramentorum</strong></span> <span class='ocrx_word' id='word_1_736' title='bbox 2894 3215 3142 3270; x_wconf 88' lang='lat' dir='ltr'><strong>cumulus</strong></span> <span class='ocrx_word' id='word_1_737' title='bbox 3185 3223 3475 3285; x_wconf 87' lang='lat' dir='ltr'><strong>perurget,</strong></span> <span class='ocrx_word' id='word_1_738' title='bbox 3508 3220 3714 3282; x_wconf 80' lang='lat' dir='ltr'><strong>quanta</strong></span> 
     </span>
    </p>
   </div>
   <div class='ocr_carea' id='block_1_93' title="bbox 2123 3306 3710 3380">
    <p class='ocr_par' dir='ltr' id='par_1_93' title="bbox 2123 3306 3710 3380">
     <span class='ocr_line' id='line_1_94' title="bbox 2123 3306 3710 3380; baseline -0.004 -13"><span class='ocrx_word' id='word_1_739' title='bbox 2123 3320 2386 3380; x_wconf 74' lang='lat' dir='ltr'><strong>suntquae</strong></span> <span class='ocrx_word' id='word_1_740' title='bbox 2405 3320 2723 3375; x_wconf 89' lang='lat' dir='ltr'><strong>occurrunt,</strong></span> <span class='ocrx_word' id='word_1_741' title='bbox 2752 3309 3027 3378; x_wconf 79' lang='lat' dir='ltr'><strong>explicare</strong></span> <span class='ocrx_word' id='word_1_742' title='bbox 3050 3322 3155 3361; x_wconf 91' lang='lat' dir='ltr'><strong>non</strong></span> <span class='ocrx_word' id='word_1_743' title='bbox 3181 3322 3494 3377; x_wconf 87' lang='lat' dir='ltr'><strong>possumus,</strong></span> <span class='ocrx_word' id='word_1_744' title='bbox 3518 3306 3710 3360; x_wconf 84' lang='lat' dir='ltr'><strong>saltem</strong></span> 
     </span>
    </p>
   </div>
   <div class='ocr_carea' id='block_1_94' title="bbox 2125 3400 3706 3464">
    <p class='ocr_par' dir='ltr' id='par_1_94' title="bbox 2125 3400 3706 3464">
     <span class='ocr_line' id='line_1_95' title="bbox 2125 3400 3706 3464; baseline -0.001 -7"><span class='ocrx_word' id='word_1_745' title='bbox 2125 3403 2239 3457; x_wconf 75' lang='lat' dir='ltr'><strong>lucc</strong></span> <span class='ocrx_word' id='word_1_746' title='bbox 2279 3402 2507 3456; x_wconf 87' lang='lat' dir='ltr'><strong>incitare</strong></span> <span class='ocrx_word' id='word_1_747' title='bbox 2538 3410 2590 3454; x_wconf 90' lang='lat' dir='ltr'><strong>te</strong></span> <span class='ocrx_word' id='word_1_748' title='bbox 2633 3400 2831 3454; x_wconf 90' lang='lat' dir='ltr'><strong>debent</strong></span> <span class='ocrx_word' id='word_1_749' title='bbox 2868 3400 2934 3454; x_wconf 92' lang='lat' dir='ltr'><strong>ad</strong></span> <span class='ocrx_word' id='word_1_750' title='bbox 2981 3400 3347 3464; x_wconf 88' lang='lat' dir='ltr'><strong>audiendum,</strong></span> <span class='ocrx_word' id='word_1_751' title='bbox 3393 3401 3463 3454; x_wconf 91' lang='lat' dir='ltr'><strong>ad</strong></span> <span class='ocrx_word' id='word_1_752' title='bbox 3509 3416 3706 3455; x_wconf 90' lang='lat' dir='ltr'><strong>conve-</strong></span> 
     </span>
    </p>
   </div>
   <div class='ocr_carea' id='block_1_95' title="bbox 2126 3492 3713 3562">
    <p class='ocr_par' dir='ltr' id='par_1_95' title="bbox 2126 3492 3713 3562">
     <span class='ocr_line' id='line_1_96' title="bbox 2126 3492 3713 3562; baseline 0.001 -15"><span class='ocrx_word' id='word_1_753' title='bbox 2126 3493 2408 3558; x_wconf 88' lang='lat' dir='ltr'><strong>niendum,</strong></span> <span class='ocrx_word' id='word_1_754' title='bbox 2442 3503 2499 3547; x_wconf 92' lang='lat' dir='ltr'><strong>ut</strong></span> <span class='ocrx_word' id='word_1_755' title='bbox 2528 3493 2752 3547; x_wconf 89' lang='lat' dir='ltr'><strong>etiamsi</strong></span> <span class='ocrx_word' id='word_1_756' title='bbox 2778 3507 2874 3546; x_wconf 94' lang='lat' dir='ltr'><strong>nos</strong></span> <span class='ocrx_word' id='word_1_757' title='bbox 2904 3492 3081 3562; x_wconf 90' lang='lat' dir='ltr'><strong>aliqua</strong></span> <span class='ocrx_word' id='word_1_758' title='bbox 3112 3506 3209 3561; x_wconf 92' lang='lat' dir='ltr'><strong>pro</strong></span> <span class='ocrx_word' id='word_1_759' title='bbox 3240 3492 3504 3547; x_wconf 86' lang='lat' dir='ltr'><strong>brevitate</strong></span> <span class='ocrx_word' id='word_1_760' title='bbox 3532 3502 3713 3549; x_wconf 85' lang='lat' dir='ltr'><strong>trans-</strong></span> 
     </span>
    </p>
   </div>
   <div class='ocr_carea' id='block_1_96' title="bbox 2125 3584 3715 3654">
    <p class='ocr_par' dir='ltr' id='par_1_96' title="bbox 2125 3584 3715 3654">
     <span class='ocr_line' id='line_1_97' title="bbox 2125 3584 3715 3654; baseline -0.001 -13"><span class='ocrx_word' id='word_1_761' title='bbox 2125 3586 2395 3641; x_wconf 89' lang='lat' dir='ltr'><strong>currimus</strong></span> <span class='ocrx_word' id='word_1_762' title='bbox 2419 3626 2434 3651; x_wconf 96' lang='lat'><strong>,</strong></span> <span class='ocrx_word' id='word_1_763' title='bbox 2476 3594 2531 3638; x_wconf 94' lang='lat' dir='ltr'><strong>tu</strong></span> <span class='ocrx_word' id='word_1_764' title='bbox 2574 3600 2698 3639; x_wconf 90' lang='lat' dir='ltr'><strong>cum</strong></span> <span class='ocrx_word' id='word_1_765' title='bbox 2754 3584 2948 3654; x_wconf 89' lang='lat' dir='ltr'><strong>relegis</strong></span> <span class='ocrx_word' id='word_1_766' title='bbox 2988 3593 3041 3638; x_wconf 91' lang='lat' dir='ltr'><strong>et</strong></span> <span class='ocrx_word' id='word_1_767' title='bbox 3077 3584 3312 3653; x_wconf 89' lang='lat' dir='ltr'><strong>requiris</strong></span> <span class='ocrx_word' id='word_1_768' title='bbox 3336 3624 3353 3649; x_wconf 94' lang='lat'><strong>,</strong></span> <span class='ocrx_word' id='word_1_769' title='bbox 3405 3586 3569 3638; x_wconf 86' lang='lat' dir='ltr'><strong>etiam</strong></span> <span class='ocrx_word' id='word_1_770' title='bbox 3598 3586 3715 3654; x_wconf 90' lang='lat' dir='ltr'><strong>ipse</strong></span> 
     </span>
    </p>
   </div>
   <div class='ocr_carea' id='block_1_97' title="bbox 2126 3674 3713 3746">
    <p class='ocr_par' dir='ltr' id='par_1_97' title="bbox 2126 3674 3713 3746">
     <span class='ocr_line' id='line_1_98' title="bbox 2126 3674 3713 3746; baseline -0.001 -14"><span class='ocrx_word' id='word_1_771' title='bbox 2126 3676 2389 3732; x_wconf 86' lang='lat' dir='ltr'><strong>discutias</strong></span> <span class='ocrx_word' id='word_1_772' title='bbox 2429 3684 2484 3731; x_wconf 92' lang='lat' dir='ltr'><strong>et</strong></span> <span class='ocrx_word' id='word_1_773' title='bbox 2518 3674 2798 3743; x_wconf 81' lang='lat' dir='ltr'><strong>invenias,</strong></span> <span class='ocrx_word' id='word_1_774' title='bbox 2836 3684 2986 3730; x_wconf 89' lang='lat' dir='ltr'><strong>certe</strong></span> <span class='ocrx_word' id='word_1_775' title='bbox 3033 3675 3118 3729; x_wconf 89' lang='lat' dir='ltr'><strong>vel</strong></span> <span class='ocrx_word' id='word_1_776' title='bbox 3165 3677 3218 3730; x_wconf 91' lang='lat' dir='ltr'><strong>in</strong></span> <span class='ocrx_word' id='word_1_777' title='bbox 3255 3678 3449 3730; x_wconf 91' lang='lat' dir='ltr'><strong>horum</strong></span> <span class='ocrx_word' id='word_1_778' title='bbox 3485 3677 3713 3746; x_wconf 85' lang='lat' dir='ltr'><strong>inquisi-</strong></span> 
     </span>
    </p>
   </div>
   <div class='ocr_carea' id='block_1_98' title="bbox 2129 3765 3711 3837">
    <p class='ocr_par' dir='ltr' id='par_1_98' title="bbox 2129 3765 3711 3837">
     <span class='ocr_line' id='line_1_99' title="bbox 2129 3765 3711 3837; baseline -0.001 -16"><span class='ocrx_word' id='word_1_779' title='bbox 2129 3768 2275 3823; x_wconf 89' lang='lat' dir='ltr'><strong>tione</strong></span> <span class='ocrx_word' id='word_1_780' title='bbox 2304 3782 2665 3837; x_wconf 86' lang='lat' dir='ltr'><strong>permaneas,</strong></span> <span class='ocrx_word' id='word_1_781' title='bbox 2701 3776 2759 3821; x_wconf 93' lang='lat' dir='ltr'><strong>ut</strong></span> <span class='ocrx_word' id='word_1_782' title='bbox 2791 3777 2845 3822; x_wconf 91' lang='lat' dir='ltr'><strong>et</strong></span> <span class='ocrx_word' id='word_1_783' title='bbox 2873 3775 2924 3822; x_wconf 90' lang='lat' dir='ltr'><strong>te</strong></span> <span class='ocrx_word' id='word_1_784' title='bbox 2951 3766 3176 3825; x_wconf 86' lang='lat' dir='ltr'><strong>verbum</strong></span> <span class='ocrx_word' id='word_1_785' title='bbox 3211 3765 3304 3821; x_wconf 87' lang='lat' dir='ltr'><strong>Dei</strong></span> <span class='ocrx_word' id='word_1_786' title='bbox 3333 3766 3616 3821; x_wconf 82' lang='lat' dir='ltr'><strong>inveniens</strong></span> <span class='ocrx_word' id='word_1_787' title='bbox 3644 3768 3711 3820; x_wconf 86' lang='lat' dir='ltr'><strong>ad</strong></span> 
     </span>
    </p>
   </div>
   <div class='ocr_carea' id='block_1_99' title="bbox 2126 3858 3711 3932">
    <p class='ocr_par' dir='ltr' id='par_1_99' title="bbox 2126 3858 3711 3932">
     <span class='ocr_line' id='line_1_100' title="bbox 2126 3858 3711 3932; baseline -0.002 -17"><span class='ocrx_word' id='word_1_788' title='bbox 2126 3878 2324 3932; x_wconf 89' lang='lat' dir='ltr'><strong>aquam</strong></span> <span class='ocrx_word' id='word_1_789' title='bbox 2354 3870 2622 3928; x_wconf 86' lang='lat' dir='ltr'><strong>assmnat,</strong></span> <span class='ocrx_word' id='word_1_790' title='bbox 2648 3868 2702 3917; x_wconf 91' lang='lat' dir='ltr'><strong>et</strong></span> <span class='ocrx_word' id='word_1_791' title='bbox 2725 3859 3025 3930; x_wconf 84' lang='lat' dir='ltr'><strong>conjungat</strong></span> <span class='ocrx_word' id='word_1_792' title='bbox 3063 3860 3189 3924; x_wconf 91' lang='lat' dir='ltr'><strong>sibi,</strong></span> <span class='ocrx_word' id='word_1_793' title='bbox 3224 3869 3281 3913; x_wconf 91' lang='lat' dir='ltr'><strong>ut</strong></span> <span class='ocrx_word' id='word_1_794' title='bbox 3302 3858 3558 3913; x_wconf 86' lang='lat' dir='ltr'><strong>cﬁiciaris</strong></span> <span class='ocrx_word' id='word_1_795' title='bbox 3589 3876 3711 3913; x_wconf 74' lang='lat' dir='ltr'><strong>tum</strong></span> 
     </span>
    </p>
   </div>
   <div class='ocr_carea' id='block_1_100' title="bbox 2125 3948 3711 4023">
    <p class='ocr_par' dir='ltr' id='par_1_100' title="bbox 2125 3948 3711 4023">
     <span class='ocr_line' id='line_1_101' title="bbox 2125 3948 3711 4023; baseline -0.004 -15"><span class='ocrx_word' id='word_1_796' title='bbox 2125 3969 2193 4009; x_wconf 90' lang='lat' dir='ltr'><strong>eo</strong></span> <span class='ocrx_word' id='word_1_797' title='bbox 2244 3969 2387 4009; x_wconf 91' lang='lat' dir='ltr'><strong>unus</strong></span> <span class='ocrx_word' id='word_1_798' title='bbox 2432 3953 2661 4023; x_wconf 87' lang='lat' dir='ltr'><strong>spiritus</strong></span> <span class='ocrx_word' id='word_1_799' title='bbox 2720 3951 2773 4005; x_wconf 93' lang='lat' dir='ltr'><strong>in</strong></span> <span class='ocrx_word' id='word_1_800' title='bbox 2824 3952 3046 4007; x_wconf 88' lang='lat' dir='ltr'><strong>Christo</strong></span> <span class='ocrx_word' id='word_1_801' title='bbox 3077 3948 3205 4005; x_wconf 85' lang='lat' dir='ltr'><strong>Jcsu</strong></span> <span class='ocrx_word' id='word_1_802' title='bbox 3251 3949 3480 4003; x_wconf 91' lang='lat' dir='ltr'><strong>Domino</strong></span> <span class='ocrx_word' id='word_1_803' title='bbox 3523 3957 3711 4003; x_wconf 89' lang='lat' dir='ltr'><strong>nostro</strong></span> 
     </span>
    </p>
   </div>
   <div class='ocr_carea' id='block_1_101' title="bbox 2125 4040 3709 4116">
    <p class='ocr_par' dir='ltr' id='par_1_101' title="bbox 2125 4040 3709 4116">
     <span class='ocr_line' id='line_1_102' title="bbox 2125 4040 3709 4116; baseline -0.004 -16"><span class='ocrx_word' id='word_1_804' title='bbox 2125 4046 2211 4101; x_wconf 88' lang='lat' dir='ltr'><strong>cui</strong></span> <span class='ocrx_word' id='word_1_805' title='bbox 2243 4055 2329 4099; x_wconf 90' lang='lat' dir='ltr'><strong>est</strong></span> <span class='ocrx_word' id='word_1_806' title='bbox 2375 4043 2546 4116; x_wconf 86' lang='lat' dir='ltr'><strong>gloria</strong></span> <span class='ocrx_word' id='word_1_807' title='bbox 2596 4052 2653 4100; x_wconf 90' lang='lat' dir='ltr'><strong>et</strong></span> <span class='ocrx_word' id='word_1_808' title='bbox 2695 4042 2981 4114; x_wconf 89' lang='lat' dir='ltr'><strong>imperium</strong></span> <span class='ocrx_word' id='word_1_809' title='bbox 3021 4040 3076 4096; x_wconf 91' lang='lat' dir='ltr'><strong>in</strong></span> <span class='ocrx_word' id='word_1_810' title='bbox 3120 4040 3317 4097; x_wconf 75' lang='lat' dir='ltr'><strong>szecula</strong></span> <span class='ocrx_word' id='word_1_811' title='bbox 3360 4041 3709 4097; x_wconf 80' lang='lat' dir='ltr'><strong>saeculorum.</strong></span> 
     </span>
    </p>
   </div>
   <div class='ocr_carea' id='block_1_102' title="bbox 2124 4139 2324 4194">
    <p class='ocr_par' dir='ltr' id='par_1_102' title="bbox 2124 4139 2324 4194">
     <span class='ocr_line' id='line_1_103' title="bbox 2124 4139 2324 4194; baseline 0 0"><span class='ocrx_word' id='word_1_812' title='bbox 2124 4139 2324 4194; x_wconf 81' lang='lat' dir='ltr'><strong>Amen.</strong></span> 
     </span>
    </p>
   </div>
   <div class='ocr_carea' id='block_1_103' title="bbox 2707 4270 3124 4328">
    <p class='ocr_par' dir='ltr' id='par_1_103' title="bbox 2707 4270 3124 4328">
     <span class='ocr_line' id='line_1_104' title="bbox 2707 4270 3124 4328; baseline 0 -1"><span class='ocrx_word' id='word_1_813' title='bbox 2707 4270 2991 4328; x_wconf 78' lang='lat' dir='ltr'><strong>HOMILIA</strong></span> <span class='ocrx_word' id='word_1_814' title='bbox 3031 4270 3124 4327; x_wconf 76' lang='lat' dir='ltr'><strong>XI.</strong></span> 
     </span>
    </p>
   </div>
   <div class='ocr_carea' id='block_1_104' title="bbox 2128 4406 3705 4479">
    <p class='ocr_par' dir='ltr' id='par_1_104' title="bbox 2128 4406 3705 4479">
     <span class='ocr_line' id='line_1_105' title="bbox 2128 4406 3705 4479; baseline -0.005 -15"><span class='ocrx_word' id='word_1_815' title='bbox 2128 4407 2201 4464; x_wconf 83' lang='lat' dir='ltr'><strong>De</strong></span> <span class='ocrx_word' id='word_1_816' title='bbox 2230 4425 2290 4464; x_wconf 84' lang='lat' dir='ltr'><strong>eo</strong></span> <span class='ocrx_word' id='word_1_817' title='bbox 2324 4408 2474 4479; x_wconf 15' lang='lat' dir='ltr'><strong>quod,</strong></span> <span class='ocrx_word' id='word_1_818' title='bbox 2495 4406 2767 4461; x_wconf 79' lang='lat' dir='ltr'><strong>Abraham</strong></span> <span class='ocrx_word' id='word_1_819' title='bbox 2808 4406 3095 4479; x_wconf 68' lang='lat' dir='ltr'><strong>Cethuram</strong></span> <span class='ocrx_word' id='word_1_820' title='bbox 3130 4406 3330 4479; x_wconf 80' lang='lat' dir='ltr'><strong>accepit</strong></span> <span class='ocrx_word' id='word_1_821' title='bbox 3363 4417 3616 4479; x_wconf 76' lang='lat' dir='ltr'><strong>uxorem,</strong></span> <span class='ocrx_word' id='word_1_822' title='bbox 3657 4410 3705 4457; x_wconf 75' lang='lat' dir='ltr'><strong>et</strong></span> 
     </span>
    </p>
   </div>
   <div class='ocr_carea' id='block_1_105' title="bbox 2279 4474 3518 4550">
    <p class='ocr_par' dir='ltr' id='par_1_105' title="bbox 2279 4474 3518 4550">
     <span class='ocr_line' id='line_1_106' title="bbox 2279 4474 3518 4550; baseline -0.006 -18"><span class='ocrx_word' id='word_1_823' title='bbox 2279 4474 2420 4550; x_wconf 79' lang='lat' dir='ltr'><strong>quod</strong></span> <span class='ocrx_word' id='word_1_824' title='bbox 2453 4478 2608 4531; x_wconf 71' lang='lat' dir='ltr'><strong>Isaac</strong></span> <span class='ocrx_word' id='word_1_825' title='bbox 2638 4477 2897 4531; x_wconf 81' lang='lat' dir='ltr'><strong>habitavit</strong></span> <span class='ocrx_word' id='word_1_826' title='bbox 2935 4476 3004 4530; x_wconf 87' lang='lat' dir='ltr'><strong>ad</strong></span> <span class='ocrx_word' id='word_1_827' title='bbox 3033 4485 3247 4544; x_wconf 84' lang='lat' dir='ltr'><strong>puteum</strong></span> <span class='ocrx_word' id='word_1_828' title='bbox 3277 4474 3518 4529; x_wconf 75' lang='lat' dir='ltr'><strong>visionis.</strong></span> 
     </span>
    </p>
   </div>
   <div class='ocr_carea' id='block_1_106' title="bbox 2198 4589 3712 4661">
    <p class='ocr_par' dir='ltr' id='par_1_106' title="bbox 2198 4589 3712 4661">
     <span class='ocr_line' id='line_1_107' title="bbox 2198 4589 3712 4661; baseline -0.004 -13"><span class='ocrx_word' id='word_1_829' title='bbox 2198 4595 2251 4649; x_wconf 84' lang='grc'><strong>1.</strong></span> <span class='ocrx_word' id='word_1_830' title='bbox 2298 4593 2527 4661; x_wconf 87' lang='lat' dir='ltr'><strong>Semper</strong></span> <span class='ocrx_word' id='word_1_831' title='bbox 2560 4591 2718 4646; x_wconf 90' lang='lat' dir='ltr'><strong>nobis</strong></span> <span class='ocrx_word' id='word_1_832' title='bbox 2746 4600 2972 4646; x_wconf 90' lang='lat' dir='ltr'><strong>sanctus</strong></span> <span class='ocrx_word' id='word_1_833' title='bbox 3008 4591 3210 4645; x_wconf 81' lang='lat' dir='ltr'><strong>Paulus</strong></span> <span class='ocrx_word' id='word_1_834' title='bbox 3241 4589 3519 4661; x_wconf 85' lang='lat' dir='ltr'><strong>apostolus</strong></span> <span class='ocrx_word' id='word_1_835' title='bbox 3549 4604 3712 4644; x_wconf 86' lang='lat' dir='ltr'><strong>occa-</strong></span> 
     </span>
    </p>
   </div>
   <div class='ocr_carea' id='block_1_107' title="bbox 2123 4680 3707 4752">
    <p class='ocr_par' dir='ltr' id='par_1_107' title="bbox 2123 4680 3707 4752">
     <span class='ocr_line' id='line_1_108' title="bbox 2123 4680 3707 4752; baseline -0.003 -15"><span class='ocrx_word' id='word_1_836' title='bbox 2123 4685 2305 4737; x_wconf 90' lang='lat' dir='ltr'><strong>siones</strong></span> <span class='ocrx_word' id='word_1_837' title='bbox 2329 4682 2535 4752; x_wconf 85' lang='lat' dir='ltr'><strong>praebet</strong></span> <span class='ocrx_word' id='word_1_838' title='bbox 2562 4680 2934 4751; x_wconf 82' lang='lat' dir='ltr'><strong>intelligentia:</strong></span> <span class='ocrx_word' id='word_1_839' title='bbox 2965 4681 3247 4751; x_wconf 87' lang='lat' dir='ltr'><strong>spiritalis,</strong></span> <span class='ocrx_word' id='word_1_840' title='bbox 3280 4690 3331 4736; x_wconf 90' lang='lat' dir='ltr'><strong>et</strong></span> <span class='ocrx_word' id='word_1_841' title='bbox 3366 4695 3537 4751; x_wconf 87' lang='lat' dir='ltr'><strong>pauca</strong></span> <span class='ocrx_word' id='word_1_842' title='bbox 3564 4680 3707 4741; x_wconf 85' lang='lat' dir='ltr'><strong>licet.</strong></span> 
     </span>
    </p>
   </div>
   <div class='ocr_carea' id='block_1_108' title="bbox 2128 4772 3709 4841">
    <p class='ocr_par' dir='ltr' id='par_1_108' title="bbox 2128 4772 3709 4841">
     <span class='ocr_line' id='line_1_109' title="bbox 2128 4772 3709 4841; baseline -0.004 -11"><span class='ocrx_word' id='word_1_843' title='bbox 2128 4788 2309 4831; x_wconf 88' lang='lat' dir='ltr'><strong>tamen</strong></span> <span class='ocrx_word' id='word_1_844' title='bbox 2354 4775 2666 4831; x_wconf 89' lang='lat' dir='ltr'><strong>necessaria</strong></span> <span class='ocrx_word' id='word_1_845' title='bbox 2707 4775 2967 4829; x_wconf 85' lang='lat' dir='ltr'><strong>studiosis</strong></span> <span class='ocrx_word' id='word_1_846' title='bbox 2998 4773 3236 4829; x_wconf 90' lang='lat' dir='ltr'><strong>ostendit</strong></span> <span class='ocrx_word' id='word_1_847' title='bbox 3266 4773 3486 4839; x_wconf 89' lang='lat' dir='ltr'><strong>indicia,</strong></span> <span class='ocrx_word' id='word_1_848' title='bbox 3513 4772 3709 4841; x_wconf 87' lang='lat' dir='ltr'><strong>quibus</strong></span> 
     </span>
    </p>
   </div>
   <div class='ocr_carea' id='block_1_109' title="bbox 2124 4861 3710 4938">
    <p class='ocr_par' dir='ltr' id='par_1_109' title="bbox 2124 4861 3710 4938">
     <span class='ocr_line' id='line_1_110' title="bbox 2124 4861 3710 4938; baseline -0.003 -17"><span class='ocrx_word' id='word_1_849' title='bbox 2124 4870 2267 4938; x_wconf 89' lang='lat' dir='ltr'><strong>quod</strong></span> <span class='ocrx_word' id='word_1_850' title='bbox 2309 4868 2395 4922; x_wconf 83' lang='lat' dir='ltr'><strong>lex</strong></span> <span class='ocrx_word' id='word_1_851' title='bbox 2424 4866 2687 4936; x_wconf 87' lang='lat' dir='ltr'><strong>spiritalis</strong></span> <span class='ocrx_word' id='word_1_852' title='bbox 2716 4866 2806 4931; x_wconf 92' lang='lat' dir='ltr'><strong>sit,</strong></span> <span class='ocrx_word' id='word_1_853' title='bbox 2837 4866 2889 4919; x_wconf 92' lang='lat' dir='ltr'><strong>in</strong></span> <span class='ocrx_word' id='word_1_854' title='bbox 2924 4866 3178 4920; x_wconf 91' lang='lat' dir='ltr'><strong>omnibus</strong></span> <span class='ocrx_word' id='word_1_855' title='bbox 3209 4873 3560 4933; x_wconf 90' lang='lat' dir='ltr'><strong>agnoscatur.</strong></span> <span class='ocrx_word' id='word_1_856' title='bbox 3594 4861 3710 4930; x_wconf 87' lang='lat' dir='ltr'><strong>Ipse</strong></span> 
     </span>
    </p>
   </div>
   <div class='ocr_carea' id='block_1_110' title="bbox 2127 4953 3710 5031">
    <p class='ocr_par' dir='ltr' id='par_1_110' title="bbox 2127 4953 3710 5031">
     <span class='ocr_line' id='line_1_111' title="bbox 2127 4953 3710 5031; baseline -0.004 -17"><span class='ocrx_word' id='word_1_857' title='bbox 2127 4961 2296 5031; x_wconf 85' lang='lat' dir='ltr'><strong>igitur</strong></span> <span class='ocrx_word' id='word_1_858' title='bbox 2334 4959 2400 5013; x_wconf 89' lang='lat' dir='ltr'><strong>de</strong></span> <span class='ocrx_word' id='word_1_859' title='bbox 2424 4958 2704 5011; x_wconf 83' lang='lat' dir='ltr'><strong>Abraham</strong></span> <span class='ocrx_word' id='word_1_860' title='bbox 2743 4968 2799 5011; x_wconf 89' lang='lat' dir='ltr'><strong>et</strong></span> <span class='ocrx_word' id='word_1_861' title='bbox 2836 4953 2971 5011; x_wconf 87' lang='lat' dir='ltr'><strong>Sara</strong></span> <span class='ocrx_word' id='word_1_862' title='bbox 3001 4957 3288 5026; x_wconf 90' lang='lat' dir='ltr'><strong>disputans</strong></span> <span class='ocrx_word' id='word_1_863' title='bbox 3318 4955 3551 5023; x_wconf 87' lang='lat' dir='ltr'><strong>quodam</strong></span> <span class='ocrx_word' id='word_1_864' title='bbox 3590 4953 3710 5007; x_wconf 87' lang='lat' dir='ltr'><strong>loco</strong></span> 
     </span>
    </p>
   </div>
   <div class='ocr_carea' id='block_1_111' title="bbox 2126 5045 3709 5119">
    <p class='ocr_par' dir='ltr' id='par_1_111' title="bbox 2126 5045 3709 5119">
     <span class='ocr_line' id='line_1_112' title="bbox 2126 5045 3709 5119; baseline -0.007 -14"><span class='ocrx_word' id='word_1_865' title='bbox 2126 5051 2204 5105; x_wconf 86' lang='lat' dir='ltr'><strong>ait</strong></span> <span class='ocrx_word' id='word_1_866' title='bbox 2224 5049 2299 5105; x_wconf 73' lang='grc' dir='ltr'>⁸⁸ε</span> <span class='ocrx_word' id='word_1_867' title='bbox 2332 5048 2479 5115; x_wconf 82' lang='grc' dir='ltr'>Νοιι,</span> <span class='ocrx_word' id='word_1_868' title='bbox 2503 5049 2699 5119; x_wconf 90' lang='lat' dir='ltr'><strong>inquit,</strong></span> <span class='ocrx_word' id='word_1_869' title='bbox 2718 5048 3019 5115; x_wconf 71' lang='lat' dir='ltr'><strong>infirmatus</strong></span> <span class='ocrx_word' id='word_1_870' title='bbox 3047 5047 3153 5117; x_wconf 78' lang='lat' dir='ltr'><strong>ﬁde</strong></span> <span class='ocrx_word' id='word_1_871' title='bbox 3179 5045 3531 5099; x_wconf 74' lang='lat' dir='ltr'><strong>consideravit</strong></span> <span class='ocrx_word' id='word_1_872' title='bbox 3555 5060 3709 5097; x_wconf 77' lang='lat' dir='ltr'><strong>suum</strong></span> 
     </span>
    </p>
   </div>
   <div class='ocr_carea' id='block_1_112' title="bbox 2125 5137 3706 5210">
    <p class='ocr_par' dir='ltr' id='par_1_112' title="bbox 2125 5137 3706 5210">
     <span class='ocr_line' id='line_1_113' title="bbox 2125 5137 3706 5210; baseline -0.006 -14"><span class='ocrx_word' id='word_1_873' title='bbox 2125 5158 2316 5210; x_wconf 79' lang='lat' dir='ltr'><strong>corpus</strong></span> <span class='ocrx_word' id='word_1_874' title='bbox 2349 5149 2658 5205; x_wconf 87' lang='lat' dir='ltr'><strong>emortuum,</strong></span> <span class='ocrx_word' id='word_1_875' title='bbox 2678 5156 2798 5193; x_wconf 87' lang='lat' dir='ltr'><strong>cum</strong></span> <span class='ocrx_word' id='word_1_876' title='bbox 2827 5137 2937 5207; x_wconf 78' lang='lat' dir='ltr'><strong>fere</strong></span> <span class='ocrx_word' id='word_1_877' title='bbox 2986 5145 3193 5192; x_wconf 77' lang='lat' dir='ltr'><strong>centum</strong></span> <span class='ocrx_word' id='word_1_878' title='bbox 3234 5151 3496 5189; x_wconf 85' lang='lat' dir='ltr'><strong>annorum</strong></span> <span class='ocrx_word' id='word_1_879' title='bbox 3534 5142 3667 5187; x_wconf 78' lang='lat' dir='ltr'><strong>esset</strong></span> <span class='ocrx_word' id='word_1_880' title='bbox 3691 5173 3706 5195; x_wconf 86' lang='lat'><strong>,</strong></span> 
     </span>
    </p>
   </div>
   <div class='ocr_carea' id='block_1_113' title="bbox 2128 5226 3710 5300">
    <p class='ocr_par' dir='ltr' id='par_1_113' title="bbox 2128 5226 3710 5300">
     <span class='ocr_line' id='line_1_114' title="bbox 2128 5226 3710 5300; baseline -0.006 -9"><span class='ocrx_word' id='word_1_881' title='bbox 2128 5247 2175 5291; x_wconf 87' lang='lat' dir='ltr'><strong>et</strong></span> <span class='ocrx_word' id='word_1_882' title='bbox 2202 5245 2495 5290; x_wconf 84' lang='lat' dir='ltr'><strong>emortuam</strong></span> <span class='ocrx_word' id='word_1_883' title='bbox 2522 5234 2725 5289; x_wconf 80' lang='lat' dir='ltr'><strong>vulvam</strong></span> <span class='ocrx_word' id='word_1_884' title='bbox 2745 5232 2917 5287; x_wconf 61' lang='lat' dir='ltr'><strong>Sarus.</strong></span> <span class='ocrx_word' id='word_1_885' title='bbox 2936 5230 3088 5285; x_wconf 86' lang='lat' dir='ltr'><strong>llune</strong></span> <span class='ocrx_word' id='word_1_886' title='bbox 3105 5242 3237 5300; x_wconf 85' lang='lat' dir='ltr'><strong>ergo</strong></span> <span class='ocrx_word' id='word_1_887' title='bbox 3267 5244 3427 5299; x_wconf 89' lang='lat' dir='ltr'><strong>quem</strong></span> <span class='ocrx_word' id='word_1_888' title='bbox 3463 5227 3552 5283; x_wconf 90' lang='lat' dir='ltr'><strong>ille</strong></span> <span class='ocrx_word' id='word_1_889' title='bbox 3576 5226 3710 5283; x_wconf 88' lang='lat' dir='ltr'><strong>dicit</strong></span> 
     </span>
    </p>
   </div>
   <div class='ocr_carea' id='block_1_114' title="bbox 2230 5321 3708 5393">
    <p class='ocr_par' dir='ltr' id='par_1_114' title="bbox 2230 5321 3708 5393">
     <span class='ocr_line' id='line_1_115' title="bbox 2230 5321 3708 5393; baseline -0.007 -6"><span class='ocrx_word' id='word_1_890' title='bbox 2230 5331 2271 5364; x_wconf 79' lang='grc'>⁸⁸</span> <span class='ocrx_word' id='word_1_891' title='bbox 2306 5330 2478 5387; x_wconf 75' lang='lat' dir='ltr'><strong>Exod.</strong></span> <span class='ocrx_word' id='word_1_892' title='bbox 2515 5345 2581 5385; x_wconf 91' lang='grc' dir='ltr'>ιι.</span> <span class='ocrx_word' id='word_1_893' title='bbox 2657 5324 2752 5380; x_wconf 84' lang='grc'>⁸³1</span> <span class='ocrx_word' id='word_1_894' title='bbox 2790 5326 2917 5382; x_wconf 90' lang='lat' dir='ltr'><strong>Cor.</strong></span> <span class='ocrx_word' id='word_1_895' title='bbox 2955 5342 3018 5393; x_wconf 86' lang='grc' dir='ltr'>ιι,</span> <span class='ocrx_word' id='word_1_896' title='bbox 3047 5324 3134 5379; x_wconf 74' lang='grc'><strong>14.</strong></span> <span class='ocrx_word' id='word_1_897' title='bbox 3213 5323 3258 5354; x_wconf 86' lang='grc'>⁸³</span> <span class='ocrx_word' id='word_1_898' title='bbox 3298 5323 3317 5379; x_wconf 90' lang='grc'><strong>1</strong></span> <span class='ocrx_word' id='word_1_899' title='bbox 3351 5322 3480 5379; x_wconf 88' lang='lat' dir='ltr'><strong>Cor.</strong></span> <span class='ocrx_word' id='word_1_900' title='bbox 3511 5336 3589 5390; x_wconf 76' lang='lat' dir='ltr'><strong>Vt,</strong></span> <span class='ocrx_word' id='word_1_901' title='bbox 3617 5321 3708 5377; x_wconf 79' lang='grc'><strong>1⁸1.</strong></span> 
     </span>
    </p>
   </div>
   <div class='ocr_carea' id='block_1_115' title="bbox 2200 5484 3709 5566">
    <p class='ocr_par' dir='ltr' id='par_1_115' title="bbox 2200 5484 3709 5566">
     <span class='ocr_line' id='line_1_116' title="bbox 2200 5484 3709 5566; baseline -0.004 -17"><span class='ocrx_word' id='word_1_902' title='bbox 2200 5495 2313 5566; x_wconf 73' lang='lat'><strong>(&#39;72)</strong></span> <span class='ocrx_word' id='word_1_903' title='bbox 2346 5492 2490 5566; x_wconf 76' lang='lat' dir='ltr'><strong>Alias</strong></span> <span class='ocrx_word' id='word_1_904' title='bbox 2509 5529 2525 5555; x_wconf 87' lang='lat'><strong>,</strong></span> <span class='ocrx_word' id='word_1_905' title='bbox 2558 5489 2787 5559; x_wconf 80' lang='lat' dir='ltr'><strong>objiciet.</strong></span> <span class='ocrx_word' id='word_1_906' title='bbox 2808 5528 2822 5541; x_wconf 93' lang='lat'><strong>.</strong></span> <span class='ocrx_word' id='word_1_907' title='bbox 2845 5530 2858 5544; x_wconf 95' lang='lat'><strong>.</strong></span> <span class='ocrx_word' id='word_1_908' title='bbox 2879 5527 2895 5543; x_wconf 93' lang='lat'><strong>.</strong></span> <span class='ocrx_word' id='word_1_909' title='bbox 2933 5499 2981 5544; x_wconf 82' lang='lat' dir='ltr'><strong>et</strong></span> <span class='ocrx_word' id='word_1_910' title='bbox 3017 5488 3365 5559; x_wconf 81' lang='lat' dir='ltr'><strong>conjungctur</strong></span> <span class='ocrx_word' id='word_1_911' title='bbox 3393 5485 3571 5542; x_wconf 76' lang='lat' dir='ltr'><strong>Isaac.</strong></span> <span class='ocrx_word' id='word_1_912' title='bbox 3600 5484 3709 5543; x_wconf 84' lang='lat' dir='ltr'><strong>Sed</strong></span> 
     </span>
    </p>
   </div>
   <div class='ocr_carea' id='block_1_116' title="bbox 2128 5564 2873 5623">
    <p class='ocr_par' dir='ltr' id='par_1_116' title="bbox 2128 5564 2873 5623">
     <span class='ocr_line' id='line_1_117' title="bbox 2128 5564 2873 5623; baseline -0.013 -1"><span class='ocrx_word' id='word_1_913' title='bbox 2128 5564 2264 5623; x_wconf 81' lang='lat' dir='ltr'><strong>mss.</strong></span> <span class='ocrx_word' id='word_1_914' title='bbox 2298 5564 2355 5619; x_wconf 88' lang='lat' dir='ltr'><strong>ut</strong></span> <span class='ocrx_word' id='word_1_915' title='bbox 2385 5564 2435 5616; x_wconf 92' lang='lat' dir='ltr'><strong>iu</strong></span> <span class='ocrx_word' id='word_1_916' title='bbox 2470 5572 2658 5615; x_wconf 83' lang='lat' dir='ltr'><strong>nostro</strong></span> <span class='ocrx_word' id='word_1_917' title='bbox 2706 5570 2873 5613; x_wconf 78' lang='lat' dir='ltr'><strong>textu.</strong></span> 
     </span>
    </p>
   </div>
   <div class='ocr_carea' id='block_1_117' title="bbox 2200 5627 3706 5707">
    <p class='ocr_par' dir='ltr' id='par_1_117' title="bbox 2200 5627 3706 5707">
     <span class='ocr_line' id='line_1_118' title="bbox 2200 5627 3706 5707; baseline -0.003 -18"><span class='ocrx_word' id='word_1_918' title='bbox 2200 5638 2313 5707; x_wconf 80' lang='lat'><strong>(75)</strong></span> <span class='ocrx_word' id='word_1_919' title='bbox 2347 5633 2438 5707; x_wconf 83' lang='lat' dir='ltr'><strong>Sic</strong></span> <span class='ocrx_word' id='word_1_920' title='bbox 2472 5646 2627 5693; x_wconf 91' lang='lat' dir='ltr'><strong>mss.,</strong></span> <span class='ocrx_word' id='word_1_921' title='bbox 2660 5631 2792 5685; x_wconf 89' lang='lat' dir='ltr'><strong>editi</strong></span> <span class='ocrx_word' id='word_1_922' title='bbox 2821 5636 3307 5687; x_wconf 74' lang='lat' dir='ltr'><strong>verocomonantes</strong></span> <span class='ocrx_word' id='word_1_923' title='bbox 3338 5627 3563 5699; x_wconf 73' lang='lat' dir='ltr'><strong>formas.</strong></span> <span class='ocrx_word' id='word_1_924' title='bbox 3584 5663 3601 5682; x_wconf 87' lang='lat'><strong>.</strong></span> <span class='ocrx_word' id='word_1_925' title='bbox 3652 5663 3706 5685; x_wconf 84' lang='lat'><strong>..</strong></span> 
     </span>
    </p>
   </div>
   <div class='ocr_carea' id='block_1_118' title="bbox 2131 5705 2764 5769">
    <p class='ocr_par' dir='ltr' id='par_1_118' title="bbox 2131 5705 2764 5769">
     <span class='ocr_line' id='line_1_119' title="bbox 2131 5705 2764 5769; baseline -0.011 -6"><span class='ocrx_word' id='word_1_926' title='bbox 2131 5720 2183 5763; x_wconf 86' lang='lat' dir='ltr'><strong>ut</strong></span> <span class='ocrx_word' id='word_1_927' title='bbox 2212 5705 2509 5762; x_wconf 75' lang='lat' dir='ltr'><strong>inveniatur</strong></span> <span class='ocrx_word' id='word_1_928' title='bbox 2547 5717 2764 5769; x_wconf 70' lang='lat' dir='ltr'><strong>sponsa.</strong></span> 
     </span>
    </p>
   </div>
  </div>
