4132 6488
373 451 475 507 221

1607 444 1676 500 lN
1709 442 2010 500 GENESIM
2044 441 2330 500 llOMILlA
2360 440 2461 498 XI.

3541 442 3648 497 2‘23

375 560 607 623 emortui
654 560 902 633 corporis
950 562 1002 617 in
1047 559 1366 617 centenario
1410 574 1679 616 annorum
1731 574 1959 615 numero
1985 559 2033 616 A
2062 565 2278 612 calores
2320 551 2506 625 porcis
2544 556 2961 621 comparantur,
3005 550 3097 619 qui
3136 549 3187 604 in
3230 552 3468 620 peccatis
3496 554 3646 608 velut

376 658 575 715 fuisse.
606 665 662 711 et
695 656 845 710 Isaac
894 652 1070 723 magis
1105 651 1465 707 virtute‘ﬁdei
1509 669 1673 723 quam
1711 652 1959 722 corporis

375 748 711 804 fecunditate
752 744 1004 815 genuisse
1033 785 1048 809 ,
1078 743 1364 812 Scriptura
1419 760 1564 799 nunc
1598 743 1770 798 refert
1800 759 1958 799 acce—

372 841 520 911 pisse
552 853 779 894 uxorem
806 836 1105 891 Cethuram
1140 835 1382 899 nomine,
1415 846 1471 890 et
1496 835 1634 890 ﬁlios
1658 850 1725 890 ex
1756 850 1818 890 ea
1848 834 1959 905 plu-

371 929 541 985 rimos
564 927 840 998 genuisse,
868 940 992 981 cum
1017 924 1133 980 fere
1168 933 1388 979 centum
1419 926 1635 996 triginta
1672 934 1728 979 et
1750 935 1957 994 septem

374 1022 652 1076 videretur
683 1033 978 1073 annorum.
1014 1016 1149 1071 Nam
1186 1016 1323 1072 Sara
1354 1033 1492 1073 uxor
1520 1017 1637 1087 ejus
1666 1018 1857 1073 decem
1890 1017 1959 1071 ab

372 1127 441 1167 eo
471 1110 631 1166 annis
658 1108 848 1177 jnnior
885 1108 1145 1163 scribitur
1166 1148 1184 1174 ,
1220 1123 1342 1178 quae
1372 1109 1673 1164 centesimo
1701 1109 1957 1162 vicesimo

372 1206 426 1252 et
453 1197 689 1268 septimo
730 1210 874 1249 anno
905 1193 1160 1249 defuncta
1189 1232 1204 1254 .
1249 1195 1454 1250 indicat
1485 1195 1763 1250 Abraham
1799 1207 1961 1262 super

374 1300 596 1343 centum
622 1286 845 1357 triginta
866 1294 1069 1356 septem
1096 1300 1360 1340 annorum
1388 1286 1581 1352 fuisse,
1607 1302 1729 1342 eum
1753 1285 1955 1341 Cethu-

279 1366 285 1372 ”
376 1393 494 1433 ram
523 1379 736 1447 accepit
764 1392 1013 1431 uxorem.
1054 1375 1195 1443 Quid
1225 1378 1399 1448 ergo?
1433 1390 1688 1449 putamus
1716 1379 1859 1448 quod
1903 1379 1955 1433 in

378 1479 528 1525 tanto
555 1467 863 1537 patriarcha
894 1482 992 1535 per
1023 1468 1163 1523 idem
1212 1477 1423 1537 tempus
1451 1470 1799 1524 incitamenta
1830 1484 1956 1522 car-

374 1561 459 1613 nis
500 1558 821 1629 viguerint?
877 1557 945 1612 Et
991 1559 1084 1628 qui
1135 1558 1262 1614 olim
1323 1559 1662 1614 naturalibus
1717 1561 1955 1614 motibus

372 1657 656 1703 emortuus
683 1648 906 1715 dicitur,
944 1664 1084 1704 nunc
1122 1649 1189 1703 ad
1224 1649 1504 1705 libidinem
1536 1649 1649 1721 (74)
1684 1649 1956 1707 redivivus

370 1739 686 1808 putabitur?
712 1738 818 1804 An,
849 1748 907 1794 ut
928 1754 1070 1809 saepe
1093 1740 1205 1807 jam
1225 1739 1488 1806 diximus,
1521 1744 1953 1812 patriarcharum

371 1831 618 1901 eonjugia
650 1833 941 1900 mysticum
971 1832 1190 1902 aliquod
1228 1833 1477 1888 indicant
1512 1835 1961 1890 sacramentum?

373 1923 527 1978 Sicut
548 1931 601 1977 et
629 1923 746 1989 ille,
793 1924 884 1994 qui
915 1901 1130 1980 dicebat
1157 1927 1223 1981 de
1251 1926 1526 1996 sapientia
1559 1926 1637 1982 “2
1673 1928 1830 1981 Hanc
1859 1945 1953 1998 ego
1986 1901 2028 1955 Β

372 2015 594 2084 rogitavi
622 2030 839 2070 uxorem
867 2016 1132 2070 adducere
1170 2018 1324 2072 mihi.
1364 2017 1638 2073 Fortassis
1672 2033 1807 2089 ergo
1840 2019 1953 2089 jam

374 2118 502 2165 tunc
529 2119 584 2166 et
608 2111 882 2167 Abraham
912 2112 1092 2167 simile
1121 2112 1325 2182 aliquid
1361 2114 1639 2184 cogitavit,
1672 2122 1726 2168 et
1759 2129 1953 2184 quam-

368 2202 454 2256 vis
477 2213 621 2258 esset
653 2202 891 2270 sapiens,
934 2203 1040 2259 hoc
1068 2204 1182 2275 ipso
1213 2212 1393 2259 tamen
1424 2204 1649 2270 sciebat,
1687 2206 1833 2276 quod
1866 2220 1956 2260 sa-

372 2292 586 2363 pientiae
603 2293 780 2350 nullus
805 2304 888 2350 est
910 2295 1054 2363 ﬁnis,
1088 2312 1186 2352 nec
1217 2296 1457 2352 discendi
1490 2296 1779 2353 terminum
1807 2313 1957 2354 sene.

368 2393 490 2439 ctus
530 2383 777 2453 imponit.
816 2383 917 2450 Qui
964 2385 1109 2439 enim
1141 2387 1429 2441 consuevit
1466 2401 1532 2443 eo
1575 2386 1734 2443 modo
1770 2385 1954 2443 sortiri

369 2474 805 2539 matrimonium,
832 2490 938 2546 quo
962 2477 1030 2531 de
1059 2478 1175 2546 ipso
1204 2478 1457 2547 superius
1488 2478 1872 2545 indicavimus,
1901 2478 1953 2534 id

374 2572 460 2619 est
504 2565 596 2634 qui
631 2566 894 2621 virtutem
928 2567 1129 2622 habere
1162 2569 1216 2622 in
1249 2568 1505 2639 conjugio
1543 2570 1708 2636 solet,
1735 2572 1953 2640 quando

370 2664 548 2725 potest
573 2657 641 2714 ab
664 2657 1041 2729 hujuscemodi
1069 2674 1286 2715 cessare
1314 2660 1608 2731 coniugio?
1636 2662 1785 2717 Sarm
1808 2678 1955 2716 nam-

368 2761 475 2817 que
501 2748 774 2816 dormitio,
806 2750 1024 2806 virtutis
1049 2760 1133 2807 est
1158 2753 1504 2823 mtelligenda
1529 2755 1949 2809 consummatio.

369 2841 470 2906 Qui
535 2855 663 2896 vero
707 2852 1097 2899 consummata:
1139 2856 1195 2900 et
1251 2845 1505 2914 perfectae
1556 2846 1777 2901 virtutis
1826 2856 1950 2915 est,

369 2946 585 3001 semper
610 2948 833 2989 necesse
862 2944 942 2989 est
971 2945 1028 2989 ut
1061 2935 1114 2989 in
1148 2936 1327 3005 aliqua
1352 2938 1657 2995 eruditione
1681 2950 1949 2997 versetur.

369 3018 542 3085 Quam
593 3020 954 3076 eruditionem
1015 3020 1298 3092 conjugem
1352 3024 1473 3093 ejus
1507 3040 1690 3080 sermo
1733 3027 1951 3083 divinus

369 3110 621 3180 appellat.
649 3111 956 3167 Secundum
986 3113 1087 3167 hoc
1115 3123 1244 3181 puto
1274 3117 1418 3185 quod
1450 3127 1504 3171 et
1530 3118 1579 3172 in
1606 3117 1722 3188 lege
1753 3120 1949 3175 caelebs

2062 648 2115 701 in
2145 655 2387 702 stercore
2438 642 2609 700 fetido
2640 642 2977 697 volutantur.
3022 640 3087 695 Et
3119 642 3283 696 David
3314 657 3377 697 ex
3413 658 3640 712 persona

2061 738 2369 807 peccatoris
2415 735 2738 807 pmnitentis
2786 734 2916 789 dicit
2961 732 3052 786 δίε
3092 730 3536 802 Computruerunt
3590 746 3639 789 et

2059 846 2227 884 caestv
2253 838 2374 883 sunt
2405 828 2674 883 cicatrices
2716 843 2865 880 mete.

2130 923 2185 976 2.
2216 921 2273 976 Si
2300 921 2422 991 quis
2445 935 2578 990 ergo
2609 927 2854 973 vestrum
2892 927 2976 972 est
2999 957 3013 981 ,
3050 917 3103 971 in
3128 930 3234 987 quo
3267 918 3401 971 odor
3429 915 3639 986 peccati

2052 1013 2166 1083 jam
2200 1013 2380 1068 nullus
2411 1021 2530 1077 est,
2564 1011 2655 1066 sed
2689 1011 2823 1064 odor
2846 1009 3070 1079 justitite
3094 1049 3107 1073 ,
3141 1008 3381 1063 suavitas
3417 1009 3639 1063 miseri-

2060 1103 2279 1169 cordiae,
2309 1105 2355 1159 si
2386 1103 2507 1173 quis
2533 1104 2652 1157 sine
2690 1102 3094 1156 intermissione
3125 1103 3329 1155 orando
3357 1100 3511 1155 offert
3544 1102 3642 1155 Do-

2060 1197 2210 1263 mino
2246 1209 2461 1266 semper
2493 1196 2798 1258 incensum,
2829 1199 2882 1246 et
2914 1192 3048 1246 dicit
3070 1193 3116 1224 ⁵³
3144 1210 3158 1245 :
3196 1191 3479 1261 Dirigatur
3503 1207 3631 1244 ora-

2060 1290 2131 1342 tio
2168 1303 2284 1341 mea
2333 1286 2466 1341 sicut
2517 1288 2785 1340 incensum
2817 1288 2871 1339 in
2922 1292 3204 1353 conspectu
3243 1293 3373 1348 tuo,
3424 1282 3639 1336 elevatia

2060 1393 2313 1431 manuum
2361 1392 2597 1430 mearum
2625 1376 2951 1443 sacriﬁcium
2990 1374 3333 1444 vespertinum
3358 1413 3373 1439 ,
3417 1373 3507 1426 hic
3536 1370 3641 1426 Ce-

2061 1470 2279 1523 thuram
2308 1468 2464 1523 duxit
2494 1484 2741 1523 uxorem.
2784 1469 2877 1524 Sic
2903 1482 3034 1538 ergo
3077 1482 3266 1522 senmn
3316 1463 3533 1534 nuptias
3565 1462 3642 1516 in-

2059 1560 2348 1630 terpretari
2394 1559 2609 1628 dignius
2645 1569 2773 1628 puto
2798 1600 2814 1623 ,
2854 1560 2933 1614 sic
2979 1559 3208 1629 pulchre
3244 1557 3374 1613 inita
3411 1555 3643 1625 patriar-

2058 1654 2286 1709 charum
2320 1652 2374 1706 in
2405 1652 2593 1706 ultima
2622 1653 2729 1721 iam
2756 1661 2813 1706 et
2841 1651 3047 1705 defecta
3071 1659 3230 1705 aetate
3256 1649 3527 1720 eonjugia,
3560 1648 3640 1703 sic

2058 1743 2397 1798 necessarias
2429 1741 2661 1796 ﬁliorum
2706 1740 3117 1811 procreationes
3155 1739 3410 1794 existimo
3444 1753 3639 1792 nume-

2060 1836 2275 1890 randas.
2306 1834 2387 1888 Ad
2425 1834 2559 1888 tales
2586 1834 2731 1888 enim
2760 1834 2974 1902 nuptias
3001 1841 3053 1886 et
3083 1830 3456 1898 hujuscemodi
3488 1831 3641 1884 sobo-

2059 1929 2164 1983 lem
2192 1969 2208 1995 ,
2262 1942 2369 1982 non
2408 1927 2479 1981 ita
2515 1926 2746 1995 juvenes
2778 1935 2838 1980 ut
2876 1939 3036 1980 senes
3068 1924 3179 1994 apti
3229 1931 3377 1978 sunt.
3426 1921 3640 1987 Quanto

2058 2022 2204 2078 enim
2238 2021 2365 2090 quis
2410 2034 2578 2075 carne
2610 2017 2731 2089 plus
2770 2016 2944 2072 fessus
2991 2026 3105 2079 est,
3143 2022 3292 2068 tanto
3338 2013 3442 2068 erit
3473 2013 3640 2065 animi

2057 2116 2258 2170 virtute
2296 2111 2577 2167 robustior
2602 2151 2617 2176 ,
2646 2122 2700 2166 et
2731 2109 3009 2178 sapientia:
3038 2105 3405 2177 complexibus
3444 2107 3639 2173 aptior.

2060 2207 2152 2264 Sic
2194 2215 2247 2263 et
2271 2206 2360 2261 ille
2401 2204 2455 2259 in
2501 2203 2802 2273 Scripturis
2833 2202 2879 2234 ⁵³
2910 2202 2994 2255 vir
3016 2202 3194 2272 justus
3236 2200 3473 2254 Elchana
3505 2198 3641 2252 duas

2057 2301 2220 2357 simul
2270 2300 2509 2357 refertur
2537 2297 2794 2353 habuisse
2841 2310 3075 2362 uxores,
3120 2308 3349 2363 quarum
3398 2308 3502 2346 una
3539 2292 3643 2346 Fe-

2057 2407 2277 2460 nenna,
2328 2390 2431 2445 alia
2499 2389 2654 2443 Anna
2722 2386 3047 2447 dicebatur,
3104 2384 3156 2439 id
3210 2391 3295 2439 est
3355 2382 3641 2437 conversio

2058 2494 2113 2541 et
2168 2484 2345 2555 gratia
2394 2480 2531 2555 (76).
2573 2480 2640 2534 Et
2681 2480 2858 2549 primo
2898 2477 3115 2547 quidem
3176 2474 3374 2529 dicitur
3423 2475 3489 2529 de
3537 2472 3642 2527 Fe-

2059 2592 2236 2632 uenna
2281 2575 2422 2630 ﬁlios
2475 2571 2805 2641 suscepisse,
2852 2570 2905 2624 id
2947 2578 3029 2625 est
3069 2568 3138 2624 de
3175 2567 3550 2630 conversione,
3583 2572 3641 2617 et

2055 2668 2400 2743 postmodum
2462 2668 2527 2723 de
2570 2666 2760 2729 A'una,
2817 2678 2935 2734 qua:
2981 2672 3066 2718 est
3115 2660 3310 2732 gratia.
3355 2658 3639 2713 Profectus

2055 2761 2255 2818 etenim
2300 2768 2616 2816 sanetorum
2661 2758 2941 2825 Scriptura
3012 2752 3313 2825 figuraliter
3370 2764 3467 2820 per
3508 2763 3641 2802 con-

2048 2854 2198 2925 jugia
2244 2853 2513 2922 designat.
2556 2850 2713 2907 Unde
2754 2858 2807 2903 et
2846 2858 2900 2903 tu
2931 2856 3106 2917 potes,
3142 2846 3187 2901 si
3229 2846 3333 2910 vis,
3388 2843 3642 2913 hujusce-

2054 2946 2201 3003 modi
2232 2944 2552 3015 nuptiarum
2586 2941 2815 2995 maritus
2841 2938 3130 3003 exsistere,
3172 2944 3247 3002 et,
3274 2934 3423 2989 verbi
3450 2947 3639 2997 causa,

2054 3042 2099 3095 si
2150 3036 2574 3107 hospitalitatem
2617 3033 2849 3087 libenter
2885 3042 3129 3091 exerces,
3181 3028 3320 3081 hanc
3366 3024 3461 3078 tibi
3510 3037 3644 3075 con-

2047 3130 2230 3200 jngem
2284 3124 2556 3182 videberis
2617 3120 3004 3189 assumpsisse.
3069 3116 3206 3170 lluic
3263 3114 3307 3169 si
3364 3111 3641 3167 addideris

368 3211 423 3257 et
454 3202 656 3258 sterilis
682 3204 967 3259 maledicto
1003 3205 1277 3271 subjacet.
1312 3207 1454 3263 Dicit
1486 3213 1667 3265 enim:
1725 3212 1954 3266 Maledi-
1979 3285 2013 3294 _
2046 3234 2341 3294 pauperum
2402 3231 2586 3272 curam
2635 3253 2651 3277 ,
2709 3212 3003 3267 secundam
3069 3206 3348 3263 videberis
3412 3205 3641 3258 surlilus

368 3304 483 3348 ctus
506 3295 596 3365 qui
626 3312 728 3350 non
756 3296 1022 3367 reliquerit
1048 3314 1223 3353 semen
1252 3300 1307 3353 in
1343 3299 1537 3357 Israel.
1571 3302 1723 3369 Quod
1755 3305 1800 3358 si
1832 3307 1945 3362 lucc
1973 3285 2016 3342 δ
2050 3285 2300 3371 uxorem.
2330 3307 2489 3376 Quod
2514 3307 2561 3361 si
2602 3316 2657 3360 et
2698 3303 3015 3373 patientiam
3047 3300 3143 3355 tibi
3166 3298 3366 3368 jungas
3402 3305 3457 3352 et
3487 3310 3640 3351 man-

367 3386 436 3443 de
470 3387 677 3442 carnali
722 3390 928 3444 semine
963 3390 1067 3444 dici
1111 3398 1411 3459 putentur,
1457 3408 1646 3449 omnes
1685 3394 1946 3452 Ecclesiae

365 3479 607 3549 virgines
639 3480 743 3536 sub
789 3482 1077 3539 maledicto
1114 3483 1303 3554 positae
1333 3485 1684 3542 videbuntur.
1718 3489 1785 3543 Et
1814 3489 1944 3558 quid

366 3570 434 3625 de
457 3571 712 3628 Ecclesiae
741 3571 1039 3643 virginibus
1066 3576 1220 3632 dico?
1252 3576 1372 3649 Ipse
1400 3576 1657 3647 Joannes,
1688 3596 1796 3651 quo
1827 3597 1946 3636 rna-

361 3659 451 3728 jor
476 3661 619 3717 inter
654 3674 811 3720 natos
841 3666 1128 3722 mulierum
1159 3683 1321 3725 nemo
1353 3671 1456 3725 fuit
1484 3670 1560 3737 ‘7,
1600 3680 1655 3727 et
1684 3672 1777 3728 alii
1819 3688 1946 3729 san-

365 3763 578 3810 ctorum
605 3754 823 3824 plurimi
847 3797 862 3821 ,
890 3772 1074 3815 semen
1096 3765 1393 3820 secundum
1419 3778 1639 3819 carnem
1678 3780 1781 3819 non
1814 3766 1944 3821 reli-

368 3854 628 3912 querunt,
653 3848 849 3919 quippe
879 3849 969 3916 qui
1007 3865 1109 3905 nec
1140 3852 1325 3909 iniisse
1352 3854 1569 3923 quidem
1594 3856 1943 3913 matrimonia

371 3936 701 3993 referuntur.
738 3939 846 3996 Sed
880 3948 937 3996 et
970 3951 1179 3997 eertum
1214 3954 1298 3999 est
1334 3945 1455 4001 illos
1486 3948 1731 4015 spiritale
1759 3964 1944 4004 semen

368 4035 420 4078 et
438 4027 713 4095 Spiritalcs
742 4029 882 4085 ﬁlios
902 4031 1209 4100 reliquisse,
1227 4044 1282 4090 et
1307 4035 1562 4093 habuisse
1587 4055 1945 4108 unumquem-

362 4130 470 4207 que
525 4116 811 4188 conjugem
864 4122 1224 4191 sapientiam,
1286 4127 1426 4184 sicut
1482 4139 1537 4186 et
1591 4132 1792 4193 Paulus
1848 4153 1947 4207 per

362 4205 713 4277 Evangelium
753 4210 893 4268 ﬁlios
930 4214 1224 4283 generabat
1249 4215 1314 4269 “.
1353 4218 1577 4289 Accepit
1613 4239 1743 4296 ergo
1778 4205 1944 4287 senex

360 4299 592 4355 emortui
632 4301 745 4370 jam
792 4304 1036 4373 corporis
1060 4304 1339 4361 Abraham
1373 4308 1666 4368 Cethuram
1697 4332 1944 4376 uxorem.

368 4387 481 4459 Ego
511 4398 642 4459 puto
677 4392 973 4448 secundum
1006 4395 1168 4464 hanc,
1203 4413 1365 4470 quam
1396 4416 1558 4471 supra
1596 4407 1948 4473 exposuimus

369 4480 658 4547 rationem,
685 4484 829 4552 quod
858 4486 1052 4543 melius
1078 4496 1205 4545 tunc
1241 4507 1379 4546 uxor
1401 4493 1696 4563 accipitur,
1727 4498 1947 4565 quando

367 4581 677 4629 emortuum
742 4590 942 4646 corpus
995 4588 1116 4648 est,
1176 4584 1397 4651 quando
1442 4585 1773 4641 mortiﬁcata
1820 4600 1946 4642 sunt

370 4666 630 4721 membra.
657 4664 826 4736 Major
847 4671 993 4725 enim
1015 4673 1081 4727 ad
1111 4674 1433 4743 sapientiam
1464 4676 1720 4731 sensibus
1745 4680 1948 4735 nostris

364 4758 639 4824 capacitas
664 4758 777 4829 90
800 4759 961 4829 inest,
988 4765 1206 4833 quando
1229 4766 1580 4823 mortiﬁcatio
1601 4768 1806 4824 Christi
1838 4770 1947 4825 cir-

366 4847 670 4904 cumfertur
717 4852 773 4905 in
807 4867 1035 4923 corpore
1084 4865 1274 4911 nostro
1320 4859 1538 4913 mortali
1590 4859 1658 4915 ‘9.
1704 4861 1947 4931 Denique

293 5009 299 5013 _
364 4937 605 4995 Cethura
635 4955 797 5010 quam
829 4960 972 5000 nunc
998 4960 1163 5001 senex
1183 4948 1462 5004 Abraham
1490 4952 1717 5005 sortitur
1742 4952 1794 5006 in
1828 4969 1945 5006 ma-

368 5029 716 5099 trimonium,
747 5034 1037 5103 thymiama
1088 5038 1481 5107 interpretatur
1514 5041 1659 5112 (75),
1689 5044 1831 5112 quod
1861 5052 1945 5098 est

367 5118 650 5175 incensum
683 5162 699 5187 ,
732 5125 815 5179 vel
865 5125 1037 5182 bonus
1064 5128 1330 5185 oden-Et
1376 5132 1491 5200 ipse
1538 5134 1682 5187 enim
1731 5133 1945 5188 dicebat

368 5214 509 5267 sicut
540 5213 738 5271 Paulus
764 5218 901 5273 dixit
926 5219 993 5285 ⁵ο,
1019 5222 1144 5289 quia
1175 5221 1376 5278 Christi
1399 5225 1563 5280 bonus
1586 5226 1718 5280 odor
1743 5243 1947 5280 surptus.

364 5306 650 5372 Quomodo
689 5316 868 5363 autem
917 5312 1040 5380 quis
1083 5313 1287 5369 Christi
1314 5316 1490 5372 bonus
1533 5317 1669 5372 odor
1698 5318 1949 5383 edicitur,

364 5397 664 5453 videamus.
713 5399 1003 5457 Peccatum
1053 5418 1141 5459 res
1179 5411 1264 5461 est
1311 5405 1497 5463 fetida.
1554 5408 1793 5478 Denique
1825 5425 1949 5479 pec-

433 5509 637 5585 ts‘SaLp.
673 5528 794 5579 vm,
823 5513 876 5569 9.
920 5515 1208 5585 κενΜειιιΙι⁸
1239 5535 1318 5585 xt,
1352 5521 1436 5575 12.

358 5579 414 5638 6.
491 5582 536 5614 ⁸³
565 5582 703 5636 Psal.
730 5598 872 5650 cum,
908 5584 962 5638 2.
1041 5588 1086 5619 ⁵³
1116 5588 1137 5642 ι
1167 5579 1314 5659 Ιὶυςί
1334 5607 1371 5644 ι.

433 5675 545 5755 (7t)
578 5675 652 5730 Ita
691 5693 825 5755 mss.
852 5680 1008 5755 editi,
1061 5699 1091 5735 a
1122 5682 1360 5740 libidine.
1410 5685 1580 5741 Paulo
1614 5697 1733 5755 post
1763 5689 1892 5743 editi
1923 5728 1943 5754 ,

361 5748 635 5823 mysticum
662 5748 863 5819 aliquid
893 5749 1133 5806 indicant
1165 5764 1212 5807 et
1253 5767 1545 5811 sacratum.
1581 5748 1688 5812 Sed
1724 5776 1853 5814 mss.
1882 5748 1942 5813 ut.

360 5829 417 5870 ιη
457 5826 640 5870 11081Γο
674 5828 843 5872 textu.

429 5884 543 5958 (75)
596 5887 831 5945 Cethura
889 5890 1179 5960 thymiama
1225 5894 1617 5966 interpretatur
1678 5914 1709 5953 a
1759 5899 1942 5956 radice

1515 5520 1558 5553 ‘8
1587 5520 1606 5573 Ι
1634 5522 1759 5576 Cor.
1790 5538 1861 5587 Iv,
1902 5522 1985 5578 15.
2028 5522 2072 5555 ’⁵³
2097 5521 2137 5577 ll
2168 5523 2294 5578 Cor.
2336 5538 2408 5590 IV,
2446 5522 2533 5577 l0.

1447 5591 1493 5623 ⁸⁵
1522 5591 1586 5645 111
1615 5592 1850 5662 Paralip.
1882 5609 1920 5659 ι,
1948 5594 2036 5649 12.

2053 3404 2419 3465 suetudinem,
2466 3406 2803 3465 craterasque
2846 3394 3096 3458 virtutes,
3141 3401 3221 3448 tot
3247 3390 3517 3446 videberis
3551 3406 3644 3445 ac-

2052 3498 2265 3566 cepisse
2308 3505 2533 3553 usores,
2581 3496 2717 3557 quot
2758 3486 3055 3539 virtutibus
3095 3482 3318 3554 gaudes.
3348 3482 3476 3536 Inde
3511 3496 3642 3551 ergo

2050 3600 2135 3647 est
2189 3586 2332 3656 quod
2382 3580 2673 3637 nonnullos
2728 3577 3168 3647 patriarcharum
3233 3574 3395 3628 simul
3456 3573 3642 3641 plures

2054 3680 2307 3737 habuisse
2350 3674 2630 3744 coniuges,
2678 3671 2814 3726 alios
2859 3668 3132 3726 defunctis
3177 3667 3453 3738 prioribus
3485 3682 3643 3721 accc-

2051 3776 2199 3846 pisse
2273 3770 2452 3835 alias,
2525 3765 2810 3835 Scriptura
2882 3771 3277 3818 commemorat
3330 3778 3344 3814 :
3398 3769 3457 3814 ut
3510 3758 3639 3812 illud

2055 3866 2354 3938 ﬁguraliter
2383 3861 2675 3923 indicetur,
2708 3856 2849 3926 quod
2876 3855 3093 3924 quidam
3131 3854 3312 3922 plures
3336 3852 3492 3906 simul
3518 3864 3640 3921 pos-

2055 3968 2183 4015 sunt
2229 3967 2490 4011 exercere
2553 3951 2829 4012 virtutes,
2882 3946 2974 4001 alii
3023 3960 3129 4000 non
3187 3945 3335 4014 prius
3391 3957 3511 4011 quae
3551 3956 3639 3996 ses

2051 4057 2293 4121 quuntur
2344 4044 2587 4114 incipere
2621 4080 2636 4105 ,
2697 4053 2858 4110 quam
2922 4035 3107 4106 priora
3168 4033 3525 4104 perduxerint
3570 4033 3638 4085 ad

2053 4140 2380 4209 perfectum.
2411 4136 2539 4190 Inde
2570 4132 2805 4201 denique
2846 4129 3104 4185 Salomon
3145 4127 3326 4194 plures
3351 4124 3514 4179 simul
3545 4123 3637 4177 ba»

2052 4233 2237 4287 buisse
2284 4228 2518 4284 refertur
2563 4238 2761 4277 uxores
2795 4261 2810 4285 ,
2857 4221 2943 4276 cui
2986 4220 3203 4274 dixerat
3246 4216 3508 4271 Dominus
3547 4214 3638 4267 “t

2056 4316 2278 4385 Sapiens
2313 4321 2433 4365 ante
2473 4322 2520 4364 te
2564 4327 2666 4364 non
2714 4310 2813 4377 fuit
2858 4307 3019 4370 talis,
3047 4317 3093 4360 et
3136 4316 3252 4373 post
3296 4316 3345 4358 te
3387 4321 3489 4357 non
3516 4304 3635 4357 erit.

2055 4404 2192 4470 Quia
2232 4418 2364 4473 ergo
2404 4402 2631 4456 dederat
2685 4403 2735 4454 ei
2778 4398 3038 4454 Dominus
3078 4396 3473 4450 multitudinem
3510 4409 3639 4463 pru-

2054 4498 2254 4552 dentia:
2281 4537 2296 4562 ,
2333 4496 2478 4551 sicut
2523 4509 2690 4550 arena
2738 4504 2820 4548 est
2869 4492 3038 4546 maris
3064 4531 3079 4557 ,
3133 4499 3192 4544 ut
3232 4488 3501 4558 judicarct
3542 4504 3639 4558 ρυ-

2057 4592 2238 4661 pulmn
2281 4605 2437 4645 suum
2485 4589 2537 4642 in
2586 4588 2890 4657 sapientia,
2941 4586 3065 4642 ideo
3107 4584 3289 4655 plures
3332 4583 3496 4637 simul
3545 4598 3637 4653 po-

2054 4691 2198 4738 terat
2242 4696 2501 4737 exercere
2559 4681 2810 4735 virtutes.
2878 4679 3023 4734 Sane
3066 4689 3268 4749 praeter
3309 4676 3445 4741 hoc,
3494 4677 3639 4745 quod

2053 4790 2119 4831 ex
2158 4774 2276 4844 lege
2310 4773 2405 4828 Dei
2449 4775 2777 4837 educentur,
2826 4773 2873 4826 si
2916 4772 3082 4827 ctiam
3125 4788 3192 4827 ex
3235 4769 3320 4825 his
3370 4769 3638 4823 eruditio-

2054 4866 2247 4927 nibus,
2291 4879 2411 4933 quae
2456 4864 2801 4917 extrinsecus
2844 4862 3101 4916 videntur
3144 4875 3264 4916 esse
3312 4861 3364 4914 in
3415 4860 3637 4923 saeculo,

2012 4941 2264 5024 'aliquas
2304 4955 2676 5026 contigimus;
2727 4954 2877 5008 verbi
2921 4968 3110 5018 causa,
3162 4962 3221 5007 ut
3266 4960 3351 5007 est
3400 4952 3639 5005 eruditio

2053 5049 2382 5109 litterarum,
2408 5048 2490 5101 vel
2525 5047 2659 5101 artis
2678 5046 3081 5116 grammaticae,
3109 5054 3168 5099 ut
3190 5054 3273 5100 est
3306 5045 3636 5112 geometrica

2053 5142 2329 5207 doctrina,
2372 5141 2457 5194 vel
2505 5139 2646 5193 ratio
2699 5155 3075 5205 numerorum,
3120 5138 3205 5192 vel
3249 5138 3414 5192 etiam
3462 5137 3635 5191 diale-

2053 5237 2190 5286 etica
2233 5230 2563 5301 disciplina;
2615 5238 2670 5284 et
2714 5230 2827 5284 haec
2872 5231 3055 5283 omnia
3105 5229 3448 5283 extrinsecus
3487 5242 3637 5292 qtue-

2054 5323 2197 5385 sita,
2253 5321 2321 5375 ad
2382 5328 2570 5374 nostra
2628 5319 2878 5374 instituta
2927 5319 3315 5388 perducimus,
3367 5326 3533 5385 atque
3578 5316 3634 5371 in

2056 5412 2415 5467 assertionem
2466 5420 2669 5465 nostrm
2719 5410 2855 5481 legis
2905 5410 3229 5465 asciscimus
3257 5448 3272 5473 ,
3314 5417 3442 5463 tunc
3483 5407 3634 5461 vide-

2609 5523 2655 5556 ⁸ο
2684 5521 2726 5576 ll
2751 5520 2879 5577 Cor.
2910 5537 2969 5587 ll,
2996 5521 3083 5576 15.
3182 5520 3225 5552 ⁵¹
3253 5519 3396 5575 Psal.
3422 5534 3631 5587 xxxvii,

2046 5687 2481 5773 ιιεὲξεξξίοξιητορν
2511 5686 2993 5773 ααετζερέξεδιείιῖςεετ

2120 5759 2232 5825 (Ἰόὶ
2282 5754 2533 5811 Fene'nna
2582 5758 2782 5810 dicitur
2830 5754 3053 5823 Urigeni
3092 5755 3357 5808 conversio
3385 5771 3415 5810 a
3459 5757 3630 5810 verba

2052 5836 2181 5887 mn.
2225 5828 2448 5894 aspexit,
2496 5826 2770 5887 convertit,
2810 5827 2965 5878 Anna
3010 5841 3139 5879 vero
3172 5828 3344 5893 gratia
3384 5842 3414 5880 a
3449 5828 3624 5882 radice

2054 5908 2190 5983 Jjn,
2213 5898 2437 5971 gratiam
2466 5897 2625 5967 fecit,
2658 5896 2973 5967 misericors,
3001 5898 3263 5964 gratiosus
3291 5896 3415 5967 fuit.
