4132 6468
454 387 565 445 223

1957 401 2289 460 ORIGENIS'

3613 418 3722 481 22“.

461 518 643 574 bimur
682 516 765 571 vel
796 516 1129 589 alienigenas
1166 518 1217 573 in
1264 518 1677 575 matrimonium
1723 522 2043 591 sumpsisse,

2153 521 2318 575 donet
2348 518 2488 573 hanc
2521 516 2981 586 benedictionem,
3029 531 3087 576 ut
3121 520 3365 578 habitare
3400 539 3609 583 merear
3642 535 3710 590 ad

460 610 545 666 vel
584 611 751 664 etiam
794 611 1156 666 concubinas.
1207 612 1273 666 Et
1315 615 1358 667 si
1400 614 1466 669 de
1515 614 1882 683 hujuscemodi
1913 630 2039 668 eon-

456 702 620 771 jugiis
660 703 1019 771 disputando,
1062 704 1375 760 disserendo
1419 706 1554 776 (77),
1600 708 2040 763 contradicentes

461 794 870 862 redarguendo,
935 806 1255 851 convertere
1322 798 1533 866 aliquos
1605 800 1905 868 poterimus
1972 802 2040 854 ad

463 883 642 949 ﬁdem,
683 894 740 939 et
788 885 831 938 si
877 887 991 940 suis
1038 901 1131 941 eos
1171 887 1475 942 rationibus
1515 898 1569 942 et
1618 889 1827 944 artibus
1876 905 2040 959 supe-

461 984 680 1042 rantes,
715 991 898 1030 veram
935 978 1334 1046 philosophiam
1380 981 1580 1036 Christi
1625 992 1681 1035 et
1704 996 1887 1037 veram
1923 983 2041 1052 pie-

464 1073 626 1120 tatem
655 1068 746 1120 Dei
780 1069 1059 1137 suscipere
1089 1073 1453 1127 suaserimus:
1502 1085 1629 1130 tunc
1651 1091 1717 1130 ev
1752 1077 2039 1132 dialectica

460 1157 546 1210 vel
593 1159 865 1212 rhetorica
913 1161 1222 1216 videbimur
1265 1165 1418 1232 quasi
1462 1181 1527 1220 ex
1575 1168 1877 1239 alienigena
1913 1185 2041 1238 qua-

461 1247 628 1313 dam,
688 1250 772 1305 vel
815 1253 1161 1318 concubina,
1220 1254 1361 1310 ﬁlios
1414 1259 1690 1326 genuisse.
1742 1260 1914 1331 lgitur
1973 1263 2038 1315 ad

466 1341 598 1395 tales
647 1344 861 1411 nuptias
892 1387 906 1412 ,
951 1346 1033 1399 vel
1090 1348 1156 1400 ad
1202 1348 1579 1415 hujuscemodi
1632 1352 1773 1407 ﬁlios
1816 1368 2039 1423 procre-

462 1434 667 1498 andos,
708 1448 804 1503 per
849 1448 1126 1493 senectam
1182 1441 1359 1496 nulltts
1408 1442 1739 1505 excluditur,
1788 1445 1897 1499 imo
1940 1460 2037 1513 po-

466 1524 569 1578 tius
614 1527 725 1579 hmc
756 1541 906 1582 casta
955 1533 1239 1601 progenies
1286 1544 1514 1588 maturae
1552 1536 1697 1589 aetati
1746 1536 1864 1605 plus
1905 1551 2038 1591 con-

462 1616 627 1670 venit.
668 1619 817 1673 Sicut
862 1632 917 1675 et
959 1639 1099 1678 nunc
1136 1625 1406 1679 Abraham
1450 1627 1774 1696 grandmvus
1804 1669 1819 1692 ,
1869 1638 1948 1693 et,
1979 1639 2038 1684 ut

464 1707 745 1779 Scriptura
779 1712 914 1766 dicit
933 1715 979 1745 ⁸⁵
1005 1754 1019 1776 ,
1040 1732 1199 1770 scum:
1218 1728 1264 1771 et
1282 1718 1469 1787 plenus
1504 1721 1709 1775 dierum
1741 1722 2036 1777 Cethuram

462 1802 609 1856 ducit
646 1818 891 1858 uxorem.
928 1806 1033 1861 Sed
1086 1824 1151 1863 ne
1188 1812 1288 1865 hoc
1322 1813 1537 1880 quidem
1580 1814 1751 1869 latere
1799 1830 1898 1870 nos
1943 1815 2037 1870 de-

460 1893 554 1947 bet
597 1910 660 1948 ex
694 1896 776 1950 his
812 1912 931 1966 qua:
965 1913 1061 1967 per
1096 1900 1381 1955 historiam
1438 1904 1755 1959 referuntur
1779 1947 1793 1969 ,
1827 1921 1947 1975 qua:
1983 1916 2039 1961 et

459 1986 650 2052 quales
679 1988 786 2041 sint
815 1991 1195 2059 generationes
1214 2035 1228 2058 ,
1259 2010 1378 2064 quae
1410 2009 1472 2049 ex
1507 1997 1621 2065 ipsa
1649 2009 2036 2067 propagantur.

464 2076 520 2129 Si
553 2079 695 2132 enim
733 2080 925 2135 horum
970 2085 1379 2142 meminerimus
1407 2128 1421 2151 ,
1462 2088 1675 2143 facilius
1714 2090 1779 2144 de
1814 2092 2040 2146 diversis

463 2170 716 2237 gentibus
767 2186 886 2240 qua:
940 2173 992 2226 in
1043 2171 1344 2243 Scripturis
1392 2177 1687 2243 dicuntur,
1741 2182 2041 2249 poterimus

464 2274 802 2329 agnoscere:
841 2264 991 2318 verbi
1018 2281 1202 2331 causa,
1238 2278 1296 2322 ut
1327 2283 1448 2323 cum
1485 2271 1683 2325 dicitur
1713 2276 1855 2341 quod
1895 2274 2042 2348 Moy-

461 2369 550 2408 ses
574 2356 782 2423 accepit
812 2372 1035 2411 uxorem
1067 2359 1229 2413 ﬁliam
1260 2358 1451 2416 Jelhro
1478 2364 1774 2419 sacerdotis
1805 2365 2037 2434 Madian,

464 2446 554 2510 qui
587 2444 798 2500 Madian
830 2448 1102 2503 invenitur
1132 2449 1277 2504 ﬁlius
1307 2450 1477 2506 fuisse
1504 2452 1754 2509 Cethura:
1784 2466 1839 2509 et
1868 2457 2041 2511 Abra-

463 2534 587 2587 ham
619 2535 685 2589 ⁸⁶.
718 2536 1078 2605 Agnosciinus
1110 2555 1262 2609 ergo,
1306 2544 1449 2612 quod
1484 2559 1623 2597 uxor
1660 2545 1828 2616 Moysi
1858 2561 1920 2601 ex
1956 2564 2042 2603 se-

469 2629 615 2679 mine
645 2626 920 2684 Abraham
952 2630 1043 2695 sit,
1074 2640 1125 2686 et
1162 2649 1266 2686 non
1303 2634 1466 2689 fuerit
1492 2636 1819 2703 alienigena.
1851 2640 1955 2694 Sed
1987 2650 2041 2695 et

464 2731 589 2771 cum
625 2723 887 2778 scribitur
921 2727 1104 2795 regina
1146 2728 1339 2793 Cedar,
1377 2731 1657 2785 sciendum
1692 2732 2042 2789 nihilominus

469 2820 573 2873 est,
610 2815 754 2881 quod
784 2824 837 2868 et
866 2817 1042 2871 (.‘edar
1071 2834 1134 2873 ex
1172 2821 1284 2889 ipso
1312 2837 1508 2891 genere
1534 2822 1786 2879 Cethuraa
1816 2826 2044 2880 descen-

467 2905 558 2958 dat
605 2915 660 2960 et
709 2909 1004 2964 Abraham.
1041 2913 1146 2966 Sed
1179 2924 1232 2968 et
1279 2915 1331 2968 in
1372 2918 1815 2985 generationibus
1848 2919 2042 2975 lsmael

463 2996 657 3049 similia
700 2999 963 3056 invenies.
1003 3003 1148 3069 Quas
1183 3005 1226 3058 si
1265 3006 1550 3077 diligenter
1581 3007 1880 3075 intuearis,
1923 3010 2043 3079 plu-

465 3088 633 3143 rimas
672 3090 722 3145 in
761 3093 844 3146 his
884 3109 999 3159 qua:
1044 3105 1269 3151 creteros
1316 3096 1489 3153 latent
1543 3100 1797 3154 historias
1853 3102 2042 3171 depre-

2142 614 2363 674 puteum
2413 606 2666 660 visionis!
2708 606 2840 674 Quis
2896 618 3074 678 potest
3131 612 3273 668 scire
3319 624 3373 668 et
3424 615 3717 686 intelligere

2143 713 2262 768 quae
2300 708 2382 752 est
2413 699 2571 766 visio,
2605 714 2765 768 quam
2799 701 2933 754 vidit
2960 700 3122 757 Isaias
3159 705 3299 761 ﬁlius
3333 707 3542 761 Amos?
3583 710 3715 775 Quis

2142 799 2323 859 potest
2339 791 2484 845 scire
2509 808 2629 861 qua:
2666 800 2748 845 est
2774 793 2911 847 visio
2952 792 3160 849 Nautn?
3182 797 3316 864 Quis
3346 807 3527 866 potest
3554 800 3715 852 intel»

2142 882 2311 951 ligcre
2344 883 2775 951 quidcontineat
2808 883 2895 937 illa
2937 885 3072 940 visio
3103 902 3263 955 quam
3298 889 3428 941 vidit
3456 886 3623 943 Jacob
3663 890 3727 943 in

2142 977 2354 1043 Bethel,
2379 993 2502 1033 cum
2533 979 2711 1033 abiret
2738 980 2790 1033 in
2815 979 3284 1049 Mesopotamiam,
3332 986 3420 1039 ubi
3451 986 3586 1038 dixit
3625 986 3669 1016 ⁸ο
3698 1002 3715 1039 :

2144 1068 2275 1123 Hau:
2304 1078 2377 1123 est
2402 1070 2589 1123 donius
2620 1069 2738 1134 Dei,
2771 1080 2820 1123 et
2848 1082 2999 1141 porta
3029 1073 3186 1127 cazli?
3212 1076 3276 1129 Et
3307 1077 3350 1130 si
3391 1076 3514 1146 quis
3540 1086 3723 1145 potest

2141 1162 2380 1231 singulas
2411 1178 2657 1232 quasque
2694 1165 2953 1232 visiones,
3009 1167 3092 1221 vel
3143 1183 3263 1236 quas
3300 1171 3353 1223 in
3405 1170 3521 1238 lege
3564 1179 3715 1235 sunt,

2142 1253 2225 1307 vel
2259 1268 2379 1322 quze
2411 1254 2462 1307 in
2489 1255 2787 1322 prophetis,
2820 1258 2962 1311 scire
2984 1268 3035 1311 et
3073 1259 3374 1327 intelligere
3397 1301 3412 1326 ,
3448 1262 3534 1315 ille
3562 1262 3717 1315 habi-

2143 1352 2221 1398 tat
2273 1347 2338 1399 ad
2398 1358 2619 1416 puteum
2678 1348 2926 1402 visionis.
2986 1349 3191 1406 Sedet
3242 1352 3345 1407 hoc
3404 1353 3715 1419 diligentius

2141 1436 2413 1505 perspice,
2441 1436 2582 1503 quod
2613 1438 2685 1490 ita
2720 1452 2969 1507 magnam
2992 1438 3427 1495 benedictionem
3465 1443 3714 1510 accipere

2142 1542 2173 1580 a
2202 1528 2431 1581 Domino
2462 1528 2660 1582 meruit
2700 1528 2881 1592 Isaae,
2944 1537 3002 1584 ut
3057 1530 3329 1584 habitaret
3381 1533 3448 1585 ad
3495 1538 3714 1599 puteum

2141 1619 2388 1674 visionis.
2423 1618 2529 1672 Nos
2562 1634 2694 1673 vero
2742 1621 2962 1688 quando
3004 1621 3142 1677 satis
3175 1623 3371 1676 mereri
3420 1623 3725 1691 poterimus-

2141 1711 2185 1765 si
2238 1710 2381 1765 forte
2430 1710 2717 1765 transitum
2785 1711 2985 1766 habere
3037 1712 3308 1781 possimus
3355 1728 3451 1783 per
3496 1722 3715 1781 puteum

2140 1803 2386 1857 visionis.
2432 1802 2526 1860 llle
2557 1810 2736 1857 tamen
2771 1817 3091 1872 permanere
3116 1805 3312 1859 meruit
3346 1807 3394 1859 iu
3424 1806 3631 1860 visione
3662 1814 3731 1861 et“

2143 1892 2409 1957 habitare,
2446 1907 2543 1947 nos
2573 1907 2761 1962 parum
2788 1892 2914 1961 quid
2943 1893 3227 1948 illuminati
3256 1909 3349 1961 per
3382 1894 3475 1949 Dei
3503 1894 3729 1950 miseria.

2142 1986 2381 2040 cordiam
2408 1985 2632 2051 sentire,
2662 1985 2743 2039 vel
2766 1986 3031 2054 suspicari
3059 1989 3125 2039 de
3151 2001 3477 2057 unaquaque
3504 1986 3716 2041 visione

2141 2076 2229 2129 vix
2274 2091 2580 2144 possumus.
2651 2076 2707 2131 Si
2760 2088 2938 2132 tamen
2989 2090 3215 2147 potuero
3262 2095 3425 2133 unum
3479 2080 3716 2150 aliquem

2144 2167 2477 2222 intellectum
2520 2168 2723 2223 sentire
2764 2168 2831 2222 de
2882 2168 3181 2224 visionibus
3214 2169 3329 2235 Dei,
3370 2185 3533 2224 unam
3574 2171 3717 2225 diem

2140 2258 2366 2313 videbor
2404 2259 2601 2314 fecisse
2652 2259 2719 2312 ad
2765 2268 2984 2327 puteum
3026 2259 3272 2315 visionis.
3331 2261 3386 2315 Si
3439 2276 3567 2317 vero
3609 2277 3718 2315 non

2141 2349 2316 2404 solum
2344 2352 2641 2406 secundum
2671 2351 2903 2407 litteram
2929 2396 2944 2420 ,
2977 2356 3069 2407 sed
3101 2352 3308 2421 aliquid
3334 2361 3388 2407 et
3419 2354 3716 2408 secundum

2140 2442 2393 2509 spiritum
2439 2444 2736 2512 attingere,
2797 2444 3017 2499 biduum
3058 2444 3283 2499 videbor
3338 2444 3535 2500 fecisse
3581 2447 3718 2514 apud

2142 2544 2366 2605 puteum
2396 2537 2641 2592 visionis.
2675 2537 2829 2604 Quod
2874 2545 2928 2591 et
2971 2538 3014 2591 si
3048 2537 3308 2592 moralem
3333 2537 3511 2591 locum
3538 2536 3721 2591 conti-

2143 2643 2311 2698 gero,
2366 2628 2591 2683 fecerim
2630 2629 2897 2695 triduum,
2961 2630 3046 2684 vel
3099 2638 3248 2684 certe
3293 2630 3453 2685 etiam
3506 2630 3551 2685 si
3610 2644 3718 2685 non

2143 2730 2373 2790 potuero
2399 2722 2584 2775 omnia
2630 2721 2937 2791 intelligere
2960 2763 2975 2785 ,
3009 2721 3222 2778 assideo
3258 2730 3435 2776 tamen
3472 2720 3723 2791 Scriptu-

2146 2814 2219 2868 ris
2259 2814 2400 2884 (79)
2436 2815 2665 2881 divinis,
2711 2826 2764 2870 et
2799 2816 2851 2869 in
2900 2815 3017 2885 lege
3070 2816 3161 2870 Dei
3220 2814 3451 2870 meditor
3508 2815 3595 2868 die
3655 2828 3721 2870 ac

2144 2918 2327 2977 nocte,
2384 2918 2439 2964 et
2491 2910 2713 2965 omnino
2769 2925 3045 2980 nunquam
3100 2909 3327 2973 desino,
3376 2907 3718 2978 inquirendo,

2146 3002 2505 3066 discutiendo,
2554 3002 2858 3068 tractando,
2915 3011 2969 3057 et
3004 3010 3175 3067 certe,
3230 3002 3373 3072 quod
3426 3002 3719 3057 maximum

2145 3103 2249 3158 est,
2275 3094 2483 3149 orando
2515 3094 2703 3161 Deum,
2732 3102 2785 3148 et
2815 3094 2878 3148 ab
2908 3094 3025 3162 ipso
3050 3093 3322 3164 poscendo
3353 3092 3712 3156 intellectum,

466 3181 689 3234 hendes.
741 3182 845 3237 Sed
888 3194 943 3238 ct
991 3202 1087 3241 nos
1125 3187 1340 3242 interim
1390 3189 1504 3245 hcce
1555 3192 1606 3245 in
1645 3192 1787 3246 aliud
1834 3200 2045 3265 tempus

2148 3187 2241 3257 qui
2280 3188 2438 3242 docet
2481 3186 2751 3239 hominem
2799 3185 3108 3249 scientiam,
3148 3184 3371 3238 videbor
3411 3184 3572 3239 etiam
3624 3198 3727 3253 ego

466 3275 805 3331 remittentes
834 3277 980 3348 (78),
1016 3282 1081 3333 ad
1111 3296 1173 3334 ea
1210 3298 1328 3351 qua:
1359 3283 1410 3337 in
1453 3287 1912 3356 consequentibus
1953 3304 2041 3344 re-

465 3364 628 3417 citata
660 3375 784 3418 sunt
820 3382 1194 3436 properemus.

535 3457 590 3509 5.
624 3455 690 3508 Et
726 3457 924 3525 factum
955 3472 1051 3525 est,
1088 3462 1261 3530 inquit
1286 3465 1354 3528 ⁸⁷,
1386 3475 1660 3536 postquam
1694 3480 1932 3526 mortuus
1969 3482 2043 3526 est

466 3546 729 3600 Abraham
761 3586 777 3611 ,
818 3550 1075 3602 benedixit
1120 3551 1377 3607 Dominus
1410 3554 1567 3609 Isaac
1594 3558 1764 3625 ﬁlium
1795 3562 1909 3629 ejus
1940 3604 1954 3628 ,
1994 3573 2044 3617 et

465 3638 716 3692 habitarit
753 3641 819 3692 ad
870 3652 1083 3709 puteum
1134 3645 1369 3700 visionis.
1423 3648 1497 3703 De
1549 3662 1721 3705 morte
1771 3655 2043 3710 Abraham

466 3730 593 3796 quid
626 3730 782 3787 nobis
820 3732 1051 3800 amplius
1073 3733 1355 3790 dicendum
1388 3749 1505 3807 est,
1541 3755 1700 3807 quam
1733 3757 1912 3797 sermo
1946 3746 2047 3801 Do-

469 3819 598 3872 mini
630 3820 681 3873 in
715 3821 1018 3889 Evangeliis
1054 3825 1316 3891 continet,
1352 3827 1541 3884 dicens
1572 3830 1658 3884 ἐς
1694 3831 1769 3885 De
1815 3850 2048 3888 resurre-

468 3911 641 3964 ctione
680 3922 851 3965 autem
880 3924 1207 3970 mortuorum
1239 3936 1340 3972 non
1388 3919 1590 3990 legistis
1621 3926 1883 3992 quomodo
1917 3929 2045 3980 dicit

468 4003 524 4055 in
566 4004 714 4070 rubo,
749 4002 888 4058 Deus
921 4006 1211 4076 Abraham,
1242 4020 1290 4064 et
1324 4011 1461 4065 Deus
1495 4012 1675 4080 Isaac,
1701 4025 1748 4068 et
1789 4016 1925 4070 Deus
1950 4019 2048 4072 Ja-

470 4098 561 4149 cob
590 4097 615 4150 .9
646 4096 781 4152 Deus
818 4107 991 4153 autem
1025 4118 1127 4155 non
1166 4111 1242 4156 est
1279 4115 1636 4171 mortuorum,
1668 4110 1758 4162 sed
1788 4110 2043 4165 vivorum.

472 4185 662 4241 Omnes
692 4191 826 4242 enim
856 4190 934 4243 illi
964 4192 1141 4246 vivunt
1161 4194 1185 4246 ?
1205 4194 1463 4263 Optemus
1481 4212 1609 4266 ergo
1640 4207 1694 4252 et
1726 4214 1823 4254 nos
1853 4202 2040 4270 hujus—

473 4279 617 4333 modi
679 4291 904 4337 mortem
932 4324 946 4349 ,
992 4286 1134 4340 sicut
1167 4297 1220 4341 et
1249 4288 1542 4357 Apostolus
1568 4290 1701 4344 dicit
1732 4292 1777 4323 ‘9
1801 4333 1815 4356 ,
1846 4303 1905 4348 ut
1934 4310 2049 4348 mo-

471 4373 684 4427 riamur
712 4385 953 4444 peccato,
983 4380 1228 4434 vivamus
1257 4390 1437 4436 autem
1472 4383 1600 4438 Deo.
1639 4385 1785 4440 Talis
1813 4403 2048 4458 namque

471 4464 703 4518 Abrahae
726 4483 872 4522 mors
904 4468 1244 4539 intelligenda
1276 4483 1358 4528 est
1379 4513 1395 4538 ,
1428 4490 1549 4543 qua:
1580 4477 1632 4531 in
1672 4487 1877 4532 tantum
1912 4480 2049 4533 dilav

476 4556 669 4608 laverit
704 4557 858 4611 sinus
898 4559 1033 4625 ejus,
1075 4573 1132 4615 ut
1167 4578 1356 4619 omnes
1385 4567 1559 4620 sancti
1594 4568 1685 4635 qui
1716 4568 1779 4622 de
1808 4580 2048 4637 quatuor
2082 4552 2124 4606 ο

473 4648 745 4717 91tcrra:
767 4653 1010 4719 partibus
1033 4656 1277 4719 veniunt,
1304 4656 1354 4709 in
1377 4658 1554 4711 sinum
1576 4659 1804 4713 Abrahae
1827 4670 2046 4728 porten-

477 4750 564 4794 tur
589 4742 656 4796 ab
680 4744 902 4813 angelis.
921 4745 1023 4798 Sed
1045 4745 1444 4814 videamusjam
1472 4752 1743 4816 quomodo
1767 4760 1887 4821 post
1904 4767 2049 4805 utor-

477 4840 586 4886 tem
612 4834 730 4903 ejus
773 4835 1106 4891 benedixerit
1133 4836 1392 4892 Dominus
1426 4837 1577 4892 Isaae
1612 4839 1779 4893 lilium
1822 4839 1961 4909 ejus,
1995 4850 2050 4895 et

477 4939 598 4993 quae
630 4936 713 4978 est
738 4926 837 4981 ista
871 4927 1197 4984 benedictio.
1234 4929 1535 4997 Benedixit,
1566 4929 1759 5001 inquit,
1792 4930 2049 4985 Dominus

479 5013 658 5081 Isaac,
682 5026 727 5070 et
757 5018 1007 5074 habitavit
1041 5022 1109 5075 ad
1135 5031 1347 5091 puteum
1377 5023 1609 5076 visionis.
1652 5022 1775 5079 llaec
1801 5032 1883 5079 est
1906 5025 2050 5079 enim

477 5105 658 5160 omnis
685 5108 1008 5176 benedictio,
1043 5127 1143 5181 qua
1174 5112 1451 5167 benedixit
1500 5114 1758 5169 Dominus
1797 5115 1967 5180 Isaac,
1997 5126 2055 5171 ut

487 5197 756 5253 habitaret
788 5201 853 5253 ad
882 5212 1097 5269 puteum
1136 5203 1377 5259 visionis.
1426 5205 1851 5276 Intelligentibus
1885 5223 2051 5277 gran-

483 5289 567 5342 dis
605 5302 691 5346 est
738 5291 838 5347 ista
888 5294 1214 5350 benedictio.
1247 5295 1462 5351 Utinam
1504 5307 1559 5352 et
1608 5299 1868 5353 Dominus
1923 5298 2054 5352 mihi

559 5405 604 5437 "
635 5411 830 5467 Genes.
856 5427 1007 5475 XXIV,
1041 5412 1130 5469 15.
1206 5415 1252 5446 ⁸⁵
1283 5415 1451 5466 Exod.
1488 5429 1544 5467 ll.

1622 5416 1667 5450 ⁸⁷
1699 5415 1895 5470 Cenes.

485 5474 576 5530 ξι.
689 5479 733 5511 ⁸⁸
771 5480 966 5536 Cenes.
996 5499 1185 5549 xxvttt,
1216 5485 1300 5538 l7.

1378 5485 1418 5516 ⁶¹
1460 5483 1615 5539 Joan.
1643 5500 1716 5551 tv,
1746 5485 1835 5543 Μ.

562 5615 672 5687 (77)
716 5616 1049 5682 Disserendo,
1083 5620 1233 5673 deest
1263 5620 1315 5673 in
1351 5630 1504 5673 antea
1554 5619 1734 5685 editis,
1769 5621 1860 5673 sed
1900 5634 2053 5687 repe-

490 5683 629 5757 ritur
658 5686 709 5736 in
741 5704 870 5743 mss.
905 5689 1071 5741 Paulo
1105 5700 1222 5757 post
1249 5691 1397 5751 editi,
1442 5683 1765 5757 superantes,
1793 5690 1859 5741 ad
1887 5683 2058 5742 rerum

490 5754 873 5821 philosophia»:
919 5754 1144 5823 Christi,
1194 5769 1241 5811 rt
1283 5777 1454 5813 verum
1506 5754 1805 5811 societatem
1841 5760 2057 5823 Christi,
2094 5808 2099 5813 .

499 5827 742 5887 pietatem
794 5827 915 5894 Uri,-
962 5840 1015 5882 at
1069 5845 1196 5883 mss.
1242 5840 1298 5882 ut
1333 5832 1381 5882 in
1420 5839 1604 5884 nostro
1638 5839 1806 5903 testu.

1972 5429 2098 5470 xxv.
2143 5414 2228 5467 ll.
2296 5410 2342 5443 ³⁸
2377 5409 2543 5464 Marc.
2578 5423 2677 5474 xu,
2703 5406 2869 5471 26,et
2904 5405 3035 5461 Luc.
3077 5419 3170 5469 xx,
3207 5403 3297 5459 '57.

1907 5486 1950 5518 °’
1990 5484 2033 5537 ll
2058 5484 2184 5538 Cor.
2213 5498 2292 5544 ιιι,
2320 5480 2407 5537 18.

2151 3282 2398 3337 habitare
2443 3282 2509 3335 ad
2554 3290 2770 3350 puteum
2823 3278 3071 3333 visionis.
3142 3276 3237 3331 Sin
3291 3291 3420 3331 vero
3457 3276 3724 3347 negligam

2152 3389 2329 3444 neque
2360 3373 2503 3428 domi
2534 3386 2793 3426 exercear
2832 3371 2884 3424 in
2930 3370 3095 3424 verbo
3154 3366 3272 3429 Dei,
3325 3380 3498 3435 neque
3544 3364 3724 3420 cccle-

2152 3469 2285 3523 siam
2317 3468 2381 3522 ad
2413 3467 2738 3521 audiendum
2782 3466 3007 3518 verbum
3039 3462 3133 3515 Dei
3184 3459 3495 3529 frequenter
3539 3460 3725 3523 ingre-

2153 3562 2292 3624 diar,
2342 3561 2485 3615 sicut
2529 3557 2815 3612 nonnullos
2875 3556 2927 3610 in
2982 3554 3133 3607 vobis
3181 3553 3358 3618 video,
3397 3552 3485 3620 qui
3537 3550 3728 3604 diebus

2157 3651 2531 3706 tantummodo
2560 3647 2901 3704 solemnibus
2934 3648 2998 3700 ad
3029 3643 3313 3699 ecclesiam
3347 3642 3603 3706 veniunt,
3634 3640 3725 3709 qui

2154 3743 2532 3811 hujuscemodi
2600 3749 2777 3805 sunt,
2849 3754 2954 3793 non
3021 3737 3268 3791 habitant
3315 3732 3455 3802 apud
3508 3742 3737 3800 puteum.

2154 3836 2401 3891 visionis.
2429 3835 2542 3903 Ego
2582 3842 2765 3887 autem
2791 3846 2982 3886 vereor
3021 3844 3087 3883 ne
3118 3827 3257 3882 forte
3300 3827 3390 3895 qui
3446 3826 3518 3878 ita
3555 3824 3727 3893 negli-

2154 3938 2346 3999 gentes
2376 3936 2522 3991 sunt,
2548 3926 2710 3981 etiam
2743 3939 2867 3979 cum
2900 3923 2964 3976 ad
3005 3920 3293 3977 ecclesiam
3341 3917 3591 3980 veniunt,
3623 3930 3728 3967 non

2154 4022 2341 4075 bibant
2368 4021 2435 4075 de
2467 4029 2630 4088 puteo
2667 4018 2811 4081 vitm,
2856 4030 2955 4071 nec
2996 4011 3328 4075 reficiantur,
3374 4009 3467 4065 sed
3496 4020 3730 4075 occupa-

2157 4111 2393 4167 tionibus
2443 4118 2637 4166 vacent
2684 4107 2863 4164 cordis
2903 4107 2986 4162 sui
3036 4115 3091 4162 et
3136 4102 3561 4175 cogitationibus
3592 4114 3731 4169 quas

2154 4223 2336 4263 secum
2370 4206 2641 4271 deferunt,
2685 4214 2739 4260 et
2782 4204 3067 4260 discedant
3093 4202 3448 4257 nihilominus
3478 4198 3546 4252 ab
3576 4195 3732 4251 Scri-

2160 4310 2448 4369 pturarum
2496 4299 2676 4366 puteis
2710 4298 2982 4353 sitientes.
3029 4293 3307 4348 Festinate
3357 4303 3487 4358 ergo
3531 4301 3651 4351 vos,
3678 4292 3735 4337 et

2156 4391 2291 4446 satis
2346 4390 2537 4459 agite,
2599 4396 2657 4442 ut
2717 4388 2823 4442 ista
2873 4385 2938 4439 ad
2991 4397 3091 4436 vos
3151 4378 3361 4434 Domini
3423 4373 3734 4431 benedictio

2160 4480 2363 4544 veniat,
2387 4493 2492 4545 qua
2523 4475 2663 4544 apud
2689 4484 2909 4543 puteum
2934 4469 3162 4524 visionis
3198 4466 3448 4521 habitare
3485 4462 3731 4534 possitis,

2156 4579 2215 4624 ut
2281 4568 2494 4637 aperiat
2541 4565 2799 4619 Dominus
2856 4560 3047 4617 oculos
3099 4565 3350 4623 vestros,
3402 4563 3458 4611 et
3505 4553 3736 4609 videatis

2157 4669 2375 4728 puteum
2403 4655 2649 4719 visionis,
2685 4662 2740 4708 et
2771 4650 3084 4723 percipiatis
3106 4664 3169 4705 ex
3212 4662 3277 4703 eo
3310 4661 3503 4716 aquam
3531 4645 3734 4708 vivam,

2158 4764 2278 4818 quae
2307 4747 2400 4803 ﬁat
2428 4748 2480 4801 in
2505 4747 2658 4801 vobis
2681 4744 2800 4799 fons
2827 4758 2981 4814 aqua:
3024 4740 3268 4797 salientis
3297 4740 3351 4794 in
3383 4738 3549 4793 vitam
3573 4747 3737 4792 aeter-

2159 4855 2286 4893 nam
2319 4838 2387 4891 ⁶¹.
2438 4837 2642 4907 Siquis
2693 4846 2876 4890 autem
2914 4849 3039 4889 raro
3096 4833 3163 4888 ad
3207 4833 3494 4888 ecclesiam
3533 4831 3736 4901 veniat,

2161 4944 2287 4983 raro
2330 4927 2398 4983 de
2440 4927 2850 4998 Scripturarum
2906 4925 3151 4981 fontibus
3192 4924 3449 4988 hauriat,
3514 4931 3568 4978 et
3617 4936 3739 4992 qua:
3815 4979 3825 4988 ,

2159 5021 2331 5085 audit,
2361 5020 2623 5074 continuo
2648 5018 2937 5074 discedens
2958 5057 2973 5081 ,
3012 5026 3067 5073 et
3095 5015 3217 5071 aliis
3248 5014 3478 5085 negotiis
3504 5027 3740 5082 occupa-

2160 5122 2244 5168 tus
2272 5114 2513 5179 omittat,
2541 5112 2629 5167 hic
2678 5126 2782 5165 non
2820 5109 3038 5165 habitat
3069 5108 3210 5179 apud
3239 5115 3460 5175 puteum
3491 5104 3738 5161 visionis.

2160 5203 2253 5260 Vis
2279 5204 2372 5259 tibi
2402 5203 2681 5258 ostendam
2714 5201 2836 5271 quis
2868 5210 2968 5263 est,
3015 5200 3111 5270 qui
3152 5213 3427 5268 nunquam
3473 5195 3675 5250 recedit
3708 5208 3737 5245 τι

2158 5304 2323 5366 puteo
2353 5293 2626 5349 visionis?
2665 5291 2962 5361 Apostolus
3003 5289 3230 5354 Paulus,
3276 5287 3367 5357 qui
3406 5286 3620 5341 dicebas
3649 5282 3693 5313 ε’
3725 5295 3743 5335 :

3371 5402 3417 5433 ⁵³
3446 5398 3743 5463 lPetr.'u,

2237 5612 2349 5685 (78)
2415 5613 2504 5667 Sic
2562 5626 2693 5685 mss.
2740 5610 2907 5665 Alias.
2970 5599 3541 5677 deprehendas....in
3595 5597 3746 5654 aliud

2168 5683 2366 5741 ιρῃιγιηδ
2417 5683 2888 5758 pra'lermillenles.
2962 5757 2965 5758 ν
3183 5747 3194 5758 ⁸
3290 5746 3321 5758 η
3387 5742 3397 5753 ,
3441 5752 3451 5758 _
3528 5742 3538 5752 .

2241 5735 2381 5823 (79)
2417 5735 2615 5813 'Alias,
2673 5751 2882 5803 assideo
2950 5757 3121 5803 tamen
3178 5747 3232 5801 in
3284 5742 3585 5812 Scripturis.
3640 5735 3752 5794 Sed

2177 5842 2307 5881 mss.
2343 5837 2400 5878 nt
2431 5824 2481 5876 in
2516 5832 2702 5876 nostro
2736 5828 2903 5875 textu.
