4132 6454
332 359 440 418 225

1564 358 1628 414 IN
1664 356 1966 415 GENESIM
2002 355 2290 414 IIOMILIA
2328 355 2445 411 XII.

3494 362 3601 417 2‘26

334 475 452 530 Nos
504 485 686 530 autem
733 490 912 531 omnes
963 473 1193 531 relevata
1242 473 1380 544 facie
1430 475 1656 546 gloriam
1703 477 1916 530 Domim
1947 486 1991 542 Α
2026 476 2166 528 Abiit
2208 474 2438 529 Rebecca
2465 473 2794 544 interrogare
2819 475 2889 528 ad
2933 471 3237 529 Dominum.
3271 474 3435 530 Abiit.
3484 477 3603 543 Quo

330 565 690 637 speculamur.
765 566 831 620 Et
887 575 940 620 tu
986 579 1118 634 ergo
1185 565 1230 618 si
1280 579 1500 634 semper
1547 565 1917 636 perscruteris

331 657 690 728 prepheticas
723 657 983 720 visiones,
1037 655 1086 711 si
1127 668 1344 723 semper
1390 654 1670 724 inquiras,
1701 669 1918 724 semper

332 749 545 805 discere
587 749 801 820 cupias,
829 748 947 804 haec
1002 747 1319 812 mediteris,
1363 747 1416 802 in
1463 747 1530 802 iis
1572 762 1915 818 permaneas,

329 841 569 912 percipis
603 850 658 896 et
700 849 754 895 tu
783 839 1226 896 benedictionem
1269 853 1299 894 a
1330 839 1576 903 Domino,
1609 849 1662 892 et
1701 838 1915 894 habitas

327 933 473 1002 apud
495 942 718 1003 puteum
744 932 987 988 visionis.
1023 931 1089 986 Et
1114 930 1210 986 tibi
1239 931 1383 986 enim
1415 931 1703 1001 apparebit
1735 931 1917 985 Domi-

331 1040 434 1079 nus
459 1023 618 1080 Jesus
649 1026 701 1078 in
731 1024 817 1078 via
846 1064 861 1090 ,
893 1033 949 1079 et
971 1022 1182 1094 aperiet
1206 1022 1299 1078 tibi
1333 1023 1671 1092 Scripturas,
1729 1023 1805 1078 ita
1856 1033 1916 1078 ut

331 1117 484 1172 dicas
531 1115 577 1148 ⁸³
609 1133 622 1170 :
653 1114 844 1169 Nonne
882 1130 974 1169 cor
1004 1126 1243 1171 nostrum
1282 1116 1471 1170 ardens
1517 1125 1631 1170 erat
1660 1115 1712 1170 in
1743 1115 1913 1183 nobis,

325 1226 448 1265 cum
476 1209 703 1278 aperiret
737 1209 884 1262 nobis
919 1207 1274 1277 Scripturas?
1301 1210 1536 1280 Apparet
1587 1218 1768 1264 autem
1802 1209 1933 1277 llIS,l

330 1302 422 1370 qui
459 1301 523 1355 de
555 1300 670 1368 ipso
696 1299 972 1370 cogitant,
1005 1309 1062 1354 et
1092 1301 1144 1354 in
1178 1301 1296 1371 ipso
1343 1301 1700 1364 meditantur,
1747 1308 1912 1369 atque

333 1393 384 1446 in
416 1393 534 1462 lege
557 1389 683 1462 ejus
741 1392 829 1447 die
863 1406 926 1446 ac
965 1401 1123 1448 nocte
1152 1402 1460 1448 versantur.
1501 1392 1607 1463 lpsi
1655 1391 1825 1463 gloria
1858 1400 1914 1448 et

327 1483 620 1553 imperium
650 1484 702 1539 in
736 1485 934 1540 saecula
963 1484 1312 1541 saeculorum.
1340 1485 1532 1540 Amen.

900 1620 1182 1676 llOMlLIA
1223 1621 1340 1679 XII.

649 1736 723 1789 De
752 1745 1004 1806 conceptu
1043 1734 1289 1791 Rebecca:
1330 1745 1379 1790 et
1410 1746 1589 1805 partu.

2018 568 2192 622 abiit?
2217 566 2294 621 Ex
2324 582 2390 622 eo
2429 567 2549 622 loco
2600 563 2651 619 in
2690 581 2796 636 quo
2844 582 2949 621 non
2982 575 3099 621 erat
3134 568 3392 623 Dominus
3419 611 3433 635 ,
3469 569 3601 625 abiit

2018 662 2083 714 ad
2118 675 2241 715 eum
2275 663 2450 714 locum
2482 660 2534 712 in
2562 673 2674 728 quo
2704 659 2861 714 erat?
2891 659 3001 714 lloc
3031 659 3174 714 enim
3213 661 3430 715 videtur
3461 661 3602 714 indi-

2017 765 2143 806 care
2190 766 2311 806 cum
2372 750 2576 806 dicitur
2634 768 2648 805 :
2715 753 2855 805 Abiit
2916 752 3241 822 interrogare
3296 751 3602 808 Dominum.

2016 840 2208 898 Nonne
2264 842 2465 911 ubique
2525 853 2611 898 est
2673 843 2865 898 Deus?
2922 841 3111 900 Nonne
3168 844 3282 912 ipse
3323 843 3462 898 dixit
3505 842 3602 898 “:

2016 932 2217 988 Caelum
2261 944 2309 989 et
2355 944 2553 988 terram
2583 936 2757 1004 repleo
2779 976 2793 1002 ,
2826 936 2952 989 dicit
2984 936 3286 989 Dominus?
3321 934 3438 1002 Quo
3470 949 3602 1004 ergo

2017 1025 2151 1080 abiit
2177 1024 2462 1080 Rebecca?
2491 1026 2604 1096 Ego
2635 1035 2763 1096 pnto
2790 1029 2933 1096 quod
2957 1042 3063 1082 non
3097 1027 3164 1081 de
3191 1025 3309 1080 loco
3333 1029 3398 1080 ad
3423 1025 3599 1080 locum

2016 1113 2234 1179 abierit,
2266 1114 2359 1169 sed
2396 1116 2462 1170 de
2484 1116 2597 1170 vita
2624 1117 2688 1170 ad
2724 1118 2914 1184 vitam,
2961 1117 3027 1172 de
3059 1128 3180 1171 actu
3213 1117 3280 1171 ad
3307 1123 3508 1180 actum,
3537 1116 3604 1172 de

2016 1205 2174 1261 bonis
2208 1207 2274 1261 ad
2321 1207 2545 1261 meliora
2581 1209 2878 1271 transierit,
2929 1208 2998 1264 de
3027 1208 3251 1263 utilibus
3279 1209 3345 1263 ad
3384 1208 3603 1262 utiliora

2015 1298 2341 1368 perrexerit,
2397 1301 2464 1353 de
2511 1301 2720 1356 sanctis
2767 1303 2834 1356 ad
2877 1303 3154 1356 sanctiora
3197 1300 3602 1370 properaverit.

2013 1389 2325 1443 Absurdum
2382 1405 2619 1459 namque
2667 1393 2824 1445 estsi
2868 1392 2945 1444 ita
2996 1401 3247 1460 putemus
3295 1391 3604 1460 imperitam

2014 1479 2180 1534 fuisse
2198 1480 2508 1535 Rebeccam
2532 1490 2588 1536 et
2611 1482 2911 1548 indoctam,
2934 1498 3056 1552 qua:
3078 1486 3131 1537 in
3158 1484 3319 1539 domo
3341 1486 3604 1554 sapientis

2013 1572 2249 1627 Abrahze
2275 1574 2378 1628 sub
2399 1575 2517 1628 viro
2540 1576 2916 1631 eruditissimo
2942 1574 3092 1632 Isaac
3120 1578 3300 1632 fuerat
3323 1579 3602 1644 instituta,

2016 1675 2074 1717 ut
2111 1666 2253 1719 intra
2298 1665 2534 1735 aliquem
2585 1666 2759 1720 locum
2820 1667 3108 1722 Dominum
3155 1671 3432 1738 putaverit
3481 1685 3603 1725 esse

2017 1756 2356 1822 conclusum,
2387 1767 2441 1811 et
2477 1757 2603 1812 illuc
2633 1759 2739 1812 iret
2780 1759 3144 1828 interrogare,
3189 1761 3318 1829 quid
3347 1761 3602 1830 parvulo-

402 1847 454 1903 I.
496 1847 602 1903 Per
653 1850 892 1920 singulas
943 1865 1191 1920 quasque
1235 1851 1497 1907 lectiones
1533 1867 1656 1907 cum
1717 1853 1916 1921 legitur
1947 1855 1989 1909 Β
2021 1864 2138 1904 rum
2165 1850 2310 1903 intra
2342 1858 2555 1904 uterum
2587 1849 2881 1904 exsultatio
2919 1851 3250 1920 designaret.
3288 1849 3381 1906 Vis
3419 1841 3598 1905 autem

323 1939 560 2013 Moyses,
591 1943 832 1998 orandus
853 1953 940 1998 est
974 1943 1132 2000 nobis
1173 1942 1336 1998 Pater
1372 1942 1560 2008 Verbi,
1591 1953 1650 1998 ut
1689 1944 1912 2013 impleat

318 2036 489 2089 etiam
549 2036 602 2088 in
665 2035 820 2090 nobis
881 2034 1031 2101 illud,
1082 2035 1226 2105 quod
1280 2035 1334 2090 in
1388 2035 1598 2105 psalmo
1645 2037 1909 2104 scriptum

323 2137 408 2183 est
436 2127 480 2160 “
521 2145 535 2183 :
573 2127 760 2183 Revela
791 2127 969 2182 oculos
994 2145 1158 2192 meos,
1190 2139 1237 2182 et
1268 2130 1612 2184 considerabo
1640 2129 1910 2182 mirabilia

323 2221 388 2275 de
419 2221 527 2292 lege
561 2232 675 2276 tua.
709 2221 822 2278 Nisi
847 2223 992 2278 enim
1032 2223 1148 2292 ipse
1181 2224 1394 2294 aperiat
1438 2223 1626 2280 oculos
1669 2233 1905 2287 nostros,

315 2314 595 2380 quiolnodo
631 2311 819 2366 videre
850 2313 1153 2381 poterimus
1197 2322 1346 2368 tanta
1378 2313 1492 2369 haec
1512 2354 1528 2381 ,
1581 2330 1702 2384 quae
1731 2315 1783 2370 in
1814 2331 1911 2385 pa—

324 2401 580 2457 triarchis
601 2411 940 2458 sacramenta
967 2401 1288 2469 formantur,
1317 2420 1436 2475 qua:
1465 2421 1608 2460 nunc
1630 2407 1680 2459 in
1708 2407 1904 2476 puteis,

320 2506 468 2547 nunc
527 2491 580 2546 in
643 2493 868 2561 nuptiis,
923 2509 1069 2550 nunc
1121 2496 1175 2550 in
1235 2497 1714 2566 parturitionibus,
1765 2514 1907 2553 nunc

311 2583 486 2638 etiam
537 2584 591 2638 in
627 2585 1019 2644 sterilitatibus
1058 2588 1385 2658 ﬁgurantur.
1426 2588 1615 2644 Refert
1671 2604 1907 2659 namque

319 2691 574 2745 praesens
616 2677 782 2735 lectio
833 2678 901 2744 “,
931 2680 1074 2748 quod
1127 2679 1285 2734 Isaac
1347 2682 1547 2749 rogavit
1591 2678 1755 2734 Deum
1807 2697 1903 2749 pro

319 2764 553 2823 Rebecca
600 2786 763 2824 uxore
795 2788 917 2836 sua,
968 2772 1094 2844 quia
1137 2773 1333 2828 sterilis
1375 2782 1512 2842 erat,
1548 2787 1596 2828 et
1637 2776 1902 2829 exaudivit

317 2859 468 2913 illum
496 2859 658 2921 Deus,
687 2871 736 2915 et
764 2863 1025 2933 concepit,
1051 2872 1101 2917 et
1131 2864 1490 2932 exsultabant,
1523 2865 1722 2936 inquit,
1755 2867 1906 2937 pueri

317 2952 372 3005 in
393 2962 543 3006 utero
574 2953 708 3020 eius.
736 2951 922 3008 Primo
953 2955 1194 3009 omnium
1223 2955 1456 3023 intuere,
1486 2959 1614 3027 quid
1646 2959 1788 3012 istud
1820 2967 1902 3012 est

311 3044 462 3111 quod
510 3043 762 3112 plurima:
798 3055 1114 3101 sanctarum
1169 3047 1456 3102 mulierum
1497 3050 1551 3103 in
1601 3049 1902 3119 Scripturis

315 3133 534 3190 steriles
569 3135 737 3190 fuisse
770 3135 1102 3202 referuntur,
1153 3139 1296 3193 sicut
1337 3138 1451 3209 ipsa
1486 3138 1645 3205 Sara,
1677 3155 1804 3195 ecce
1847 3151 1903 3195 et

313 3240 464 3281 nunc
492 3224 760 3282 Rebecca.
791 3227 896 3282 Sed
931 3236 984 3283 et
1021 3228 1232 3284 Rachel
1269 3229 1465 3286 dilecta
1504 3229 1668 3287 Israel
1694 3230 1903 3286 sterilis

308 3318 436 3375 luit.
470 3318 624 3374 Anna
649 3335 866 3390 quoque
901 3331 1077 3375 mater
1123 3321 1396 3378 Samuelis
1419 3363 1434 3387 ,
1467 3323 1669 3379 sterilis
1703 3323 1903 3379 scribi-

317 3419 424 3465 tur.
466 3411 573 3466 Sed
613 3413 745 3466 etin
777 3411 1088 3482 Evangeliis
1144 3413 1424 3470 Elisabeth
1481 3415 1684 3470 sterilis
1733 3414 1902 3472 fuisse

315 3513 674 3558 memoratur.
711 3504 765 3559 In
792 3505 1050 3570 omnibus
1075 3513 1257 3559 autem
1284 3505 1403 3560 istis
1425 3519 1563 3559 unus
1591 3503 1680 3560 hic
1714 3504 1901 3562 titulus

313 3597 645 3668 designatur,
673 3598 814 3665 quod
857 3605 977 3666 post
1017 3596 1371 3652 sterilitatem
1417 3605 1666 3651 sanetum
1709 3612 1901 3654 Otones

312 3687 585 3743 ediderint
619 3698 854 3758 partum.
914 3689 1010 3745 Sic
1055 3703 1189 3761 ergo
1233 3698 1286 3743 et
1321 3689 1436 3744 haec
1478 3704 1621 3745 nunc
1648 3688 1899 3746 Rebecca

311 3778 518 3833 sterilis
563 3778 735 3834 fuisse
764 3779 967 3834 dicitur
1001 3797 1016 3834 :
1045 3780 1142 3836 sed
1191 3781 1383 3842 oravit,
1445 3780 1646 3852 inquit,
1700 3781 1896 3850 Isaac,

308 3885 410 3938 pro
437 3883 500 3923 ea
531 3869 818 3926 Dominum
838 3912 855 3940 ,
888 3882 936 3927 et
964 3872 1234 3928 exaudivit
1272 3873 1424 3926 illum
1462 3884 1508 3928 et
1537 3875 1795 3944 concepit,
1845 3884 1896 3929 et

311 3963 644 4018 exsultabant
667 3967 819 4033 pueri
868 3966 926 4020 in
966 3976 1116 4021 utero
1159 3967 1294 4037 ejus.
1357 3966 1576 4023 Sterilis
1624 3968 1741 4023 lucc
1769 3984 1899 4026 ecce

312 4053 443 4119 quid
491 4055 762 4122 concepit.
808 4054 933 4109 Filii
971 4057 1175 4112 sterilis
1233 4066 1526 4127 antequam
1577 4070 1894 4128 nascantur,

311 4141 609 4208 exsultant,
638 4152 693 4197 ct
729 4157 850 4212 quae
879 4145 1267 4212 desperaverat
1314 4147 1580 4214 sobolem,
1619 4159 1812 4219 gentes
1841 4158 1897 4204 et

310 4232 541 4300 pepnlos
587 4240 762 4303 gestat
824 4233 877 4287 in
948 4241 1120 4288 utero.
1174 4235 1273 4290 Sic
1327 4235 1472 4291 enim
1522 4237 1894 4304 dicitulbiit,

310 4322 488 4390 inquit
520 4322 588 4386 ⁸⁸,
624 4322 853 4378 Rebecca
879 4325 1215 4394 interrogare
1254 4326 1536 4382 Dominum
1557 4369 1571 4395 ,
1597 4339 1645 4382 et
1685 4331 1815 4384 dixit
1848 4333 1896 4384 ei

308 4413 570 4468 Dominus
603 4430 622 4468 :
653 4413 785 4468 Dure
830 4426 1007 4484 gentes
1052 4418 1110 4470 in
1161 4429 1310 4472 utero
1348 4427 1439 4473 tuo
1499 4431 1648 4486 sunt,
1689 4431 1736 4474 et
1788 4423 1894 4476 duo

2021 1939 2228 2002 videre,
2271 1940 2397 2010 quia
2441 1955 2506 1995 ex
2555 1955 2705 1995 more
2741 1941 2890 1995 venit
2927 1941 3031 1994 hoc
3065 1941 3308 2007 sanctis,
3358 1949 3437 2009 ut,
3474 1959 3599 1996 cum

2020 2033 2226 2102 aliquid
2257 2049 2285 2086 a
2326 2033 2434 2088 Deo
2459 2034 2669 2088 ostendi
2716 2035 2819 2088 sibi
2850 2035 3122 2102 viderint,
3166 2034 3250 2089 vel
3290 2034 3442 2089 abire
3465 2075 3482 2102 ,
3515 2035 3603 2090 vel

2021 2125 2256 2180 transire
2299 2140 2358 2180 se
2415 2126 2638 2180 dicant?
2695 2124 2908 2196 Moyses
2951 2141 3075 2180 cum
3136 2127 3359 2182 vidisset
3403 2129 3599 2183 rubum

2019 2217 2215 2274 ardere
2259 2227 2314 2272 et
2357 2233 2464 2272 non
2521 2218 2700 2282 exuri,
2756 2219 3062 2273 admiratus
3114 2220 3288 2273 visum
3346 2220 3479 2274 dixit
3506 2221 3599 2278 "°:

2021 2307 2328 2374 Transeam,
2367 2319 2412 2363 et
2447 2309 2628 2363 videbo
2660 2310 2825 2362 visum
2851 2309 2970 2362 hoc.
3009 2307 3125 2362 Non
3170 2309 3359 2377 utique
3395 2319 3448 2364 et
3483 2311 3602 2381 ipse

2017 2401 2360 2472 significabat
2403 2417 2461 2456 se
2504 2402 2722 2471 aliquod
2761 2409 2918 2455 terra:
2951 2402 3186 2470 Spatium
3218 2402 3597 2470 transiturum,

2017 2511 2124 2549 non
2183 2505 2396 2550 montes
2453 2495 2866 2559 conscendere,
2911 2509 3012 2548 nec
3059 2495 3266 2564 digredi
3324 2506 3599 2566 praerupta

2016 2587 2369 2640 convallium.
2419 2586 2598 2657 Prope
2635 2587 2808 2656 ipsum
2847 2597 2966 2642 crat
2996 2585 3134 2642 visio
3162 2625 3176 2651 ,
3233 2587 3284 2640 in
3317 2602 3414 2641 ore
3454 2597 3507 2641 et
3545 2590 3597 2640 in

2014 2676 2189 2732 oculis
2237 2678 2374 2745 eius.
2442 2676 2548 2732 Sed
2600 2678 2752 2743 dicit,
2805 2687 3092 2743 transeant,
3148 2690 3205 2732 ut
3241 2681 3498 2732 ostendat
3540 2693 3599 2733 se

2014 2769 2407 2824 commonitnm
2439 2769 2649 2824 visione
2686 2767 2897 2823 caelesti
2943 2768 3009 2821 ad
3055 2767 3394 2837 superiorem
3430 2767 3596 2821 vitam

2015 2859 2220 2915 debere
2261 2861 2634 2915 conscendere
2663 2904 2676 2925 ,
2722 2861 2790 2914 ab
2853 2859 2938 2914 bis
2981 2859 3037 2913 in
3088 2859 3286 2929 quibus
3341 2866 3484 2920 erat,
3528 2857 3600 2914 ad

2014 2950 2239 3005 meliora
2295 2952 2554 3007 transire.
2629 2949 2723 3006 Sic
2770 2967 2901 3015 ergo
2945 2958 3001 3006 et
3048 2966 3191 3005 nunc
3246 2950 3481 3005 refertur
3531 2951 3599 3005 de

2013 3042 2296 3110 Rebecca,
2344 3045 2487 3114 quod
2520 3042 2654 3097 abiit
2697 3043 3038 3113 interrogare
3082 3041 3368 3096 Dominum
3403 3056 3418 3095 :
3453 3055 3595 3110 quae,

2013 3144 2072 3188 ut
2100 3134 2359 3195 diximus.
2389 3134 2593 3188 abiisse
2625 3149 2730 3188 non
2760 3134 3011 3203 passibus
3048 3135 3270 3204 pedum,
3313 3133 3406 3187 sed
3437 3149 3596 3188 men-

1928 3209 1972 3266 C
2011 3226 2076 3278 tis
2106 3224 2446 3293 profectibus
2485 3225 2854 3278 existimanda
2885 3235 2992 3280 est.
3024 3223 3088 3277 Et
3127 3234 3182 3278 tu
3213 3237 3366 3294 ergo,
3402 3224 3448 3279 si
3480 3237 3596 3279 ete-

2006 3317 2158 3384 peris
2207 3316 2410 3371 intueri
2461 3332 2569 3370 non
2599 3331 2660 3370 ea
2696 3331 2815 3385 qua:
2849 3316 3126 3384 videntur,
3182 3318 3277 3370 sed
3330 3331 3450 3384 quae
3482 3332 3587 3371 non

2006 3409 2281 3474 videntur,
2328 3409 2382 3464 id
2417 3418 2503 3464 est
2556 3425 2660 3463 non
2707 3409 2948 3464 carnalia
2972 3450 2988 3476 ,
3031 3409 3127 3462 sed
3155 3407 3451 3476 spiritalia,
3486 3424 3592 3463 non

2005 3504 2319 3569 prtescntia,
2368 3503 2466 3557 sed
2518 3501 2726 3565 futura,
2758 3501 2965 3556 abiisse
3018 3500 3218 3555 diceris
3249 3499 3594 3571 interrogare

2005 3593 2318 3650 Dominum.
2367 3593 2424 3649 Si
2460 3609 2626 3650 eruas
2661 3604 2711 3649 te
2746 3595 2813 3649 de
2844 3595 3264 3649 conversatione
3296 3595 3488 3658 veteri,
3537 3603 3591 3649 et

2004 3703 2033 3741 a
2069 3689 2345 3744 consortio
2387 3702 2577 3744 eorum
2613 3703 2735 3742 cum
2773 3688 2976 3757 quibus
3011 3688 3243 3758 turpiter
3285 3697 3340 3742 et
3380 3688 3594 3743 notabi-

2001 3776 2127 3832 liter
2171 3779 2410 3847 viseras,
2469 3779 2717 3834 honestis
2746 3794 2875 3834 vero
2906 3787 2956 3834 te
2986 3794 3050 3835 ac
3081 3777 3352 3849 religiosis
3378 3777 3594 3832 actibus

2002 3870 2215 3935 seeics;
2265 3887 2388 3925 cum
2435 3871 2739 3941 requisitas
2778 3869 2954 3926 fueris
2999 3870 3142 3926 inter
3173 3870 3388 3928 sodales
3421 3871 3593 3941 turpi-

2003 3958 2228 4025 tudinis,
2276 3968 2328 4013 et
2369 3958 2421 4012 in
2451 3960 2691 4014 catervis
2723 3960 3012 4015 noxiorum
3045 3975 3393 4030 nequaquam
3425 3961 3593 4019 lucris

2000 4060 2272 4118 repertus,
2325 4049 2538 4104 dicetur
2568 4059 2625 4106 et
2657 4052 2724 4105 de
2777 4061 2826 4105 te
2878 4052 3004 4120 quia
3061 4053 3199 4107 abiit
3249 4053 3592 4124 interrogare

1999 4142 2308 4200 Dominum.
2349 4142 2443 4197 Sic
2473 4143 2640 4214 igitur
2667 4144 2841 4198 sancti
2879 4160 2984 4199 non
3025 4146 3092 4199 de
3135 4143 3254 4200 loco
3283 4147 3350 4198 ad
3387 4145 3587 4212 locum,

1999 4233 2094 4287 sed
2124 4234 2189 4288 de
2219 4234 2329 4288 vita
2357 4234 2424 4287 ad
2450 4235 2637 4296 vitam,
2673 4234 2739 4290 de
2771 4234 3038 4290 institutis
3063 4235 3259 4306 primis
3286 4237 3490 4292 abeunt
3519 4239 3588 4291 ad

1999 4321 2248 4375 instituta
2276 4323 2514 4392 potiora.

2068 4413 2126 4467 5.
2170 4413 2315 4468 Dixit
2336 4428 2470 4484 ergo
2499 4417 2548 4470 ei
2584 4414 2846 4470 Dominus
2869 4414 2913 4446 τί
2952 4431 2965 4470 :
2991 4415 3124 4471 Duo:
3153 4426 3328 4487 gentes
3352 4419 3405 4473 in
3435 4427 3585 4474 utero

307 4504 486 4572 populi
521 4504 585 4557 de
619 4514 792 4560 uentre
823 4516 912 4560 tuo
957 4509 1366 4576 separabantur.
1429 4509 1674 4582 Longum
1721 4523 1804 4569 est
1847 4515 1890 4570 si
1922 4550 1971 4608 Β
1998 4515 2087 4559 tuo
2115 4517 2255 4572 sunt,
2293 4517 2340 4562 et
2381 4508 2488 4563 duo
2512 4508 2694 4578 populi
2726 4509 2792 4562 de
2826 4518 3002 4563 ventre
3027 4519 3117 4564 tuo
3143 4512 3582 4580 segregabuntur.

307 4595 540 4652 velimus
577 4613 721 4654 nunc
770 4599 1192 4656 exsultationem
1245 4617 1537 4672 puerorum
1607 4606 1786 4661 adhuc
1836 4608 1890 4661 in

306 4687 416 4758 92
459 4697 614 4743 utero
663 4689 1026 4747 habitantium
1061 4693 1420 4762 perscrutari.
1459 4693 1702 4766 Longum
1735 4707 1817 4753 est
1846 4697 1890 4754 si

308 4777 376 4832 de
423 4777 505 4833 his
543 4778 1027 4848 interpretationes
1083 4793 1141 4837 et
1182 4783 1470 4854 mnigmata
1523 4799 1646 4856 quae
1696 4788 1892 4843 scribit

304 4869 596 4941 Apostolus
644 4865 984 4942 proferamus
1007 4913 1022 4939 ,
1051 4875 1180 4944 quid
1217 4878 1459 4948 mysterii
1487 4918 1502 4946 ,
1550 4879 1680 4949 quid
1709 4894 1891 4936 causae

307 4962 646 5028 contineant,
699 4967 838 5032 cur',
883 4974 1175 5035 antequam
1219 4978 1520 5037 nascantur
1567 4971 1744 5040 pueri,
1797 4981 1890 5027 aut

305 5051 510 5122 aliquid
542 5053 595 5108 in
645 5054 749 5110 hoc
775 5058 974 5112 sarculo
1007 5067 1173 5128 agant
1204 5059 1330 5114 boni
1368 5060 1455 5115 vel
1486 5063 1653 5129 mali,
1686 5063 1889 5117 dicitur

305 5145 373 5199 de
401 5145 484 5200 his
504 5145 574 5213 ",
610 5147 738 5215 quia
766 5149 992 5217 populus
1019 5151 1270 5220 populum
1307 5151 1598 5220 superabit,
1626 5161 1674 5207 et
1714 5154 1888 5222 major

303 5239 492 5293 serviet
521 5237 748 5304 minori;
781 5255 913 5308 cur,
941 5251 1236 5311 antequam
1262 5244 1328 5298 de
1367 5244 1558 5299 matris
1583 5254 1738 5300 utero
1761 5259 1887 5314 pro-

303 5329 586 5394 cederent,
645 5329 849 5384 dicitur
898 5346 996 5401 per
1043 5334 1364 5403 prophetam
1397 5334 1462 5402 ‘3,
1526 5335 1652 5404 quia
1711 5333 1885 5388 Iacob

302 5420 491 5488 dilexi,
532 5420 682 5475 Esau
706 5431 882 5476 autem
909 5423 1030 5477 odio
1058 5425 1240 5480 habui.
1277 5424 1403 5482 Huic
1428 5441 1594 5497 supra
1633 5435 1884 5482 nostram

303 5509 546 5580 linguam
571 5520 720 5577 sunt,
751 5520 805 5567 et
830 5527 990 5582 supra
1031 5514 1278 5571 auditum
1311 5526 1576 5573 vestrum.

373 5601 430 5658 2.
466 5601 620 5660 Nunc
646 5604 863 5660 interim
894 5605 1176 5664 videamus
1204 5609 1333 5680 quid
1367 5619 1450 5666 est
1479 5609 1620 5682 quod
1652 5610 1885 5668 dicitur:

375 5723 422 5800 ξ’
467 5725 802 5800 ξιιιρηιειν,
865 5728 956 5782 52.
1060 5729 1106 5761 ⁸⁵
1146 5729 1292 5787 Psal.
1341 5711 1541 5800 cxvnt,
1593 5733 1682 5788 l8.

305 5795 432 5864 1,2,
467 5795 521 5852 5.
580 5797 646 5884 f’
699 5795 810 5855 Jer.
873 5814 1031 5869 χχιιι,
1085 5801 1175 5857 24.
1254 5803 1300 5838 '°
1353 5795 1642 5873 Exodhn,
1692 5805 1746 5860 5.

1795 5734 1842 5766 "
1880 5732 2081 5790 Genes.
2133 5749 2284 5801 xxv,,
2313 5734 2375 5788 2|
2390 5775 2404 5788 .

1826 5805 1872 5839 τι
1903 5803 2122 5880 _Genes.
2172 5820 2302 5875 xxv,
2347 5804 2441 5861 2'5.

1997 4597 2066 4652 Et
2118 4601 2344 4669 papulas
2394 4601 2651 4670 papulum
2703 4603 3006 4670 superabit,
3073 4613 3119 4656 et
3175 4603 3351 4672 major
3398 4607 3581 4660 serviet

1994 4690 2205 4768 minori.
2259 4690 2541 4756 Quomodo
2581 4693 2810 4763 populus
2831 4695 3100 4763 ipopulum
3133 4700 3493 4766 superaverit,
3529 4697 3582 4753 id

1993 4790 2079 4836 est
2118 4781 2360 4838 Ecclesia
2406 4781 2773 4855 Synagogam,
2798 4795 2853 4838 et
2880 4787 3151 4854 quomodo
3178 4788 3350 4857 major
3381 4791 3585 4844 serviat

1994 4873 2231 4938 minori,
2283 4876 2449 4931 etiam
2482 4876 2613 4945 ipsis
2655 4875 2856 4931 Judaeis
2900 4876 3030 4931 licet
3079 4894 3185 4932 non
3225 4875 3581 4936 credentibus

1994 4978 2185 5024 notum
2231 4979 2334 5023 est.
2386 4968 2462 5023 De
2504 4968 2588 5024 his
2633 4983 2762 5040 ergo
2798 4984 2919 5038 quae
2953 4968 3130 5038 palam
3175 4979 3299 5025 sunt
3329 4981 3386 5026 et
3424 4972 3581 5028 valde

1992 5061 2246 5116 omnibus
2283 5061 2444 5125 trita,
2493 5059 2680 5115 dicere
2727 5061 3066 5132 superﬂuum
3115 5074 3270 5133 puto.
3303 5065 3474 5133 Illud,
3529 5071 3574 5122 si

1993 5151 2227 5222 placeat,
2275 5151 2561 5219 addamus,
2623 5153 2768 5221 quod
2817 5167 3257 5225 unumquemque
3306 5166 3574 5222 nostrum,

1992 5243 2085 5312 qui
2126 5245 2242 5300 hare
2279 5244 2467 5309 audit,
2507 5245 2784 5300 aediﬁcare
2833 5255 2888 5301 et
2921 5246 3198 5303 instruere
3238 5259 3421 5319 queat.
3463 5248 3578 5319 Ego

1990 5345 2123 5403 puto
2160 5337 2306 5405 quod
2341 5345 2397 5390 et
2423 5336 2488 5390 de
2520 5336 2750 5407 singulis
2778 5339 2938 5394 nobis
2969 5340 3073 5395 hoc
3095 5340 3202 5395 dici
3227 5351 3428 5409 potest,
3449 5344 3574 5410 quia

1991 5426 2112 5481 duae
2163 5437 2353 5497 gentes
2381 5439 2437 5483 et
2482 5429 2591 5484 duo
2631 5430 2815 5500 populi
2853 5431 2993 5486 intra
3031 5441 3309 5488 nossent.
3341 5431 3480 5487 Nam
3519 5444 3573 5490 et

1990 5516 2258 5573 virtutum
2288 5519 2519 5590 populus
2553 5519 2694 5575 intra
2730 5533 2830 5576 nos
2863 5528 2971 5586 est,
2998 5528 3053 5574 et
3082 5519 3338 5574 vitiorum
3370 5519 3574 5576 nihilo-

1995 5611 2177 5666 minus
2219 5612 2448 5682 populus
2483 5611 2628 5667 intra
2656 5625 2756 5666 nos
2787 5623 2888 5667 est.
2922 5610 3000 5666 De
3026 5611 3181 5664 corde
3211 5611 3346 5666 enim
3385 5620 3574 5668 nostro

2504 5736 2550 5769 ⁸⁸
2603 5735 2732 5793 ibid.
2775 5736 2866 5793 23.
2971 5735 3014 5768 ⁸⁷
3067 5732 3200 5793 ibid.
3308 5735 3352 5769 ⁸⁸
3376 5736 3568 5795 Malae.
