4132 6406
552 264 656 337 se

2040 288 2198 344 ORIG
2210 289 2362 346 F.le

3701 307 3810 363 228

554 403 839 471 procedunt
892 403 1235 472 cogitationes
1261 403 1436 468 mala',
1469 404 1760 471 adulteria,
1795 407 1963 477 furta,
1985 408 2123 477 falsa
2157 412 2203 467 Λ
2233 409 2349 463 nias
2379 413 2812 480 commovebunt,
2846 426 2899 470 et
2938 415 3195 487 incipient
3231 418 3438 489 replere
3465 428 3605 475 terra
3635 436 3728 476 sua
3754 433 3810 478 et

559 497 861 549 testimonia
883 496 950 557 τί,
984 495 1111 557 doli,
1153 497 1563 561 contentiones,
1590 498 1848 562 htnreses,
1889 499 2126 564 invidia},

553 588 991 649 comessationes,
1021 596 1075 641 et
1109 586 1192 640 his
1224 587 1447 641 similia.
1502 588 1663 643 Vides
1691 600 1933 659 quantus
1960 591 2131 646 maln-

553 694 669 731 rum
700 676 923 745 populus
952 676 1091 730 intra
1115 691 1214 730 nos
1245 678 1371 732 est?
1397 678 1453 732 Si
1488 695 1615 733 vero
1649 696 1956 735 mercamur
1982 681 2127 736 illam

547 782 731 820 vocem
792 767 974 819 dicere
1029 776 1219 821 sancto
1275 767 1503 835 Spiritui
1549 769 1595 799 ⁷³
1630 786 1643 822 :
1676 771 1717 822 A
1768 771 1956 824 timore
2012 780 2126 836 tuo,

546 858 791 920 Domine,
816 859 869 910 in
898 866 1045 910 utero
1070 860 1422 924 concepimus,
1454 869 1502 913 et
1532 861 1850 929 peperimus,
1881 861 2124 927 spiritum

544 951 732 1003 salutis
758 962 861 1003 tua:
886 951 1105 1019 fecimus
1146 967 1301 1017 super
1339 962 1558 1017 terram;
1592 962 1718 1006 tunc
1740 963 1795 1007 et
1821 954 1960 1006 alius
1984 954 2125 1007 intra

545 1056 644 1094 nos
672 1041 900 1110 populus
934 1042 1213 1096 invenitur
1241 1044 1292 1097 in
1316 1044 1508 1104 spiritu
1539 1053 1852 1111 generatus.
1892 1042 2125 1099 Fructus

544 1132 692 1184 onint
724 1132 940 1198 spiritus
971 1143 1045 1185 est
1075 1134 1307 1188 clraritas
1328 1175 1341 1199 ,
1373 1135 1663 1204 gaudium,
1692 1150 1821 1204 pax,
1845 1136 2124 1204 patientia,

543 1222 840 1286 humilitas,
882 1225 1254 1290 mansuetudo,
1306 1226 1653 1288 continentia,
1700 1227 1919 1281 castitas
1951 1227 2021 1293 7",
2070 1236 2125 1280 et

542 1314 628 1368 his
665 1316 888 1369 similia.
950 1315 1111 1370 Vides
1154 1326 1206 1369 et
1256 1316 1419 1371 alium
1473 1317 1732 1388 populum
1790 1317 1881 1383 qui
1918 1327 1974 1372 et
2010 1318 2123 1385 ipse

542 1407 683 1460 intra
714 1422 810 1460 nos
835 1415 917 1462 est
954 1425 965 1461 :
996 1409 1089 1461 sed
1124 1408 1224 1462 iste
1251 1409 1429 1464 miuor
1455 1421 1558 1473 est,
1607 1409 1698 1463 ille
1740 1409 1933 1478 major.
1968 1410 2123 1463 Sem-

541 1514 637 1566 per
691 1499 835 1553 enim
888 1499 1070 1569 plures
1126 1508 1253 1555 sunt
1308 1501 1433 1555 mali
1482 1516 1645 1571 quam
1687 1502 1856 1569 boni,
1903 1510 1957 1558 et
1992 1501 2121 1555 vitia

544 1594 917 1648 numerosiora
955 1595 1271 1651 virtutibus.
1322 1597 1428 1651 Sed
1459 1597 1504 1651 si
1542 1595 1681 1651 tales
1718 1596 1913 1663 simus,
1941 1596 2119 1665 qualis

542 1687 785 1741 Rebecca
807 1726 822 1750 ,
849 1696 903 1739 et
933 1701 1241 1742 mereamur
1270 1687 1335 1742 de
1363 1689 1515 1741 Isaac
1540 1727 1555 1751 ,
1609 1687 1660 1741 id
1708 1697 1790 1741 est
1845 1688 1910 1742 de
1956 1689 2119 1741 verbo

539 1777 631 1831 Dei
686 1776 885 1829 habere
938 1785 1293 1844 conceptum,
1350 1779 1515 1832 etiam
1571 1778 1623 1831 in
1685 1778 1842 1833 nobis
1895 1778 2120 1847 populus

531 1869 790 1937 populum
820 1870 1119 1936 superabit,
1150 1877 1207 1923 et
1231 1868 1405 1937 major
1428 1870 1631 1924 serviet
1656 1868 1851 1923 minori
1879 1887 1891 1922 :
1920 1869 2117 1925 serviet

533 1961 738 2014 ctenim
773 1974 910 2015 caro
946 1960 1186 2030 spiritui,
1215 1972 1271 2015 et
1301 1962 1431 2015 vitia
1472 1961 1765 2015 virtutibus
1790 1961 2004 2018 cedent.
2048 1958 2117 2014 Et

534 2052 733 2121 impleti
763 2062 907 2117 sunt,
940 2052 1204 2121 inquit",
1236 2052 1347 2106 dies
1378 2052 1491 2116 ejus
1522 2062 1578 2106 ut
1619 2063 1853 2122 pareret,
1888 2063 1935 2107 et
1966 2065 2115 2107 erant

533 2145 726 2212 gemini
775 2146 831 2198 in
873 2157 1044 2199 ventre
1084 2146 1216 2215 ejus.
1282 2145 1381 2200 llic
1436 2160 1643 2212 sermo,
1710 2145 1761 2199 id
1796 2155 1878 2201 est
1918 2146 2117 2215 impleti

533 2248 653 2292 sunt
698 2240 809 2293 dies
851 2241 966 2308 ejus
1018 2250 1074 2293 ut
1103 2250 1331 2309 pareret,
1368 2256 1651 2309 nunquam
1712 2240 1828 2297 fere
1891 2242 1992 2295 nisi
2049 2243 2115 2295 de

532 2331 738 2385 sanctis
775 2330 1095 2385 mulieribus
1142 2330 1423 2387 scribitur.
1476 2330 1551 2385 De.
1583 2331 1686 2386 hac
1718 2346 1954 2400 namque
2003 2331 2114 2387 Re-

531 2422 695 2477 becca
728 2423 927 2477 dictum
952 2430 1038 2477 est
1076 2422 1177 2475 hoc
1200 2462 1215 2486 ,
1246 2430 1299 2476 et
1329 2422 1392 2477 de
1419 2420 1702 2476 Elisabeth
1733 2430 1906 2477 matre
1947 2419 2117 2477 Joan-

530 2515 641 2577 nis,
684 2523 739 2567 et
786 2514 950 2568 Maria
1000 2523 1175 2568 matre
1220 2513 1431 2567 Domini
1493 2514 1663 2567 nostri
1710 2512 1837 2568 Jesu
1887 2512 2109 2569 Christi.

536 2605 686 2660 Unde
710 2605 838 2659 tnihi
873 2606 1086 2660 videtur
1103 2604 1363 2658 eximium
1403 2604 1606 2674 aliquid
1630 2644 1647 2671 ,
1679 2614 1733 2660 et
1768 2617 1965 2674 praeter
2003 2621 2111 2662 ca:-

531 2704 678 2750 teros
725 2695 978 2750 homines
1022 2694 1405 2765 hujuscemodi
1457 2704 1643 2764 partus
1687 2698 2001 2765 ostendere,
2057 2706 2113 2752 et

530 2786 756 2855 repletio
795 2787 1002 2841 dierum
1044 2796 1230 2841 ortum
1279 2786 1540 2856 perfectae
1588 2788 1792 2842 sobolis
1847 2788 2108 2843 indicare.

599 2878 652 2932 4.
686 2875 829 2931 Exiit
850 2888 1019 2932 autem
1045 2879 1211 2947 ﬁlius,
1243 2878 1423 2947 inquit
1446 2878 1512 2941 ⁷⁸,
1539 2881 1861 2948 primitivus,
1890 2883 2105 2948 rubens,

526 2978 575 3022 el
640 2977 781 3023 totus
844 2980 1093 3039 tanquam
1156 2968 1307 3038 pellis
1380 2969 1636 3023 hirsutus.
1705 2968 2107 3039 Cognominavit

2231 504 2343 556 luto
2376 515 2565 573 puteos
2596 522 2765 564 meos.
2802 509 2937 564 Nam
2968 511 3154 581 utique
3193 513 3239 567 si
3292 513 3670 582 permitterent
3717 512 3804 567 isti

2227 592 2558 661 Philisthiui,
2599 606 2653 650 et
2694 612 2794 667 ego
2836 599 3082 655 volebam
3120 602 3381 655 accedere
3421 601 3486 653 ad
3515 597 3801 653 Dominum

2230 688 2873 756 meumpatientissimum
2898 691 3105 757 Jesum,
3128 692 3219 761 qui
3238 691 3586 761 dicit",quia
3613 706 3704 760 ego
3728 708 3785 747 ve

2227 780 2451 833 nientem
2472 781 2539 833 ad
2560 796 2639 835 me
2660 797 2767 835 non
2800 782 2992 849 repello
3007 799 3026 837 :
3043 782 3287 838 volebam
3311 784 3598 848 accedere,
3620 793 3675 836 et
3695 782 3802 837 sic-

2227 878 2287 923 ut
2308 870 2562 925 dixerunt
2588 871 2639 927 ei
2662 872 2909 942 discipuli
2929 875 2972 906 ⁷⁹
3001 872 3271 939 :Domine,
3307 875 3424 942 quis
3453 874 3802 943 peccavitJn'c

2226 978 2293 1014 an
2320 974 2560 1029 parentes
2586 965 2727 1034 ejus,
2748 974 2801 1018 ut
2833 980 3003 1019 ccecus
3054 968 3407 1021 nasceretur?
3438 965 3503 1019 Et
3521 980 3619 1036 ego
3656 966 3801 1020 vole-

2226 1049 2350 1105 bam
2390 1053 2731 1122 interrogare
2764 1068 2887 1108 eum
2910 1062 2964 1107 et
2995 1054 3176 1109 dicere
3208 1071 3222 1109 :
3256 1056 3505 1121 Domine,
3540 1056 3662 1122 quis
3678 1072 3804 1123 pec-

2225 1145 2387 1210 cavit,
2414 1145 2502 1201 hic
2532 1146 2778 1214 Esau,an
2808 1154 3061 1214 parentes
3088 1145 3303 1215 ejus,ut
3332 1147 3404 1201 sit
3434 1156 3575 1202 totus
3614 1149 3801 1203 hirsu-

2227 1243 2331 1299 tus,
2351 1245 2403 1290 et
2418 1236 2671 1291 horridus
2687 1245 3021 1301 nasceretur,
3039 1245 3091 1291 ut
3116 1238 3168 1292 in
3187 1247 3341 1303 utero
3364 1239 3802 1309 supplantaretur

2224 1342 2251 1380 a
2280 1328 2494 1384 fratre?
2525 1328 2628 1384 Sed
2661 1330 2705 1384 si
2737 1329 2959 1387 voluero
2992 1330 3331 1401 interrogare
3360 1329 3426 1385 de
3469 1330 3554 1385 bis
3574 1330 3797 1385 verbum

2224 1418 2414 1485 Dci,et
2441 1420 2739 1489 inquirere,
2771 1422 2952 1476 statim
2979 1422 3111 1477 mihi
3144 1422 3264 1478 lites
3294 1421 3677 1477 Pbilisthiniet
3706 1437 3797 1476 ca-

2223 1510 2457 1567 lumnias
2492 1514 2811 1568 movent.Et
2847 1515 2967 1569 ideo
2988 1529 3090 1569 nos
3120 1514 3491 1585 relinquentes
3526 1515 3668 1570 hunc
3700 1529 3799 1583 pu-

2225 1616 2367 1661 teum
2394 1615 2447 1660 et
2481 1614 2739 1660 vocantes
2761 1619 2885 1659 eum
2912 1605 3227 1661 inimicitias
3248 1646 3261 1671 ,
3295 1605 3458 1659 alium
3504 1606 3794 1661 fodiamus.

2293 1696 2347 1754 5.
2394 1695 2519 1751 Post
2563 1697 2698 1761 lucc,
2739 1696 2909 1767 inquit
2935 1696 3002 1763 ⁸⁸,
3038 1690 3309 1751 seminavit
3334 1699 3492 1751 Isaac
3520 1697 3794 1762 hordeum,

2221 1801 2269 1845 et
2299 1791 2489 1844 invenit
2512 1788 2828 1859 centuplum.
2846 1788 3121 1844 Benedixit
3144 1800 3321 1843 autem
3339 1788 3489 1841 illum
3516 1788 3796 1853 Dominus,

2221 1887 2269 1932 et
2300 1878 2668 1948 magniﬁcatus
2699 1887 2773 1931 est
2823 1878 2978 1931 homo
3024 1888 3073 1932 et
3118 1894 3365 1947 processu
3415 1877 3586 1947 major
3611 1877 3795 1944 fiebat,

2216 1970 2557 2040 quoadusque
2592 1985 2812 2040 magnus
2846 1968 3016 2039 factus
3063 1978 3139 2023 est
3177 1969 3346 2040 valde.
3370 1969 3508 2037 Quid
3533 1976 3611 2024 est
3651 1969 3796 2038 quod

2216 2059 2369 2117 Isaac
2400 2062 2660 2116 hordeum
2682 2060 2990 2125 seminavit,
3021 2071 3074 2115 et
3108 2074 3217 2115 non
3246 2038 3599 2124 fiumentum,
3631 2069 3684 2113 et
3703 2060 3797 2112 he—

2217 2153 2487 2208 ncdicitur
2510 2153 2565 2207 in
2590 2168 2655 2207 eo
2696 2152 2839 2222 quod
2867 2152 3128 2207 hordeum
3164 2151 3417 2216 seminat,
3454 2162 3509 2206 et
3547 2150 3797 2220 magniﬁ-

2216 2254 2371 2300 catur
2414 2260 2695 2315 quousque
2739 2259 2967 2314 magnus
3014 2244 3153 2299 ﬁat?
3192 2246 3433 2315 Apparet
3466 2257 3627 2311 ergo,
3665 2243 3794 2312 quia

2217 2338 2456 2391 nondum
2508 2350 2736 2407 magnus
2785 2335 3068 2403 erat;sed
3100 2346 3453 2406 posteaquam
3506 2334 3795 2389 seminavit

2216 2427 2479 2483 hordeum
2513 2438 2569 2483 et
2599 2428 2817 2496 collegit
2840 2426 3171 2496 centuplum,
3210 2437 3341 2482 tunc
3368 2429 3541 2481 factus
3566 2434 3648 2481 est
3675 2442 3793 2481 ma-

2215 2535 2353 2590 gnus
2394 2519 2573 2575 valde.
2637 2519 2912 2575 Hordeum
2954 2519 3319 2588 jumentorum
3370 2520 3605 2575 maxime
3642 2520 3794 2576 cibus

2214 2621 2317 2677 est,
2362 2619 2457 2665 aut
2515 2625 2799 2667 servorum
2856 2610 3206 2665 rusticorum.
3266 2608 3360 2665 Est
3406 2610 3550 2665 enim
3585 2612 3794 2681 species

2213 2701 2479 2771 asperior,
2553 2709 2607 2755 et
2677 2715 2797 2771 qua;
2859 2700 3006 2755 velut
3075 2700 3416 2755 acuminibus
3471 2699 3789 2770 quibusdam

2212 2791 2621 2860 contingentem
2698 2790 2985 2847 stimulare
3057 2792 3326 2846 videatur.
3394 2787 3547 2845 Isaac
3613 2804 3793 2845 sermo

2211 2880 2305 2936 Dei
2343 2891 2451 2946 est,
2518 2880 2612 2950 qui
2670 2896 2851 2936 sermo
2916 2882 2969 2936 in
3037 2881 3154 2952 lege
3210 2882 3474 2937 hordeum
3534 2884 3790 2948 seminat,

2211 2985 2270 3031 et
2309 2975 2363 3030 in
2404 2973 2713 3045 Evangeliis
2752 2974 3014 3031 triticum.
3044 2973 3197 3029 Illum
3241 2974 3386 3029 enim
3431 2973 3611 3028 cibum
3667 2989 3793 3044 per-

524 3072 701 3116 autem
752 3078 936 3115 nomen
980 3061 1127 3114 illius
1187 3060 1353 3114 Esau.
1419 3061 1487 3114 Et
1538 3070 1723 3129 postea
1763 3064 1893 3117 exiit
1940 3064 2182 3153 [ναιενο
2212 3065 2530 3123 fectioribns
2577 3075 2631 3122 et
2664 3065 3037 3136 Spiritalibus,
3077 3065 3221 3121 hunc
3279 3063 3705 3134 imperitioribus
3738 3074 3793 3119 et

523 3154 663 3223 ejus,
713 3163 759 3207 et
800 3170 987 3207 manus
1028 3156 1143 3222 ejus
1191 3153 1421 3221 implexa
1466 3163 1577 3207 erat
1624 3154 1878 3209 calcaneo
1928 3153 2100 3222 Esau,

523 3258 569 3299 et
603 3246 874 3313 appellavit
915 3262 1100 3299 nomen
1136 3244 1281 3297 illius
1321 3243 1514 3298 Iacob.
1548 3243 1739 3300 Refert
1776 3246 1842 3301 de
1885 3248 1967 3302 his
1999 3248 2102 3303 alia

456 3386 463 3393 .
523 3338 815 3406 scriptura,
866 3335 1008 3406 quod
1053 3335 1224 3390 Jacob
1265 3336 1637 3406 supplantavit
1679 3339 1733 3393 in
1767 3353 1958 3396 ventre
1990 3340 2101 3395 {ra-

526 3438 664 3483 trem
738 3443 939 3493 suum,
1012 3438 1067 3482 et
1115 3428 1274 3497 hujus
1334 3429 1411 3483 rei
1487 3429 1748 3484 indicium
1808 3432 1903 3496 sit,
1961 3434 2104 3501 quod

525 3532 718 3572 manus
747 3518 864 3589 ejus
900 3517 1131 3587 implexa
1162 3528 1279 3572 erat
1313 3518 1574 3573 calcaneo
1604 3518 1796 3574 fratris
1824 3519 1906 3575 sui
1944 3521 2102 3574 Esau.

524 3612 627 3678 Qui
676 3611 820 3667 Esau
857 3612 922 3665 de
953 3619 1107 3666 utero
1152 3610 1344 3665 matris
1387 3626 1497 3664 sua:
1546 3612 1818 3681 processit
1859 3612 2106 3667 hirsutus

525 3712 675 3759 totus
712 3712 965 3772 tanquam
998 3702 1175 3773 pellis,
1232 3700 1404 3755 Jacob
1458 3712 1637 3757 autem
1684 3702 1820 3757 levis
1872 3712 1927 3758 et
1975 3703 2109 3758 sim-

524 3799 671 3868 plex.
728 3796 882 3853 Unde
940 3805 997 3849 et
1034 3794 1210 3849 Jacob
1260 3810 1288 3849 a
1329 3793 1588 3849 luctando
1621 3808 1817 3849 nomen
1897 3795 2106 3865 accepit

526 3891 690 3962 (80).
750 3888 892 3942 Esau
940 3902 1109 3953 vero,
1162 3895 1223 3940 ut
1275 3885 1426 3940 aiunt
1472 3885 1564 3953 qui
1612 3884 1832 3939 llehraza
1886 3884 2104 3938 nomina

523 3981 971 4050 interpretantur,
1044 3978 1130 4033 vel
1202 3992 1232 4031 a
1314 3979 1553 4041 rubore,
1629 3974 1715 4031 vel
1794 3992 1823 4029 a
1910 3986 2104 4041 terra,

518 4072 627 4141 93
654 4071 706 4127 id
753 4080 837 4127 est
864 4071 1077 4138 rubros,
1112 4069 1195 4125 vel
1241 4079 1513 4133 terrenus,
1549 4067 1657 4135 vel,
1688 4076 1749 4122 ut
1777 4068 1898 4123 aliis
1931 4070 2104 4124 visum

519 4173 604 4217 est
630 4203 647 4228 ,
679 4162 886 4217 factura
923 4163 1099 4219 dictus
1130 4163 1364 4217 videtur.
1396 4162 1598 4217 Verum
1642 4176 1763 4230 quae
1792 4162 1900 4216 sint
1950 4161 2108 4217 istius

520 4254 819 4309 nativitatis
851 4255 1157 4325 privilegia,
1184 4270 1281 4309 cur
1320 4263 1502 4308 autem
1549 4252 1637 4307 ille
1671 4252 2109 4322 supplantaverit

518 4346 761 4416 fratrem,
795 4357 848 4403 et
878 4348 1014 4404 levis
1060 4362 1124 4403 ac
1154 4347 1381 4417 simplex
1414 4354 1570 4401 natus
1597 4347 1689 4413 sit,
1732 4360 1854 4401 cum
1895 4347 2105 4415 utique,

2212 3158 2539 3216 animalibus
2571 3169 2725 3230 parat
2753 3175 2767 3214 :
2801 3159 2924 3229 quia
2958 3160 3219 3227 scriptum
3246 3160 3390 3213 est“
3418 3157 3707 3213 :llomines
3744 3169 3792 3211 et

2204 3250 2449 3319 jumenta
2490 3250 2665 3303 salvos
2711 3249 2896 3318 facies,
2942 3247 3187 3304 Domine.
3250 3248 3402 3303 Isaac
3447 3262 3628 3304 sermo
3658 3248 3793 3318 legis

2212 3340 2476 3394 hordeum
2507 3339 2760 3402 seminat,
2780 3346 2833 3393 et
2873 3345 3055 3393 tamen
3088 3338 3141 3392 in
3178 3338 3295 3409 ipso
3334 3339 3540 3395 hordeo
3588 3340 3796 3394 invenit

2214 3434 2571 3488 centesimum
2605 3431 2861 3484 fructum.
2898 3430 3116 3487 Invenis
3157 3431 3303 3486 enim
3327 3440 3381 3486 et
3412 3432 3464 3485 in
3497 3432 3613 3501 lege
3647 3446 3795 3486 mar-

2216 3534 2382 3597 tyres,
2408 3538 2638 3594 quorum
2662 3532 2750 3579 est
2775 3525 3101 3580 centesimus
3132 3523 3364 3579 fructus.
3387 3523 3491 3580 Sed
3524 3533 3578 3580 et
3605 3525 3795 3580 Domi--

2216 3629 2321 3670 nus
2345 3624 2531 3670 noster
2565 3614 2618 3669 in
2652 3613 2961 3685 Evangeliis
3007 3612 3179 3679 Isaac,
3214 3614 3538 3683 perfectiora
3563 3630 3793 3685 quaeque

2215 3705 2500 3776 apostolis,
2524 3706 2698 3761 turbis
2729 3714 2908 3760 autem
2940 3704 3151 3776 plebeia
3181 3714 3234 3759 et
3264 3707 3572 3760 communia
3603 3707 3793 3777 loque-

2215 3801 2397 3856 batur.
2427 3798 2523 3853 V'is
2558 3808 2739 3853 autem
2776 3798 2981 3862 videre,
3006 3796 3150 3866 quod
3188 3797 3351 3850 etiam
3396 3796 3565 3867 ipsius
3603 3798 3792 3851 hordei

2215 3890 2367 3946 cibos
2398 3889 2779 3959 incipientibus
2802 3888 3093 3943 exhibuit?
3115 3887 3388 3958 Scriptum
3422 3897 3504 3942 est
3540 3889 3590 3942 in
3619 3888 3791 3943 Evan-

2214 3980 2422 4052 geliis"
2444 4025 2459 4047 ,
2476 3980 2621 4050 quod
2645 3979 2886 4035 secundo
2913 3979 3126 4049 paverit
3150 3977 3356 4033 turbas.
3386 3979 3491 4034 Sed
3518 3979 3636 4036 illos
3659 3996 3795 4050 quos

2215 4074 2393 4143 primo
2438 4072 2633 4142 pascit,
2666 4070 2719 4126 id
2760 4079 2846 4126 est
2885 4070 3207 4140 incipientes
3232 4109 3247 4135 ,
3275 4069 3593 4127 hordeaceis
3640 4075 3795 4141 pani-

2215 4165 2316 4218 bus
2368 4162 2565 4233 pascit.
2606 4160 2794 4216 Postea
2839 4172 2991 4224 vero,
3020 4174 3144 4215 cum
3191 4160 3303 4230 jam
3354 4160 3713 4231 profecissent
3738 4164 3791 4217 in

2216 4250 2382 4307 verbo
2414 4259 2469 4304 et
2497 4248 2765 4311 doctrina,
2814 4246 3056 4301 triticeos
3083 4246 3163 4302 eis
3204 4248 3495 4301 exhibebat
3538 4262 3704 4316 panes
3720 4249 3787 4303 ⁸³.

2219 4343 2325 4399 Sed
2353 4350 2477 4412 post
2516 4341 2619 4396 hoc
2654 4341 2939 4403 Dominus,
2989 4339 3188 4408 inquit,
3220 4338 3496 4393 benedixit
3527 4339 3701 4405 lsasc,
3735 4348 3793 4395 et

518 4440 661 4494 sicut
711 4440 843 4495 dicit
890 4440 1180 4508 Apostolus
1209 4440 1279 4503 ⁷⁷,
1318 4454 1383 4492 ex
1422 4454 1531 4493 uno
1563 4436 1722 4491 fuerit
1755 4436 1906 4492 Isaac
1948 4447 2103 4508 patre
2140 4450 2183 4504 υ
2219 4450 2449 4506 magnus
2476 4434 2649 4489 factus
2680 4442 2763 4489 est
2794 4432 2968 4487 valde.
2997 4428 3205 4485 Parvus
3229 4439 3348 4486 erat
3382 4430 3532 4486 isaac
3562 4433 3616 4485 in
3651 4431 3788 4502 lege,

519 4539 702 4583 nostro
758 4529 1044 4598 utriusque
1091 4528 1182 4582 lilii
1233 4538 1555 4597 conceptus,
1586 4526 1673 4582 vel
1712 4542 1811 4581 cur
1845 4526 1935 4581 ille
1960 4536 2105 4583 totus

519 4617 760 4673 hirsutus
788 4628 844 4673 et
898 4616 1173 4681 horridus,
1218 4625 1293 4680 et,
1340 4625 1398 4669 ut
1434 4616 1507 4670 ita
1547 4616 1747 4681 dicam,
1795 4616 2005 4686 peccati
2051 4624 2106 4672 et

520 4710 774 4778 nequitia:
806 4708 1060 4778 squalore
1090 4708 1457 4761 circumdatus
1484 4747 1499 4771 ,
1534 4722 1639 4760 non
1672 4716 1755 4761 est
1782 4722 1960 4762 meum
1992 4708 2103 4763 dis-

517 4810 720 4854 cutere.
769 4797 826 4855 Si
887 4800 1032 4854 enim
1075 4798 1299 4852 voluero
1332 4800 1383 4851 in
1422 4798 1588 4852 altum
1626 4798 1826 4863 fodere,
1861 4807 1915 4853 et
1945 4814 2100 4869 aqua:

515 4892 653 4946 vivae
676 4892 905 4948 latentes
939 4906 1105 4947 venas
1140 4892 1352 4961 aperire
1382 4891 1639 4945 continuo
1668 4891 1899 4945 aderunt
1929 4890 2100 4945 Phili-

515 4985 679 5039 sthini
699 5025 715 5050 ,
753 4994 806 5039 et
836 4985 1120 5052 litigabunt
1145 4998 1377 5053 mecum,
1399 4994 1455 5038 et
1477 4984 1624 5040 rixas
1656 4984 1785 5038 mihi
1815 4992 1870 5039 et
1893 4984 2101 5039 calum-

631 5124 677 5157 "
728 5123 919 5178 Matth.
974 5138 1064 5191 xv,
1108 5124 1207 5187 l9;
1268 5122 1385 5179 Gal.
1436 5139 1492 5188 v,
1542 5122 1635 5176 20.

512 5194 559 5225 τε
601 5194 733 5248 ibid.
768 5194 838 5248 25
861 5206 915 5248 et
946 5194 1038 5249 26.
1115 5196 1157 5226 ⁷⁷
1183 5194 1341 5249 Rom.
1391 5208 1468 5248 Ix.
1567 5194 1612 5224 ⁷⁸
1653 5191 1813 5247 ιῐοειιιο
1842 5207 1920 5257 VI.
1943 5194 2032 5247 37-

509 5264 558 5295 θ’
594 5265 786 5319 Matth.
813 5279 921 5319 xw.
968 5264 1042 5296 ’3’
1069 5265 1257 5320 Matth.
1298 5279 1385 5317 xv.

588 5425 778 5503 (80lA
823 5430 991 5503 verbo
1036 5439 1167 5503 spy,
1210 5427 1512 5503 calcaneum
1562 5424 1943 5503 apprehendit,-
1983 5425 2097 5503 cal-

588 5461 778 5503 \O'Jln
830 5461 991 5484 νῠιυυ
1036 5461 1167 5493 μέν,
1210 5461 1512 5480 latrocinatus
1562 5461 1924 5493 ωριμσοηιηιιη,
1983 5461 2097 5477 ωη-

513 5516 689 5564 caneo,
723 5501 991 5569 supposito
1046 5461 1320 5552 litctazoris
1386 5499 1554 5550 instar
1585 5496 1989 5569 _pessut_nded_it,
2040 5496 2102 5569 Iit

513 5584 710 5622 nmncn
757 5564 947 5634 Iacob,
999 5570 1141 5638 quod
1194 5570 1243 5622 in
1298 5576 1454 5636 partu
1517 5565 1722 5638 calcem
1770 5564 1956 5638 fratris
2011 5566 2095 5618 sui

516 5640 712 5708 tenuit,
748 5641 904 5708 quasi
946 5635 1118 5708 ipsum
1162 5641 1215 5693 in
1260 5635 1692 5708 primogenitum
1741 5635 2097 5704 supplantare

515 5707 723 5762 volens.
766 5706 904 5761 Non
961 5706 1099 5764 male
1137 5706 1273 5779 ergo
1321 5709 1520 5765 asserit
1563 5706 1833 5775 Origenes
1880 5720 2008 5761 eum
2066 5720 2095 5757 a

1746 5123 1793 5154 ⁸⁷³
1850 5120 1956 5177 Isa.
2004 5139 2155 5185 xxvi.
2210 5126 2296 5181 18.
2412 5126 2458 5157 ⁷³
2508 5123 2687 5179 Galat.
2734 5138 2786 5186 v,
2836 5120 2935 5182 92,
2976 5120 3070 5175 25.
3185 5120 3201 5147 ⁷

1746 5194 2032 5257 nt.vt,37.
2120 5195 2346 5251 “Joan.
2402 5194 2565 5263 tx,2.
2641 5195 2687 5225 ³⁸
2715 5188 3201 5256 Genes.xxvn,12.

2210 4529 2305 4584 scd
2348 4541 2604 4598 processu
2635 4525 2893 4594 temporis
2928 4525 2988 4579 lit
3025 4539 3278 4591 magnus.
3306 4522 3392 4577 Fit
3414 4538 3640 4592 magnus
3664 4539 3790 4592 pro-

2208 4635 2367 4675 cessu
2396 4618 2655 4687 temporis
2685 4617 2737 4672 in
2771 4617 3071 4687 prophetis.
3106 4615 3238 4670 Nam
3269 4617 3320 4669 in
3360 4614 3473 4670 sola
3512 4615 3625 4684 lege
3652 4630 3784 4669 non-

2208 4716 2336 4771 dum
2374 4728 2601 4783 magnus
2630 4720 2733 4776 est,
2764 4712 2961 4781 quippe
2993 4724 3112 4779 qua:
3139 4718 3194 4763 et
3218 4707 3484 4761 velamine
3509 4714 3649 4760 tecta
3682 4714 3785 4760 est.

2204 4806 2417 4863 Crescit
2442 4804 2701 4875 ergojam
2728 4803 2778 4856 in
2812 4802 3112 4871 prophetis.
3138 4798 3275 4854 Cum
3310 4812 3439 4852 vero
3480 4796 3788 4865 pervenerit

2212 4898 2279 4950 ad
2306 4897 2409 4951 hoc
2443 4909 2633 4963 usque,
2668 4902 2728 4948 ut
2755 4900 2811 4946 et
2837 4891 3079 4945 velamen
3109 4888 3350 4957 abjiciat,
3376 4898 3503 4941 tunc
3531 4885 3638 4941 erit
3677 4903 3790 4940 ma-

2211 5002 2350 5058 gnus
2396 4985 2572 5041 valde.
2603 4986 2737 5041 Cum
2775 4983 3009 5055 cmperit
3057 4981 3237 5036 littera
3276 4980 3408 5049 legis
3447 4978 3594 5034 velut
3632 4980 3788 5049 palea

3185 5118 3230 5148 ⁷⁸
3266 5114 3466 5170 Cenes.
3529 5132 3654 5179 xxv,
3695 5114 3787 5167 ει.

2412 5126 2458 5157 ⁷⁵
2508 5123 2687 5179 Galat.
2734 5138 2786 5186 v,
2836 5120 2935 5182 Ἡ,
2976 5119 3070 5175 25.
3185 5119 3230 5148 ⁷⁸
3266 5119 3466 5170 Gcnes.
3529 5132 3654 5179 xxv,
3695 5119 3785 5167 ει.

2412 5212 2478 5251 lx.
2510 5194 2565 5248 2.
2641 5195 2687 5225 ³⁸
2715 5191 2915 5247 Gencs.
2939 5188 3201 5251 xxvn,12.
3282 5187 3324 5217 ³¹
3346 5186 3494 5243 Psal.
3528 5202 3693 5251 xxxv,
3734 5184 3785 5236 8.

2210 5426 2467 5482 luctando
2498 5436 2693 5477 nomen
2728 5419 3029 5488 accepisse,
3068 5420 3162 5475 sed
3206 5420 3401 5474 miscet
3427 5415 3785 5488 etymologias

2211 5499 2350 5552 Esau
2387 5506 2441 5550 et
2486 5494 2677 5548 Edont.
2716 5485 2874 5544 Esau
2895 5492 3041 5544 enim
3081 5507 3108 5543 a
3160 5491 3342 5544 radice
3368 5485 3517 5551 rm,
3549 5485 3784 5553 factura,

2208 5568 2312 5622 dici
2346 5573 2545 5635 potest,
2575 5562 2743 5635 Edom
2770 5575 2897 5615 vero
2945 5561 3012 5614 ab
3060 5570 3183 5623 om,
3229 5563 3404 5626 ruber,
3431 5559 3777 5623 rubicundus,

2208 5633 2432 5704 dicitur,
2471 5642 2563 5690 aut
2598 5633 2759 5688 homo
2790 5645 2820 5687 e
2860 5641 3002 5686 terra
3028 5643 3266 5687 creatus.
