4132 6492
492 417 596 471 2‘29

1664 407 1729 463 ΙΝ
1767 406 2065 465 GENESIM
2110 407 2398 465 llOMlLlA
2438 408 2577 465 Xlll.

3647 423 3771 481 ’230

489 530 677 588 hordei
710 529 828 598 ejus
878 529 1127 595 secerni,
1168 538 1223 584 et
1261 525 1578 596 apparuerit
1616 528 1760 596 quod
1808 528 2074 597 spiritalis
2104 532 2148 587 Α
2177 527 2424 582 venimus
2482 526 2772 582 exercitia.
2831 528 2972 584 Ecce
3023 532 3193 599 enim,
3256 536 3422 593 refert
3457 536 3759 607 Scriptura.

486 632 572 678 est
606 622 714 686 lex,
750 630 876 676 tunc
922 622 1073 676 Isaac
1129 617 1588 690 magnilicabitur,
1620 630 1674 673 et
1708 618 1799 673 fiet
1843 634 2073 688 magnus

485 715 664 769 valde.
707 713 844 769 Vide
869 714 1015 769 enim
1046 713 1171 782 quia
1204 722 1257 765 et
1286 710 1548 766 Dominus
1590 712 1641 764 iu
1684 710 1997 779 Evangeliis
2027 711 2073 742 ⁸⁸

487 818 689 873 paucos
716 818 884 872 panes
924 802 1148 871 frangit,
1184 801 1410 870 etquod
1443 799 1609 854 millia
1642 800 1818 854 reficit
1849 798 2073 870 populo-

486 912 627 964 rum,
664 907 719 951 et
743 897 930 967 quanti
961 896 1179 966 c0phini
1218 894 1568 965 reliquiarum
1616 906 1928 964 supersunt.
1964 894 2071 948 Do-

489 1000 588 1040 nec
624 986 823 1054 integri
852 995 981 1040 sunt
1010 998 1194 1054 panes,
1230 998 1393 1038 nemo
1420 992 1715 1044 saturatur,
1750 998 1908 1038 nemo
1944 982 2069 1035 reli—

484 1077 653 1143 cit‘ur,
691 1090 792 1130 nec
845 1076 946 1145 ipsi
998 1089 1165 1145 panes
1212 1075 1466 1129 videntur
1515 1074 1724 1145 augeri.
1773 1074 2068 1129 Considera

481 1182 619 1236 ergo
645 1183 806 1232 nunc,
856 1168 1127 1237 quomodo
1176 1182 1379 1236 paucos
1427 1183 1597 1238 panes
1644 1166 1975 1237 frangimus;
2003 1167 2068 1219 de

482 1259 790 1329 Scripturis
814 1260 1013 1314 divinis
1034 1274 1235 1328 paucos
1257 1274 1539 1314 sermones
1568 1261 1917 1325 assumimus,
1938 1268 2070 1328 quot

486 1351 655 1406 millia
682 1351 958 1404 hominum
980 1361 1316 1405 saturantur.
1365 1351 1468 1405 Sed
1507 1351 1612 1406 nisi
1669 1351 1821 1404 fracti
1868 1349 2071 1404 fuerint

488 1445 576 1498 isti
606 1456 794 1513 panes,
841 1441 943 1496 nisi
996 1443 1048 1495 in
1097 1453 1283 1509 partes
1329 1443 1648 1497 comminuti
1680 1457 1711 1496 a
1761 1442 2065 1510 discipulis,

488 1534 590 1587 hoc
616 1542 719 1598 est,
755 1532 855 1586 nisi
908 1532 1214 1587 minutatim
1263 1533 1442 1587 littera
1505 1529 1672 1585 fuerit
1721 1531 1968 1585 discussa
2016 1539 2069 1584 et

484 1626 676 1691 fracta,
709 1640 905 1681 sensus
927 1625 1044 1694 ejus
1075 1626 1143 1679 ad
1175 1639 1365 1680 omnes
1389 1638 1493 1678 non
1537 1631 1713 1692 potest
1757 1623 2065 1694 pervenire.

480 1715 615 1769 Cum
643 1724 824 1768 autem
859 1722 1196 1784 pertractare
1234 1713 1565 1782 coeperimus
1593 1722 1647 1768 et
1686 1713 1898 1783 singula
1925 1728 2069 1782 qua:—

479 1827 587 1881 que
614 1812 911 1875 discutere,
948 1819 1077 1864 tunc
1130 1810 1300 1864 turbae
1342 1809 1561 1879 quidem
1603 1819 1864 1878 quantum
1921 1817 2069 1877 pote-

2176 617 2320 686 qnod
2354 617 2523 681 Isaac,
2568 627 2853 688 postquam
2898 622 3182 680 benedixit
3212 626 3361 682 illum
3413 632 3673 688 Dominus
3704 646 3763 691 et

2176 709 2558 778 magnificatus
2587 719 2668 764 est
2694 711 2870 775 valde,
2899 728 3185 783 aggressus
3214 729 3296 773 est
3325 735 3460 788 opus
3484 738 3759 795 magnum.

2174 796 2240 849 Et
2263 798 2447 866 coopit,
2482 798 2675 867 inquit,
2710 798 2898 856 fodere
2947 814 3159 872 puteos,
3193 818 3385 877 puteos
3421 827 3557 881 quos
3608 812 3763 868 fode-

2177 900 2296 942 rant
2324 891 2478 960 pueri
2507 891 2625 960 ejus
2654 893 2704 946 in
2748 903 2988 963 tempore
3028 902 3198 966 patris
3228 903 3344 970 ejus
3383 904 3659 960 Abraham
3683 906 3759 971 ⁸⁷,

2175 981 2270 1034 sed
2299 982 2675 1049 cppilaveraut
2699 1000 2794 1039 eos
2822 986 3134 1045 Pliilisthini
3154 1034 3168 1058 ,
3200 1004 3251 1047 et
3281 993 3636 1061 impleverant
3659 1007 3763 1052 ter-

2175 1088 2230 1125 ra
2260 1071 2393 1143 (81).
2430 1073 2613 1129 Primo
2663 1092 2793 1147 ergo
2827 1079 3094 1135 habitavit
3140 1086 3281 1153 apud
3318 1095 3541 1154 puteum
3591 1088 3759 1143 visio-

2171 1165 2281 1227 nis,
2310 1172 2364 1217 ct
2393 1164 2732 1222 illuninatus
2763 1183 2792 1221 a
2833 1181 2997 1239 puteo
3027 1174 3248 1230 visionis
3277 1178 3591 1246 aggreditur
3622 1180 3758 1236 alios

2172 1261 2362 1322 puteos
2397 1257 2636 1323 aperire.
2677 1259 2741 1312 Et
2781 1276 2888 1314 nou
2924 1264 3158 1331 primum
3208 1282 3378 1323 novos
3409 1280 3624 1338 puteos,
3660 1275 3757 1328 sed

2172 1361 2309 1415 quos
2336 1347 2545 1403 foderat
2578 1359 2738 1419 pater
2790 1352 2906 1420 ejus
2934 1357 3232 1412 Abraham.
3271 1360 3338 1414 Et
3382 1376 3503 1415 cum
3534 1363 3759 1420 fodisset

2172 1438 2403 1505 primum
2429 1447 2671 1507 puteum,
2702 1442 2858 1496 zelati
2880 1458 3018 1508 sunt,
3044 1448 3242 1519 inquit,
3270 1467 3387 1505 eum
3413 1452 3746 1509 Pliilistltini.

2170 1525 2240 1579 At
2280 1526 2365 1581 ille
2387 1528 2505 1583 zelo
2534 1544 2722 1584 eorum
2750 1548 2860 1587 non
2892 1544 2973 1588 est
3013 1539 3330 1605 deterritus,
3357 1555 3459 1596 nec
3484 1545 3651 1598 cessit
3675 1546 3758 1598 iu-

2170 1616 2329 1671 vidiae
2361 1620 2496 1673 :sed
2534 1621 2743 1685 iterum,
2780 1624 2955 1693 inquit
2978 1626 3056 1693 ⁸⁸,
3090 1630 3224 1696 fodit
3268 1642 3471 1698 puteos,
3504 1650 3635 1703 quos
3674 1635 3760 1704 fo-

2170 1707 2358 1761 derant
2400 1711 2550 1776 pueri
2596 1710 2863 1768 Abraham
2917 1719 3088 1783 patris
3127 1721 3261 1788 ejus,
3291 1732 3343 1775 et
3390 1726 3755 1792 appilaverant

2168 1816 2255 1854 eos
2284 1799 2593 1857 Pliilistltini
2619 1815 2734 1872 post
2779 1818 2998 1862 mortem
3034 1812 3260 1865 Abraha:
3289 1818 3457 1882 patris
3503 1825 3617 1887 ejus
3644 1834 3666 1885 ;
3703 1829 3752 1873 et

479 1911 610 1955 runt
635 1909 872 1954 sumant.
909 1898 1063 1966 Quod
1089 1910 1271 1952 autem
1301 1912 1406 1951 non
1464 1898 1763 1966 potuerint,
1807 1896 2069 1966 colligeu-
2101 1884 2143 1942 Β
2172 1894 2343 1961 posui!
2381 1892 2485 1946 illis
2514 1897 2755 1961 ηοτηίηα,
2784 1900 3071 1953 secundum
3106 1904 3325 1957 nomina
3353 1922 3472 1976 qua:
3507 1884 3752 1977 posuerat

481 1994 612 2046 dum
644 1998 730 2046 est
755 1996 809 2047 et
830 1989 1242 2054 reservandum,
1273 2003 1340 2042 ne
1376 1987 1506 2058 quid
1536 1997 1743 2057 pereat.
1770 1986 2062 2043 Servamus

478 2093 611 2151 ergo
630 2088 686 2134 et
714 2093 835 2144 nos,
869 2080 913 2135 si
958 2077 1092 2148 quid
1129 2080 1299 2133 turbae
1326 2094 1522 2148 capere
1572 2094 1678 2133 non
1733 2088 1981 2149 possunt,
2009 2088 2064 2133 et

476 2171 788 2242 colligimus
809 2172 864 2224 in
886 2170 1133 2240 cophinis
1156 2178 1211 2224 et
1233 2172 1456 2239 sportis.
1486 2170 1731 2239 Denique
1752 2186 1872 2224 cum
1898 2170 2061 2240 paulo

478 2272 604 2317 ante
641 2261 1001 2332 fregissemus
1042 2274 1234 2331 panem
1268 2262 1335 2316 de
1367 2260 1535 2316 Jacob
1563 2271 1617 2316 et
1648 2262 1814 2327 Esau,
1854 2272 2058 2332 quanta

476 2358 544 2411 de
576 2354 668 2409 illo
697 2367 838 2423 pane
879 2352 1187 2422 fragmenta
1234 2363 1630 2422 superaverunt
1660 2368 1782 2422 quae
1812 2370 1910 2409 nos
1940 2354 2059 2409 dili-

474 2456 662 2518 genter
711 2444 1094 2514 recollegimus
1147 2458 1216 2499 ne
1267 2444 1533 2514 perirent,
1558 2456 1613 2500 et
1662 2461 1945 2501 servamus
2000 2448 2054 2502 in

472 2541 676 2611 sportis
724 2540 811 2595 vel
851 2540 1121 2608 cophinis,
1166 2554 1448 2608 usquequo
1497 2538 1755 2594 Dominus
1804 2541 1872 2595 de
1922 2540 2055 2609 ipsis

469 2632 600 2702 quid
623 2632 784 2687 etiam
811 2632 925 2686 fieri
944 2629 1159 2699 jubeat,
1177 2631 1479 2685 videamus.
1509 2628 1659 2685 Nunc
1684 2639 1864 2685 autem
1889 2646 2057 2701 quan-

471 2732 587 2778 tum
619 2723 878 2794 possibile
917 2732 1023 2790 est,
1054 2723 1138 2778 vel
1168 2723 1235 2777 de
1278 2724 1510 2793 panibus
1545 2723 1930 2792 comedamus,
1967 2724 2052 2779 vel

468 2815 536 2867 de
561 2815 738 2883 puteis
773 2813 1113 2868 hauriamus.
1163 2811 1457 2867 Tentemus
1495 2814 1674 2869 facere
1698 2814 1861 2868 etiam
1897 2814 2048 2879 illud,

465 2906 613 2976 quod
643 2905 909 2975 sapientia
931 2912 1258 2972 commonet,
1283 2905 1474 2959 dicens
1499 2904 1546 2936 ⁸⁵
1571 2922 1586 2959 :
1626 2905 1752 2958 Bibe
1791 2922 1954 2978 aquas
1986 2908 2050 2961 de

463 3001 571 3052 tuis
592 2997 847 3065 fantibus,
892 3009 940 3051 et
970 2998 1035 3051 de
1079 2999 1186 3051 tuis
1228 2999 1424 3065 puteis,
1470 3008 1515 3051 et
1544 2998 1612 3051 sit
1657 3000 1750 3051 tibi
1782 3000 1899 3068 fons
1926 3009 2047 3054 tuus

465 3089 731 3157 proprius.
766 3086 936 3141 Tenta
964 3102 1092 3156 ergo
1125 3097 1179 3141 et
1207 3096 1283 3153 tu,
1312 3102 1345 3141 o
1393 3087 1631 3154 auditor,
1681 3088 1882 3145 habere
1920 3106 2047 3160 pro-

468 3181 644 3248 prium
679 3189 918 3247 puteum,
951 3187 1000 3232 et
1034 3179 1312 3247 proprimn
1362 3178 1607 3245 fontem;
1647 3189 1703 3235 ut
1736 3190 1791 3235 et
1819 3192 1897 3246 tu,
1924 3197 2044 3237 cum

2171 1992 2323 2051 pater
2354 1984 2490 2053 ejus.
2523 1983 2832 2058 Foditergo
2870 1990 2992 2045 illos
3020 2000 3230 2060 puteos,
3266 2009 3406 2064 quos
3441 2008 3594 2064 pater
3623 2014 3753 2053 suus

2171 2071 2406 2138 foderat,
2444 2086 2498 2129 et
2550 2075 2639 2142 qui
2683 2092 2781 2146 per
2814 2079 3071 2134 malitiam
3111 2080 3569 2141 Pliilisthinorum
3608 2095 3753 2142 terra

2169 2166 2384 2220 fuerant
2414 2167 2624 2235 repleti.
2650 2168 2809 2223 Fodit
2836 2181 2890 2224 et
2918 2172 3053 2227 alios
3093 2189 3262 2229 novos
3307 2176 3360 2230 in
3399 2178 3537 2233 valle
3577 2177 3752 2235 Gera-

2169 2271 2352 2310 rarum
2398 2256 2532 2328 (82),
2584 2275 2690 2313 non
2758 2261 2977 2329 quidem
3020 2263 3157 2332 ipse,
3200 2265 3293 2319 sed
3334 2268 3488 2335 pueri
3513 2267 3629 2338 ejus
3658 2290 3670 2325 :
3700 2279 3751 2323 et

2166 2348 2357 2401 invenit
2380 2388 2395 2412 ,
2426 2349 2601 2419 inquit
2625 2351 2694 2416 ⁸³,
2728 2352 2800 2405 ibi
2827 2363 3043 2421 puteum
3072 2371 3223 2424 aqua:
3272 2360 3417 2412 victe.
3451 2356 3555 2413 Sed
3585 2360 3750 2415 rizati

2163 2449 2285 2492 sunt
2314 2451 2550 2508 pastores
2600 2440 2923 2498 Gerararum
2971 2462 3091 2499 cum
3122 2449 3422 2516 pastoribus
3458 2449 3632 2514 Isaac,
3662 2455 3746 2506 di-

2162 2538 2332 2581 centes
2358 2546 2507 2583 suam
2531 2548 2641 2585 esse
2663 2548 2874 2602 aquam,
2895 2544 2943 2588 et
2962 2536 3238 2604 appellavit
3262 2555 3447 2593 nomen
3470 2543 3612 2610 putei
3636 2539 3749 2596 Ini-

2160 2619 2358 2688 quitas.
2387 2620 2576 2691 Inique
2601 2625 2739 2677 enim
2770 2637 3038 2693 gesserunt
3066 2643 3185 2681 cum
3220 2645 3300 2682 eo.
3344 2629 3449 2686 Sed
3484 2632 3633 2687 Isaac
3662 2649 3747 2690 re-

2158 2711 2302 2766 cedit
2336 2726 2365 2765 a
2395 2714 2595 2768 malitia
2625 2730 2838 2783 eorum,
2882 2727 2929 2771 et
2964 2720 3100 2786 fodit
3131 2720 3324 2775 iterum
3373 2722 3597 2776 alterum
3646 2741 3748 2793 pu-

2159 2813 2321 2866 teum,
2353 2812 2401 2857 et
2427 2821 2521 2873 pro
2544 2806 2659 2873 ipso
2690 2808 3058 2875 nihilominus,
3090 2811 3289 2880 inquit,
3326 2814 3741 2880 altercabantur,

2156 2903 2205 2947 et
2233 2895 2513 2963 appellavit
2537 2912 2723 2951 nomen
2746 2898 2857 2968 ejus
2888 2900 3257 2957 Inimicitiam.
3275 2902 3345 2958 Et
3367 2907 3575 2959 recessit
3598 2908 3739 2971 inde,

2155 2996 2202 3039 et
2230 2986 2361 3055 fodit
2388 2989 2579 3041 iterum
2602 2999 2815 3057 puteum
2843 2993 3028 3059 alium,
3046 3002 3096 3048 et
3120 3011 3222 3048 non
3250 3008 3367 3050 sunt
3392 2998 3636 3053 rizatia’e
3656 3015 3738 3053 eo.

2154 3078 2285 3133 Ideo
2324 3089 2371 3132 et
2410 3080 2691 3148 appellavit
2747 3099 2931 3137 nomen
2959 3086 3078 3154 ejus
3136 3088 3475 3156 Amplitudo,
3533 3093 3735 3157 dicens,

2154 3170 2277 3237 quia
2304 3185 2441 3222 nunc
2468 3168 2709 3224 dilatavit
2740 3188 2832 3226 nos
2862 3173 3027 3240 Deus,
3050 3185 3098 3228 et
3132 3178 3281 3230 auxit
3310 3194 3407 3232 nos
3437 3196 3594 3249 super
3626 3192 3737 3235 ter-

468 3241 893 3339 apprehenaleris
925 3241 1123 3324 librum
1136 3241 1435 3338 Scriptura
1447 3241 1603 3336 rum,
1624 3271 1854 3340 incipias
1884 3241 2048 3328 etiam

2156 3277 2287 3315 ram.
2315 3262 2527 3318 Beneiu
2561 3265 2799 3333 quodam
2839 3267 2959 3322 loco
3007 3278 3229 3324 sanctus
3265 3274 3573 3341 Apostolus,
3603 3290 3736 3332 con-

467 3374 533 3413 ex
565 3362 786 3429 proprio
827 3374 989 3415 sensu
1039 3360 1284 3429 proferre
1332 3360 1569 3430 aliquem
1610 3363 1961 3430 intellectum,
1995 3371 2050 3419 et

465 3452 763 3505 secundum
810 3466 872 3504 ea
923 3465 1043 3519 quae
1072 3452 1127 3505 in
1158 3451 1395 3507 Ecclesia
1428 3452 1689 3519 didicisti,
1716 3464 1861 3509 tenta
1904 3465 1958 3511 et
1990 3467 2045 3511 tu

463 3542 650 3599 bibere
702 3540 767 3597 de
801 3542 952 3597 fonte
994 3542 1196 3613 ingenii
1254 3545 1350 3599 tui.
1393 3542 1491 3597 Est
1551 3545 1690 3599 intra
1746 3554 1798 3600 te
1847 3556 2043 3602 natura

462 3648 618 3702 aquae
648 3634 800 3700 vivm,
825 3643 952 3689 sunt
984 3647 1132 3689 venae
1170 3650 1463 3704 perennes,
1493 3645 1547 3690 et
1596 3637 1802 3707 irrigua
1842 3636 2041 3693 fluenta

461 3725 802 3781 rationabilis
830 3739 1042 3789 sensus,
1069 3725 1114 3779 si
1151 3726 1310 3780 modo
1333 3740 1440 3780 non
1475 3726 1588 3780 sint
1622 3736 1765 3780 terra
1800 3736 1852 3781 et
1877 3729 2041 3784 rude-

460 3820 615 3875 ribus
645 3819 876 3889 uppleta.
916 3820 1023 3874 Sed
1056 3820 1190 3875 satis
1216 3834 1315 3889 age
1355 3820 1540 3875 fodere
1566 3830 1768 3875 terram
1792 3831 1960 3891 tuam,
1984 3831 2039 3877 et

461 3925 697 3982 purgare
746 3912 967 3979 sordes,
1007 3914 1059 3969 id
1096 3923 1181 3968 est
1219 3913 1420 3981 ingenii
1464 3914 1540 3968 tui
1595 3928 1848 3969 amovere
1890 3915 2036 3969 desi-

459 4005 626 4065 diam,
659 4013 716 4058 et
742 4014 1011 4074 torporem
1036 4006 1218 4061 cordis
1240 4013 1523 4061 excutere.
1552 4006 1689 4061 Audi
1734 4007 1879 4061 enim
1904 4008 2035 4076 quid

458 4098 592 4152 dicit
630 4097 911 4166 Scriptura
939 4098 1020 4152 “z
1055 4098 1239 4169 Punge
1279 4101 1488 4154 oculum
1509 4142 1523 4167 ,
1552 4116 1598 4157 et
1626 4102 1821 4171 profert
1862 4105 2039 4174 lacry-

456 4203 642 4253 mam;
676 4205 845 4259 punge
870 4204 980 4253 cor,
1008 4199 1057 4243 et
1105 4190 1302 4258 profert
1337 4208 1570 4246 sensum.
1621 4193 1796 4264 Purga
1824 4210 1952 4264 ergo
1981 4205 2035 4249 et

460 4291 515 4336 tu
551 4282 827 4352 ingenium
856 4292 1034 4347 tuum,
1069 4290 1127 4336 ut
1153 4282 1445 4351 aliquando
1471 4286 1635 4338 etiam
1668 4284 1735 4338 de
1776 4288 1883 4341 tuis
1913 4286 2036 4340 fon-

458 4372 602 4427 tibus
631 4373 802 4437 bibas,
826 4380 883 4429 et
913 4371 981 4427 de
1013 4372 1118 4427 tuis
1147 4373 1323 4443 puteis
1355 4373 1577 4429 haurias
1610 4389 1806 4443 aquam
1829 4376 2030 4429 vivam.

456 4461 512 4517 Si
536 4463 682 4518 enim
714 4464 999 4529 suscepisti
1026 4463 1079 4517 in
1114 4471 1165 4517 te
1189 4461 1414 4516 verbum
1452 4463 1565 4530 Dei,
1597 4464 1643 4518 si
1676 4466 1931 4533 accepisti
1963 4465 2033 4520 ab

2151 3355 2398 3410 siderans
2452 3358 2834 3427 mysteriorum
2882 3362 3333 3432 magnitudinem,
3386 3366 3627 3424 dicit”:
3667 3369 3732 3424 Et

2149 3450 2217 3501 ad
2247 3448 2358 3502 Ita'c
2382 3450 2496 3514 quis
2528 3451 2744 3504 idoneus
2772 3454 2796 3507 1’
2823 3453 2999 3507 Simili
3028 3455 3213 3520 modo,
3244 3457 3353 3511 imo
3389 3460 3547 3530 longe
3573 3461 3721 3519 dissi-

2149 3539 2282 3604 mili,
2310 3548 2512 3608 quanto
2546 3540 2636 3594 illo
2665 3540 2825 3611 longe
2853 3542 3144 3598 inferiores
3185 3561 3396 3612 smnus,
3431 3551 3596 3604 etiam
3632 3566 3732 3606 nos

2145 3633 2392 3689 videntes
2428 3642 2631 3688 tantam
2687 3634 2739 3688 in
2775 3636 3054 3706 mysteriis
3097 3635 3437 3694 altitudinem
3487 3640 3600 3711 (85)
3631 3657 3729 3712 pu-

2146 3733 2378 3788 teorum,
2426 3724 2659 3778 dicimus
2695 3740 2709 3777 :
2745 3723 2812 3778 Et
2848 3728 2917 3779 ad
2965 3726 3075 3781 hare
3105 3728 3222 3795 quis
3273 3729 3545 3786 idoneus?
3596 3730 3730 3796 Quis

2141 3815 2285 3869 enim
2324 3816 2487 3883 digne
2528 3814 2705 3870 valeat
2751 3817 3062 3886 explicare,
3098 3818 3181 3873 vel
3227 3829 3509 3888 puteorum
3544 3837 3728 3877 sacra-

2140 3916 2321 3961 menta
2372 3915 2673 3971 tantorum,
2707 3906 2790 3961 vel
2840 3923 3027 3962 eorum
3063 3923 3184 3978 qute
3231 3919 3381 3978 gesta
3419 3924 3517 3977 pro
3544 3911 3721 3979 puteis

2140 4000 2471 4064 referuntur,
2511 3997 2615 4052 nisi
2648 3997 2969 4053 invocemus
3012 3998 3236 4053 Patrem
3266 3999 3426 4053 Verbi
3469 4000 3720 4064 viventis,

2136 4100 2188 4146 et
2230 4089 2422 4157 ipsein
2449 4102 2546 4143 ore
2580 4097 2772 4142 nostro
2808 4089 3039 4143 verbum
3086 4090 3215 4143 dare
3249 4091 3523 4157 dignetur,
3561 4100 3619 4145 ut
3648 4093 3721 4145 si-

2138 4184 2396 4237 tientibus
2427 4185 2582 4239 vobis
2627 4195 2901 4252 possimus
2955 4178 3351 4248 aliquantulum
3384 4194 3536 4250 aqua
3584 4182 3721 4235 vivae

2136 4276 2357 4332 haurire
2389 4291 2455 4330 ex
2488 4277 2575 4330 his
2602 4284 2709 4328 tam
2733 4271 2968 4341 copiosis
2993 4280 3049 4324 et
3072 4271 3462 4337 multiplicibus
3492 4273 3669 4340 puteis
3694 4275 3719 4327 τ

2200 4365 2257 4416 2.
2302 4364 2443 4417 Sunt
2479 4377 2611 4430 ergo
2652 4359 2825 4429 putei,
2856 4372 2995 4426 quos
3048 4355 3302 4409 foderunt
3352 4358 3501 4423 pueri
3543 4354 3720 4409 Abra-

2133 4456 2284 4519 ham,
2310 4455 2403 4509 sed
2431 4455 2528 4508 hos
2548 4449 2862 4506 Philisthini
2894 4447 3235 4517 repleverunt
3262 4454 3424 4501 terra.
3449 4446 3557 4501 llos
3586 4462 3718 4515 ergo

452 4554 581 4611 Jcsu
617 4568 810 4623 aquam
844 4554 1021 4609 vivam
1061 4563 1117 4609 et
1166 4552 1402 4608 ﬁdeliter
1431 4555 1710 4624 accepisti,
1748 4555 1839 4609 ﬁci
1866 4556 1919 4609 in
1975 4566 2027 4611 ιο
2059 4577 2105 4633 D
2134 4549 2365 4619 primum
2394 4560 2629 4616 purgare
2651 4542 2962 4633 aggreditur
2987 4541 3161 4595 Isaae.
3199 4538 3511 4633 Philisthini
3542 4555 3714 4608 aquas

453 4649 576 4704 fons
609 4662 763 4718 aqua:
791 4646 1038 4701 salientis
1069 4644 1311 4699 invitam
1338 4657 1620 4709 aeternam,
1661 4646 1714 4699 in
1754 4647 1870 4713 ipso
1896 4645 2022 4701 Jesu

451 4741 673 4796 ChriSto
707 4738 934 4793 Domino
973 4745 1181 4802 nostro,
1205 4737 1289 4791 cui
1327 4746 1412 4791 est
1447 4736 1617 4807 gloria
1646 4745 1700 4791 et
1736 4737 2021 4809 imperium

452 4831 507 4886 in
543 4829 737 4886 saecula
771 4827 1113 4885 saeculorum.
1149 4828 1344 4881 Amen.

941 4939 1052 5012 9r.
1090 4936 1373 4994 llOMlLlA
1399 4935 1536 4994 xm.

522 5036 600 5093 De
626 5036 795 5106 puteis
840 5051 970 5106 quos
1011 5031 1381 5106 foditmlsaac,
1425 5042 1473 5087 et
1516 5033 1701 5104 repleti
1751 5042 1871 5088 sunt
1920 5049 1953 5087 a

1055 5102 1410 5157 Pliilistltinis.

518 5200 570 5257 ί.
612 5200 779 5256 Solita
803 5213 930 5269 erga
977 5205 1167 5268 puteos
1211 5210 1427 5267 semper
1458 5196 1890 5267 patriarcharum
1938 5198 2025 5251 in-

548 5295 592 5328 “
626 5295 815 5360 Matth.
847 5308 961 5348 xlv.
1038 5293 1083 5324 ⁸⁸
1113 5291 1275 5348 Prov.
1302 5290 1575 5360 v,15,18.

446 5382 559 5437 seq.
636 5366 681 5396 '°
710 5359 751 5418 ll
785 5364 909 5419 Cor.
940 5378 998 5428 ιι,
1030 5363 1117 5418 16.

516 5462 627 5531 (8|)
667 5459 829 5523 Editi,
850 5459 1163 5527 foderunt...
1196 5457 1625 5527 oppilaverunt...
1645 5454 2011 5524 impleverunt,

442 5535 536 5588 sed
572 5547 704 5586 mss.
736 5540 795 5583 ut
824 5531 873 5582 in
899 5537 1088 5582 nostro
1122 5538 1292 5583 textu.

513 5600 627 5672 (82)
666 5600 887 5668 Aliquot
911 5595 1553 5667 mss.,Geraris,quoties
1589 5594 1642 5649 in
1681 5593 1844 5650 editis
1885 5593 2015 5663 legi-

444 5670 531 5727 tur
554 5670 898 5725 Gerararum.

510 5740 621 5815 (85)
664 5740 758 5797 Sic
793 5753 950 5807 mss.,
981 5738 1111 5796 editi
1160 5752 1311 5806 vero,
1352 5742 1555 5791 tantum
1601 5733 1840 5804 mysterii
1883 5731 2010 5789 alti-

438 5814 691 5866 tudinem.

1653 5292 1699 5324 ⁸⁸
1722 5291 1901 5347 Eecle.
1932 5306 2068 5358 xxii,
2087 5291 2175 5347 i9.

2130 4641 2386 4703 oderunt,
2414 4647 2611 4692 terram
2645 4634 2900 4705 diligunt.
2928 4632 3080 4688 lsaac
3100 4646 3269 4698 aquas
3299 4631 3494 4702 diligit,
3521 4641 3713 4700 puteos

2130 4746 2347 4802 semper
2379 4728 2594 4799 qumrit,
2618 4735 2829 4782 veteres
2850 4732 3070 4795 purgat,
3088 4737 3258 4778 novos
3287 4723 3479 4792 aperit.
3496 4721 3711 4777 Intuere

2128 4835 2374 4882 nostrum
2429 4820 2605 4885 Isaac,
2645 4818 2736 4886 qui
2789 4833 2887 4887 pro
2925 4817 3084 4871 nobis
3114 4814 3331 4870 oblatus
3385 4823 3467 4868 est
3501 4813 3704 4879 hostia.

2128 4916 2435 4973 venientem
2489 4913 2542 4968 in
2593 4912 2788 4966 vallem
2827 4909 3182 4970 Gerararum,
3226 4921 3389 4975 quam
3444 4905 3711 4976 interpre-

2128 5016 2317 5062 tantur
2372 5002 2657 5057 maceriam
2696 4999 2832 5071 (84),
2875 4999 2990 5053 sive
3024 5010 3227 5066 sepem;
3270 4994 3598 5059 venientem,
3631 4997 3709 5047 in-

2128 5117 2312 5174 quam,
2339 5110 2399 5155 ut
2441 5099 2677 5154 medium
2713 5096 2973 5167 parietem
3005 5091 3224 5160 sepiens
3255 5088 3433 5143 solvat
3464 5088 3704 5141 inimici-

2130 5198 2232 5251 tias
2262 5195 2316 5248 in
2367 5205 2531 5247 carne
2580 5205 2698 5254 sua,
2735 5187 3042 5241 venientem
3089 5180 3281 5236 tollere
3310 5179 3622 5237 maceriam,
3651 5175 3700 5229 id

2277 5289 2320 5321 ⁸⁷
2353 5287 2553 5344 Cenes.
2576 5299 2730 5350 xxvi,
2761 5282 2846 5337 15.
2944 5279 2990 5311 ⁸⁸
3024 5277 3158 5333 ibid.
3180 5274 3264 5331 18.
3331 5275 3376 5307 ⁸⁹
3400 5272 3529 5327 ibid.
3560 5270 3625 5325 i9
3648 5279 3700 5323 et

2195 5452 2306 5522 (8i)
2346 5449 2523 5522 Locus
2557 5447 2609 5500 in
2655 5443 2813 5499 editis
2850 5451 3166 5522 corruptus,
3202 5439 3292 5493 ubi
3339 5438 3540 5522 legitur
3569 5451 3696 5522 [ma-

2118 5508 2348 5577 chaera'm
2370 5520 2477 5574 sive
2518 5532 2710 5585 sepem,
2749 5508 3035 5585 venientem
3060 5512 3356 5585 inaquam,
3382 5518 3435 5560 ut
3463 5508 3693 5560 medium

2120 5594 2370 5660 parietem
2424 5580 2582 5657 scpis
2616 5588 2804 5660 solvat,
2845 5593 2892 5636 et
2930 5582 3236 5660 inimicitias
3269 5580 3321 5631 in
3353 5593 3520 5660 carne
3570 5593 3693 5656 sua,

2119 5652 2408 5716 uenientem
2431 5652 2610 5711 tollere
2644 5656 2983 5711 mat-lituram,
3007 5652 3059 5724 id
3085 5658 3160 5702 est
3185 5658 3454 5713 peccatum
3480 5652 3696 5724 qualin—

2119 5715 2201 5786 ter
2241 5747 2332 5785 nos
2352 5737 2562 5796 separat
2598 5737 2645 5780 et
2678 5724 2870 5785 Deum,
2893 5720 3209 5773 macha’ram
3238 5736 3352 5788 quia
3380 5728 3456 5772 est
3492 5715 3690 5796 media,

2120 5810 2227 5858 etc.
2255 5802 2321 5855 At
2353 5814 2483 5855 mss.
2537 5807 2596 5852 ut
2623 5797 2675 5850 iu
2715 5803 2898 5848 nostro
2945 5799 3115 5853 textu,
3144 5798 3199 5841 et
3244 5797 3388 5844 recte
3432 5798 3690 5848 omnino;
