4132 6464
1887 349 2198 411 ORIGENIS

3542 362 3651 422 2"»!

387 496 473 545 est
501 494 813 557 peccatum,
844 481 989 552 quod
1013 480 1156 535 inter
1188 491 1287 532 nos
1313 478 1536 547 separat
1553 487 1609 532 et
1642 477 1831 541 Deum,
1861 491 1975 529 ma-
2002 486 2050 538 Α
2079 475 2233 528 Isaac
2280 480 2335 528 et
2387 485 2556 528 novos
2589 482 2801 542 puteos,
2854 473 2965 529 imo
3022 473 3175 544 pueri
3223 472 3374 528 Isaac
3420 471 3651 532 fodiunt.

388 578 616 641 eeriam,
652 589 775 643 qua:
801 583 884 628 est
914 574 1089 628 media
1123 574 1264 626 inter
1295 585 1392 625 nos
1440 581 1494 624 et
1520 569 1769 624 ccelestes
1800 570 1968 622 virtu.

387 676 493 731 tes,
523 676 583 721 ut
628 667 798 721 faciat
824 674 1057 733 utraque
1086 678 1272 727 unum,
1304 671 1358 716 et
1401 676 1555 715 ovem
1588 675 1709 729 qua:
1745 674 1967 713 errave-

387 765 495 824 rat,
537 756 777 811 humeris
806 754 921 809 suis
965 762 1205 821 reportet
1238 752 1304 805 ad
1340 761 1575 817 montes,
1618 762 1671 805 et
1718 752 1972 806 restituat

388 850 455 903 ad
491 849 625 904 alias
658 849 951 915 nonaginta
987 859 1203 909 novem,
1234 858 1353 913 qua:
1376 860 1481 899 non
1503 853 1845 898 erraverunt.
1872 843 1971 897 llic

389 954 519 1009 ergo
544 939 696 993 Isaac
732 938 986 991 Salvator
1024 945 1233 999 noster,
1282 950 1405 988 eum
1456 936 1692 989 venisset
1728 935 1778 987 in
1812 936 1968 989 istam

389 1030 585 1084 vallem
613 1029 966 1090 Gerararnm,
993 1025 1226 1094 primum
1252 1026 1491 1079 onminm
1522 1026 1639 1080 illos
1661 1036 1855 1094 puteos
1890 1028 1973 1081 fo-

389 1122 521 1175 dere
570 1120 765 1183 voluit,
794 1133 930 1188 quos
983 1118 1234 1171 foderant
1284 1117 1436 1184 pueri
1475 1116 1656 1169 Patris
1690 1117 1803 1182 sui;
1840 1117 1971 1186 legis

388 1212 598 1268 scilicet
632 1222 686 1265 et
714 1212 1103 1281 prophetarum
1131 1208 1299 1262 voluit
1330 1218 1518 1276 puteos
1541 1208 1801 1262 innovare
1832 1209 1969 1279 (85),

388 1317 528 1373 quos
552 1301 862 1356 Philisthiui
900 1312 1042 1356 terra
1068 1303 1429 1370 repleverant.
1455 1299 1556 1365 Qui
1589 1308 1714 1353 sunt
1740 1300 1854 1365 isti,
1877 1301 1968 1369 qui

390 1407 535 1451 terra
564 1406 757 1466 puteos
791 1396 1040 1467 replent?
1062 1396 1138 1452 Illi
1172 1398 1288 1449 sine
1324 1396 1488 1451 dubio
1510 1396 1603 1464 qui
1640 1396 1691 1449 in
1717 1396 1834 1466 lege
1861 1406 1971 1449 ter-

390 1502 577 1542 renam
606 1495 661 1541 et
692 1488 968 1542 carnalem
1011 1485 1421 1556 intelligentiam
1454 1495 1678 1553 ponunt,
1706 1497 1761 1540 ct
1807 1488 1971 1556 spiri-

392 1579 551 1632 talem
589 1594 651 1633 ac
696 1579 977 1648 mysticam
1010 1578 1292 1641 claudunt,
1328 1586 1387 1631 ut
1424 1592 1598 1645 neque.
1626 1578 1727 1645 ipsi
1758 1578 1966 1641 bibant,

389 1683 566 1737 neque
605 1668 738 1722 alios
771 1670 954 1723 bibere
992 1668 1329 1735 permittunt.
1371 1668 1511 1721 Au-li
1572 1667 1746 1731 Isaac,
1784 1667 1967 1721 Domi-

389 1776 519 1814 num
558 1770 802 1815 nostrum
852 1762 1035 1815 Jesum
1082 1759 1360 1813 Christum
1404 1760 1516 1828 (86)
1554 1759 1605 1813 in
1662 1758 1969 1829 Evangeliis

389 1852 749 1906 dicentem":
781 1850 871 1905 Vw
907 1852 1066 1914 vobis,
1102 1852 1303 1906 Scribw
1342 1861 1391 1905 et
1422 1850 1688 1905 l’har.’sa:i
1729 1851 1968 1920 hypocric
2004 1836 2046 1891 Β

387 1951 476 2007 ια’,
495 1943 958 2010 quoniamtulistis
983 1946 1179 1998 clavem
1210 1944 1461 2007 scientia’,
1480 1953 1528 1995 et
1578 1958 1740 2011 neque
1770 1943 1869 2010 ipsi
1902 1945 1979 1996 in-

387 2032 585 2085 troistis
608 2072 623 2097 ,
659 2048 823 2101 neque
849 2033 1051 2086 intrare
1079 2032 1306 2086 volentes
1341 2032 1675 2100 permisistis.
1712 2032 1805 2085 Isti
1852 2042 1978 2085 sunt

386 2137 537 2193 ergo,
584 2124 676 2191 qui
712 2132 927 2191 puteos,
968 2137 1105 2192 quos
1161 2108 1416 2177 foderant
1466 2123 1623 2191 pueri
1673 2123 1973 2187 Abraham,

387 2223 534 2269 terra
571 2215 942 2283 repleverunt,
981 2214 1072 2282 qui
1116 2212 1286 2279 legem
1329 2212 1628 2268 carnaliter
1675 2214 1891 2277 docent,
1923 2224 1977 2267 ct

388 2321 561 2375 aquas
587 2307 760 2359 sancti
790 2307 1031 2375 Spiritus
1065 2304 1359 2359 maculant.
1389 2304 1492 2370 Qui
1549 2314 1741 2375 puteos
1782 2308 1847 2359 ad
1873 2306 1976 2362 hoc

389 2398 614 2461 habent,
640 2413 745 2451 non
774 2407 831 2452 ut
870 2412 1063 2466 aquam
1096 2395 1396 2465 proferant,
1430 2397 1523 2451 sed
1560 2406 1619 2450 ut
1657 2407 1858 2451 terram
1890 2413 1977 2467 po-

388 2498 544 2541 nant.
577 2486 687 2542 Hos
734 2502 863 2557 ergo
892 2494 1079 2555 puteos
1113 2488 1429 2557 aggreditur
1472 2487 1654 2541 fodere
1702 2488 1869 2543 Isaac.
1911 2490 1977 2543 Et

388 2579 671 2659 videamus
701 2579 969 2646 quomodo
1008 2593 1102 2633 eos
1141 2578 1293 2633 fodit.
1320 2578 1454 2633 Cum
1483 2580 1634 2649 pueri
1664 2581 1814 2636 Isaac
1840 2623 1854 2649 ,
1883 2584 1973 2652 qui

389 2680 517 2725 sunt
549 2670 779 2739 apostoli
826 2671 1035 2726 Domini
1072 2671 1241 2727 nostri
1275 2670 1592 2737 transirent,
1637 2672 1833 2742 inquit,
1882 2689 1978 2743 per

389 2769 600 2830 segetes
643 2760 881 2817 Sabbato
933 2763 1205 2818 vellebant
1257 2763 1456 2832 spicas,
1499 2773 1555 2817 et
1609 2764 1976 2823 confricantes

391 2854 639 2907 manibus
663 2854 1077 2909 manducabant.
1095 2853 1249 2908 Tunc
1266 2870 1393 2924 ergo
1414 2855 1663 2909 dicebant
1681 2858 1729 2910 ei
1758 2858 1975 2927 isti,qttl

393 2956 535 2998 terra
556 2945 905 3015 repleverant
928 2960 1119 3016 puteos
1146 2946 1325 3001 Patris
1350 2946 1469 3016 ejus
1494 2947 1561 3000 ":
1584 2947 1719 3002 Ecce
1735 2949 1976 3017 discipuli

389 3037 465 3089 tui
490 3037 697 3105 faciunt
728 3037 973 3092 Sabbatis
1003 3040 1140 3109 quod
1170 3056 1271 3093 non
1300 3039 1445 3092 licet.
1490 3039 1581 3095 Ille
1617 3050 1674 3093 nt
1704 3050 1977 3095 terrenum

390 3144 578 3181 eorum
637 3128 849 3185 foderet
908 3131 1244 3187 intellectum
1275 3172 1289 3197 ,
1324 3132 1458 3185 dicit
1499 3132 1565 3186 ad
1606 3147 1698 3188 eos
1726 3134 1771 3164 ”
1804 3152 1816 3187 :
1850 3131 1974 3187 Non

388 3218 589 3287 legistis
628 3222 754 3289 quid
794 3221 916 3291 fecit
962 3222 1156 3290 David,
1188 3240 1310 3277 cum
1351 3225 1571 3278 esuriret
1615 3226 1746 3292 ipse,
1792 3236 1838 3278 et
1882 3227 1971 3297 qui

389 3322 506 3361 cum
536 3309 647 3377 ipso
676 3321 846 3375 erant,
869 3313 1130 3381 quomodo
1163 3314 1377 3369 intravit
1408 3315 1475 3368 ad
1501 3316 1758 3369 Abiathar
1793 3333 1972 3370 sacer-

389 3402 586 3461 dotem,
632 3408 679 3452 et
732 3417 892 3469 panes
945 3405 1320 3472 propositionis
1373 3406 1713 3460 manducavit
1762 3408 1871 3477 ipse
1926 3420 1971 3463 et

390 3489 539 3557 pueri
566 3490 670 3554 sui,
701 3507 830 3559 quos
866 3509 969 3545 non
999 3493 1190 3547 licebat
1223 3496 1544 3549 manducare
1598 3498 1699 3550 nisi
1734 3500 1858 3553 solis
1888 3517 1977 3553 sa-

391 3579 688 3633 cerdotibus
716 3582 742 3634 .9
770 3580 834 3633 Et
868 3582 952 3637 his
983 3584 1189 3638 addidit
1222 3602 1235 3637 :
1269 3585 1333 3639 Si
1372 3586 1574 3641 sciretis
1602 3588 1728 3655 quid
1759 3604 1855 3657 est,
1877 3593 1976 3643 mi-

392 3671 741 3725 sericordiam
775 3673 915 3739 volo,
947 3686 994 3728 ct
1038 3691 1142 3728 non
1184 3677 1531 3745 sacri/icium,
1571 3698 1837 3751 nunquam
1869 3686 1974 3736 uti-

390 3779 489 3833 que
519 3767 960 3822 condemnassetis
1000 3769 1324 3826 innocentes.
1347 3772 1454 3826 Sed
1490 3772 1563 3826 illi
1597 3775 1663 3828 ad
1701 3776 1817 3829 haec
1845 3778 1974 3845 quid

394 3854 677 3909 referunt?
700 3856 882 3910 ltixati
920 3866 1049 3911 sunt
1072 3873 1194 3911 eum
1227 3860 1410 3927 pueris
1449 3858 1586 3927 ejus,
1621 3870 1675 3915 et
1705 3862 1971 3917 dicunt”:

397 3942 523 3997 Non
554 3954 627 3997 est
656 3946 739 3999 hic
763 3947 916 4000 homo
940 3965 969 3999 a
990 3946 1121 4013 Deo,
1140 3950 1227 4017 qui
1260 3947 1550 4003 Sabbatum
1589 3968 1691 4005 non
1721 3954 1971 4007 custodit.

396 4033 509 4087 lloc
530 4034 782 4105 95ergo
806 4038 965 4092 modo
985 4038 1120 4092 fodit
1143 4050 1334 4107 puteos
1352 4040 1522 4107 Isaac,
1558 4058 1693 4112 quos
1726 4044 1974 4099 foderant

395 4125 547 4191 pueri
578 4126 749 4193 patris
801 4127 905 4182 sui.
959 4128 1102 4184 Puer
1134 4132 1307 4199 patris
1335 4133 1416 4186 sui
1460 4144 1580 4188 erat
1615 4134 1847 4206 Moyses,
1881 4139 1972 4206 qui

394 4213 853 4287 foderatputeum
892 4220 1043 4293 legis.
1100 4223 1257 4277 Pueri
1299 4225 1469 4293 patris
1500 4227 1580 4280 sui
1612 4237 1771 4283 erant
1809 4230 1972 4288 David

395 4316 453 4361 et
497 4307 773 4377 Salomon,
803 4322 857 4368 ct
894 4316 1195 4385 prophetae,
1232 4328 1287 4372 et
1318 4318 1362 4372 si
1395 4320 1485 4388 qui
1530 4320 1620 4374 alii
1672 4332 1823 4385 sunt,
1876 4326 1971 4391 qui

398 4397 565 4455 libros
593 4404 931 4474 scripserant
953 4406 1167 4463 Veteris
1192 4409 1551 4477 Testamcuti,
1583 4428 1718 4481 quos
1750 4423 1968 4470 terrena

393 4502 451 4546 et
479 4494 693 4548 sordida
720 4496 1022 4565 repleverat
1052 4501 1406 4571 intelligentia
1427 4503 1763 4560 Iudaeorum.
1793 4508 1963 4575 Quam

396 4597 521 4637 eum
548 4586 705 4639 vellet
725 4602 955 4659 purgare
981 4592 1151 4658 Isaac,
1180 4604 1235 4648 et
1257 4598 1543 4652 ostendere
1563 4600 1689 4668 quia
1712 4616 1970 4669 quaecun-

395 4686 504 4741 que
535 4673 622 4727 lex
669 4688 724 4730 et
761 4680 1037 4749 prephetae
1071 4683 1348 4750 dixerunt,
1406 4686 1473 4741 de
1526 4688 1641 4755 ipso
1694 4691 1971 4756 dixerunt,

400 4762 562 4816 rixati
597 4774 722 4819 sunt
750 4782 871 4822 cuin
898 4784 963 4826 eo
992 4771 1327 4827 Philisthini.
1365 4775 1468 4829 Sed
1498 4777 1729 4833 discedit
1767 4781 1835 4834 ab
1872 4781 1972 4835 eis.

398 4852 517 4910 Non
550 4856 693 4910 enim
726 4870 904 4927 potest
945 4878 1065 4919 esse
1086 4879 1204 4918 cum
1235 4866 1339 4931 eis,
1366 4869 1459 4936 qui
1490 4870 1540 4923 in
1578 4872 1755 4941 puteis
1786 4874 1978 4929 nolunt

400 4960 596 5014 aquam
644 4950 868 5019 habere,
905 4957 998 5010 sed
1040 4967 1265 5011 terram.
1298 4959 1365 5013 Et
1415 4962 1546 5016 dicit
1602 4964 1682 5019 eis
1710 4966 1755 4997 ³⁸
1791 4982 1803 5017 :
1840 4963 1976 5019 Ecce

401 5038 724 5109 relinquetur
765 5046 907 5100 vobis
940 5050 1127 5103 domus
1172 5066 1343 5107 vestra
1379 5054 1605 5109 deserta.
1645 5056 1805 5111 Fodit
1846 5072 1978 5127 ergo

470 5191 519 5278 οξ
542 5196 669 5256 Luc.
707 5219 781 5266 xt,
816 5204 904 5260 59..
981 5210 1026 5249 θ’
1062 5210 1247 5267 Matth.
1274 5230 1371 5278 xu,
1412 5215 1466 5270 2.
1543 5216 1587 5248 ³³
1615 5216 1744 5271 ibid.

404 5356 529 5405 xm,
559 5342 648 5397 52.

402 5484 507 5536 nisi
539 5484 677 5549 quod
709 5494 837 5549 ιγ’-ιλ,
858 5480 1080 5548 Geram,
1107 5499 1211 5537 non
1242 5486 1512 5551 signiﬁcet
1544 5489 1850 5551 maceriam,
1885 5490 1977 5541 sed

403 5554 870 5620 peregrinationem
905 5572 932 5606 ιι
965 5560 1079 5681 T1,
1110 5558 1475 5623 peregrinari,-
1520 5558 1603 5611 vel
1648 5558 1977 5620 conflictum,

404 5638 432 5672 a
461 5632 589 5681 πῃ.
623 5624 891 5681 conﬂixit;
922 5640 984 5676 ve
1029 5626 1335 5681 sectionem.
1366 5639 1531 5681 a'TTJ.
1558 5630 1858 5681 secuit.'1't:
1884 5644 1977 5680 an-

404 5638 432 5672 a
461 5632 589 5699 m1,
623 5624 891 5701 conﬂixit;
922 5624 1004 5681 vel
1029 5626 1335 5701 sectionem,
1366 5639 1540 5701 a171,
1558 5630 1858 5701 secuit.'_1't:
1884 5644 1979 5680 an-

408 5702 511 5743 tem
542 5692 809 5759 significat
854 5696 1155 5753 maceriam.
1207 5695 1479 5769 Origenes
1530 5697 1709 5767 itaque
1766 5699 1979 5768 legebat

402 5769 487 5821 tu
517 5777 613 5830 pro
623 5775 731 5825 -τη

471 5214 514 5232 ’⁸
543 5214 669 5256 an.
707 5219 781 5266 xt,
816 5214 904 5260 5‘2.
981 5214 1026 5249 θ’
1062 5214 1247 5267 Matth.
1274 5230 1371 5278 xu,
1412 5215 1466 5270 2.
1543 5216 1587 5248 ³³
1615 5216 1744 5271 ibid.
1860 5219 1906 5251 ’⁸
1930 5218 1974 5272 Jt

401 5272 447 5302 ⁸⁷
483 5270 675 5357 Colles.
698 5290 847 5343 xxvr,
874 5278 962 5332 22.
1034 5282 1079 5312 ⁸⁸
1112 5281 1251 5336 l’sal.
1279 5301 1439 5353 Lxxv,
1469 5286 1516 5340 I.
1596 5288 1641 5318 ⁹⁹
1680 5286 1824 5356 Psal.
1860 5304 1970 5344 χιιι

2081 5258 2090 5272 .
2140 5233 2216 5280 ix,
2251 5214 2335 5269 16.
2480 5215 2525 5245 ⁰⁸
2573 5214 2765 5267 Matth.
2796 5229 2953 5275 χχιιι,
2984 5214 3073 5265 58.
3186 5214 3231 5243 ’⁵
3264 5214 3302 5263 Α

2081 5329 2094 5344 .
2174 5289 2189 5319 ³
2220 5286 2413 5342 Matth.
2448 5300 2643 5349 xxvul,
2677 5287 2761 5339 19.
2840 5286 2859 5314 ¹
2884 5283 3027 5337 Psal.
3060 5297 3222 5346 mn,
3252 5282 3302 5336 I.

2079 566 2238 621 Pueri
2294 574 2419 619 sunt
2481 565 2647 628 Isaac,
2712 565 3023 630 Mattlimus,
3076 564 3312 631 Marcus,
3363 564 3542 619 Lucas
3601 576 3657 618 et

2076 657 2335 711 Joannes.
2354 655 2514 711 Pueri
2548 656 2665 727 ejus
2687 666 2815 710 sunt
2862 656 3080 721 Petrus,
3110 655 3342 712 Iacobus
3371 664 3423 709 et
3448 654 3653 719 ludas;

2078 764 2213 816 pner
2247 747 2365 813 ejus
2385 756 2470 801 est
2504 756 2558 802 et
2583 747 2858 815 apostolus
2900 746 3121 811 Paulus,
3161 747 3252 815 qui
3294 760 3488 800 omnes
3512 744 3646 799 Novi

2080 840 2421 896 Testamenti
2438 850 2627 911 puteos
2640 838 2871 893 fodiunt.
2890 838 2996 892 Sed
3020 848 3073 891 et
3093 852 3189 906 pro
3217 838 3304 892 his
3322 837 3657 891 altereantur

2080 933 2155 987 illi
2188 936 2278 1003 qui
2314 945 2529 988 terrena
2564 934 2803 1002 sapiunt,
2840 947 2939 986 nec
2982 946 3121 985 nova
3163 934 3323 987 condi
3356 932 3653 1001 patiuntur,

2078 1043 2180 1083 nec
2208 1038 2394 1083 vetera
2428 1027 2669 1098 purgari.
2691 1026 3031 1093 Evangelicis
3056 1025 3232 1093 puteis
3251 1025 3652 1086 contradicunt,

2080 1119 2386 1188 apostolicis
2410 1119 2785 1173 adversantur.
2819 1117 2881 1170 Et
2899 1118 3155 1186 quoniam
3177 1118 3229 1169 in
3250 1115 3502 1170 omnibus
3524 1128 3656 1168 con-

2079 1211 2372 1274 tradicunt,
2410 1210 2461 1263 in
2507 1208 2757 1263 omnibus
2795 1209 3031 1277 litigant,
3088 1208 3287 1261 dicitur
3319 1207 3387 1259 ad
3430 1219 3524 1258 eos
3551 1205 3595 1234 ’5
3639 1221 3650 1254 :

2081 1301 2344 1366 Quoniam
2376 1304 2623 1371 indignos
2654 1318 2743 1355 vos
2774 1301 2969 1367 fecistis
2993 1302 3171 1370 gratia
3206 1300 3323 1365 Dei,
3347 1314 3411 1353 ex
3426 1297 3522 1350 hoc
3537 1298 3655 1365 jam

2078 1397 2148 1449 ad
2171 1407 2344 1464 gentes
2374 1396 2587 1448 ibimus.

2149 1489 2203 1542 5.
2242 1487 2367 1541 Post
2402 1488 2517 1541 haec
2554 1501 2685 1556 ergo
2732 1484 2865 1539 fodit
2902 1484 3119 1539 tertium
3156 1492 3375 1551 puteum
3408 1482 3576 1541 Isaac.
3608 1491 3656 1533 et

2079 1578 2358 1646 appellavit
2408 1592 2593 1630 nomen
2644 1575 2745 1628 loci
2785 1575 2929 1627 illius
2957 1572 3287 1641 Amplitudo,
3326 1574 3501 1625 dicens
3534 1573 3655 1640 quia

2079 1687 2217 1723 nunc
2244 1669 2487 1722 dilatavit
2518 1685 2610 1721 nos
2643 1667 2917 1728 Dominus,
2941 1674 2988 1717 et
3029 1664 3175 1717 auxit
3220 1678 3313 1716 nos
3361 1678 3518 1729 super
3558 1673 3661 1713 ter-

2078 1778 2191 1814 ram
2215 1762 2284 1814 9".
2324 1761 2463 1815 Vere
2492 1761 2636 1814 cnim
2665 1760 2919 1812 dilatatus
2948 1766 3029 1811 est
3060 1754 3231 1822 Isaac,
3259 1763 3312 1808 et
3337 1766 3551 1809 auctum
3577 1763 3660 1806 est

2079 1864 2279 1905 nomen
2311 1848 2427 1917 ejus
2460 1863 2623 1916 super
2656 1857 2879 1909 terram,
2932 1860 3052 1899 cum
3084 1842 3403 1912 adimplevit
3426 1844 3476 1896 in
3503 1842 3659 1895 nobis

2079 1944 2361 1999 scientiam
2398 1941 2715 1997 Trinitatis.
2758 1940 2912 1993 Tunc
2950 1940 3094 1992 enim
3142 1945 3348 1991 tantum
3380 1936 3432 1989 in
3473 1935 3656 1989 Judaea

2082 2044 2243 2090 notus
2269 2043 2390 2088 erat
2440 2033 2607 2095 Deus,
2639 2043 2692 2085 et
2726 2034 2775 2086 in
2813 2030 2977 2085 Israel
3012 2044 3263 2098 magnum
3309 2043 3503 2082 nomen
3539 2026 3656 2095 ejus

2078 2128 2463 2181 nominabatur
2500 2124 2570 2190 9';
2607 2139 2750 2179 nunc
2783 2133 2962 2177 autem
2996 2123 3267 2175 inomnem
3286 2131 3477 2173 terram
3502 2119 3656 2171 exivit

2078 2236 2239 2274 sonus
2262 2235 2464 2283 eorum,
2499 2228 2545 2270 et
2577 2220 2628 2271 in
2674 2218 2803 2284 ﬁnes
2835 2216 2975 2269 orbis
3007 2226 3163 2267 terrte
3188 2215 3342 2267 verba
3374 2229 3554 2266 eorum
3586 2212 3655 2262 9’.

2079 2310 2284 2365 Euntes
2311 2311 2452 2363 enim
2482 2310 2633 2379 pueri
2667 2309 2814 2362 Isaac
2838 2323 2932 2377 per
2959 2307 3268 2361 universum
3286 2305 3473 2358 orbem
3501 2312 3657 2355 terra:

2079 2404 2336 2458 foderunt
2367 2410 2577 2470 puteos,
2612 2410 2666 2454 et
2693 2414 2887 2469 aquam
2923 2399 3098 2452 vivam
3128 2397 3377 2452 omnibus
3406 2392 3658 2448 ostende-

2080 2504 2229 2557 runt,
2256 2493 2583 2561 baptizantes
2612 2508 2791 2545 omnes
2830 2502 3002 2560 gentes
3044 2494 3100 2544 in
3140 2490 3347 2542 nomine
3382 2487 3581 2549 Patris,
3608 2496 3655 2537 et

2081 2585 2235 2650 Filii,
2269 2593 2318 2639 et
2350 2584 2582 2653 Spiritus
2622 2585 2789 2636 sancti
2824 2584 2861 2635 ⁸.
2899 2583 3110 2637 Domini
3142 2580 3284 2637 enim
3316 2588 3393 2633 est
3416 2590 3577 2644 terra,
3607 2585 3656 2629 et

2078 2678 2350 2747 plenitudo
2380 2677 2494 2745 ejus
2524 2678 2564 2730 ².
2601 2676 2706 2731 Sed
2745 2685 2797 2727 et
2825 2675 3193 2744 unusquisque
3245 2680 3513 2735 nostrum,
3563 2669 3654 2736 qui

2081 2772 2305 2825 verbum
2338 2770 2434 2823 Dci
2468 2770 2767 2833 ministrat,
2804 2776 3026 2836 puteum
3069 2766 3222 2831 fodit,
3266 2773 3316 2820 et
3355 2780 3549 2835 aquam
3582 2762 3657 2814 vi—

2081 2876 2202 2915 vam
2235 2861 2449 2929 quaerit,
2486 2876 2549 2914 ex
2582 2874 2686 2929 qua
2720 2860 2928 2914 reficiat
2951 2859 3248 2913 auditores.
3276 2857 3331 2910 Si
3361 2871 3488 2924 ergo
3520 2855 3656 2907 inci-

2082 2952 2225 3021 piam
2241 2960 2405 3021 etego
2430 2960 2671 3005 veterum
2694 2951 2835 3005 dicta
2863 2952 3157 3013 discutere,
3180 2959 3234 3003 et
3256 2963 3473 3003 sensum
3500 2946 3553 2999 in
3578 2947 3657 3000 eis

2083 3057 2333 3112 qumrere
2362 3041 2688 3112 spiritalem,
2722 3041 2766 3096 si
2807 3050 3039 3097 conatus
3072 3039 3225 3095 fuero
3253 3039 3496 3095 velamen
3524 3038 3658 3106 legis

2086 3148 2359 3197 amovere,
2410 3142 2465 3187 et
2505 3132 2794 3205 ostendere
2828 3130 3113 3198 allegorica
3151 3145 3270 3185 esse
3315 3143 3433 3197 qua:
3458 3128 3657 3195 scripta

2081 3226 2390 3294 sunt,fodio
2404 3224 2623 3295 quidem
2640 3233 2855 3292 puteos,
2879 3224 2972 3277 sed
2996 3224 3177 3277 statim
3209 3221 3338 3275 mihi
3369 3220 3660 3273 movebunt

2082 3318 2386 3374 calumnias
2421 3317 2583 3370 amici
2614 3317 2830 3381 littera),
2854 3325 2910 3369 et
2943 3315 3349 3369 insidiabuntur
3375 3312 3528 3376 mihi,
3554 3310 3660 3363 ini-

2082 3411 2317 3465 micitias
2351 3408 2607 3463 continuo
2639 3417 2693 3461 et
2741 3406 3144 3476 persecutiones
3180 3405 3469 3475 parabunt,
3514 3403 3659 3457 veri-

2086 3511 2247 3556 tatem
2288 3508 2551 3571 negantes
2588 3509 2736 3554 stare
2763 3513 2921 3567 posse
2957 3498 3064 3552 nisi
3093 3513 3255 3567 super
3280 3506 3502 3551 terram.
3550 3495 3658 3549 Sed

2082 3609 2183 3651 nos
2215 3595 2260 3648 si
2291 3594 2441 3647 Isaac
2473 3591 2627 3659 pueri
2651 3606 2860 3655 sumus,
2888 3599 3080 3660 puteos
3108 3604 3261 3658 aquae
3298 3588 3432 3642 viva:
3467 3588 3661 3656 diliga~

2084 3699 2202 3738 n.us
2236 3694 2291 3737 et
2332 3683 2527 3746 fontes,
2556 3696 2585 3734 a
2616 3680 2868 3748 litigiosis
2913 3690 2967 3733 ct
3000 3678 3479 3733 calumniatoribus
3508 3691 3662 3731 rece-

2083 3776 2297 3838 damus,
2323 3784 2376 3827 ct
2402 3772 2774 3840 relinquamus
2813 3786 2906 3825 eos
2937 3772 2989 3824 in
3032 3780 3177 3824 terra
3211 3784 3373 3837 quam
3409 3769 3657 3837 diligunt.

2082 3865 2189 3921 Nos
2225 3880 2352 3919 vero
2385 3878 2662 3933 nunquam
2692 3877 2968 3917 cessemus
3003 3871 3197 3930 puteos
3229 3875 3385 3929 aquae
3414 3861 3549 3913 vivae
3573 3858 3657 3912 fo-

2084 3958 2284 4013 diendo
2312 3975 2324 4011 :
2354 3968 2406 4012 et
2431 3970 2576 4010 nunc
2606 3956 2827 4025 quidem
2864 3964 3071 4017 vetera,
3122 3968 3263 4008 nunc
3308 3953 3471 4007 etiam
3520 3966 3659 4005 nova

2080 4049 2439 4112 discutiendo,
2460 4046 2754 4102 efﬁciamur
2776 4042 2983 4100 similes
3008 4045 3082 4099 illi
3098 4045 3410 4115 evangelico
3448 4045 3659 4109 scribae,

2081 4141 2147 4195 de
2175 4155 2280 4209 quo
2306 4140 2563 4194 Dominus
2589 4136 2727 4190 dixit
2752 4136 2794 4201 ³,
2822 4136 2947 4205 quia
2973 4136 3171 4206 profert
3198 4137 3261 4191 de
3284 4136 3531 4191 thesauro
3563 4152 3661 4190 suo

2081 4249 2210 4286 nova
2244 4242 2290 4284 et
2322 4240 2513 4284 vetera.
2546 4227 2654 4283 Sed
2690 4237 2745 4281 et
2776 4229 2819 4281 si
2844 4228 2966 4297 quis
2988 4244 3173 4283 eorum
3203 4243 3288 4283 me
3309 4245 3455 4282 nunc
3479 4230 3663 4282 audiat

2081 4325 2467 4393 disputantem,
2484 4322 2574 4391 qui
2590 4320 2878 4376 saeculares
2892 4319 3103 4374 litteras
3121 4320 3289 4383 novit,
3311 4319 3445 4372 dicit
3462 4318 3661 4372 fortas-

2083 4432 2162 4483 se,
2181 4416 2375 4471 Nostra
2396 4427 2522 4471 sunt
2537 4416 2635 4468 ista
2652 4428 2771 4482 qua:
2795 4411 2950 4476 dicis,
2970 4422 3022 4465 et
3047 4420 3245 4465 nostra:
3273 4410 3408 4464 artis
3425 4410 3662 4465 eruditio

2082 4519 2184 4574 est;
2209 4510 2319 4562 haec
2339 4508 2450 4576 ipsa
2470 4521 2588 4575 qua:
2605 4506 2847 4573 disputas
2863 4511 2918 4557 et
2941 4505 3125 4568 doces,
3150 4510 3332 4555 nostra
3356 4501 3663 4570 eloquentia

2080 4608 2182 4652 est.
2217 4598 2283 4649 Et
2312 4604 2490 4648 movet
2538 4594 2667 4647 mihi
2708 4593 2830 4647 lites
2860 4592 3005 4645 velut
3036 4591 3390 4646 Philisthinus
3418 4592 3659 4660 quidam,

2084 4691 2288 4752 dicens,
2311 4688 2438 4756 quia
2464 4686 2517 4739 in
2552 4700 2673 4739 meo
2699 4683 2813 4739 solo
2844 4683 3029 4738 fodisti
3062 4692 3372 4752 puteum,et
3397 4683 3665 4737 videbitur

2086 4781 2189 4837 sibi
2220 4781 2417 4836 merito
2454 4778 2761 4841 vindicare,
2800 4791 2918 4845 quae
2946 4775 3179 4845 propriae
3206 4785 3362 4830 terra:
3380 4785 3526 4830 sunt.
3559 4775 3664 4828 Ve-

2088 4890 2210 4929 rum
2252 4873 2317 4926 ad
2367 4873 2483 4926 luce
2520 4885 2619 4940 ego
2668 4869 3042 4939 respondebo,
3098 4867 3225 4937 quia
3276 4868 3436 4922 habet
3487 4867 3664 4920 oinnis

2086 4974 2229 5020 terra
2280 4977 2485 5032 aquas,
2537 4961 2630 5017 sed
2666 4962 2755 5032 qui
2808 4961 3171 5015 Philisthinus
3202 4968 3309 5023 est,
3342 4969 3396 5013 et
3450 4967 3665 5013 terrena

2087 5054 2248 5125 sapit,
2285 5052 2462 5108 nescit
2493 5052 2547 5105 in
2588 5051 2737 5106 onmi
2772 5061 2917 5104 terra
2948 5050 3197 5104 invenire
3229 5064 3450 5119 aquam,
3490 5050 3665 5103 nescit

2480 5215 2525 5245 ⁹⁸
2573 5214 2765 5267 Matth.
2796 5229 2953 5275 xxiii,
2984 5212 3073 5265 '58.
3186 5210 3231 5243 ’⁵
3264 5210 3385 5265 Act.
3422 5230 3538 5277 Mil,
3574 5214 3663 5268 46.

3418 5284 3437 5314 ³
3468 5285 3661 5339 Matth.

2162 5488 2274 5560 (85)
2309 5489 2479 5553 Alias,
2508 5490 2614 5543 vult
2641 5506 2771 5559 quos
2819 5489 3243 5557 foderant...vult
3292 5501 3475 5557 puteos
3508 5489 3665 5544 inno-

2088 5575 2231 5611 vare.
2272 5560 2377 5612 Sed
2415 5576 2545 5613 mss.
2580 5572 2637 5613 ut
2668 5562 2720 5614 in
2754 5571 2943 5613 nostro
2976 5572 3149 5615 textu.

2160 5630 2273 5697 (80')
2321 5628 2429 5681 Vox
2458 5628 2729 5682 Christum
2761 5631 2910 5683 deest
2945 5633 2995 5683 in
3042 5644 3200 5685 antea
3229 5630 3410 5693 editis,
3442 5631 3534 5684 sed
3577 5649 3666 5685 re-

2084 5700 2293 5771 peritur
2329 5700 2380 5751 in
2419 5714 2547 5752 mss.
2576 5698 2908 5771 Infranrssq
2942 5711 2989 5752 et
3018 5718 3181 5771 aquas
3208 5702 3379 5757 sancti
3409 5699 3664 5769 Spiritus.

2081 5770 2254 5836 Alias,
2287 5778 2333 5823 et
2363 5785 2553 5839 aquam
2582 5770 2747 5827 sancti
2779 5768 3032 5839 Spiritus.
