4132 6412
293 400 401 461 255

1491 398 1557 454 1N
1587 398 1885 453 GENESIM
1931 396 2213 452 HOMILIA
2252 396 2390 452 XIII.

3463 411 3562 465 iiii

300 520 358 572 in
382 515 529 571 omni
552 517 732 571 anima
758 516 990 571 inveniri
1017 515 1400 571 rationabilem
1431 528 1654 570 sensum
1673 524 1729 569 et
1750 514 1885 568 ima-
1914 522 1960 577 Α
1988 511 2168 582 imago
2208 512 2305 567 Dei
2336 512 2531 578 latens,
2559 524 2610 565 σει
2654 512 2798 568 hunc
2826 524 3049 583 puteum
3080 516 3369 582 Philistini.
3408 524 3456 574 id
3485 542 3564 579 vat

298 608 481 681 ginem
520 609 609 662 Dei
652 607 787 677 (8'7),
821 608 994 663 nescit
1022 608 1205 670 iidem,
1244 606 1524 675 pietatem,
1562 605 1879 675 religionem

300 711 463 766 posse
498 697 549 751 iu
575 699 829 753 omnibus
860 695 1117 751 inveniri.
1145 694 1283 762 Quid
1317 696 1410 750 tibi
1436 695 1653 765 prodest
1682 696 1883 750 habere

302 788 689 853 eruditionem,
723 796 777 844 et
810 789 1028 844 nescire
1052 803 1114 842 ea
1133 788 1302 851 uti,et
1333 787 1534 842 habere
1553 801 1881 853 sermonem,

301 889 360 937 et
384 881 595 936 nescire
618 880 796 950 loqui?
830 879 978 935 istud
1003 893 1141 948 opus
1164 881 1384 949 proprie
1408 894 1701 948 puerorum
1735 880 1886 936 lsaac

305 981 408 1040 est,
440 972 534 1042 qui
566 972 618 1027 in
659 973 809 1027 omni
859 981 1006 1028 terra
1043 971 1256 1025 fodiunt
1308 984 1502 1039 puteos
1542 986 1695 1042 aquae
1725 976 1882 1039 vivae,

307 1062 359 1118 id
392 1071 492 1124 est,
527 1063 671 1117 omni
696 1063 892 1117 animae
918 1061 1142 1115 verbum
1173 1058 1267 1113 Dei
1296 1059 1615 1129 loquuntur,
1645 1071 1700 1117 et
1726 1062 1883 1117 inve-

309 1156 463 1211 niunt
481 1153 741 1210 fructum.
764 1153 1009 1224 Denique
1034 1152 1115 1208 vis
1140 1154 1352 1217 videre,
1379 1168 1521 1208 unus
1550 1168 1684 1223 puer
1712 1154 1883 1222 lsaac,

306 1237 545 1320 quantos
570 1256 767 1317 puteos
803 1248 856 1301 in
882 1257 1025 1301 terra
1057 1245 1478 1313 alienigenarum
1499 1244 1734 1301 foderit?
1755 1245 1888 1300 Vide

308 1339 563 1404 Paulum,
604 1341 693 1407 qui
746 1339 811 1393 ab
845 1337 1184 1394 ilierusalem
1227 1340 1277 1392 in
1326 1339 1558 1395 circuitu
1592 1352 1765 1406 usque
1818 1338 1886 1392 ad

308 1431 401 1501 lily
415 1432 583 1484 ricum
626 1429 852 1499 replevit
881 1429 1230 1501 Evangelium
1259 1430 1353 1486 Dei
1380 1431 1423 1486 δ.
1452 1430 1560 1485 Sed
1583 1445 1680 1500 per
1702 1430 1887 1499 singu-

312 1522 393 1577 los
432 1523 566 1577 istos
587 1534 778 1593 puteos
799 1525 1211 1594 persecutiones
1243 1539 1439 1594 passus
1460 1534 1542 1579 est
1568 1523 1889 1578 Philistino-

309 1630 450 1670 rum.
484 1615 623 1670 Audi
663 1616 834 1686 ipsum
872 1618 1144 1673 dicentem
1170 1617 1237 1673 't
1280 1617 1493 1684 Quanta
1531 1617 1660 1670 mihi
1680 1616 1888 1671 accide-

311 1716 436 1759 runt
496 1704 690 1773 Iconii,
739 1704 977 1776 Lystris,
1012 1716 1215 1776 quanta
1268 1706 1324 1761 in
1374 1706 1621 1776 Epheso!
1669 1706 1890 1773 Quoties

308 1811 483 1852 caesus
506 1808 560 1851 et
587 1800 804 1868 quoties
835 1798 1104 1868 lapidatus
1131 1798 1255 1853 est?
1280 1800 1497 1868 quoties
1532 1800 1792 1868 pugnavit
1820 1798 1888 1853 ad

1986 612 2285 674 potestates
2308 606 2569 671 adversm,
2602 605 2945 674 repleverunt
2978 616 3141 662 terra.
3192 610 3345 675 Quali
3381 624 3521 669 terra
3549 620 3567 668 ἲ

1987 694 2314 751 Carnalibus
2346 697 2619 763 sensibus,
2663 706 2717 749 et
2772 699 3003 752 terrenis
3036 700 3481 772 cogitationibus,
3513 716 3567 759 et

1986 797 2269 857 propterea
2298 790 2638 857 portavimus
2673 789 2964 860 imaginem
3006 794 3227 847 terreni.
3262 793 3415 851 Tunc
3436 811 3568 865 ergo

1986 895 2110 934 cum
2144 891 2487 951 portaremus
2510 882 2802 951 imaginem
2832 884 3055 953 terreni,
3087 884 3359 943 Philistini
3394 892 3571 961 reple-

1985 982 2181 1028 verunt
2219 982 2363 1028 terra
2396 984 2589 1044 puteos
2618 987 2855 1030 nostros.
2887 976 2993 1031 Sed
3025 994 3168 1033 nunc
3193 983 3449 1050 quoniam
3480 999 3568 1037 ve-

1989 1066 2071 1119 nit
2124 1075 2316 1121 noster
2349 1067 2521 1133 lsaac,
2573 1068 2935 1138 suscipiamus
2983 1068 3100 1138 ejus
3148 1073 3463 1141 adventrum,
3514 1090 3568 1131 et

1989 1157 2260 1214 fodiamus
2289 1169 2482 1229 puteos
2525 1169 2764 1226 nostros,
2796 1168 2850 1215 et
2894 1160 3217 1230 abjiciamus
3247 1168 3314 1222 ab
3345 1170 3424 1224 eis
3453 1180 3566 1224 ter-

1989 1265 2105 1304 ram
2130 1267 2144 1315 ;
2172 1266 2465 1322 purgemus
2488 1267 2585 1308 eos
2619 1254 2687 1308 ab
2713 1252 2968 1309 omnibus
2997 1256 3270 1322 sordibus,
3298 1268 3354 1314 et
3379 1276 3408 1314 a
3434 1276 3569 1317 cun-

1989 1342 2094 1397 ctis
2120 1344 2544 1413 cogitationibus
2573 1344 2737 1401 luteis
2766 1355 2822 1401 et
2853 1349 3104 1414 terrenis,
3137 1360 3191 1405 et
3226 1350 3570 1410 inveniemus

1992 1434 2044 1488 in
2073 1434 2152 1488 eis
2178 1450 2375 1504 aquam
2404 1437 2606 1503 vivam,
2646 1436 2815 1503 illam,
2845 1437 2915 1493 de
2941 1455 3046 1507 qua
3073 1441 3205 1496 dicit
3240 1444 3352 1514 (88)
3379 1444 3568 1500 00ιηὶ-

1992 1541 2093 1580 nus
2110 1526 2177 1577 ηε
2196 1526 2298 1591 Qui
2327 1529 2490 1581 credit
2516 1529 2570 1582 in
2599 1544 2704 1593 me,
2734 1529 2958 1597 [lumina
2978 1531 3042 1584 de
3064 1544 3240 1587 uentre
3268 1535 3381 1605 ejus
3407 1538 3569 1607 ﬂuent

1992 1632 2143 1685 aqua:
2172 1616 2323 1670 vim.
2355 1615 2488 1672 \‘ide
2517 1628 2721 1685 quanta
2764 1618 2835 1671 sit
2861 1619 3160 1678 liberalitas
3199 1625 3433 1681 Domini.
3466 1627 3574 1684 Pu-

1995 1714 2109 1761 teos
2139 1706 2485 1777 repleverunt
2512 1708 2811 1774 Philistini,
2841 1719 2895 1763 et
2923 1726 3091 1767 venas
3129 1717 3289 1771 nobis
3305 1734 3571 1787 aquarum

1996 1798 2164 1853 exiles
2190 1808 2245 1852 et
2278 1808 2469 1853 tenues
2512 1799 2846 1869 inviderunt,
2873 1812 2930 1859 et
2956 1818 3054 1874 pro
3094 1805 3179 1860 his
3212 1808 3365 1864 nobis
3397 1810 3573 1866 fontes

310 1890 559 1945 bestias?
592 1867 685 1945 sed
722 1867 1024 1961 permansit
1062 1908 1343 1964 usquequo
1390 1867 1566 1948 exiret
1599 1867 1665 1947 ad
1704 1891 1889 1947 latitu-
1920 1867 1962 1922 Β
2003 1890 2305 1944 redduntur
2340 1903 2395 1944 et
2421 1888 2662 1946 ﬂumina.

310 1981 522 2045 dinem,
558 1983 609 2037 id
657 1992 741 2038 est
779 1998 1060 2054 usquequo
1104 1986 1157 2039 in
1189 1987 1353 2041 totius
1397 1986 1550 2041 orbis
1583 1995 1741 2040 terrae
1770 1983 1891 2037 lati-

314 2077 503 2130 tudine
547 2074 820 2130 Ecclesias
864 2076 1175 2133 collocaret.
1229 2076 1320 2131 Sic
1351 2092 1483 2147 ergo
1540 2077 1709 2146 putei,
1752 2091 1892 2146 quos

313 2167 442 2221 fodit
461 2167 760 2232 Abraham,
778 2166 827 2221 id
855 2176 955 2231 est,
983 2166 1282 2237 Scriptura:
1300 2168 1513 2223 Veteris
1534 2166 1886 2233 Testameuti,

314 2259 502 2329 repleti
552 2270 677 2314 sunt
709 2269 852 2313 terra
883 2276 911 2313 a
945 2258 1277 2324 Philistinis,
1312 2260 1429 2314 sive
1452 2274 1481 2312 a
1514 2260 1671 2313 malis
1700 2259 1889 2313 docto-

314 2348 483 2415 ribus,
518 2349 726 2406 Scribis
754 2362 807 2406 et
840 2350 1156 2416 Pharisazis,
1210 2352 1325 2407 sive
1362 2352 1526 2406 etiam
1558 2351 1893 2407 adversariis

310 2442 668 2511 potestatibus
704 2460 716 2497 :
742 2453 796 2497 et
823 2443 1095 2499 obturatas
1118 2454 1247 2499 sunt
1278 2457 1468 2498 eorum
1504 2457 1677 2509 vente,
1705 2457 1770 2497 ne
1797 2457 1892 2513 po-

311 2543 425 2588 tum
457 2534 735 2602 praebeant
766 2535 849 2591 his
878 2535 970 2605 qui
999 2551 1066 2590 ex
1101 2537 1379 2591 Abraham
1412 2543 1560 2590 sunt.
1599 2533 1716 2589 Non
1744 2537 1889 2591 enim

310 2622 550 2695 populus
595 2623 686 2678 ille
726 2624 911 2679 bibere
949 2615 1133 2696 potest
1154 2625 1220 2679 de
1248 2625 1568 2695 Scripturis,
1609 2626 1704 2680 sed
1745 2624 1891 2680 sitim

312 2714 518 2783 patitur
544 2716 697 2771 verbi
731 2716 829 2772 Dei
858 2717 1031 2771 donec
1063 2718 1240 2772 veniat
1290 2716 1443 2773 lsaac
1472 2728 1528 2771 et
1553 2719 1765 2788 aperiat
1794 2732 1890 2773 eas

315 2815 372 2859 ut
398 2806 590 2862 bibant
624 2809 780 2877 pueri
814 2808 921 2864 sui.
963 2806 1151 2864 Gratia
1179 2823 1312 2879 ergo
1337 2810 1448 2865 lilio
1473 2810 1706 2867 Abrahae
1728 2812 1891 2868 Chri-

309 2905 419 2963 sto,
445 2898 511 2953 de
544 2913 652 2968 quo
684 2899 945 2968 scriptum
981 2908 1070 2954 est
1097 2899 1118 2932 ‘
1148 2916 1163 2955 :
1197 2898 1355 2956 Liber
1380 2904 1735 2972 generationis
1762 2902 1891 2960 Jesu

309 2988 526 3056 Christi,
545 2990 645 3058 ﬁlii
664 2990 856 3056 David,
881 2991 983 3059 ﬁlii
1000 2992 1292 3059 Abraham,
1322 2996 1413 3063 qui
1432 2996 1579 3051 venit
1603 3010 1657 3053 et
1682 2998 1897 3067 aperuit

286 3081 472 3134 lnobis
513 3090 725 3148 puteos.
752 3078 907 3150 Ipsos
946 3083 1090 3135 etiim
1127 3083 1411 3152 aperiebat
1456 3086 1587 3154 illis,
1621 3089 1713 3157 qui
1741 3089 1895 3144 dice-

310 3171 471 3225 bant"
500 3192 513 3225 :
552 3169 743 3225 Nonne
763 3187 855 3225 cor
878 3180 1117 3226 nostrum
1144 3175 1338 3227 ardens
1365 3187 1474 3229 erat
1494 3178 1549 3229 in
1574 3179 1744 3243 nobis,
1773 3195 1894 3234 cum

308 3260 537 3329 ttperiret
574 3262 722 3314 nobis
749 3259 1100 3330 Scripturas?
1123 3263 1349 3333 Aperuit
1385 3282 1514 3337 ergo
1545 3268 1643 3323 hos
1679 3278 1888 3338 puteos,

312 3359 361 3404 et
389 3350 585 3406 vocavit
624 3367 734 3416 eos,
760 3352 937 3422 inquit
958 3353 1003 3419 ⁸,
1036 3354 1170 3408 sicut
1203 3367 1475 3411 vocaverat
1500 3375 1586 3413 eos
1619 3361 1890 3415 Abraham

306 3451 460 3508 pater
478 3457 625 3498 suus.
649 3440 767 3496 Non
791 3441 934 3496 enim
957 3442 1266 3498 immutavit
1284 3448 1545 3501 vocabula
1575 3458 1885 3517 puteorum.

308 3529 376 3587 Et
397 3542 481 3589 est
515 3534 710 3588 mirum
740 3535 881 3605 quod
929 3532 1144 3605 Moyses
1174 3537 1340 3591 etiam
1372 3538 1513 3607 apud
1554 3554 1650 3595 nos
1679 3540 1890 3613 Moyses

306 3623 634 3691 appellatur,
686 3633 744 3679 et
798 3628 1078 3696 propheta:
1113 3627 1488 3698 unusquisque
1520 3645 1618 3686 suo
1668 3633 1889 3689 nomine

305 3715 670 3785 appellantur.
708 3714 826 3771 Non
859 3717 1007 3773 enim
1038 3717 1290 3775 Christus
1323 3722 1375 3775 in
1403 3723 1484 3778 eis
1516 3725 1759 3792 nomina,
1790 3727 1885 3782 sed

307 3803 720 3874 intelligentiam
751 3805 1126 3861 commutavit.
1180 3805 1556 3864 Commutavit
1606 3819 1784 3866 autem
1830 3813 1885 3867 in

307 3909 395 3960 eo.
424 3904 482 3949 ut
521 3896 633 3966 jam
669 3896 811 3950 ultra
843 3912 951 3952 non
992 3898 1339 3953 attendamus
1366 3896 1610 3956 Judaicis
1661 3901 1883 3968 fabulis,

305 3997 362 4043 et
401 3988 735 4059 genealogiis
760 3988 1007 4057 infinitis,
1052 3991 1182 4061 quia
1226 4008 1260 4046 α
1304 3993 1523 4047 ueritate
1555 3995 1764 4065 quidem
1789 4012 1888 4049 au-

306 4080 477 4133 ditum
511 4087 776 4146 avertunt,
828 4082 897 4135 ad
956 4081 1166 4151 fabulas
1214 4094 1388 4138 autem
1439 4088 1881 4140 convertuntur’.

305 4172 536 4242 Aperuit
566 4188 697 4243 ergo
727 4182 940 4243 puteos,
994 4185 1049 4230 et
1096 4175 1284 4231 docuit
1320 4191 1441 4243 nos,
1469 4187 1527 4231 ut
1562 4195 1668 4234 non
1702 4180 1886 4250 aliquo

302 4263 425 4320 loco
479 4280 792 4336 quaeramus
838 4265 1032 4332 Deum,
1066 4270 1162 4323 sed
1211 4267 1451 4324 sciamus
1474 4272 1618 4339 quod
1656 4272 1709 4326 in
1737 4273 1884 4326 omni

304 4367 451 4410 terra
478 4355 1048 4412 oﬂ'ertursacriiicium
1070 4361 1278 4414 nomini
1316 4360 1433 4431 ejus
1460 4359 1527 4412 ¹⁰.
1552 4358 1709 4417 Nunc
1741 4362 1885 4417 enim

305 4447 436 4503 illud
471 4457 549 4503 est
587 4460 800 4518 tempus
833 4450 1055 4520 quando
1103 4453 1218 4507 veri
1276 4454 1592 4508 adoratores
1651 4455 1888 4512 adorant

303 4535 561 4602 Patrem,
612 4554 789 4608 neque
849 4542 901 4596 in
953 4541 1367 4615 Hierosolymis,
1427 4560 1602 4614 neque
1661 4546 1714 4600 in
1774 4546 1966 4639 96D

309 4642 496 4685 monte
537 4631 803 4698 Garizim,
837 4632 930 4687 sed
975 4633 1027 4687 in
1083 4635 1277 4702 Spiritu
1311 4637 1710 4693 ctveritate“.
1764 4638 1879 4695 Non

302 4736 436 4793 ergo
468 4725 519 4778 in
576 4723 715 4789 loco,
766 4738 943 4793 neque
993 4725 1044 4778 in
1080 4734 1225 4781 terra
1264 4727 1476 4782 habitat
1514 4729 1676 4794 Deus,
1708 4730 1801 4785 sed
1829 4730 1881 4785 in

302 4814 468 4869 corde
496 4814 723 4869 habitat.
757 4813 825 4868 Et
852 4817 897 4870 si
931 4816 1105 4871 locum
1161 4817 1254 4873 Dei
1292 4819 1545 4889 requiris,
1574 4836 1675 4876 cor
1720 4839 1882 4877 mun-

304 4905 434 4960 dum
462 4916 544 4962 est
574 4906 725 4962 locus
770 4907 908 4976 ejus.
943 4908 1000 4964 in
1039 4910 1142 4965 hoc
1172 4926 1408 4981 namque
1452 4911 1572 4967 loco
1607 4914 1884 4971 habitatu-

305 5013 426 5052 rum
452 5012 513 5055 se
544 5001 696 5063 dicit,
731 5014 855 5054 cum
890 5015 989 5069 per
1026 5004 1351 5070 prophetam
1386 5005 1465 5058 ait
1491 5004 1533 5037 ¹²
1569 5023 1585 5060 :
1614 5004 1882 5061 Habitabo

299 5091 361 5144 s'n
379 5095 478 5157 eis,
511 5102 560 5147 et
594 5093 934 5149 inambulabo
956 5110 977 5161 ,°
1003 5107 1049 5149 et
1079 5096 1184 5164 ipsi
1220 5105 1374 5149 erunt
1405 5098 1534 5151 mihi
1561 5102 1805 5167 populus,
1833 5109 1882 5155 et

299 5199 394 5256 ego
432 5200 523 5239 ero
553 5185 663 5241 illis
716 5182 879 5254 Deus,
911 5187 1034 5241 dicit
1085 5185 1368 5242 Dominus.
1422 5188 1556 5243 Vide
1596 5204 1727 5259 ergo
1756 5192 1884 5261 quia

298 5274 445 5333 forte
470 5280 637 5332 etiam
661 5279 714 5333 in
737 5279 1158 5350 uniuscujusque
1179 5289 1433 5334 nostrum
1461 5281 1645 5336 anima
1675 5293 1761 5337 est
1784 5299 1881 5353 pu-

300 5375 421 5423 teus
462 5382 621 5440 aqua
654 5368 811 5433 vivae,
840 5378 925 5424 est
972 5372 1195 5439 quidam
1246 5370 1494 5427 caelestis
1543 5385 1774 5440 sensus,
1825 5382 1882 5430 et

369 5488 393 5521 ⁵
417 5487 581 5543 Rom.
611 5498 704 5552 xv,
733 5486 819 5541 i9.
896 5487 918 5519 '
950 5487 988 5541 Il
1011 5487 1154 5544 Tim.
1184 5506 1265 5555 tu,
1299 5492 1392 5547 Η.
1472 5492 1494 5524 ⁸
1521 5492 1711 5549 Matth.
1741 5510 1781 5556 l.

371 5674 483 5744 (87)
523 5675 691 5739 Alias,
717 5677 949 5731 invenire
976 5680 1348 5735 rationabilem
1391 5698 1602 5739 sensum
1643 5684 1715 5738 ad
1741 5686 1879 5739 ima-

300 5748 470 5816 ginem
496 5746 611 5801 Dei.
644 5748 713 5800 At
745 5763 876 5802 mss.
909 5758 969 5801 ut
1002 5750 1053 5803 in
1090 5761 1281 5807 nostro
1311 5760 1487 5808 textu.

371 5819 484 5889 (88)
520 5817 685 5877 Alias,
728 5817 877 5870 illam
917 5834 1075 5885 quam
1113 5820 1273 5886 dicit;
1320 5840 1470 5891 mss.,
1506 5823 1650 5880 illam
1685 5823 1749 5879 de
1775 5841 1881 5897 qua

617 5910 886 5971 ΙἈτιιοι.
938 5910 1053 5975 Gn.
1105 5913 1242 5977 KH.

1876 5496 1898 5528 ⁷
1933 5493 2066 5552 Luc.
2097 5513 2246 5559 xxrv,
2280 5497 2370 5552 32.

299 5559 347 5597 ι’
376 5558 604 5614 Malach.
635 5572 674 5621 t,
711 5559 798 5612 ll.
869 5557 910 5589 “
942 5556 1099 5614 Joan.
1125 5576 1197 5629 tv,
1228 5562 1318 5629 2i,
1338 5564 1429 5619 25.
1505 5563 1730 5619 “Levit.
1755 5580 1905 5631 “vr,
1933 5566 2020 5620 12.

2062 1980 2117 2033 4.
2167 1980 2223 2034 Si
2269 1997 2401 2051 ergo
2448 1992 2503 2037 et
2526 1998 2623 2039 vos
2666 1985 2827 2042 hodie
2870 1988 2985 2045 haec
3017 1992 3302 2049 audientes
3344 1996 3578 2052 fideliter

1992 2074 2317 2142 percipiatis
2371 2075 2645 2141 auditum,
2680 2092 2949 2147 operatur
2980 2092 3035 2138 et
3092 2085 3143 2140 in
3193 2088 3347 2142 vobis
3402 2089 3574 2156 Isaac,

1993 2175 2186 2237 purgat
2217 2167 2381 2221 corda
2415 2177 2596 2223 vestra
2623 2184 2653 2223 a
2686 2173 2921 2229 terrenis
2952 2178 3222 2244 sensibus,
3249 2188 3304 2233 et
3331 2182 3579 2240 videntes

1994 2258 2111 2313 haec
2144 2266 2292 2312 tanta
2326 2260 2579 2330 mysteria
2609 2261 2665 2315 in
2698 2260 3000 2331 Scripturis
3027 2267 3229 2325 divinis
3258 2287 3378 2328 esse
3405 2273 3578 2331 laten-

1995 2349 2090 2412 tia,
2111 2349 2408 2418 proﬁcietis
2435 2349 2487 2404 in
2513 2350 2789 2408 intellectu
2818 2352 2957 2426 (89),
2983 2369 3037 2412 et
3060 2360 3358 2428 proficietis
3386 2364 3437 2417 in
3466 2366 3578 2434 spi-

1994 2439 2247 2494 ritalibus
2281 2440 2555 2497 sensibus.
2587 2441 2873 2514 lncipietis
2894 2449 3057 2502 etiam
3094 2450 3195 2520 ipsi
3235 2467 3356 2506 esse
3387 2454 3578 2509 docto-

1998 2544 2106 2597 res,
2159 2539 2215 2587 et
2266 2533 2568 2601 procedent
2616 2550 2680 2589 ex
2741 2537 2898 2593 vobis
2932 2540 3151 2595 ﬂumina
3206 2558 3362 2613 aqua
3420 2547 3575 2603 vivae.

1992 2621 2164 2679 Adest
2197 2624 2343 2679 enim
2374 2624 2611 2681 Verbum
2641 2628 2761 2692 Dei,
2789 2639 2847 2684 et
2874 2631 2987 2686 haec
3026 2650 3169 2690 nunc
3194 2637 3310 2706 ejus
3345 2649 3427 2693 est
3449 2655 3580 2709 0pc-

1995 2714 2157 2781 ratio,
2187 2727 2245 2770 ut
2277 2716 2342 2772 de
2362 2718 2542 2773 anima
2570 2720 2999 2793 uniuscujusque
3025 2737 3269 2781 nostrum
3301 2742 3593 2786 removeat

1998 2816 2218 2873 terram,
2245 2819 2299 2865 et
2322 2812 2530 2879 aperiat
2555 2810 2759 2868 fontem
2788 2814 2990 2869 vivum.
3017 2818 3159 2872 Intra
3200 2828 3253 2875 te
3282 2823 3425 2877 enim
3460 2839 3576 2889 est,

1994 2908 2051 2953 et
2077 2914 2182 2954 non
2212 2901 2559 2958 extrinsecus
2592 2906 2759 2968 venit,
2792 2907 2936 2961 sicut
2964 2918 3017 2963 et
3046 2925 3276 2980 regnum
3314 2914 3409 2969 Dei
3433 2915 3575 2972 intra

1997 3000 2050 3046 te
2079 3001 2185 3047 est.
2211 2991 2278 3045 Et
2302 2993 2497 3049 mulier
2539 2994 2629 3048 illa
2662 2993 2730 3062 ιδ,
2763 3011 2884 3064 qua:
2904 3000 3214 3067 perdiderat
3236 3005 3579 3078 drachmam,

1997 3096 2103 3136 non
2138 3082 2283 3135 illam
2319 3084 2529 3138 invenit
2583 3087 2952 3155 extrinsecus,
3005 3093 3101 3145 sed
3155 3094 3209 3147 in
3261 3096 3421 3153 domo
3455 3117 3577 3166 sua,

1999 3181 2351 3241 posteaquam
2372 3176 2621 3230 accendit
2644 3176 2942 3248 lucernam,
2974 3190 3025 3235 et
3052 3185 3335 3239 inundavit
3361 3189 3577 3245 domum

2003 3265 2257 3321 sordibus
2281 3278 2335 3321 et
2361 3267 2749 3333 immunditiis,
2775 3286 2912 3339 quas
2953 3272 3101 3342 longi
3138 3281 3399 3348 temporis
3425 3282 3578 3352 igua-

2002 3356 2093 3410 via
2118 3366 2174 3411 et
2206 3358 2478 3416 hebetudo
2509 3372 2884 3429 congesserat,
2919 3374 2974 3420 et
3010 3366 3083 3420 ibi
3137 3367 3343 3425 invenit
3377 3375 3543 3431 drach
3564 3406 3579 3418 -

2000 3463 2169 3508 mam.
2203 3451 2270 3505 Et
2290 3462 2343 3506 tu
2377 3468 2507 3525 ergo
2530 3455 2574 3509 si
2600 3457 2871 3512 aceendas
2900 3456 3203 3527 lucernam,
3234 3463 3279 3519 si
3318 3467 3580 3526 adhibeas

2002 3541 2098 3596 tibi
2131 3543 2590 3601 illuminationem
2624 3546 2863 3617 Spiritus
2893 3551 3087 3617 sancti,
3148 3561 3203 3606 et
3264 3554 3317 3609 in
3378 3556 3582 3617 lumine

1996 3630 2116 3699 ejus
2149 3632 2335 3689 videas
2363 3634 2580 3701 lumen,
2635 3636 2887 3693 invenies
2940 3639 3082 3694 intra
3135 3652 3185 3696 te
3235 3643 3579 3710 drachmam.

1996 3723 2142 3778 Intra
2184 3735 2235 3781 te
2256 3740 2496 3797 namque
2524 3737 2609 3783 est
2639 3729 2905 3786 collocata
2938 3732 3117 3801 imago
3146 3737 3291 3805 regis
3318 3739 3578 3799 caelestis.

1997 3817 2134 3872 Cum
2162 3819 2309 3873 enim
2339 3819 2546 3875 iaceret
2579 3820 2858 3877 hominem
2880 3838 2946 3877 ex
2972 3824 3130 3881 initio
3154 3827 3314 3893 Deus,
3351 3835 3417 3885 ad
3443 3835 3546 3887 ima
3566 3867 3579 3879 ι

1995 3910 2177 3977 ginem
2222 3921 2275 3966 et
2303 3913 2725 3968 similitudinem
2776 3931 2933 3971 suam
2975 3917 3102 3971 fecit
3139 3934 3301 3989 eum;
3348 3934 3402 3979 et
3439 3929 3576 3982 hanc

1997 4002 2287 4072 imaginem
2322 4019 2431 4061 non
2468 4006 2837 4073 extrinsecus,
2880 4009 2976 4063 sed
3008 4009 3149 4065 intra
3180 4029 3303 4070 eum
3334 4017 3539 4074 colloca

1997 4094 2093 4147 vit.
2131 4094 2258 4151 Haec
2283 4097 2335 4150 in
2365 4106 2418 4152 te
2443 4098 2615 4153 videri
2641 4116 2747 4157 non
2781 4113 3016 4172 poterat,
3062 4107 3235 4163 donec
3268 4111 3459 4168 domus
3487 4124 3579 4169 tua

1995 4188 2214 4242 sordida
2241 4197 2382 4250 erat,
2411 4188 2772 4248 immunditiis
2800 4206 2853 4248 et
2892 4197 3179 4254 ruderibus
3215 4202 3444 4269 repleta.
3471 4203 3580 4257 Iste

1996 4276 2118 4332 fons
2149 4278 2394 4331 scientiae
2424 4279 2566 4331 intra
2626 4290 2679 4335 te
2721 4293 2840 4337 erat
2870 4287 3030 4355 situs,
3072 4292 3167 4345 sed
3211 4306 3316 4345 non
3361 4304 3578 4363 poterat

1996 4366 2180 4430 ﬂuere,
2214 4369 2339 4437 quia
2377 4368 2649 4423 Philistiui
2678 4373 3022 4442 repleverant
3053 4394 3175 4434 eum
3207 4391 3374 4450 terra,
3411 4396 3466 4440 et
3500 4386 3579 4443 fe-

1995 4472 2183 4516 cerant
2216 4463 2267 4515 in
2303 4471 2353 4514 te
2384 4462 2674 4528 imaginem
2724 4469 2947 4524 terreni.
2979 4470 3087 4527 Sed
3126 4484 3179 4528 tu
3204 4479 3427 4546 portasti
3453 4484 3579 4551 qui._

1994 4553 2114 4606 dem
2146 4563 2273 4608 tunc
2309 4552 2600 4620 imaginem
2653 4562 2879 4627 terreni,
2923 4579 3065 4618 nunc
3099 4581 3231 4623 vero
3262 4569 3348 4624 his
3376 4576 3576 4631 auditis

1993 4646 2061 4698 ab
2090 4644 2179 4698 illa
2215 4649 2361 4701 omni
2418 4651 2559 4706 mole
2593 4659 2647 4704 et
2680 4653 3035 4720 Oppressione
3082 4666 3293 4713 terrena
3324 4676 3420 4729 per
3450 4664 3579 4719 Ver-

1994 4736 2119 4789 bum
2147 4734 2241 4791 Dei
2278 4751 2571 4809 purgatus,
2606 4742 2903 4813 imaginem
2948 4747 3192 4803 caelestis
3231 4751 3283 4805 in
3315 4763 3366 4806 te
3396 4756 3576 4822 splen-

1994 4828 2217 4883 descere
2250 4830 2437 4885 facito.
2477 4832 2601 4886 Hmc
2633 4848 2765 4903 ergo
2803 4834 2986 4905 imago
3015 4843 3189 4893 estde
3215 4856 3319 4909 qua
3359 4843 3575 4900 dicebat

1993 4916 2155 4974 Pater
2173 4922 2238 4974 ad
2264 4921 2457 4977 Filium
2489 4923 2532 4956 ’⁵
2560 4942 2572 4977 :
2604 4922 2889 4981 Faciamus
2909 4930 3174 4985 hominem
3198 4934 3269 4985 ad
3294 4935 3574 5007 imaginem

1991 5018 2040 5063 et
2071 5010 2471 5066 similitudinem
2500 5023 2756 5067 nostram.
2786 5015 2955 5072 Filius
2982 5019 3074 5074 Dei
3103 5031 3188 5076 est
3209 5024 3387 5092 pictor
3414 5027 3575 5098 hujus
3608 5086 3611 5095 I

1993 5101 2266 5171 imaginis.
2302 5103 2363 5157 Et
2386 5105 2512 5174 quia
2552 5105 2674 5159 talis
2708 5121 2771 5161 ac
2804 5117 2989 5165 tantus
3023 5120 3107 5167 est
3150 5114 3359 5183 pictor,
3396 5118 3575 5190 imago
3610 5116 3613 5119 ’

1991 5192 2109 5261 ejus
2139 5193 2416 5249 obscurari
2452 5210 2546 5262 per
2580 5194 2850 5252 incuriam
2884 5208 3096 5271 potest,
3128 5204 3299 5261 deleri
3326 5221 3422 5277 per
3450 5224 3567 5261 ma-

1990 5283 2165 5339 litiam
2194 5300 2300 5340 non
2332 5295 2536 5355 potest.
2568 5287 2750 5343 Manet
2780 5289 2928 5346 enim
2954 5307 3170 5365 semper
3195 5296 3375 5370 imago
3392 5299 3485 5356 Dei
3510 5300 3567 5355 in

1990 5382 2066 5441 te,
2097 5377 2225 5432 licet
2258 5387 2314 5432 tu
2353 5378 2448 5433 tibi
2483 5379 2598 5449 ipse
2629 5385 2967 5451 superducas
3016 5387 3305 5455 imaginem
3343 5399 3563 5456 terreni.

2467 5499 2489 5531 ⁸
2518 5496 2713 5556 Cenes.
2750 5518 2901 5566 xxvi,
2934 5506 3019 5561 18.

2102 5568 2316 5623 "Joan.
2338 5584 2431 5629 vn.
2457 5568 2546 5624 58.

1982 5684 2132 5740 dicit.

2057 5757 2174 5840 (ξε),
2206 5757 2662 5840 Ιὶᾳεηρνορεἱιὶε
2684 5762 2740 5814 in
2755 5758 3018 5840 intellecta
3041 5774 3088 5815 er
3109 5766 3393 5836 premitis,
3411 5790 3567 5840 inea“

1985 5829 2274 5897 proﬁcietis
2299 5831 2352 5883 in
2381 5830 2643 5885 intellectu
2671 5843 2718 5885 et
2740 5830 3044 5899 proﬁciatis.

3124 5508 3211 5580 {ll
3241 5510 3379 5566 Tim.
3410 5529 3482 5580 tv,
3509 5519 3565 5572 4.

2628 5571 2670 5603 ⁸⁸
2698 5571 2827 5629 Luc.
2864 5589 2951 5635 xv,
2982 5577 3047 5645 8.,
3115 5577 3158 5609 ’⁸
3175 5578 3373 5637 Cenes.
3405 5571 3564 5652 1,915.

3177 5932 3219 5996 8
