4132 6422
540 398 647 453 235

2009 360 2332 421 ORIGENIS

3672 342 3779 398 256

540 526 702 581 Istam
738 519 1000 589 picturam
1040 521 1093 564 tu
1126 508 1220 562 tibi
1272 506 1387 574 ipse
1416 498 1683 569 depingis,
1714 506 1833 547 cuin
1867 489 2007 545 enim
2050 495 2104 538 te
2134 487 2178 542 Α
2208 482 2363 537 nobis
2410 478 2634 535 suilli-int
2686 478 2911 533 scientia
2957 472 3388 542 Scripturarum,
3420 462 3517 520 sed
3544 471 3603 517 et
3645 460 3783 515 alios

1622 588 1631 589 ,
2230 572 2505 589 1---______
2567 580 2608 589 -.
2641 567 2771 589 -iz..-
2814 567 3145 589 ξυμ-..-ωηο
3204 566 3259 589 ..ο
3295 554 3478 589 ΙιίΙιαηι
3508 551 3769 589 Ιιηηιίηρα

542 613 709 671 libido
736 588 1049 664 luscaverit,
1080 596 1339 654 induxisri
1372 605 1536 645 unum
1555 588 1787 641 colorem
1815 591 2108 635 terrenum.

544 711 599 762 Si
637 718 763 761 vero
785 711 841 756 et
867 694 1099 752 avaritia
1135 698 1335 746 aestuas
1363 684 1493 756 (90),
1529 675 1797 734 miscuisti
1828 681 1885 728 et
1922 671 2111 726 alium.

544 802 650 857 Sed
682 808 737 853 et
764 808 887 850 cum
917 801 967 844 te
992 789 1072 842 ira
1101 781 1457 853 sanguineum
1486 773 1635 837 facit,
1654 768 1808 824 addis
1840 762 2117 820 nihilomi-

546 910 647 949 nus
678 902 733 948 et
766 886 985 943 tertium
1011 879 1272 936 colorem.
1302 870 1580 941 Superbiae
1607 878 1822 935 quoque
1846 861 1986 915 alius
2016 857 2115 911 ad-

544 986 693 1037 ditur
720 980 898 1040 lucus,
930 980 982 1026 et
1017 964 1314 1038 impietatis
1348 960 1504 1018 alius.
1535 957 1600 1013 Et
1628 954 1707 1009 sic
1741 965 1836 1021 per
1872 944 2117 1017 singulas

546 1084 797 1145 quasque
831 1065 1055 1123 malitiae
1087 1058 1314 1128 species,
1362 1053 1512 1108 velut
1556 1044 1789 1101 diversis
1839 1039 2118 1095 coloribus

549 1163 919 1238 congregatis,
942 1159 1083 1213 hanc
1116 1150 1407 1221 imaginem
1453 1141 1677 1205 terreni,
1699 1150 1860 1209 quam
1891 1134 2032 1188 Deus
2062 1129 2115 1182 in

551 1274 604 1317 te
629 1231 741 1315 non
761 1231 930 1316 vfecit,
959 1264 1014 1304 tu
1047 1246 1148 1302 tibi
1188 1245 1303 1311 ipse
1334 1234 1604 1308 depingis.
1646 1231 1940 1297 Propterea
1986 1234 2116 1291 ergo

550 1312 928 1424 deprecandus
958 1350 1041 1396 est
1072 1335 1227 1393 nobis
1278 1331 1401 1394 ille,
1438 1327 1529 1396 qui
1572 1323 1704 1376 dicit
1752 1332 1846 1388 per
1877 1312 2119 1385 prophe—

554 1408 665 1501 lain
692 1441 736 1474 “
759 1458 773 1494 :
797 1436 931 1492 Ecce
951 1446 1043 1501 ego
1070 1426 1216 1481 deleo
1242 1424 1375 1477 sicut
1409 1415 1595 1471 nubem
1626 1408 1933 1479 iniquitates
1979 1412 2120 1465 tuas,

552 1548 601 1592 et
630 1535 763 1590 sicut
788 1496 1063 1596 caliginem
1090 1526 1304 1586 peccata
1332 1522 1445 1565 tua.
1488 1507 1696 1561 Etcum
1721 1496 1980 1556 deleverit
2000 1510 2123 1551 om—

556 1641 654 1682 nes
686 1625 819 1678 istos
849 1583 916 1673 iii
940 1624 993 1669 te
1022 1583 1253 1670 colores,
1287 1604 1378 1673 qui
1413 1616 1479 1653 ex
1513 1596 1655 1651 lucis
1682 1590 1901 1647 malitia:
1923 1583 2122 1652 sumpti

554 1727 701 1781 sunt,
731 1725 858 1769 tunc
897 1699 1265 1775 resplendebit
1295 1696 1347 1751 in
1384 1704 1435 1748 te
1468 1691 1647 1759 imago
1679 1686 1769 1740 illa
1792 1695 1913 1752 quas
1950 1694 1979 1732 a
2015 1677 2125 1730 Deo

553 1772 734 1869 creata
773 1813 875 1862 est.
920 1772 1082 1855 Vides
1125 1806 1257 1859 ergo
1283 1784 1553 1858 quomodo
1599 1778 1798 1834 divina:
1828 1772 2126 1838 Scriptura

553 1903 758 1959 formas
788 1893 1051 1952 inducunt
1088 1894 1143 1941 et
1176 1882 1379 1953 ﬁguras
1404 1917 1420 1942 ,
1454 1874 1654 1945 quibus
1698 1868 1764 1922 ad
1798 1862 2127 1936 agnitionem

554 1993 641 2050 vel
672 1983 1050 2061 purgationem
1077 1975 1159 2031 sui
1186 1971 1370 2027 anima
1408 1966 1689 2021 doceatur.
1725 1956 1821 2011 Vis
1872 1953 2053 2009 adhuc
2077 1959 2132 2005 et

747 2043 933 2133 videre
956 2070 1189 2125 formam
1213 2059 1375 2129 hujus
1407 2050 1699 2122 imaginis?
1726 2043 2130 2115 Suntquadam

558 2178 753 2232 litterae
784 2179 922 2239 quas
950 2163 1093 2217 Deus
1119 2153 1329 2218 scribit,
1361 2145 1606 2219 quaedam
1634 2142 1828 2196 litterae
1872 2150 2009 2207 quas
2034 2149 2132 2189 nos

561 2227 872 2325 scribimus.
925 2252 1146 2312 Peccati
1198 2247 1415 2302 litteras
1473 2252 1571 2294 nos
1623 2233 1936 2291 scribimus.
1990 2227 2131 2283 Audi

561 2321 877 2429 apostolum
899 2349 1168 2405 dicentem
1192 2357 1207 2394 :
1246 2337 1460 2400 Delens,
1488 2328 1667 2401 inquit
1696 2326 1763 2391 ",
1791 2323 1929 2395 quod
1951 2321 2136 2375 aduer-

562 2413 679 2506 stim
724 2460 818 2499 nos
855 2447 966 2497 erat
1012 2427 1424 2502 chirographum
1466 2423 1522 2476 in
1553 2417 1809 2480 decretis,
1851 2413 1991 2484 quod
2021 2421 2135 2465 erat

564 2502 891 2595 contrarium
921 2528 1091 2591 nobis,
1145 2521 1265 2577 tulit
1294 2517 1430 2572 illud
1458 2515 1522 2568 de
1544 2511 1740 2573 medio,
1764 2507 1974 2578 aﬁigens
2003 2502 2136 2556 illud

566 2631 710 2686 cruci
741 2641 872 2682 suae.
916 2618 1062 2677 Istud
1106 2612 1322 2684 quidem
1359 2606 1501 2679 quod
1527 2603 1657 2662 dicit
1687 2598 2137 2670 chirographum,

569 2729 914 2795 peccatorum
965 2716 1277 2768 nostrorum
1336 2698 1518 2757 cautio
1566 2695 1690 2751 fuit.
1749 2689 2141 2759 Unusquisque

569 2780 772 2873 etenim
802 2815 1065 2866 nostrum,
1100 2799 1154 2855 in
1180 2797 1267 2852 his
1292 2808 1414 2864 quas
1437 2787 1701 2857 delinquit
1727 2782 1959 2840 efﬁcitur
1985 2780 2139 2834 debi-

570 2919 677 2973 tor,
717 2912 772 2959 et
799 2898 1008 2973 peccati
1033 2893 1115 2949 sui
1138 2891 1350 2945 litteras
1378 2883 1588 2941 scribit.
1619 2879 1755 2947 Quia
1780 2884 1835 2931 et
1867 2875 1922 2930 in
1939 2872 2143 2945 judicio

573 2962 689 3061 θεῖ’,
717 2962 862 3065 quod
884 2985 1081 3044 Daniel
1109 2980 1425 3039 consedisse
1449 2970 1708 3030 describit
1733 2968 1799 3033 ιι,
1823 2967 1990 3022 libros
2012 2962 2144 3019 dicit

571 3056 811 3160 apertos,
850 3081 966 3137 sine
993 3075 1158 3133 dubio
1191 3071 1282 3142 qui
1313 3074 1537 3138 peccata
1580 3060 1864 3117 hominum
1895 3056 2143 3111 contine-

573 3148 708 3237 rent.
756 3176 867 3232 Hos
905 3185 1034 3241 ergo
1058 3167 1157 3239 ipsi
1190 3163 1346 3219 nobis
1370 3156 1663 3215 scribimus
1686 3166 1783 3225 per
1804 3165 1870 3207 ea
1892 3163 2013 3220 quae
2044 3149 2140 3202 de-
2172 3164 2216 3223 ε
2249 3148 2372 3189 Sacr

572 3267 888 3340 linquimus.
914 3236 1093 3330 llujus—
1108 3254 1253 3312 enim
1292 3250 1371 3306 rei
1403 3256 1458 3303 et
1489 3245 1582 3301 illa
1608 3245 1783 3312 imago
1805 3246 1912 3305 est,
1939 3252 2061 3308 quas
2088 3236 2142 3289 in

577 3332 863 3431 Evangelia
892 3353 1087 3411 dicitur
1107 3349 1174 3405 de
1195 3345 1379 3400 villico
1394 3337 1722 3410 iniquitatis,
1738 3333 1831 3405 qui
1852 3332 1919 3387 ad
1945 3343 2145 3385 unum-

576 3426 846 3525 quemque
872 3445 1171 3500 debitorem
1193 3437 1324 3492 dicit
1354 3433 1396 3465 “
1432 3448 1450 3486 ε
1485 3429 1675 3497 Accipe
1699 3426 1901 3480 litteras
1929 3433 2070 3485 tuas,
2097 3428 2146 3475 et

579 3514 774 3599 s-edens-
791 3538 962 3595 scribe
1001 3531 1289 3602 octoginta,
1334 3533 1389 3581 et
1415 3531 1612 3579 caetera
1649 3532 1771 3588 quae
1820 3514 2146 3572 referuntur.

584 3637 745 3691 Vides
780 3645 937 3699 ergo,
965 3625 1090 3696 quia
1138 3620 1436 3688 unicuique
1463 3613 1682 3675 dicitur,
1725 3610 1900 3677 accipe
1949 3607 2151 3660 litteras

582 3738 725 3780 tuas.
760 3697 913 3776 Unde
946 3720 1167 3771 constat
1194 3716 1412 3764 nostras
1444 3704 1652 3758 litteras
1677 3707 1921 3769 peccato,
1948 3697 2155 3750 litteras

583 3825 764 3873 autem
793 3810 888 3867 Dei
912 3806 1127 3879 iustitia
1146 3800 1309 3857 scribi
1334 3795 1469 3866 (9i).
1526 3796 1609 3849 ita
1628 3792 1772 3848 enim
1787 3789 2155 3857 dicitAposto-

585 3909 672 3962 lus
686 3906 763 3955 ’σε
794 3901 896 3957 Vos
921 3899 1059 3955 enim
1087 3896 1209 3950 estis
1228 3886 1455 3961 epistola
1470 3885 1668 3955 scripta
1705 3898 1805 3937 non
1837 3888 2153 3942 atramento,

586 4000 677 4055 sed
705 3994 908 4066 Spiritu
934 3989 1027 4045 Dei
1055 3986 1176 4049 vivi,
1201 3982 1377 4038 nonin
1402 3977 1594 4033 tabulis
1617 3974 1860 4044 lapideis,
1884 3974 1972 4028 sed
1998 3973 2051 4025 in
2072 3981 2152 4025 ta-

591 4090 726 4145 bulis
749 4063 921 4141 cordis
939 4077 1262 4137 carnalibus.
1288 4072 1467 4129 Habes
1501 4084 1630 4138 ergo
1659 4067 1713 4122 in
1740 4076 1790 4120 te
1818 4064 2024 4118 litteras
2042 4063 2157 4129 Dei,

589 4183 698 4255 97
723 4192 775 4235 et
794 4179 1007 4232 litteras
1024 4170 1261 4241 Spiritus
1285 4162 1543 4222 sancti.Si
1559 4174 1688 4215 vero
1710 4158 2020 4226 delinquas,
2045 4157 2161 4225 ipse

592 4243 688 4329 δὴ]
738 4265 1037 4325 conscribis
1082 4258 1291 4333 peccati
1354 4253 1803 4322 chirographum.
1881 4247 1987 4302 Sed
2042 4243 2162 4298 vide

591 4366 715 4437 quia
747 4376 869 4418 cum
908 4354 1077 4414 semel
1112 4347 1395 4408 accessisti
1427 4348 1495 4399 ad
1529 4357 1751 4400 crucem
1776 4339 1977 4396 Christi
2009 4346 2064 4393 et
2095 4335 2163 4391 ad

593 4460 826 4532 gratiam
846 4449 1124 4523 baptismi,
1144 4442 1563 4513 chirographum
1586 4446 1735 4491 tuum
1758 4434 1906 4490 cruci
1925 4431 2162 4495 aﬂixum,

596 4508 651 4609 2t
691 4551 746 4604 in
797 4546 948 4601 fonte
1003 4538 1259 4609 baptismi
1301 4508 1535 4589 delatum
1580 4538 1685 4584 est.
1729 4526 1843 4581 Non
1889 4522 2163 4579 rescribas
2196 4529 2241 4586 ι)
2272 4530 2389 4567 cum
2419 4508 2557 4563 enim
2603 4516 2739 4562 sum,

599 4644 741 4697 ultra
787 4652 906 4708 quae
951 4633 1128 4687 deleta
1180 4636 1326 4691 sunt,
1373 4638 1473 4678 nec
1514 4633 1738 4688 repares
1795 4630 1916 4685 qua:
1963 4612 2167 4668 abolita

600 4742 744 4794 sunt.
770 4729 914 4784 solas
957 4726 1011 4778 in
1056 4731 1108 4775 te
1158 4732 1314 4774 serva
1346 4714 1556 4767 litteras
1585 4710 1699 4768 Dei.
1735 4708 1849 4763 sola
1881 4706 1935 4760 in
1967 4715 2019 4759 te
2042 4717 2167 4774 per—

602 4830 817 4879 maneat
853 4816 1137 4885 Scriptura
1184 4807 1424 4877 Spiritus
1473 4801 1670 4857 sancti.
1724 4798 1830 4854 Sed
1884 4796 2174 4852 redeamus

603 4917 666 4968 uit
702 4914 872 4973 lsaac,
907 4915 962 4960 et
988 4903 1260 4959 fodiauins
1289 4911 1410 4950 cuin
1437 4894 1553 4962 ipso
1591 4904 1784 4960 puteos
1812 4900 1967 4955 aquae
1993 4886 2169 4939 vivat:

604 5004 819 5061 etiamsi
861 4999 1138 5055 obsistunt
1183 4988 1485 5048 Philistini,
1517 4983 1733 5039 etiamsi
1772 4980 2044 5043 rixantur,
2074 4988 2175 5030 nos

607 5109 785 5154 tamen
820 5100 1229 5163 perseveremus
1262 5096 1383 5135 cum
1426 5080 1542 5146 ipso
1572 5085 1766 5145 puteos
1812 5068 2093 5133 fodiendo,
2118 5074 2177 5121 ut

605 5201 658 5247 et
690 5161 843 5242 nobis
877 5184 1089 5237 dicatur
1107 5178 1153 5208 ²¹
1178 5191 1193 5228 :
1224 5171 1356 5227 Bibe
1383 5182 1575 5239 aquam
1602 5167 1665 5220 de
1692 5165 1796 5218 tuis
1845 5161 2101 5231 fontibus,
2128 5168 2176 5213 et

607 5285 670 5336 de
696 5281 800 5333 tuis
822 5274 1016 5346 puteis,
1037 5278 1095 5324 et
1122 5269 1175 5323 in
1196 5275 1406 5321 tantum
1431 5260 1722 5320 fodiamus,
1756 5265 1814 5308 ut
1845 5253 2181 5322 superabun-

607 5377 740 5431 dent
777 5341 930 5438 aqua:
971 5361 1115 5433 putei
1159 5361 1213 5412 in
1254 5355 1450 5425 plateis
1499 5350 1721 5409 nostris,
1761 5354 1819 5399 ut
1864 5360 1976 5397 non
2006 5341 2178 5396 solum

684 5468 728 5500 "
757 5467 858 5519 lsa.
889 5475 1033 5523 ιιιν,
1059 5457 1149 5510 :2.
1229 5449 1514 5523 "_Co|oss.
1539 5444 1708 5523 Iuli.
1738 5512 1776 5523 ﬂ
1800 5441 1843 5523 ‘f
1872 5439 2007 5492 Dan.
2044 5453 2139 5491 vn.

612 5544 656 5573 ’⁵
1064 5505 1148 5579 il:
1195 5525 1241 5556 ²⁸
1266 5521 1426 5583 Osee,
1459 5530 1555 5581 xu,
1581 5514 1645 5568 l0
1738 5510 2001 5568 “Cenes.
2028 5522 2162 5569 xxii,
2187 5505 2273 5558 l2.

617 5627 689 5664 tr.
792 5606 837 5638 ”
868 5601 1047 5656 Galat.
1080 5611 1167 5659 Ill,
1194 5594 1280 5647 l6.

691 5702 803 5773 (90)
829 5701 922 5773 Sic
955 5710 1112 5756 mss.,
1147 5691 1301 5751 alias,
1332 5682 1569 5773 auaritiw
1598 5669 1994 5773 studeatllttfra
2030 5682 2185 5750 mss"

621 5741 709 5845 pe:
730 5741 1474 5845 iiiigiitii'e'iieiqyesianum
1521 5763 1716 5821 spectes
1740 5761 1756 5809 ;
1782 5742 1934 5809 editi,
1963 5755 2052 5808 per
2077 5741 2188 5793 siu-

624 5831 771 5916 gtttue
805 5831 1034 5910 quasque
1060 5831 1314 5887 malitias.

2252 5434 2294 5466 ¹⁹
2327 5432 2455 5483 Luc.
2492 5436 2601 5481 xw,
2628 5417 2681 5468 7.
2756 5412 2800 5441 ’θ
2826 5406 3019 5483 ligor.
3050 5418 3131 5464 Ill,
3157 5398 3214 5459 Ξ,
3241 5396 3295 5448 '5.

2217 572 2531 631 doceamus,
2558 580 2614 622 et
2638 567 2774 621 alios
2814 567 3169 624 instruamus,
3204 566 3262 612 ut
3293 554 3484 612 bibant
3507 551 3782 616 homines,

2216 662 2405 715 bibant
2442 670 2496 712 et
2533 672 2748 727 pecora.
2780 656 3016 708 Audiant
3044 651 3368 722 prudentes,
3411 645 3638 699 audiant
3662 644 3787 696 siin-

2218 753 2386 823 plices
2419 751 2658 821 quique:
2692 746 3031 819 sapientibus
3076 751 3131 797 et
3162 736 3546 809 insipientibus
3572 735 3783 789 debitor

2217 822 2300 897 est
2331 842 2519 895 doctor
2558 838 2835 904 Ecclesiae,
2866 845 3059 904 potare
3104 829 3382 894 homines,
3407 835 3597 896 potare
3630 822 3790 877 debet

2219 945 2273 990 et
2307 947 2503 1004 pecora
2535 948 2547 980 :
2579 931 2702 999 quia
2747 936 2803 983 et
2849 926 3118 996 Propheta
3171 920 3307 975 dixit
3327 920 3373 950 ”
3401 936 3413 971 :
3442 916 3693 970 Homines
3739 923 3787 966 et

2211 1027 2452 1096 jumenta
2486 1022 2653 1076 salvos
2698 1020 2880 1089 facies,
2934 1016 3180 1079 Domine,
3209 1010 3552 1066 illuminante
3586 1020 3705 1069 nos,
3735 1012 3790 1057 ei

2222 1124 2492 1188 purgante
2544 1112 2706 1167 corda
2753 1118 2938 1164 nostra
2982 1108 3100 1176 ipso
3146 1102 3374 1158 Domino
3416 1098 3541 1154 Jesu
3571 1096 3792 1151 Christo

2222 1209 2509 1264 Salvatore
2550 1212 2761 1265 nostro,
2814 1198 2903 1254 cui
2950 1205 3030 1251 est
3078 1194 3250 1265 gloria
3297 1200 3353 1247 et
3402 1189 3686 1259 imperium
3736 1188 3790 1239 in

2222 1298 2419 1356 sucula
2446 1294 2790 1351 saeculorum.
2824 1292 3016 1344 Amen.

2778 1398 3059 1457 IlOMlLIA
3100 1394 3239 1451 XIV.

2225 1506 2299 1561 De
2324 1521 2385 1559 eo
2400 1501 2543 1572 quod
2572 1497 2816 1572 apparuit
2849 1494 3099 1572 Dominus
3122 1488 3279 1572 Isaac
3297 1486 3367 1537 ad
3388 1491 3601 1572 puteum
3628 1478 3793 1572 iur-a-

2273 1547 2541 1637 iuZiui,"
2816 1567 2951 1632 quod
2978 1558 3267 1626 composuit
3292 1547 3408 1607 cum
3442 1547 3760 1603 Abimeleclt.

2297 1667 2350 1720 ί.
2383 1637 2662 1728 Scriptum
2693 1664 2777 1710 est
2815 1653 2869 1707 in
2910 1650 3172 1721 propheta
3212 1660 3279 1699 ex
3323 1655 3553 1714 persona
3583 1637 3794 1692 Domini

2228 1754 2463 1813 dicentis
2480 1750 2526 1781 ⁸³
2551 1767 2565 1803 :
2594 1746 2658 1799 Et
2680 1746 2737 1799 in
2782 1742 3024 1797 manibus
3062 1735 3438 1808 prophetarum
3469 1730 3797 1784 assimilatas

2158 1827 2201 1882 Β
2230 1866 2369 1906 sum.
2420 1844 2523 1913 Qui
2577 1855 2757 1898 sermo
2795 1838 2923 1893 illud
2980 1835 3206 1897 indicat,
3238 1828 3382 1899 quod
3404 1842 3525 1880 cum
3557 1838 3694 1877 unus
3726 1822 3801 1876 sit

2233 1939 2495 1997 Dominus
2554 1940 2738 1987 noster
2787 1926 2947 1983 Jesus
2985 1924 3243 1980 Christus
3287 1934 3386 1990 per
3437 1914 3800 1973 substantiam

2233 2042 2410 2091 suam,
2439 2034 2492 2080 et
2518 2022 2649 2076 nihil
2682 2018 2828 2073 aliud
2866 2031 3028 2085 quam
3076 2010 3246 2066 Filius
3276 2008 3372 2063 Dei
3398 2007 3491 2071 sit,
3522 2004 3577 2059 in
3617 2001 3804 2072 ﬁguris

2237 2125 2414 2171 tamen
2451 2118 2503 2165 et
2530 2106 2722 2163 formis
2765 2104 3196 2174 Scripturarum,
3232 2096 3418 2151 varius
3450 2109 3513 2147 ac
3557 2092 3806 2145 diversus

2234 2207 2565 2267 ostenditur.
2598 2198 2759 2255 Verbi
2806 2193 3161 2269 gratia,sicut
3207 2191 3262 2245 in
3299 2186 3679 2257 superioribus
3709 2198 3807 2238 es-

2236 2299 2483 2373 posuisse
2539 2308 2639 2348 nos
2696 2288 2939 2350 memini,
2997 2283 3141 2355 quod
3197 2283 3312 2351 ipse
3362 2278 3554 2332 fuisset
3583 2276 3635 2329 in
3683 2284 3808 2343 typo

2238 2396 2413 2459 lsaac,
2442 2404 2566 2447 cum
2618 2382 2911 2441 oﬁ‘erretur
2962 2379 3029 2432 ad
3096 2376 3494 2434 holocaustum,
3531 2368 3698 2438 ipsius
3729 2376 3809 2417 ta-

2240 2501 2363 2543 men
2410 2492 2466 2540 et
2514 2481 2657 2537 aries
2693 2476 2923 2531 formam
2962 2477 3191 2524 teneret.
3238 2464 3351 2533 Ego
3408 2460 3642 2529 amplius
3681 2457 3806 2509 dico

2240 2578 2384 2651 quod
2415 2578 2469 2631 in
2496 2572 2688 2643 angelo
2710 2569 2801 2639 qni
2838 2565 3053 2619 locutus
3076 2566 3160 2614 est
3190 2559 3257 2612 ad
3282 2553 3580 2616 Abraham,
3598 2558 3652 2603 et
3679 2549 3815 2601 dicit

2241 2674 2290 2730 ei
2311 2673 2357 2706 ’λ
2384 2690 2395 2725 :
2422 2669 2503 2725 Ne
2520 2666 2729 2736 injicias
2752 2673 2966 2714 manum
2986 2665 3130 2708 tuam
3153 2653 3206 2705 in
3230 2662 3474 2719 puerum,
3495 2646 3609 2712 ipse
3631 2651 3816 2695 osten-

2243 2766 2415 2827 ditur,
2443 2759 2537 2831 qui
2571 2731 2765 2811 iterum
2790 2750 2922 2807 dicit
2959 2746 3025 2800 ad
3056 2759 3177 2800 eum
3209 2759 3223 2795 :
3257 2738 3543 2808 Propterea
3568 2733 3705 2804 quod
3738 2731 3815 2799 fe-

2244 2857 2364 2913 cisti
2392 2823 2602 2909 uerbum
2631 2848 2749 2913 hoc,
2779 2840 3081 2898 benedicens
3121 2832 3425 2888 benedicam
3454 2840 3521 2881 te.
3551 2825 3705 2891 Ovis,
3731 2839 3775 2875 vi
3800 2823 3815 2876 Ι

2245 2960 2417 3020 agnus
2460 2941 2554 3013 qui
2606 2934 2921 2993 immolatur
2976 2928 3029 2983 in
3071 2924 3301 2986 Pascha,
3336 2922 3451 2991 ipse
3505 2917 3724 2977 dicitur,
3762 2921 3819 2968 et

2246 3003 2431 3096 uirium
2466 3003 2653 3106 pastor
2692 3029 2808 3097 ipse
2843 3024 3124 3094 signatur;
3165 3024 3219 3071 et
3247 3009 3513 3083 pontifex,
3546 3008 3636 3077 qui
3662 3003 3820 3058 oll'ert

2380 3097 2619 3187 ilicium,
2669 3116 3024 3174 nihilominus
3080 3109 3195 3178 ipse
3243 3101 3591 3159 describitur.
3645 3097 3820 3164 Spon—

2251 3238 2343 3278 sus
2388 3229 2646 3287 tanquam
2695 3208 2932 3264 Verbum
2964 3201 3057 3257 Dei
3091 3202 3205 3269 ipse
3254 3192 3573 3266 appellatur,
3605 3198 3661 3243 et
3694 3196 3821 3241 tan-

2251 3330 2414 3387 quam
2442 3306 2711 3378 sapientia
2741 3304 2857 3373 ipse
2891 3311 3078 3353 rursus
3100 3304 3300 3361 sponsa
3334 3284 3645 3340 nominatur
3671 3298 3684 3333 :
3716 3278 3825 3332 sic-

3258 3379 3271 3387 ·
3343 3378 3356 3387 ·
3449 3374 3493 3387 --
3555 3367 3599 3387 κ’
3754 3384 3821 3387 η--

2258 3367 2405 3462 ile:
2431 3367 2689 3474 propheta
2730 3367 2862 3448 dicit
2892 3404 2957 3445 ex
2994 3396 3231 3457 persona
3258 3378 3427 3450 ipsius
3449 3374 3527 3427 ηε
3555 3367 3825 3438 Tanquam

2254 3467 2449 3569 sponse
2471 3467 2643 3563 posuit
2672 3485 2799 3541 mihi
2842 3484 3078 3542 mitram,
3115 3484 3367 3542 tanquam
3400 3480 3643 3537 sponsam
3676 3467 3826 3515 ador-

2258 3591 2399 3645 navit
2430 3603 2509 3640 me
2549 3587 2889 3639 ornamento;
2922 3583 2977 3628 et
3004 3567 3171 3626 multa
3211 3564 3341 3627 alia,
3364 3574 3484 3631 qum
3510 3572 3654 3612 nunc
3687 3555 3829 3608 inte.

2261 3684 2360 3737 rim
2400 3675 2651 3750 persequi
2682 3674 2901 3741 longum
2934 3675 3039 3721 est.
3075 3662 3229 3716 Sicut
3256 3672 3385 3726 ergo
3422 3654 3538 3724 ipse
3567 3648 3828 3704 Dominus

2260 3797 2356 3853 pro
2387 3781 2504 3833 loco
2532 3782 2585 3828 et
2619 3778 2884 3836 tempore,
2916 3758 3151 3812 formam
3203 3749 3285 3805 sui
3330 3743 3559 3814 singulis
3598 3739 3830 3810 quibus-

2261 3829 2351 3853 γ’*
2387 3829 2492 3833 ""
2733 3829 2747 3836 -

2261 3889 2365 3945 que
2387 3862 2767 3925 accommodat
2799 3852 3010 3914 causis;
3048 3849 3119 3901 ita
3153 3843 3319 3898 etiam
3350 3834 3547 3898 sancti,
3585 3831 3678 3901 qui
3711 3829 3831 3895 ejus

2927 3941 2936 3945 ‘
3016 3939 3026 3945 ·
3127 3944 3133 3945 ί
3182 3944 3185 3945 ν
3392 3926 3511 3945 ει.--
3557 3932 3599 3945 Δ.
3635 3918 3807 3945 Aan»:~

2264 3918 2445 4035 l'ypllm
2479 3954 2762 4029 gerebant,
2792 3960 2892 4015 pro
2927 3939 3062 3995 locis
3088 3944 3143 3990 et
3179 3926 3513 4001 temporibus
3552 3932 3607 3978 et
3631 3918 3834 3983 causis,

2265 4011 2646 4125 in;steri;rum
2686 4011 2892 4109 ligo—ras
2918 4030 3095 4101 egisse
3120 4019 3377 4079 credendi
3401 4024 3530 4072 sunt
3561 4033 3574 4069 :
3607 4011 3745 4067 sicut
3780 4016 3838 4061 et

2266 4160 2406 4201 nunc
2439 4139 2553 4195 ﬁeri
2582 4138 2635 4191 in
2672 4133 2828 4186 lsaac
2868 4125 3140 4184 videmus,
3170 4117 3236 4170 de
3277 4126 3386 4182 quo
3427 4107 3717 4163 recitatum
3752 4109 3840 4153 est

2266 4190 2827 4292 itobisxi—Asceudit,
2882 4214 3078 4284 inquit,
3124 4209 3245 4263 inde
3300 4203 3368 4256 ad
3411 4210 3620 4268 puteum
3680 4190 3841 4246 Jura-

2267 4329 2449 4393 menti,
2482 4334 2529 4379 et
2567 4317 2813 4391 apparuit
2863 4313 2908 4366 ei
2960 4307 3218 4361 Dominus
3246 4306 3393 4352 nocte
3437 4290 3557 4349 illa.
3594 4298 3641 4340 et
3663 4285 3796 4337 dixit
3822 4298 3842 4336 :

2559 4376 2696 4467 Deus
2720 4404 2985 4461 Abraham
3011 4396 3179 4467 patris
3210 4389 3315 4453 tui,
3356 4383 3465 4439 noli
3494 4382 3697 4435 timere.
3735 4376 3836 4428 Te-

2781 4504 2828 4549 et
2864 4487 3165 4544 benedicam
3194 4491 3265 4541 te,
3293 4484 3343 4531 et
3372 4469 3732 4541 multiplicabo
3761 4482 3840 4519 se-

2272 4620 2388 4662 men
2431 4613 2600 4663 tuum,
2660 4598 2869 4663 prapter
2898 4579 3165 4636 Abraham
3212 4581 3411 4641 patrem
3459 4575 3629 4618 tuum.
3680 4559 3850 4625 llnjns

2274 4674 2421 4755 lsaac
2464 4651 2600 4746 duas
2655 4651 2810 4740 nobis
2857 4677 3061 4745 ﬁguras
3100 4662 3352 4734 exposuit
3400 4656 3679 4728 apostolus
3710 4651 3854 4705 Pan-

2277 4792 2360 4845 lus
2380 4789 2420 4821 "
2454 4832 2465 4841 .
2499 4796 2658 4837 unam
2703 4788 2809 4843 qua
2846 4742 3000 4826 diuit,
3028 4759 3173 4831 quod
3210 4752 3399 4810 lsmael
3442 4749 3659 4819 quidem
3707 4742 3849 4796 (ilius

2277 4887 2443 4955 Agar,
2475 4872 2657 4949 populi
2694 4862 2994 4923 secundum
3026 4866 3281 4916 carnem,
3312 4847 3464 4901 lsaac
3499 4855 3628 4895 vero
3664 4832 3843 4906 populi

2792 4954 2799 4955 '
3172 4950 3183 4955 -
3258 4948 3296 4955 --
3333 4935 3487 4955 Δεῖ-φλ
3528 4944 3628 4955 η--η
3662 4923 3840 4955 nuna.

2285 4923 2322 4940 ..
2361 4923 2443 4943 ...,
2515 4923 2538 4929 .-
2589 4923 2656 4927 _,_

2285 4923 2377 5042 (ιιῖί
2402 4923 2609 5023 exrtide
2648 4966 2756 5020 est,
2777 4954 3009 5009 formam
3044 4950 3222 5005 tenet;
3250 4948 3301 4991 et
3329 4935 3492 4989 aliam
3524 4944 3633 4999 qua
3662 4928 3736 4979 ait
3755 4923 3802 4956 ⁸⁸
3831 4938 3846 4973 :

2738 5032 2741 5035 ’
2896 5041 2900 5042 ⁷
3177 5031 3186 5041 ·
3237 5028 3248 5039 ·
3379 5022 3499 5042 ..1.1-
3558 5018 3642 5042 --.Ι
3676 5012 3846 5042 --ι-ιζ.ιὲ

2292 5011 2417 5117 “Non
2447 5041 2583 5110 dixit
2618 5059 2665 5103 et
2699 5032 3003 5100 seminibus,
3035 5031 3186 5104 quasi
3231 5028 3287 5080 in
3319 5022 3524 5082 multis,
3556 5018 3642 5073 sed
3673 5011 3855 5067 semini

2288 5164 2377 5207 tuo
2399 5158 2643 5217 tauquam
2661 5140 2716 5192 in
2733 5150 2858 5197 uno,
2882 5129 2970 5199 qui
2988 5103 3061 5180 est
3090 5120 3351 5177 Christus.
3371 5113 3542 5167 Tenet
3561 5123 3690 5177 ergo
3709 5103 3859 5159 lsaac

2288 5241 2466 5314 populi
2492 5209 2806 5305 liguram,et
2835 5218 3062 5278 Christi.
3091 5212 3365 5268 Christum
3392 5215 3571 5258 autem
3602 5209 3860 5263 tanquam

2891 5312 2898 5314 ν
3021 5308 3030 5314 -
3101 5304 3138 5314 κ
3618 5291 3707 5314 η,
3737 5297 3783 5314 Α,
3810 5286 3860 5314 ,η

2293 5286 2524 5388 Velibum
2551 5324 2665 5384 Dei,
2694 5333 2798 5371 non
2825 5312 2999 5367 solum
3021 5308 3072 5361 in
3100 5299 3407 5369 Evangeliis
3428 5294 3597 5364 loqui,
3616 5291 3708 5344 sed
3736 5297 3788 5339 et
3810 5286 3863 5338 in

3409 5394 3451 5423 ²¹
3490 5393 3646 5441 t'rov.
3685 5399 3739 5447 v,
3779 5378 3864 5436 l5.

2355 5450 2662 5551 ἲιῖιιξξνιίέί,
2685 5484 2771 5536 10.
2843 5478 2888 5510 ⁸⁸
2911 5450 3287 5531 (ἶωιθδίιὶῖι,
3318 5464 3410 5528 2'5.
3444 5460 3536 5514 24·
3613 5455 3656 5486 ﬂ
3687 5450 3865 5507 δ³¹²¹ί⁹

2371 5655 2481 5729 (9i)
2532 5652 2700 5713 Alias,
2736 5655 2943 5699 nostras
2972 5655 3082 5693 esse
3130 5635 3331 5729 litteras
3377 5623 3615 5695 peccati;
3664 5621 3869 5673 litteras

2536 5725 2546 5729 ‘
2645 5723 2698 5729 "
2792 5715 2825 5729 "
3004 5709 3143 5729 η-ιῖ-
3250 5712 3262 5729 ι
3313 5712 3418 5729 ...ρο
3486 5705 3538 5729 ιιι
3593 5694 3643 5729 in
3685 5696 3869 5729 nostra

2298 5694 2480 5784 «uigil
2966 5709 3165 5763 scribit.
3200 5705 3267 5757 At
3313 5694 3441 5754 is.
3486 5705 3543 5749 ut
3592 5694 3645 5746 in
3685 5696 3871 5745 nostro

2304 5811 2469 5857 lBXlU.
