4132 6420
406 414 509 479 es:

1617 402 1681 456 IN
1719 398 2016 456 GENESIM
2060 396 2340 453 HOMILIA
2376 397 2516 452 XIV.

3591 402 3694 455 938

408 529 528 597 lege
549 535 757 586 certum
790 533 872 581 est
900 522 1272 595 etprophetis.
1300 522 1500 576 Verum
1531 519 1996 590 inlcgeiuCipien-
2031 521 2077 579 Α
2108 515 2403 583 creaverit,
2442 515 2712 571 scribunt.
2765 514 2820 569 lu
2863 514 2965 569 hoc
3014 518 3365 572 consentiunt
3418 517 3519 589 legi
3576 518 3691 574 Dei.

409 616 907 686 tes,quvaugcliis
941 614 1211 685 perfectos
1238 614 1416 668 docet.
1454 610 1515 665 Et
1555 611 1702 665 Isaac
1734 624 1862 680 ergo
1892 607 2002 663 for-

407 725 549 765 mam
578 726 718 764 nunc
738 708 926 770 Verbi,
942 706 1087 777 quod
1115 707 1168 759 in
1185 704 1304 775 lege
1323 703 1405 758 vel
1423 704 1700 774 prophetis
1712 712 1813 764 est,
1833 709 2001 756 tenet.

475 799 531 856 2.
561 800 812 854 Ascendit
877 798 1044 867 igitur
1067 795 1226 850 Isaac
1254 796 1323 847 ad
1349 805 1562 864 puteum
1592 791 1919 857 Juramenti,
1950 802 1997 846 et

408 891 648 963 apparuit
700 891 782 945 illi
827 889 1105 944 Dominus.
1162 886 1558 941 Ascensionem
1606 885 1740 955 legis
1777 893 1833 939 et
1873 895 2000 938 ante

402 982 512 1053 jam
564 984 800 1038 diximus
852 990 1109 1035 ornatum
1156 979 1341 1050 templi
1383 992 1527 1044 esse,
1560 987 1614 1032 et
1644 992 1835 1032 eorum
1878 990 1999 1045 qua:

407 1077 537 1131 inibi
564 1076 747 1131 divina
773 1074 1112 1146 gerebantur
1140 1074 1429 1141 obsequia.
1455 1070 1642 1127 Potest
1663 1080 1999 1138 etaugmen-

407 1177 518 1223 tum
554 1168 946 1237 prophetarum
988 1163 1123 1235 legis
1154 1167 1406 1221 ascensio
1438 1165 1708 1220 nominari
1739 1181 1752 1216 :
1784 1171 1838 1217 et
1871 1176 1998 1231 pro-

406 1270 595 1330 pterea
633 1259 777 1313 forte
814 1260 879 1312 ad
924 1267 1149 1329 puteum
1171 1255 1475 1312 Juramenti
1509 1256 1834 1311 ascendisse
1858 1255 1996 1308 dici-

404 1362 516 1416 tur,
570 1360 625 1404 et
670 1350 744 1404 ibi
800 1350 1117 1421 apparuisse
1150 1348 1198 1403 oi
1239 1350 1523 1404 Dominus.
1560 1347 1697 1401 Nam
1735 1362 1831 1417 per
1870 1361 1991 1415 pro-

410 1444 600 1513 phetas
637 1443 838 1513 juravit
880 1443 1143 1498 Dominus
1167 1443 1236 1507 '9,
1269 1454 1323 1497 et
1352 1458 1460 1497 non
1496 1441 1805 1511 paenitebit,
1845 1439 1992 1507 quod

405 1538 516 1606 ipse
558 1537 628 1591 sit
678 1537 935 1592 sacerdos
976 1538 1030 1591 in
1078 1545 1347 1591 aeternum
1382 1534 1684 1589 secundum
1738 1534 1992 1588 ordinem

403 1628 823 1684 Melchisedech.
851 1628 933 1682 Ad
969 1637 1194 1698 puteum
1221 1642 1352 1696 ergo
1380 1625 1711 1691 Juramenti,
1739 1626 1887 1681 visus
1910 1634 1994 1681 est

401 1719 447 1771 ei
480 1719 641 1783 Deus,
677 1718 857 1773 futura
893 1718 947 1771 in
980 1733 1048 1772 eo
1077 1718 1344 1788 promissa
1376 1718 1731 1772 conﬁrmans.
1770 1714 1837 1770 Et
1863 1717 1994 1770 cedi-

398 1809 577 1877 ﬁcavit
606 1811 676 1864 ibi
707 1811 880 1864 altare
916 1808 1096 1876 Isaac,
1127 1820 1177 1865 et
1210 1810 1473 1864 invocavit
1506 1826 1697 1864 nomen
1753 1809 1989 1874 Domini,

2104 608 2383 677 Aliquanti
2416 608 2581 663 etiam
2617 607 2718 662 hoc
2754 606 3104 672 addiderunt,
3134 610 3279 678 quod
3316 611 3459 665 Deus
3496 624 3693 667 cuncta

2105 716 2202 770 per
2227 698 2464 757 Verbum
2510 716 2670 756 suum
2718 710 2773 757 et
2813 700 3033 766 iecerit,
3066 712 3119 757 et
3164 712 3336 774 regat,
3369 713 3425 759 et
3458 698 3691 760 Verbum

2106 794 2198 850 Dei
2229 795 2323 862 sit,
2355 809 2464 865 quo
2506 803 2702 849 cuncta
2732 795 3107 871 moderentur.
3136 796 3194 851 ιιι
3232 799 3335 854 hoc
3370 813 3477 853 non
3516 799 3693 854 solum

2105 886 2231 957 legi,
2262 887 2356 942 sed
2383 887 2553 942 etiam
2583 887 2893 958 Evangeliis
2934 903 3174 944 consona
3201 890 3478 944 scribunt.
3502 889 3694 945 Mora--

2102 977 2171 1033 lis
2207 994 2338 1035 vero
2370 986 2425 1034 et
2467 980 2718 1051 physica,
2749 993 2871 1050 quae
2925 982 3125 1036 dicitur
3156 983 3524 1053 philosophia,
3553 999 3692 1054 pene

2101 1072 2285 1125 omnia
2316 1087 2438 1141 quae
2472 1082 2660 1128 nostra
2700 1084 2828 1129 sunt
2878 1075 3139 1132 sentiunt.
3187 1075 3465 1132 Dissident
3501 1092 3632 1132 vero
3663 1093 3691 1130 a

2104 1161 2282 1229 nobis,
2320 1179 2444 1217 cum
2478 1165 2588 1219 Deo
2629 1165 2820 1221 dicunt
2848 1182 2971 1222 esse
3011 1168 3298 1223 materiam
3330 1178 3686 1227 comternam.

2100 1252 2397 1321 Laidem,
2430 1271 2555 1311 cum
2586 1268 2786 1328 negant
2814 1259 2982 1314 Deum
3038 1276 3233 1315 curare
3284 1260 3560 1327 mortalia,
3594 1265 3691 1318 sed

2101 1347 2498 1415 providentiam
2545 1350 2666 1420 ejus
2703 1368 2867 1424 supra
2900 1354 3110 1409 lunaris
3140 1355 3284 1426 globi
3321 1357 3494 1423 spatia
3536 1359 3692 1413 cohi-

2099 1439 2236 1494 beri.
2275 1440 2550 1497 Dissident
2600 1460 2628 1497 a
2688 1444 2867 1510 nobis,
2899 1461 3022 1500 cum
3069 1447 3209 1501 vitas
3251 1450 3589 1504 nascentium
3618 1465 3688 1505 ex

2098 1531 2384 1586 Stellarum
2411 1534 2665 1591 cursibus
2706 1537 2972 1606 pendunt.
3001 1539 3304 1606 Dissident,
3333 1559 3457 1597 cum
3483 1544 3688 1612 sempi~

2099 1630 2311 1676 ternum
2351 1625 2544 1679 dicunt
2587 1626 2734 1681 hunc
2768 1630 3056 1698 mundum,
3096 1642 3152 1686 et
3197 1634 3343 1688 nullo
3387 1635 3491 1689 ﬁne
3537 1637 3691 1691 clau-

2097 1713 2358 1769 dendum.
2397 1714 2504 1770 Sed
2533 1725 2586 1771 el
2625 1719 2728 1772 alia
2776 1718 3013 1789 plurima
3071 1733 3219 1788 sunt,
3264 1726 3315 1778 in
3345 1728 3545 1794 quibus
3599 1746 3693 1782 no-

2097 1805 2306 1859 biscum
2335 1805 2421 1861 vel
2451 1806 2745 1873 dissident,
2775 1809 2860 1865 vel
2896 1812 3263 1867 concordant.
3298 1815 3362 1868 Et
3408 1817 3528 1870 ideo
3567 1820 3692 1871 Alti‘

398 1919 444 1960 et
471 1907 586 1976 ﬁxit
611 1907 682 1959 ibi
714 1905 1116 1961 tabernaculum
1172 1922 1350 1959 suum.
1386 1903 1662 1960 Foderunt
1707 1915 1883 1959 autem
1916 1907 1986 1959 ibi

2099 1895 2335 1962 melech,
2368 1898 2669 1951 secundum
2699 1898 2841 1954 hanc
2871 1899 3123 1970 ﬁguram,
3151 1901 3444 1972 aliquando
3476 1907 3527 1959 iu
3558 1923 3691 1976 put'c

398 2001 546 2069 pueri
578 2001 735 2054 Isaac
759 2012 974 2070 puteum
1004 1999 1072 2055 ³θ.
1100 1997 1361 2054 Ᾱῐιιιίιιεειι
1394 1999 1613 2069 quidem
1649 2000 1800 2054 Isaac
1820 2000 1986 2055 etiam

400 2091 574 2146 altare
600 2093 653 2145 in
680 2093 822 2162 lege,
843 2100 899 2145 et
928 2092 1041 2163 ligit
1072 2091 1488 2147 tabernaculum
1512 2106 1693 2147 suum.
1719 2092 1775 2147 In
1810 2092 1989 2147 Evan-

400 2185 556 2253 geliis
601 2200 753 2249 vero,
808 2202 914 2251 non
967 2185 1385 2240 tabernaculum
1429 2184 1567 2254 ﬁgit,
1623 2186 1719 2241 sed
1764 2185 1987 2242 domum

398 2278 673 2341 aediﬁcat,
741 2288 796 2332 et
851 2277 1260 2333 fundamentum
1310 2277 1567 2333 collocat.
1624 2275 1764 2333 Audi
1840 2278 1987 2333 enim

397 2371 670 2425 dicentem
711 2368 1048 2441 Sapientiam
1105 2370 1173 2425 de
1229 2369 1858 2440 Ecclesia:Sapientia,
1901 2371 1988 2427 in-

396 2462 921 2531 quit“,-tediﬁcavit
969 2464 1072 2517 sibi
1104 2464 1341 2527 domum,
1366 2474 1414 2517 et
1469 2466 1741 2533 supposuit
1793 2474 1987 2531 septem

393 2553 690 2608 columnas.
727 2554 863 2609 Audi
894 2555 961 2611 de
984 2555 1090 2611 hoc
1128 2556 1296 2611 etiam
1334 2555 1566 2611 Paulum
1604 2558 1875 2613 dicentem
1898 2560 1943 2592 "
1972 2576 1986 2615 :

398 2642 827 2700 Fundamentum
854 2647 999 2699 enim
1054 2663 1206 2702 nemo
1249 2656 1423 2716 potest
1457 2666 1669 2718 ponere,
1708 2661 1903 2720 prteter
1933 2652 1989 2704 id

394 2739 535 2809 quod
575 2741 801 2808 positum
834 2748 934 2805 est,
967 2739 1109 2807 quod
1140 2749 1217 2793 est
1248 2738 1408 2797 Jesus
1429 2742 1690 2797 Christus.
1718 2743 1814 2799 Ubi
1858 2758 1989 2815 ergo

399 2830 813 2886 tabernaculum
860 2841 969 2897 est,
1004 2833 1220 2889 etiamsi
1274 2834 1497 2905 ﬁgatur,
1547 2836 1667 2890 sine
1703 2836 1867 2892 dubio
1904 2855 1987 2895 re-

395 2923 719 2977 solvendum
746 2933 830 2980 est
866 2938 880 2974 :
914 2923 1005 2977 ubi
1026 2939 1156 2979 vero
1172 2922 1524 2980 fundamenta
1564 2935 1712 2992 sunt,
1746 2939 1802 2983 et
1826 2945 1987 3000 supra

395 3017 609 3074 petram
651 3007 960 3061 aediﬁcatur
987 3007 1203 3071 domus,
1234 3023 1513 3077 nunquam
1557 3011 1850 3066 resolvitur
1889 3014 1988 3067 do-

397 3114 519 3153 mus
549 3098 665 3153 illa.
698 3097 954 3151 Fundata
977 3099 1124 3152 enim
1154 3109 1240 3153 est
1265 3115 1424 3168 supra
1455 3108 1689 3170 petram.
1724 3101 1883 3157 Fodit
1908 3113 1992 3158 ta-

398 3204 520 3243 men
558 3199 613 3243 et
666 3189 740 3243 ibi
790 3198 1013 3258 puteum
1044 3187 1222 3253 Isaac,
1259 3206 1361 3245 nec
1405 3207 1649 3262 unquam
1686 3204 1864 3249 cessat
1894 3212 1990 3265 pu-

398 3288 517 3333 teos
551 3278 836 3343 fodiendo,
866 3280 1040 3334 donec
1075 3279 1287 3334 oriatur
1320 3280 1434 3353 (θὲ)
1466 3281 1588 3338 fons
1621 3300 1779 3355 aqua:
1824 3286 1984 3354 vivae,

395 3380 451 3425 et
476 3369 718 3425 ﬂuminis
758 3372 989 3441 impetus
1017 3371 1256 3427 lartiticet
1282 3372 1563 3428 civitatem
1603 3373 1697 3430 Dei
1714 3374 1780 3430 ³³.

466 3462 521 3517 3.
565 3460 671 3517 Sed
711 3471 761 3518 et
791 3462 1133 3529 Abimelech,
1176 3463 1269 3518 ille
1318 3464 1410 3533 qui
1448 3466 1650 3520 dudum
1685 3467 1988 3524 honorare-

395 3560 484 3607 rat
532 3552 836 3618 Abraham,
874 3540 1024 3607 venit
1065 3569 1211 3608 nunc
1243 3571 1369 3610 cum
1403 3556 1594 3610 amicis
1623 3556 1737 3628 98
1771 3560 1884 3615 suis
1920 3561 1987 3616 de

392 3642 620 3702 Geraris
649 3646 716 3699 ad
759 3645 910 3700 Isaac
929 3643 976 3675 “
1000 3662 1013 3699 :
1040 3644 1111 3698 Et
1161 3647 1289 3726 dicit
1338 3645 1445 3701 illis
1493 3646 1654 3702 Isaac
1677 3665 1696 3702 .·
1726 3649 1867 3716 Quid
1895 3668 1980 3707 ve-

393 3737 547 3792 nistis
579 3737 651 3790 ad
682 3739 806 3793 me?
858 3735 964 3791 Vos
998 3739 1138 3792 enim
1163 3740 1349 3794 odistis
1378 3756 1480 3806 me,
1511 3751 1564 3795 et
1588 3741 1817 3811 ejecistis
1841 3760 1921 3799 me
1949 3761 1981 3797 ιι

394 3830 560 3884 uobis.
598 3830 679 3884 Ad
712 3831 825 3884 lateo
872 3831 954 3883 illi
1000 3834 1360 3899 respondent:
1400 3829 1671 3898 Videntes,
1706 3834 1978 3904 inquiunt,

392 3924 617 3977 vidimus
639 3924 765 3993 quia
799 3934 874 3977 est
916 3922 1179 3978 Dominus
1225 3935 1419 3991 tecum,
1457 3938 1505 3979 et
1550 3927 1826 3985 diximus:
1858 3926 1980 3983 Fiat

393 4013 694 4083 conjuratio
719 4014 853 4067 inter
877 4031 971 4068 nos
998 4024 1045 4068 et
1072 4026 1142 4079 te,
1167 4026 1213 4069 et
1258 4018 1648 4071 constituamus
1689 4027 1857 4072 tecum
1886 4037 1982 4088 pa-

393 4115 557 4170 ctum,
587 4120 649 4159 ne
693 4104 862 4173 facias
908 4105 1177 4159 nobiscum
1208 4107 1433 4173 malum,
1464 4117 1571 4163 etc.
1625 4106 1733 4163 Iste
1761 4108 1981 4163 Abime—

393 4196 539 4264 lech,
571 4207 629 4252 ut
661 4198 847 4263 video,
881 4212 988 4251 non
1011 4212 1229 4268 semper
1248 4213 1435 4268 pacem
1469 4200 1632 4255 habet
1656 4217 1781 4256 cum
1808 4202 1981 4267 Isaac,

393 4293 490 4346 sed
528 4289 829 4361 aliquando
860 4288 1113 4352 dissidet,
1144 4290 1441 4360 aliquando
1499 4306 1690 4361 pacem
1728 4295 1979 4363 requirit.

396 4381 455 4439 Si
495 4382 826 4439 meministis
854 4383 1125 4452 quomodo
1156 4382 1211 4437 in
1244 4383 1625 4454 superioribus
1654 4384 1890 4439 diximus
1916 4387 1983 4441 de

394 4475 738 4540 Abimelech,
769 4476 913 4546 quod
954 4490 1245 4544 personam
1281 4484 1468 4531 teneat
1498 4476 1877 4533 studiosorum
1924 4488 1981 4532 ct

2092 1998 2216 2041 esse
2241 2000 2364 2040 cum
2396 1985 2875 2057 lsaac,aliquando
2898 1990 3162 2046 dissidere
3197 1993 3547 2050 describitur.
3581 1999 3691 2052 Sed

2091 2089 2146 2134 et
2177 2079 2280 2134 hoc
2331 2096 2436 2134 non
2486 2088 2620 2151 puto
2658 2080 2803 2151 quod
2840 2082 3018 2139 otiose
3048 2083 3277 2156 Spiritui
3327 2100 3547 2154 sancto,
3594 2102 3686 2162 qui

2093 2173 2211 2228 haec
2247 2173 2461 2240 scribit,
2489 2190 2635 2229 cura:
2674 2173 2840 2230 fuerit
2869 2179 3362 2247 comprehendere,
3401 2186 3546 2252 quod
3582 2188 3689 2241 duo

2091 2264 2181 2321 alii
2217 2281 2343 2321 cum
2384 2266 2704 2322 Abimelech
2734 2268 3014 2335 venerint,
3042 2271 3095 2326 id
3142 2282 3228 2327 est
3282 2274 3563 2331 Ochozath
3603 2295 3693 2349 gr.-

2092 2373 2190 2413 ner
2218 2359 2358 2429 ejus,
2390 2369 2443 2414 et
2481 2358 2667 2415 Phicol
2708 2360 2815 2415 dux
2849 2365 3128 2420 exercitus
3179 2365 3313 2434 ejus.
3357 2369 3689 2439 Interpreta-

2094 2461 2182 2506 tur
2214 2464 2395 2506 autem
2427 2451 2712 2510 Ochozath
2746 2455 2881 2530 (93),
2909 2468 3112 2525 tenens,
3150 2472 3204 2515 et
3235 2460 3421 2517 Phicol
3464 2481 3521 2518 os
3570 2483 3654 2519 om
3674 2498 3689 2509 ι

2093 2545 2265 2601 nium.
2323 2545 2441 2615 Ipse
2494 2557 2678 2602 autem
2713 2547 3051 2612 Abimelech,
3075 2564 3229 2621 pater
3254 2571 3399 2609 meus
3434 2573 3549 2610 rex.
3582 2557 3685 2622 Qui

2049 2679 2053 2682 .
2094 2644 2231 2703 tres,
2275 2646 2335 2691 ut
2373 2651 2475 2706 ego
2516 2639 2775 2705 arbitror,
2804 2639 3094 2712 imaginem
3137 2644 3302 2700 to:ius
3331 2648 3687 2719 philosophiae

2096 2737 2301 2791 tenent,
2341 2746 2463 2800 qua:
2485 2732 2627 2802 apud
2655 2748 2752 2790 eos
2787 2734 2840 2789 in
2867 2745 2976 2791 tres
3013 2746 3197 2806 partes
3233 2739 3519 2809 dividitur,
3554 2745 3688 2814 logi-

2093 2835 2235 2887 cam,
2262 2822 2572 2894 physicam,
2598 2825 2857 2891 ethicam,
2893 2826 2945 2880 id
2998 2837 3084 2883 est
3137 2832 3477 2898 rationalem,
3518 2845 3683 2888 uatu-

2095 2913 2291 2979 ralem,
2314 2916 2602 2973 moralem.
2631 2917 2936 2974 Rationalis
2956 2929 3045 2974 est
3079 2921 3195 2987 illa,
3225 2939 3347 2992 quae
3387 2926 3556 2981 Deum
3589 2943 3686 2997 pa-

2096 3013 2233 3059 trem
2276 3009 2521 3062 omnimn
2561 3008 2879 3075 conﬁtetur,
2926 3023 2985 3067 ut
3014 3023 3101 3067 est
3134 3014 3474 3071 Abimelech.
3516 3018 3685 3073 Natu-

2095 3095 2229 3150 ralis
2255 3096 2343 3151 illa
2368 3106 2474 3163 est,
2497 3115 2619 3167 qua:
2652 3100 2758 3155 ﬁxa
2782 3111 2890 3168 est,
2918 3112 2972 3158 et
2998 3114 3148 3159 tenet
3171 3105 3376 3175 omnia,
3421 3109 3567 3164 velut
3589 3128 3683 3165 na-

2099 3196 2236 3243 tura:
2278 3189 2450 3258 ipsius
2501 3192 2709 3249 viribus
2740 3194 2948 3262 nitens,
2983 3212 3147 3266 quam
3177 3198 3466 3267 proﬁtetur
3500 3203 3685 3260 Ocho-

2095 3282 2248 3347 zath,
2281 3284 2375 3352 qui
2423 3284 2624 3340 dicitur
2680 3294 2885 3342 tenens.
2943 3288 3160 3347 Moralis
3199 3304 3302 3360 est,
3352 3299 3551 3365 quatiu
3585 3314 3682 3353 oru

2094 3381 2176 3428 est
2211 3375 2481 3441 omnium,
2520 3386 2575 3432 et
2606 3378 2674 3433 ad
2716 3395 2909 3437 omnes
2937 3384 3195 3453 pertinet,
3225 3394 3282 3441 et
3307 3403 3405 3456 pro
3436 3405 3682 3447 commu-

2092 3465 2144 3518 ui
2170 3465 2526 3523 similitudine
2550 3477 3044 3543 praeceptorumﬁn
3068 3480 3309 3533 omnium
3350 3499 3445 3538 ore
3483 3500 3673 3542 versa-

2090 3564 2200 3622 tur,
2233 3573 2398 3628 quam
2439 3561 2695 3631 designat
2741 3565 2842 3621 iste
2895 3566 3107 3634 Phicol,
3163 3571 3256 3640 qui
3315 3588 3373 3626 os
3443 3578 3679 3631 omnium

2092 3648 2506 3720 interpretatur.
2555 3654 2617 3708 lli
2648 3671 2780 3727 ergo
2822 3672 3014 3715 omnes
3045 3660 3099 3716 in
3145 3662 3516 3733 hujuscemodi
3550 3685 3676 3723 ειη-

2089 3740 2384 3800 ditionibus
2424 3746 2680 3813 instituti,
2716 3751 2939 3805 veniunt
2983 3756 3050 3808 ad
3099 3754 3272 3825 legem
3315 3757 3430 3825 Dei,
3490 3768 3555 3828 get
3594 3764 3678 3813 di-

2088 3849 2271 3893 cunt:
2319 3837 2564 3896 Videntes
2613 3844 2840 3899 vidimus
2881 3849 3008 3917 quia
3059 3860 3133 3903 est
3184 3849 3444 3906 Dominus
3478 3864 3674 3921 tecum,

2086 3942 2136 3985 et
2171 3934 2600 3991 diximus:Fiat
2652 3941 2955 4009 conjuratio
3010 3943 3149 3997 inter
3199 3962 3293 3999 nos
3342 3957 3389 3999 et
3441 3948 3578 4003 inter
3601 3959 3676 4014 le,

2086 4034 2133 4076 et
2183 4027 2569 4082 constituamus
2617 4041 2789 4084 tecum
2834 4045 3074 4102 pactum,
3107 4052 3170 4088 ne
3198 4038 3370 4105 facias
3400 4041 3673 4095 nobiscum

2088 4116 2252 4180 mala,
2276 4117 2367 4171 sed
2389 4121 2833 4189 quemadmodum
2859 4140 2951 4176 nos
2985 4137 3033 4178 te
3062 4142 3163 4180 non
3194 4145 3376 4184 sumus
3397 4137 3678 4196 exsecrati,

2088 4206 2163 4259 ita
2204 4217 2251 4260 et
2308 4218 2363 4261 tu
2400 4209 2699 4265 benedictus
2746 4212 2991 4267 Domino.
3029 4213 3263 4272 Possunt
3311 4222 3529 4287 quidem
3591 4224 3683 4279 isti

2090 4304 2228 4362 tres,
2260 4300 2352 4367 qui
2401 4314 2592 4369 pacem
2631 4302 2925 4370 requirunt
2951 4321 2979 4359 a
3014 4304 3191 4360 Verbo
3235 4309 3352 4373 Dei,
3378 4318 3431 4362 et
3467 4328 3680 4381 praeve-

2090 4389 2211 4444 nire
2240 4391 2466 4461 cupiunt
2499 4404 2659 4462 pacto
2698 4395 3019 4450 societatem
3065 4397 3208 4468 ejus,
3239 4401 3468 4467 ﬁgurant
3496 4415 3683 4461 tenere

2094 4498 2403 4555 magorum,
2437 4486 2528 4555 qui
2563 4502 2631 4542 ex
2660 4488 2901 4544 Orientis
2943 4494 3188 4561 partibus
3220 4497 3444 4550 veniunt
3478 4499 3678 4554 eruditi

393 4567 721 4637 sapientium
786 4564 993 4631 saeculi,
1023 4569 1115 4636 qui
1177 4581 1276 4636 per
1334 4567 1702 4622 eruditionem
1738 4568 1981 4638 philoso-
2015 4592 2059 4647 υ
2090 4577 2336 4644 paternis
2393 4578 2573 4643 libris.
2606 4593 2662 4636 et
2697 4582 3132 4642 institutionibus
3182 4588 3472 4657 majorum,
3514 4605 3569 4647 et
3594 4595 3680 4647 (li--

394 4659 536 4733 phiae
590 4659 760 4715 multa
803 4661 969 4716 etiam
1009 4673 1077 4715 ex
1109 4660 1343 4715 veritate
1395 4659 1973 4729 comprehenderunt;

393 4752 699 4822 intelligere
737 4753 966 4822 potestis
1014 4753 1288 4822 quomodo
1344 4751 1437 4806 hic
1493 4766 1616 4807 cum
1676 4752 1851 4817 isaac,
1882 4755 1975 4823 qui

393 4843 557 4899 Verbi
596 4845 711 4909 Dei,
753 4844 897 4913 quod
935 4845 987 4899 in
1030 4844 1147 4915 lege
1184 4852 1287 4908 est,
1317 4851 1467 4898 tenet
1515 4843 1771 4914 ﬁguram,
1804 4860 1980 4915 neque

392 4935 448 4987 in
471 4934 811 4989 dissensione
842 4948 1060 5004 semper
1088 4941 1269 5003 potest
1302 4948 1445 4999 esse,
1477 4948 1656 5003 neque
1683 4949 1899 5005 semper
1924 4935 1978 4990 in

392 5039 545 5097 pace.
585 5025 936 5096 Philosophia
964 5025 1113 5081 enim
1163 5040 1341 5096 neque
1366 5026 1418 5080 in
1448 5026 1708 5082 omnibus
1736 5027 1843 5097 legi
1881 5029 1977 5085 Dei

391 5121 670 5177 contraria
717 5132 819 5187 est,
869 5136 1048 5191 neque
1090 5120 1145 5175 in
1190 5121 1449 5176 omnibus
1505 5136 1769 5176 consona.
1820 5121 1978 5178 Multi

389 5211 533 5266 cnim
564 5212 1013 5282 philosophorum
1048 5226 1217 5266 unum
1261 5224 1384 5266 esse
1429 5210 1628 5277 Deum,
1655 5214 1751 5281 qui
1777 5224 1976 5270 cuncta

465 5327 509 5359 ”
528 5326 669 5380 Psal.
700 5340 789 5388 cx,
819 5325 874 5380 4.
954 5326 998 5356 ³⁰
1028 5324 1225 5379 Geues.
1255 5339 1405 5387 sxw,
1430 5322 1524 5381 25.

386 5396 481 5463 ‘37,
512 5396 716 5461 28,29.
794 5394 838 5426 ³⁸
862 5394 1053 5449 Matth.
1084 5396 1222 5460 ",2.

465 5512 577 5580 (92)
615 5510 769 5571 Mss,
800 5510 1037 5572 oriatur;
1067 5509 1220 5573 editi,
1255 5508 1516 5577 fodiatur.
1542 5505 1691 5580 Infra
1720 5523 1880 5580 mss.,
1906 5509 1984 5564 ei-

392 5578 593 5643 dentes,
637 5581 913 5652 inquiunt,
965 5581 1227 5652 vidimus;
1272 5580 1415 5652 editi
1448 5594 1547 5648 pro
1582 5578 1855 5652 inquiunt,
1887 5580 1985 5633 ha-

392 5655 525 5708 bent
549 5648 738 5721 inquit,
769 5659 824 5705 et
852 5666 951 5720 pro
983 5651 1252 5703 uobiscum
1307 5648 1533 5715 malum,
1561 5650 1827 5704 exhibent
1882 5666 1984 5702 no-

387 5724 590 5778 biscum
615 5723 773 5775 mala.

467 5793 581 5860 (93)
642 5792 919 5847 Ochozath
972 5793 1363 5861 interpretatur
1422 5800 1620 5855 tenens,
1677 5790 1761 5844 vel
1801 5790 1980 5858 potius

392 5864 666 5934 possessio.
706 5863 881 5919 Radix
916 5861 1186 5919 Hebraica
1217 5870 1299 5916 cst
1330 5870 1437 5922 πικ
1468 5863 1623 5930 cepit,
1672 5862 1978 5930 prehendit,

1607 5323 1647 5355 ³³
1676 5322 1835 5380 Prov.
1872 5342 1951 5389 ιιι,
1993 5330 2043 5385 ε.

2101 4670 2505 4739 cuut":Quia
2560 4676 2813 4733 videntes
2864 4681 3099 4736 vidimus
3145 4692 3332 4737 uatum
3376 4699 3579 4757 regem,
3631 4700 3685 4741 t-t

2087 4762 2326 4819 vidimus
2359 4768 2484 4835 quia
2514 4768 2657 4825 Deus
2678 4780 2763 4827 est
2786 4786 2909 4827 eum
2934 4774 3072 4843 ipso,
3096 4785 3153 4830 et
3171 4778 3419 4833 venimus
3446 4780 3686 4835 adorate

2090 4864 2237 4906 eum.
2278 4853 2387 4910 Sed
2419 4867 2476 4911 et
2497 4859 2540 4913 si
2566 4861 2691 4929 quis
2723 4861 2814 4916 ille
2843 4872 2928 4917 est
2964 4864 3055 4933 qui
3091 4865 3464 4933 hujuscemodi
3494 4874 3685 4923 erudi-

2095 4941 2334 5000 tionibus
2359 4948 2658 5017 iustitutus,
2686 4953 2876 5008 videns
2898 4954 3027 5022 quia
3052 4956 3193 5011 Deus
3215 4957 3397 5012 eratin
3430 4957 3674 5025 Christo,

2090 5038 2350 5092 mundum
2372 5043 2730 5100 reconcilians
2755 5045 2878 5109 sibi,
2904 5056 2959 5102 et
2995 5048 3299 5104 admiratus
3314 5065 3539 5120 cpernm
3558 5053 3675 5118 ejus

2090 5129 2455 5198 maiestatem,
2475 5135 2625 5191 dicat
2654 5159 2665 5192 :
2709 5136 2951 5193 Videntes
2983 5141 3211 5196 vidimus
3235 5144 3362 5213 quia
3392 5153 3467 5196 est
3493 5144 3677 5198 Domi—

2089 5238 2190 5277 nus
2230 5232 2424 5288 tecum,
2466 5237 2513 5282 et
2551 5230 2831 5285 diximus:
2860 5230 2989 5287 Fiat
3035 5234 3339 5305 conjuratio
3388 5236 3527 5288 inter
3556 5252 3674 5290 nos.

2122 5332 2167 5365 ³³
2195 5334 2211 5389 Ι
2241 5335 2368 5392 Cor.
2396 5355 2478 5402 ιιι,
2506 5342 2593 5396 Η.
2671 5342 2716 5373 ³³
2744 5344 2892 5399 Psal.
2924 5361 3049 5413 xcv,
3086 5347 3140 5401 3.
3218 5346 3263 5378 "
3287 5345 3484 5401 Geues.
3514 5363 3671 5414 xxw,

2098 5522 2292 5596 tenuit,
2315 5536 2475 5596 aqua
2511 5524 2569 5579 ﬁt
2596 5535 2743 5588 nim:
2779 5530 3063 5596 possessio.
3090 5526 3307 5582 Coustr.
3331 5538 3496 5590 n’l'lN-
3543 5529 3674 5584 ΡΙιὶ-

2098 5590 2179 5642 col
2225 5590 2457 5647 vertitur
2486 5614 2543 5650 os
2576 5590 2846 5662 omnium;
2871 5609 2953 5658 ΠΒ
2984 5600 3128 5653 enim
3167 5609 3543 5657 constructum
3588 5616 3675 5657 est

2103 5686 2165 5741 ’9
2200 5700 2277 5748 us,
2318 5687 2446 5750 oris,
2497 5689 2582 5742 cui
2620 5688 2667 5743 si
2701 5690 2867 5743 addas
2912 5686 2976 5748 ‘7:
3023 5692 3211 5753 omnis,
3263 5709 3441 5757 omne,
3471 5712 3674 5761 omnes,

2091 5775 2289 5837 omnia,
2324 5774 2545 5831 habebis
2568 5761 2696 5837 θῦνε
2728 5776 2910 5833 Phicol
2948 5796 3006 5833 os
3029 5780 3284 5834 omnium.
