4132 6446
437 386 542 442 239

1919 370 2242 428 ORICLNIS

3608 366 3715 418 240

440 510 721 566 Accedens
751 507 861 580 (94)
885 507 1027 561 enim
1047 504 1114 559 ad
1141 504 1308 574 legem
1335 502 1428 557 Dei
1458 501 1773 555 necessario
1800 498 2024 554 dicit“:
2056 508 2103 559 Α
2133 494 2328 550 fuscati
2364 514 2377 546 :
2409 494 2501 548 sed
2536 493 2587 545 in
2642 488 2988 557 simpliriialc
3014 496 3062 540 et
3104 486 3342 556 puritate
3370 485 3558 541 cordis
3599 501 3717 537 am-

435 601 630 656 Juravi
651 610 698 654 et
732 599 893 653 statui
923 607 976 649 ut
1002 593 1299 649 custodiam
1330 591 1587 644 mandata
1621 598 1736 643 tua.

508 693 562 745 4.
596 691 700 746 Sed
750 691 877 758 quid
933 684 1161 758 petunt?
1211 682 1293 736 Ne
1319 683 1490 751 facias
1538 682 1709 745 nobis,
1753 680 2021 748 inquiunt,

436 785 620 849 mala;
654 786 750 838 sed
790 784 927 836 sicut
953 799 1045 835 nos
1076 791 1127 835 te
1156 775 1412 834 exsecrati
1437 791 1541 828 non
1571 790 1773 838 sumus,
1798 774 1872 826 ita
1898 783 1943 825 et
1966 784 2022 824 tu

437 876 741 931 benedictus
785 874 1035 929 Domino.
1082 870 1478 927 Remissionem
1530 880 1876 937 peccatorum
1927 880 2023 933 per

439 974 553 1025 hau:
606 971 897 1039 deposcere
946 969 1077 1022 mihi
1126 967 1403 1028 videnlur,
1432 980 1500 1018 ne
1552 961 1820 1031 recipiam
1856 959 2020 1012 mala.

439 1063 883 1118 Beuedictionem
923 1061 1222 1131 postulant,
1255 1074 1360 1112 non
1395 1056 1825 1111 retributionem.
1862 1051 2022 1106 Deni-

439 1164 544 1219 que
580 1150 699 1202 vide
719 1149 847 1217 quid
881 1149 1147 1216 sequitur.
1182 1147 1249 1201 Et
1273 1148 1395 1216 fecit
1425 1145 1556 1210 illis,
1601 1144 1774 1213 inquit
1796 1144 1864 1208 ³⁷,
1892 1160 2022 1196 con-

440 1242 634 1295 vivium
666 1257 913 1309 magnum
962 1238 1132 1307 Isaac,
1168 1250 1215 1294 et
1270 1240 1749 1301 manducaverunt,
1787 1248 1833 1291 et
1878 1237 2023 1291 bibe-

442 1342 585 1385 runt.
624 1332 843 1386 Certum
870 1342 947 1387 cst
969 1332 1139 1395 enim,
1173 1332 1298 1399 quia
1331 1334 1423 1399 qui
1466 1332 1745 1385 ministrat
1774 1331 2021 1391 verbum,

443 1425 780 1492 sapientibus
833 1434 887 1477 et
928 1424 1310 1492 insipientibus
1342 1424 1555 1477 debitor
1584 1431 1684 1477 est.
1726 1422 1861 1488 Quia
1895 1437 2024 1489 ergo

445 1517 753 1573 convivium
820 1517 1156 1580 sapientibus
1219 1517 1475 1583 exhibet,
1537 1517 1743 1571 idcirco
1801 1515 2017 1579 dicitur,

444 1608 571 1679 qttia
620 1624 724 1662 non
791 1623 1058 1677 parvum,
1122 1607 1214 1661 sed
1276 1622 1528 1676 maguum
1579 1606 1890 1660 convivium
1948 1606 2024 1659 fe-

445 1702 538 1754 cit.
568 1700 632 1753 Et
667 1711 744 1762 tu,
785 1698 828 1751 si
873 1713 979 1752 non
1023 1698 1102 1753 sis
1150 1697 1329 1751 adhuc
1375 1697 1630 1767 parvolus
1652 1707 1706 1752 et
1736 1697 1879 1753 lacte
1916 1713 2021 1752 non

445 1790 707 1859 indigeas,
742 1789 834 1843 sed
881 1788 1210 1843 exercitatos
1246 1787 1459 1842 deferas
1489 1804 1707 1852 sensus.
1736 1799 1792 1843 et
1834 1788 2023 1844 crudi-

445 1882 590 1934 tione
644 1880 873 1949 plurima
928 1879 1237 1949 praemissa,
1277 1878 1345 1933 ad
1402 1878 1820 1950 intelligentiam
1868 1877 2021 1933 verbi

444 1973 535 2026 Dei
586 1972 836 2041 capacior
884 1972 1090 2037 venias,
1142 1969 1200 2024 ﬁt
1232 1970 1397 2023 etiam
1437 1972 1531 2026 tibi
1565 1972 1877 2027 convivium
1908 1987 2025 2026 ma-

440 2064 763 2135 gnum.Non
800 2065 894 2119 tibi
930 2065 1077 2119 olera
1106 2063 1481 2133 languidorum
1506 2064 1794 2134 parabitur
1842 2066 2019 2129 cibus,

444 2173 544 2213 nec
596 2158 741 2214 lacte
788 2157 1074 2222 nutrieris,
1105 2172 1215 2226 quo
1233 2157 1444 2227 parvuli
1474 2157 1790 2212 nutriuntur
1819 2159 1914 2213 sed
1947 2159 2025 2213 fa-

441 2248 549 2301 ciet
596 2247 690 2301 tibi
737 2246 984 2301 ministcr
1028 2246 1177 2301 verbi
1233 2247 1542 2301 convivium
1592 2263 1872 2316 magnum.
1923 2247 2030 2303 Lo-

441 2353 642 2413 quetur
681 2342 776 2395 tibi
811 2340 1159 2410 sapientiam,
1189 2354 1310 2409 qua:
1348 2342 1487 2395 inter
1513 2338 1791 2409 perfectos
1814 2341 2026 2410 profer-

445 2440 552 2496 tur,
598 2429 921 2499 sapientiam
958 2428 1051 2483 Dei
1085 2429 1139 2482 in
1190 2430 1452 2501 mysterio
1488 2430 1868 2486 absconditam
1895 2446 2027 2501 pro-

444 2522 580 2575 feret
611 2520 912 2590 tibi,quam
951 2536 1112 2575 nemo
1144 2521 1452 2592 principum
1487 2522 1647 2592 hujus
1687 2523 1871 2578 saeculi
1931 2539 2029 2580 co-

443 2614 651 2684 gnovit.
672 2612 966 2667 Revelabit
992 2612 1377 2669 tibiChristum
1403 2613 1700 2668 secundum
1731 2615 1855 2682 hoc,
1883 2616 2027 2685 quod

444 2709 497 2760 in
526 2721 592 2759 eo
620 2719 810 2759 omnes
847 2706 1085 2761 thesauri
1122 2708 1403 2776 sapientia:
1433 2716 1489 2763 et
1515 2707 1764 2763 scientiae
1794 2708 2027 2765 abscon-

444 2800 540 2853 diti
569 2809 715 2855 sunt.
768 2799 954 2855 Faciet
1006 2815 1137 2870 ergo
1170 2800 1267 2856 tibi
1321 2803 1632 2858 convivium
1666 2818 1943 2874 magnum.
1974 2812 2030 2860 et

445 2894 561 2963 ipse
594 2904 773 2949 tecum
812 2894 1143 2964 epulabitur,
1179 2895 1223 2950 si
1253 2904 1304 2950 te
1339 2895 1731 2952 non'inveniat
1763 2895 1947 2963 talem,
1970 2905 2030 2951 ut

445 2990 590 3044 dicat
608 2989 723 3051 tibi,
742 2990 865 3057 quia
887 3006 989 3043 non
1010 2991 1160 3059 potui
1184 2991 1329 3045 vobis
1352 2989 1661 3060 loquiquasi
1677 2988 2027 3057 spiritalibus,

444 3084 536 3137 sed
559 3083 714 3151 quasi
740 3082 1045 3135 carnalibus
1058 3097 1083 3145 ς
1109 3091 1360 3152 tanquam
1380 3082 1612 3153 parvulis
1636 3083 1688 3135 in
1721 3078 1930 3137 Christo
1946 3082 2029 3137 lac

2128 586 2432 658 plectamur
2467 583 2713 638 verbum.
2744 591 2797 633 et
2828 580 3028 633 divina:
3048 579 3330 646 sapientiae
3364 576 3718 646 famulemur,

2127 679 2218 745 qui
2253 688 2341 733 est
2368 676 2620 731 Christus
2646 671 2804 727 Jesus
2839 669 3101 723 Dominus
3129 678 3337 731 uoster,
3369 669 3454 722 cui
3488 673 3570 721 est
3600 666 3718 737 glo-

2128 770 2207 825 ria
2240 778 2294 824 et
2328 766 2613 835 imperium
2641 764 2695 818 in
2725 762 2921 831 saecula
2956 759 3305 815 STCtIiOI‘UIII.
3336 761 3532 816 Amen.

2709 853 2986 909 llOMlLIA
3025 850 3143 906 XV.

2134 950 2206 1005 De
2231 969 2288 1006 eo
2330 954 2471 1020 quod
2502 951 2754 1015 scriptum
2801 956 2873 1000 est
2897 946 2971 1020 _“'
3009 961 3020 998 :
3063 962 3082 994 ι
3147 942 3719 1020 Etnascenderuntez

2202 1014 2454 1091 Egypto.
2511 1031 2560 1074 et
2610 1014 2857 1073 uenerunt
2891 1018 2943 1067 in
2976 1031 3173 1091 terram
3209 1014 3488 1091 Chanaan,
3522 1021 3590 1069 ml
3619 1018 3718 1071 Ja-

2198 1086 2297 1146 coli
2314 1086 2519 1160 patrem
2554 1107 2730 1146 suum.
2762 1098 2808 1141 et
2836 1087 3209 1160 nuntiaverunt
3314 1088 3564 1148 dicentes.
3589 1089 3716 1157 quia

2198 1155 2341 1232 filius
2380 1174 2499 1215 tuus
2544 1160 2745 1232 Jo_seph‘
2777 1160 2921 1232 civit,
2958 1164 3003 1207 et
3064 1156 3173 1222 ipse
3204 1155 3562 1224 principatum
3602 1155 3719 1225 agit

2200 1230 2363 1287 totius
2388 1242 2539 1285 terrw
2564 1230 2805 1299 Egypti.
2844 1248 2860 1280 ι

2201 1333 2252 1387 1.
2284 1326 2701 1385 Observandum
2732 1334 2814 1379 est
2842 1324 2996 1379 nobis
3021 1323 3339 1394 Scripturas
3383 1334 3607 1377 sanctas
3635 1322 3714 1377 le-

2127 1423 2420 1493 gentibus,
2484 1419 2754 1488 quomodo
2814 1419 2864 1470 in
2928 1416 3157 1485 singulis
3210 1416 3525 1485 quibusque
3581 1416 3718 1468 loris

2127 1518 2424 1573 ascendere
2455 1523 2688 1583 ponatur
2718 1510 2830 1582 (95)
2857 1520 2909 1565 ct
2944 1511 3294 1565 descendere.
3332 1511 3388 1565 Si
3415 1512 3559 1565 enim
3592 1509 3721 1564 dili-

2126 1609 2339 1677 gentius
2368 1605 2799 1666 consideremus,
2858 1602 3201 1656 inveniemus
3246 1602 3372 1671 quia
3427 1618 3710 1671 nunquam

2127 1698 2239 1753 fere
2274 1698 2328 1754 in
2373 1706 2623 1753 sanctum
2675 1694 2798 1765 quis
2834 1691 3011 1748 locum
3077 1692 3283 1746 dicitur
3339 1694 3716 1758 descendisse,

2127 1806 2303 1862 neque
2334 1792 2399 1845 ad
2455 1788 2871 1859 vituperabilem
2903 1786 3291 1841 conscendisse
3353 1796 3715 1840 memoratur.

2129 1882 2260 1950 Quae
2288 1883 2702 1938 observationes
2748 1877 3046 1933 ostendunt
3099 1879 3439 1947 Scripturam
3473 1878 3715 1932 divinam
3785 1905 3795 1915 ο

2132 1992 2261 2041 non,
2294 1987 2352 2031 ut
2382 1975 2636 2046 plurimis
2685 1974 2923 2038 videtur,
2974 1971 3252 2026 inerudito
3296 1980 3352 2023 et
3378 1969 3574 2036 agresti
3602 1982 3717 2022 ser-

2131 2084 2293 2126 mone
2343 2066 2722 2136 compositam,
2772 2063 2868 2118 sed
2922 2061 3221 2118 secundum
3259 2061 3605 2130 disciplinam
3637 2059 3721 2113 di-

2129 2163 2269 2219 vina:
2298 2160 2623 2217 eruditionis
2673 2166 2942 2229 aptatam,
2981 2171 3159 2226 neque
3187 2166 3395 2209 tantum
3441 2154 3722 2208 historicis

2132 2254 2562 2317 narrationibus,
2592 2262 2858 2323 quantum
2905 2252 3071 2307 rebus
3104 2260 3159 2305 et
3181 2250 3440 2304 sensibus
3476 2248 3719 2319 mysticis

2130 2347 2481 2404 servientem.
2510 2344 2758 2399 Invenies
2788 2359 2921 2413 ergo
2954 2343 3215 2413 scriptum
3244 2356 3338 2394 eos
3363 2339 3500 2410 (96),
3524 2339 3614 2404 qui
3651 2353 3718 2390 ex

2131 2439 2342 2495 semine
2372 2436 2649 2490 Abraham
2707 2444 3029 2499 nascuntur,
3086 2431 3434 2487 descendisse
3463 2431 3515 2484 in
3547 2429 3717 2499 Egy-

2129 2544 2310 2603 ptum,
2344 2539 2400 2586 et
2442 2544 2658 2584 rursum
2689 2526 2827 2582 filios
2866 2524 3032 2580 Israel
3091 2524 3406 2578 ascendisse
3434 2525 3499 2576 de
3543 2522 3715 2591 Egy-

2131 2634 2242 2694 pto.
2303 2623 2547 2693 Denique
2595 2631 2647 2676 et
2691 2620 2758 2675 de
2790 2620 2908 2690 ipso
2963 2617 3239 2672 Abraham
3280 2616 3359 2671 sic
3389 2615 3590 2670 dicitur
3625 2615 3716 2669 ‘°:

2132 2716 2381 2770 Ascendit
2422 2725 2597 2769 autem
2624 2713 2890 2767 Abraham
2920 2712 2984 2764 de
3014 2708 3270 2780 [Egi/pta,
3320 2710 3431 2776 ipse
3479 2718 3526 2760 et
3586 2723 3724 2761 uxor

2131 2812 2269 2882 ejus,
2290 2817 2339 2864 et
2367 2808 2543 2862 omnia
2570 2823 2685 2876 quia
2714 2805 2829 2873 ejus
2854 2812 3030 2866 erant,
3066 2814 3113 2855 et
3168 2799 3303 2854 Loth
3356 2817 3473 2853 cum
3522 2802 3637 2862 ipso
3669 2803 3723 2855 in

2132 2906 2421 2959 desertum.
2480 2899 2618 2955 Tum
2672 2896 2867 2952 deinde
2892 2904 2949 2949 et
2994 2895 3062 2949 de
3093 2894 3240 2948 Isaac
3271 2894 3471 2947 dieitttr
3500 2893 3567 2957 δ’,
3597 2896 3722 2964 quia

2131 2995 2375 3063 apparuit
2405 2993 2453 3048 ei
2481 2991 2762 3052 Dominus,
2788 2997 2838 3042 et
2866 2988 2998 3041 dixit
3023 2987 3070 3041 ei
3119 3001 3139 3041 .'
3190 2984 3273 3040 Ne
3321 2987 3610 3039 descendas
3669 2986 3725 3038 in

2134 3084 2445 3156 Egyptum.
2485 3081 2593 3137 Sed
2619 3089 2673 3138 ct
2703 3078 3014 3140 lsmaelitre,
3062 3092 3152 3146 qut
3187 3077 3476 3145 portabant
3526 3075 3727 3131 θυμιά-

446 3172 589 3226 vobis
630 3180 808 3242 potum
836 3173 979 3236 dedi,
1010 3190 1112 3226 non
1144 3174 1397 3227 escam".
1436 3173 1861 3233 Corinthiishoc
1877 3177 2030 3244 dicit,
2060 3210 2105 3271 Ο
2140 3195 2306 3250 ματα,
2352 3183 2409 3231 et
2437 3176 2697 3238 resinam,
2752 3180 2807 3227 et
2873 3178 3103 3240 guttam,
3174 3179 3228 3223 et
3260 3168 3361 3237 ipsi
3394 3183 3459 3223 es
3517 3169 3726 3221 semine

445 3264 643 3331 quibus
662 3273 717 3317 ct
738 3265 889 3317 addit
917 3264 1081 3318 :Cum
1110 3267 1248 3319 enim
1277 3268 1380 3319 sint
1409 3267 1546 3322 inter
1567 3286 1653 3324 vos
1674 3274 2031 3329 contentiones

436 3362 491 3407 et
520 3356 895 3418 dissensiones,
931 3373 1101 3410 nomte
1125 3358 1367 3411 carnales
1408 3360 1532 3413 estis
1558 3372 1605 3414 et
1628 3364 1914 3417 secundum
1933 3366 2030 3419 ho-

451 3446 637 3497 niuem
667 3444 1126 3500 ambulatis?lstis
1152 3462 1255 3499 non
1276 3445 1406 3502 fecit
1446 3465 1699 3518 magnum
1723 3454 2032 3509 convivium

449 3536 671 3614 Paulus,
695 3538 745 3590 in
774 3546 1005 3602 tanttnn,
1040 3550 1097 3591 ιιι
1134 3554 1255 3591 cum
1288 3551 1431 3593 esset
1455 3543 1597 3609 apud
1615 3559 1726 3607 eos,
1754 3556 1808 3599 et
1827 3556 2033 3615 egeret,

451 3630 580 3683 nulli
630 3630 785 3684 oneri
826 3638 991 3691 esset,
1013 3644 1111 3683 nec
1144 3645 1340 3699 panem
1364 3634 1535 3702 gratis
1573 3637 1641 3690 ab
1670 3636 1852 3705 aliquo
1876 3653 2033 3692 man-

432 3724 711 3789 ‘dncaret;
744 3722 836 3775 sed
864 3721 966 3775 sibi
1000 3720 1111 3791 99
1138 3734 1190 3776 et
1219 3725 1472 3779 onmibus
1509 3728 1597 3794 qui
1642 3741 2035 3803 secumﬂerant,

452 3822 611 3867 nacte
644 3823 700 3865 et
737 3811 822 3865 die
875 3811 1185 3867 laborantes
1231 3829 1423 3868 manus
1482 3830 1593 3870 sure
1642 3817 2031 3875 ministrarent.

454 3906 586 3959 Tam
620 3922 748 3975 ergo
781 3905 939 3974 longe
972 3907 1199 3961 aberant
1236 3908 1523 3972 Corinthii,
1552 3909 1751 3978 quibus
1781 3927 2034 3982 magnum

450 4000 756 4053 convivium
779 4001 949 4065 ﬁeret,
971 4011 1025 4053 ut
1049 4017 1114 4055 ne
1133 4001 1409 4055 minimum
1426 4005 1661 4071 quidem,
1683 4003 1764 4056 vel
1783 4004 2035 4075 exiguum

453 4093 591 4162 apud
611 4108 702 4145 eos
729 4094 1049 4159 prredicator
1069 4095 1213 4149 verbi
1238 4093 1328 4148 Dei
1354 4096 1593 4165 potuerit
1619 4098 1821 4153 habere
1847 4100 2033 4154 convi-

453 4186 621 4241 vium.
653 4184 749 4250 Qui
780 4200 909 4239 vero
935 4187 1113 4241 sciunt
1145 4188 1340 4242 audire
1370 4190 1688 4258 perfectius,
1718 4195 1809 4262 qui
1844 4197 2031 4251 erudi-

455 4288 538 4331 tos
564 4288 615 4332 et
646 4280 976 4334 exercitatos
1012 4281 1077 4333 ad
1113 4281 1444 4337 audiendum
1484 4285 1706 4340 verbum
1748 4288 1837 4341 Dei
1884 4289 2035 4345 defe—

453 4384 579 4425 rnnt
611 4386 822 4434 sensus,
856 4372 973 4425 istis
999 4373 1058 4425 lit
1090 4388 1342 4445 magnum
1380 4378 1725 4439 convivium;
1761 4394 1883 4435 cum
1915 4382 2035 4437 istis

451 4465 699 4533 epulatur
726 4464 898 4529 lsaac,
928 4479 981 4520 et
1012 4482 1115 4521 non
1149 4470 1323 4524 solum
1361 4472 1632 4541 epulatur,
1684 4476 1780 4530 sed
1812 4488 1865 4531 et
1902 4494 2031 4533 sur-

2142 3272 2415 3328 Abraham
2447 3278 2622 3331 erant,
2686 3268 2737 3321 in
2772 3264 3063 3336 Egyptum
3116 3264 3450 3317 descendere
3482 3264 3724 3316 referun-

2144 3372 2249 3426 tur.
2281 3377 2406 3417 cum
2431 3361 2628 3429 quibus
2659 3357 2858 3425 Joseph
2892 3356 3244 3410 descendisse
3272 3354 3323 3407 in
3359 3354 3613 3425 .Egytum
3644 3356 3726 3409 di-

2142 3455 2285 3510 citur
2309 3455 2373 3507 δ’.
2411 3452 2516 3507 Sed
2550 3462 2605 3505 et
2657 3458 2778 3519 post
2808 3450 2921 3502 haec
2954 3462 2967 3498 :
3014 3446 3228 3510 Videtis,
3255 3448 3428 3515 inquit
3456 3446 3520 3510 “,
3554 3447 3727 3502 Jacob

2141 3551 2262 3619 quia
2293 3558 2368 3602 est
2412 3544 2778 3601 commercium
2809 3542 3058 3611 frumenti
3094 3542 3146 3592 in
3174 3538 3430 3609 zEgypto,
3486 3542 3621 3595 dixit
3654 3542 3726 3595 ad

2143 3640 2283 3709 ﬁlios
2309 3655 2431 3692 suos
2464 3655 2482 3691 :
2518 3636 2722 3707 thuid
2783 3636 2987 3689 desides
3016 3635 3179 3689 estis?
3233 3635 3369 3688 Ecce
3406 3636 3567 3689 audio
3600 3638 3727 3705 quia

2144 3743 2217 3786 est
2250 3731 2571 3799 frumentum
2608 3731 2660 3782 ia
2690 3726 2945 3797 Egypto,
2975 3728 3273 3781 descendite
3299 3726 3445 3791 illuc,
3499 3738 3546 3779 ct
3572 3729 3727 3781 emite

2148 3825 2293 3879 nobis
2316 3839 2481 3889 escas,
2514 3831 2568 3874 ut
2596 3822 2850 3880 vivamus,
2904 3826 2953 3871 et
3001 3835 3103 3871 non
3130 3819 3441 3871 moriamur.
3471 3818 3536 3871 Et
3566 3817 3727 3887 paulo

2145 3927 2264 3989 post
2295 3936 2309 3972 :
2338 3914 2752 3977 Descenderam,
2789 3913 2986 3980 inquit,
3010 3911 3201 3982 fratres
3235 3909 3434 3978 Ioseph
3461 3910 3516 3963 in
3545 3910 3725 3981 ,Ερμ-

2144 4022 2290 4082 ptum
2333 4023 2636 4078 comparare
2684 4006 3030 4067 frumentum.
3084 4003 3230 4057 Sane
3281 4018 3404 4057 cuin
3465 4004 3723 4057 detentus

2144 4105 2335 4160 fuisset
2393 4103 2613 4157 Simcon
2666 4103 2716 4155 in
2763 4098 3021 4170 Aigypto,
3051 4107 3106 4152 et
3150 4112 3345 4151 novem
3378 4096 3577 4151 fratres
3609 4096 3730 4164 ejus

2143 4196 2353 4251 dimissi
2385 4201 2789 4250 reverterentur
2818 4193 2883 4245 ad
2914 4200 3145 4259 patrem,
3203 4204 3307 4243 non
3348 4197 3433 4242 est
3462 4190 3726 4257 scriptum

2143 4289 2269 4359 quia
2298 4289 2658 4343 ascenderunt
2686 4301 2756 4340 ex
2795 4283 3055 4355 IEgypto,
3115 4279 3207 4333 sed
3250 4281 3603 4347 imponentes,
3647 4277 3730 4332 in-

2143 4382 2261 4451 quit
2291 4380 2360 4447 “,
2390 4380 2710 4451 frumentum
2734 4395 2892 4447 super
2919 4379 3097 4431 asinos
3126 4390 3250 4427 suos
3304 4374 3568 4427 abierunt.
3621 4372 3729 4427 Nc-

2142 4491 2245 4546 que
2274 4475 2419 4530 enim
2450 4474 2608 4543 digne
2632 4472 2949 4526 dicerentur
2977 4468 3277 4523 ascendere
3299 4505 3315 4530 ,
3360 4480 3592 4534 quorum
3628 4465 3729 4517 fra-

452 4570 586 4626 gens
613 4570 735 4608 cum
758 4555 1077 4623 iuramento
1104 4562 1187 4614 eis
1215 4577 1405 4630 pacem
1433 4565 1499 4618 de
1524 4566 1719 4623 futuris
1747 4572 2033 4637 promittit.
2071 4574 2114 4629 D
2147 4578 2226 4623 ter
2252 4567 2466 4620 vinctas
2498 4564 2784 4619 tenebatur
2817 4562 2868 4614 in
2911 4559 3171 4628 IEgypto,
3232 4572 3352 4610 cum
3390 4570 3497 4626 quo
3545 4565 3597 4610 et
3627 4555 3728 4625 ipsi

452 4651 687 4705 Oremus
718 4664 846 4719 ergo
871 4660 927 4704 et
954 4668 1053 4706 nos
1103 4652 1196 4705 tali
1260 4666 1463 4723 mente,
1503 4658 1593 4712 tali
1643 4660 1745 4715 title
1778 4665 2039 4720 accedere

448 4747 519 4799 ad
562 4743 887 4797 audiendum
927 4746 1151 4799 verbum
1182 4743 1299 4813 Dei,
1353 4758 1411 4803 ut
1439 4747 1621 4805 facere
1662 4755 1821 4808 nobis
1850 4756 2039 4824 digne-

451 4847 540 4889 tur
574 4833 882 4889 convivium
922 4852 1196 4903 magnum.
1254 4836 1532 4906 Sapientia
1586 4843 1730 4895 enim
1768 4844 2038 4914 jugulavit

447 4925 657 4979 hostias
689 4942 837 4990 suas,
864 4928 1074 4979 miscuit
1105 4930 1159 4981 in
1190 4940 1392 4984 cratere
1420 4936 1592 4986 vinum
1644 4950 1824 5000 suum,
1857 4948 1905 4991 et
1936 4940 2040 4991 nti-

447 5019 514 5071 sit
545 5033 719 5071 servos
750 5034 872 5071 suos
905 5017 970 5085 ³⁹,
1020 5018 1112 5088 qui
1142 5034 1333 5075 omnes
1380 5034 1649 5093 quotquot
1705 5027 2037 5093 invenerint,

450 5113 757 5179 perducant
784 5112 847 5163 ad
877 5112 1183 5165 convivium
1239 5127 1420 5167 suum.
1453 5114 1685 5170 Tantum
1738 5129 1843 5185 est,
1892 5131 1951 5175 ttt
1982 5132 2037 5177 et

454 5222 551 5260 nos
586 5206 813 5274 ingressi
845 5206 1152 5260 convivium
1202 5205 1495 5275 Sapientia:
1541 5228 1646 5266 non
1699 5230 1911 5270 rursum
1940 5232 2038 5270 no-

454 5299 663 5351 hiscum
693 5298 1004 5351 indumenta
1036 5298 1359 5369 insipientia:
1393 5301 1725 5368 deferamus,
1780 5323 1883 5362 non
1912 5310 2034 5363 inli-

454 5390 693 5445 dulitatis
720 5402 867 5445 veste
893 5391 1235 5457 circumdati,
1292 5409 1395 5447 non
1423 5408 1774 5462 peccatorum
1810 5402 2036 5456 maculis

527 5483 571 5511 ³⁸
595 5482 733 5535 Psal.
762 5498 954 5546 cvvttt,
978 5480 1093 5536 106.
1170 5483 1211 5515 ³⁷
1235 5483 1433 5545 ches,
1471 5501 1617 5550 xxvi.
1657 5487 1745 5543 50.

456 5550 504 5582 ‘°
530 5551 668 5604 Gt'tt.
700 5570 817 5613 xm,
847 5556 899 5607 ~l.
975 5553 1017 5583 ⁸¹
1048 5552 1246 5609 Cenes.
1278 5570 1423 5619 xxvi,
1457 5556 1509 5610 Ξ.

459 5636 568 5675 ttes.
616 5638 736 5686 XLV,
763 5625 851 5676 ‘25.
944 5625 989 5655 “
1019 5626 1173 5685 ibitl.,
1201 5624 1291 5680 26.

534 5715 643 5773 (εὶ-ί)
674 5714 841 5780 Alias,
877 5720 1186 5777 ascendens,
1218 5718 1309 5769 sed
1348 5733 1503 5778 tnss.,
1543 5719 1815 5772 (tet-edens.

532 5784 643 5849 (iiii)
677 5785 828 5842 Mss”
869 5799 1128 5851 ponatur;
1157 5788 1285 5839 editi
1318 5801 1777 5839 commemoratur.

536 5856 646 5926 {‘JU}
682 5860 769 5907 δίς
831 5871 985 5921 "155.,
1042 5857 1196 5920 alitis,
1260 5861 1557 5909 scrt'ieutcm
1596 5862 1838 5913 invenies.
1888 5858 2030 5931 Ergo

1590 5506 1630 5571 [γι
1824 5491 2059 5548 “lCor.
2100 5511 2183 5571 |t_t,
2217 5496 2262 5557 l,
2289 5493 2443 5571 ᾖς).

1588 5560 1630 5589 δ’
1650 5560 1840 5616 Genes.
1880 5578 2088 5631 xxxvii,
2120 5567 2207 5619 9.8.

2143 4665 2323 4711 mente
2352 4666 2408 4708 et
2440 4653 2627 4707 animo
2657 4650 2904 4715 solliciti,
2941 4651 3092 4704 velut
3122 4647 3451 4718 quibusdam
3480 4647 3727 4700 cltarita-

2147 4750 2218 4803 tis
2248 4744 2481 4801 vinculis
2507 4744 2902 4800 cruciabantur
2958 4741 3190 4797 astricti.
3249 4740 3383 4796 Cum
3418 4748 3598 4793 autem
3620 4742 3728 4791 'rc-

2144 4849 2299 4911 cepto
2336 4840 2504 4893 fratre
2528 4849 2582 4893 et
2618 4839 2803 4907 agnito
2825 4834 3047 4905 Josepb,
3077 4836 3174 4891 sed
3198 4843 3254 4888 et
3278 4831 3566 4902 Benjamin
3592 4845 3727 4886 ocu-

2146 4935 2213 4989 lis
2237 4933 2354 5003 ejus
2384 4932 2592 4997 oblato,
2626 4946 2748 4997 cum
2784 4929 2967 4985 laetitia
3000 4936 3374 4992 revertuntur,
3415 4932 3543 4979 tunc
3595 4922 3732 4977 diel-

2153 5038 2237 5080 tur
2271 5026 2317 5058 "
2351 5025 2477 5095 quia
2518 5024 2865 5077 ascenderunt
2902 5032 2967 5071 ex
3004 5015 3250 5090 .Egypto,
3292 5029 3340 5071 et
3396 5025 3641 5072 venerunt
3675 5013 3731 5068 in

2148 5141 2342 5185 terram
2367 5128 2621 5183 Chanaan
2646 5128 2716 5178 ad
2744 5122 2910 5178 Jacob
2935 5132 3136 5192 patrem
3160 5135 3337 5175 suum.
3360 5117 3515 5173 Tunc
3538 5117 3729 5179 etiam,

2145 5222 2362 5289 quando
2391 5220 2581 5275 dicunt
2602 5220 2671 5271 ad
2700 5229 2910 5287 patrem
2935 5215 3004 5281 ⁸⁸,
3046 5213 3175 5282 quia
3202 5211 3395 5281 Ioseph
3428 5210 3572 5279 ﬁlius
3608 5220 3730 5261 tuus

2145 5315 2288 5378 vivit,
2318 5323 2366 5365 et
2412 5313 2522 5380 ipse
2566 5311 2920 5379 principatum
2991 5307 3100 5375 agit
3151 5304 3309 5357 totius
3360 5313 3515 5357 terra:
3558 5300 3726 5371 Ᾰίῃυρ

2144 5404 2379 5473 ptit97).
2408 5401 2729 5455 Necessario
2781 5401 2925 5453 enim
2960 5398 3027 5451 ab
3080 5395 3283 5450 inlimis
3318 5406 3373 5449 et
3432 5392 3731 5447 humilith

2521 5492 2565 5525 ³⁹
2598 5492 2756 5545 Prov.
2794 5507 2869 5552 ut,
2891 5489 3024 5559 2,3.
3103 5488 3167 5559 ³ἒέ
3196 5487 3331 5559 Cen.
3364 5500 3488 5559 xcv,
3512 5483 3603 5559 r2_5_,
3626 5482 3730 5559 26.

2286 5552 2550 5618 “Cenes.
2583 5578 2711 5626 χιιι,
2744 5564 2789 5626 ι,
2819 5562 2875 5625 2,
2905 5556 3039 5625 5,4.
3133 5556 3475 5622 “ibid.,26.
3553 5552 3732 5610 "Ge-

2142 5724 2393 5785 scriptum
2433 5730 2505 5772 est
2540 5736 2648 5773 eos.

2212 5791 2323 5851 (97)
2355 5790 2523 5849 Alias,
2569 5790 2922 5858 principatum
2971 5800 3107 5845 tenet
3156 5798 3203 5844 et
3232 5790 3360 5859 agit.
3400 5785 3529 5841 .‘dss.
3578 5800 3630 5843 ut
3665 5787 3717 5844 in

2144 5872 2328 5915 I‘IUMI'U
2358 5871 2526 5916 lt‘Xitl.
