4132 6434
487 409 590 463 ιιι

1597 417 1601 421 ‘
1682 398 1748 453 IN
1784 395 2083 453 GENESIM
2120 395 2407 454 HOMILIA
2429 394 2548 451 XV.

3628 386 3735 442 2-H

490 524 750 578 dicuntur
775 518 842 574 ad
872 518 1040 574 ardua
1073 527 1128 573 et
1173 516 1390 574 excelsa
1422 515 1809 581 conscendere,
1843 516 1934 584 qui
1970 513 2061 570 Io-
2093 521 2136 575 Α
2167 513 2392 583 gratiam
2425 511 2775 567 merebantur
2799 509 3070 579 accipere,
3091 517 3143 562 et
3175 504 3514 563 dicentem.“
3541 522 3556 558 ;
3609 504 3736 573 ερὲς-

492 614 624 681 scph
652 613 834 666 vivere
887 609 1160 674 nuntiant,
1197 619 1252 664 et
1286 608 1653 677 principatum
1688 608 1852 660 latius
1891 605 2056 676 Egy~

493 705 568 774 pti
600 719 807 776 gerere.
842 701 966 757 Herc
1017 701 1235 756 interim
1263 701 1329 752 ad
1380 714 1618 769 praesens
1671 699 1828 752 nobis
1874 713 2066 752 occur-

494 811 615 851 rere
656 796 722 850 de
752 794 1070 849 ascensione
1120 803 1175 846 et
1218 791 1576 844 descensione
1615 799 1905 859 potuerunt
1939 808 1950 843 :
1997 805 2064 845 ex

491 886 690 953 quibus
720 885 944 939 studiosi
986 884 1188 950 quique
1239 880 1558 933 occasiones
1581 880 1783 933 habere
1814 887 2063 947 possunt,

492 977 645 1042 plura
680 979 744 1028 de
802 975 1104 1043 Scripturis
1132 974 1337 1027 sanctis
1381 988 1477 1041 pro
1520 973 1827 1042 hujusmodi
1877 987 2063 1026 asser-

494 1066 640 1119 tione
667 1068 1028 1132 probamenta
1056 1064 1334 1133 colligere.

560 1158 618 1214 2.
649 1157 938 1210 Videamus
971 1173 1104 1211 sane
1160 1157 1426 1224 quomodo
1458 1157 1646 1211 audire
1679 1158 1972 1211 debeamus
1999 1156 2066 1210 de

491 1264 558 1302 eo
589 1250 729 1316 quod
763 1250 1022 1313 scriptum
1071 1259 1172 1320 est,
1199 1250 1324 1316 quia
1356 1247 1552 1317 Ioseph
1603 1249 1746 1316 ﬁlius
1777 1259 1897 1301 tuus
1921 1249 2061 1302 civit.

496 1338 609 1407 Ego
639 1340 750 1391 haec
781 1353 884 1392 non
913 1342 1272 1393 communiter
1303 1340 1444 1394 dicta
1492 1342 1757 1410 suspicio.
1806 1341 1861 1396 Si
1897 1343 2063 1410 enim,

496 1428 642 1482 verbi
665 1445 844 1492 causa,
864 1445 1125 1498 ponamus
1147 1433 1272 1501 quia
1299 1437 1561 1500 potuisset
1588 1436 1726 1487 vinci
1761 1450 1788 1486 a
1815 1434 2062 1498 libidine,

492 1530 544 1572 et
581 1529 855 1586 peccasset
878 1537 999 1574 cum
1031 1538 1198 1577 uxore
1225 1525 1430 1577 domini
1463 1524 1573 1586 sui,
1604 1529 1891 1591 ‘non-puto
1922 1525 2064 1590 quod

491 1608 592 1662 hoc
617 1623 646 1662 a
676 1613 998 1676 patriarchis
1025 1612 1091 1664 de
1122 1629 1187 1668 eo
1220 1615 1522 1668 nuntiatum
1555 1614 1749 1668 fuisset
1773 1616 1912 1683 patri
1949 1617 2066 1682 ejus

487 1696 680 1760 Iacob,
720 1700 845 1766 quia
876 1699 1019 1766 [ilius
1041 1711 1160 1754 tuus
1184 1699 1381 1767 Ioseph
1409 1704 1550 1756 vivit.
1587 1702 1698 1757 Hoc
1731 1705 1871 1758 enim
1905 1704 1948 1758 si
1984 1703 2063 1758 fe-

488 1791 672 1852 cisset,
708 1793 828 1845 sine
857 1792 1020 1845 dubio
1053 1808 1154 1845 non
1184 1795 1390 1847 viveret
1413 1793 1550 1864 (98).
1577 1795 1766 1848 Anima
1792 1796 2062 1866 enimqua:

2168 604 2324 656 ritum
2357 602 2516 654 nolite
2541 601 2895 670 exstinguere.
2927 597 3204 666 Tanquam
3235 611 3365 666 ergo
3395 595 3500 651 tale
3535 595 3740 664 aliquid

2168 710 2360 763 passus
2388 693 2546 746 fuerit
2566 691 2755 754 Iacob,
2787 690 2945 759 quale
2968 690 3171 744 Battlus
3200 689 3456 759 pra-cepit
3487 687 3601 741 fieri
3631 702 3736 739 non

2164 785 2387 846 where,
2438 794 2493 839 et
2541 783 2881 851 reparaverit
2907 798 2966 835 se
2996 796 3089 850 per
3124 797 3206 844 ea,
3260 795 3380 849 qutc
3409 780 3455 831 ci
3493 779 3737 831 nuntiata

2166 877 2384 930 fuerant
2413 877 2476 929 de
2507 875 2614 928 vita
2642 873 2864 942 Ioseph,
2928 874 3123 927 dicitur
3155 874 3218 926 dc
3255 888 3318 925 eo
3349 871 3396 902 δ”
3429 887 3442 923 :
3491 870 3572 926 fit~
3594 885 3741 923 reac-

2167 967 2335 1021 cendit
2358 967 2598 1033 spiritum
2625 982 2775 1018 suum
2800 963 2984 1027 Iacob,
3012 975 3058 1015 et
3081 962 3210 1014 dixit
3241 960 3408 1013 Israel
3436 976 3454 1013 :
3483 959 3737 1027 Magnum

2173 1059 2297 1111 mihi
2321 1065 2416 1120 est,
2434 1058 2479 1110 si
2496 1056 2668 1108 adhuc
2689 1057 2829 1123 ﬁlius
2854 1071 2998 1106 meus
3020 1053 3211 1120 Ioseph
3238 1053 3376 1105 vivit.
3406 1051 3509 1104 Sed
3530 1050 3738 1103 ltocob-

2167 1151 2623 1214 servandumest,
2649 1148 2774 1216 quia
2812 1146 2901 1214 qui
2943 1143 3522 1210 rcaccenditspiritum
3560 1157 3737 1199 suum,

2166 1256 2287 1294 eum
2324 1240 2526 1294 scilicet
2555 1241 2645 1310 qui
2680 1255 2814 1308 pene
2869 1238 3152 1290 videbatur
3212 1239 3536 1294 exstinctus,
3567 1231 3738 1286 Iacob

2167 1330 2400 1395 dicitur;
2433 1331 2522 1385 ille
2552 1341 2730 1385 autem
2753 1330 2848 1399 qui
2877 1329 3046 1382 dicit:
3101 1327 3353 1397 Magnum
3393 1325 3520 1378 mihi
3548 1334 3646 1386 est,
3694 1322 3741 1374 si

2166 1424 2309 1494 [ilius
2335 1441 2479 1477 meus
2505 1423 2701 1492 Ioseph
2743 1425 2884 1488 vivit,
2916 1422 3065 1492 quasi
3118 1420 3424 1489 intelligens
3469 1427 3522 1472 et
3552 1419 3739 1471 videns

2169 1529 2417 1582 magnam
2444 1529 2565 1568 esse
2593 1515 2754 1566 vitam
2779 1529 2898 1581 quae
2919 1523 3003 1566 cst
3027 1512 3078 1564 in
3103 1511 3321 1578 Ioseph,
3349 1508 3610 1579 spiritalis
3637 1509 3742 1560 is-te

2168 1619 2277 1658 non
2301 1605 2412 1674 jatn
2441 1603 2632 1666 Iacob,
2685 1604 2778 1657 scd
2827 1603 2993 1656 Israel
3024 1603 3297 1671 scribitur,
3351 1611 3604 1669 tanquam
3646 1594 3740 1666 qui

2167 1708 2348 1752 incute
2395 1698 2576 1750 videat
2633 1711 2814 1749 veram
2867 1697 3053 1756 vitam,
3101 1710 3219 1762 quae
3269 1703 3351 1747 est
3403 1708 3562 1745 verus
3599 1691 3739 1744 Deus

2167 1789 2438 1845 Christus.
2471 1787 2581 1840 Non
2609 1787 2785 1840 solum
2816 1796 2996 1838 autem
3028 1785 3093 1837 de
3131 1786 3229 1838 hoc
3259 1793 3436 1836 motus
3461 1790 3565 1846 est,
3596 1781 3740 1850 quod

488 1893 690 1947 peccat,
721 1883 836 1950 ipsa
869 1883 1123 1936 morietur
1153 1883 1217 1936 ".
1249 1883 1353 1938 Sed
1382 1894 1435 1938 et
1463 1883 1712 1938 Susanna
1745 1888 1934 1940 eadem
1956 1864 2063 1940 Ido-
2097 1864 2137 1920 Β
2167 1882 2394 1943 audivit,
2417 1881 2543 1949 quia
2571 1880 2764 1949 Joseph
2788 1879 2930 1947 ﬁlius
2957 1889 3076 1931 tuus
3102 1878 3217 1930 vivit
3247 1875 3326 1939 ‘5;
3361 1875 3453 1928 sed
3481 1875 3620 1926 etde
3645 1874 3742 1929 illo

490 1983 599 2037 cet,
627 1990 746 2027 cum
777 1976 910 2029 dicit
935 1975 1024 2030 “:
1061 1977 1330 2046 Angustia:
1372 1977 1502 2031 mihi
1542 1989 1662 2032 sunt
1709 1979 1960 2048 undique.
2001 1979 2062 2034 Si

489 2065 626 2117 enim
659 2065 753 2119 hoc
782 2066 970 2133 fecero,
1001 2068 1050 2122 id
1077 2078 1159 2123 est
1187 2069 1230 2122 si
1260 2083 1576 2137 peccavero,
1619 2086 1759 2124 mors
1790 2071 1918 2124 mihi
1947 2081 2061 2136 est;

487 2157 604 2210 etsi
635 2174 736 2210 non
764 2159 957 2226 fecero,
985 2177 1086 2213 non
1107 2161 1351 2230 eﬁ'ugiam
1397 2177 1585 2216 manus
1639 2171 1858 2217 vestras.
1899 2164 2061 2219 V'itles

487 2261 618 2316 ergo
648 2257 705 2301 et
747 2249 918 2318 ipsam
973 2264 1199 2308 mortem
1229 2256 1279 2309 in
1325 2264 1547 2326 peccato
1573 2257 1838 2325 posuisse.
1874 2257 1979 2312 Sed
2007 2267 2062 2312 et

487 2334 554 2386 ad
587 2337 818 2404 primunt
853 2341 1126 2396 hominem
1161 2359 1188 2396 a
1224 2345 1332 2399 Deo
1363 2346 1574 2413 prolata
1628 2347 1924 2414 sententia,
1967 2364 2061 2403 ea-

485 2426 604 2480 dem
634 2431 897 2497 cootinet,
925 2447 1046 2486 cum
1072 2434 1203 2490 dicit
1227 2435 1272 2467 ’δ’
1301 2453 1315 2489 :
1344 2435 1460 2501 Qua
1487 2438 1571 2490 die
1616 2439 2059 2494 manducauerilis

485 2531 551 2569 ex
575 2533 655 2582 eo,
690 2527 857 2572 morte
884 2521 1201 2576 moriemini.
1232 2522 1426 2578 Statim
1457 2537 1690 2591 namque
1719 2536 1777 2577 ut
1803 2527 2062 2593 [ιι-ξεναγί-

483 2620 637 2662 catus
675 2621 756 2665 est
786 2613 1120 2680 mandatum,
1154 2626 1398 2670 mortuus
1422 2624 1525 2670 est.
1568 2615 1774 2670 Mortua
1807 2627 1889 2670 est
1911 2618 2056 2673 enim

486 2701 664 2754 anima
690 2719 812 2772 quae
839 2707 1108 2774 peccavit,
1145 2717 1198 2760 et
1232 2708 1482 2775 arguitur
1515 2724 1740 2777 serpens
1777 2709 2054 2777 fefellisse,

482 2793 573 2862 qui
604 2793 740 2848 dixit
769 2796 818 2828 ”
873 2811 889 2848 :
936 2795 1059 2852 Non
1099 2809 1267 2853 morte
1310 2801 1626 2855 moriemini.
1665 2801 1729 2854 Et
1757 2802 1872 2857 haec
1902 2804 1970 2859 de
1992 2817 2059 2859 eo

483 2889 624 2951 quod
655 2889 862 2942 dictum
893 2898 979 2943 est
1007 2906 1035 2943 a
1063 2891 1186 2945 filiis
1215 2889 1381 2946 Israel
1418 2894 1485 2945 ad
1520 2893 1678 2963 100
1711 2893 1901 2959 Iacob,
1931 2896 2056 2964 quia

482 2972 676 3041 Ioseph
699 2975 843 3042 ﬁlius
877 2989 997 3031 tuus
1030 2979 1170 3032 vivit.
1220 2980 1426 3045 Quibus
1457 2981 1652 3034 similia
1684 2984 1849 3036 etiam
1882 2984 1935 3036 in
1964 2999 2059 3053 po-

484 3065 803 3118 sterioribus
839 3064 1170 3129 referuntur,
1225 3083 1346 3122 cum
1393 3068 1592 3121 dicitur
1615 3069 1658 3102 ⁸¹
1693 3086 1706 3121 :
1743 3068 1808 3123 Et
1837 3073 2060 3125 resusci-

485 3161 627 3204 tatus
652 3164 727 3206 est
750 3162 967 3220 spiritus
995 3153 1164 3208 Iacob
1187 3156 1352 3223 patris
1370 3171 1548 3208 eorum
1583 3169 1601 3208 :
1624 3168 1671 3210 et
1690 3159 1818 3212 dixit
1846 3159 2017 3213 Israel
2036 3174 2056 3212 :

490 3240 741 3309 Magnum
767 3244 894 3295 mihi
915 3255 1013 3308 est,
1042 3244 1089 3297 si
1115 3245 1286 3297 adhuc
1313 3243 1506 3313 Ioseph
1548 3245 1691 3314 [ilius
1742 3264 1886 3302 meus
1914 3251 2058 3305 vivit.

487 3333 640 3396 Quod
674 3333 726 3386 in
754 3333 948 3388 Latino
996 3335 1236 3388 dicitur:
1272 3337 1630 3391 resuscitatus
1695 3347 1780 3392 est
1836 3341 2062 3408 spiritus

483 3431 623 3495 ejus,
654 3429 705 3482 in
733 3427 922 3483 Graeco
975 3423 1396 3497 ἀνεζωπύρησεν
1425 3428 1689 3495 scriptum
1747 3441 1850 3484 εει.
1906 3430 2059 3497 Quod

485 3535 593 3572 non
623 3531 728 3572 tam
762 3519 1098 3580 resuscitari,
1131 3533 1293 3586 quam
1325 3520 1629 3584 reaccendi,
1661 3528 1720 3575 ut
1749 3523 1820 3575 ita
1854 3523 2055 3593 dicam,

483 3611 772 3679 significat,
820 3619 873 3665 et
935 3611 1152 3680 reigniri
1186 3609 1323 3680 (99).
1381 3610 1535 3676 Quod
1586 3611 1691 3666 dici
1745 3614 1904 3674 solet.
1934 3629 2055 3671 cum

484 3699 621 3756 forte
668 3702 722 3755 in
761 3701 941 3769 aliqua
986 3699 1213 3754 materia
1270 3700 1408 3767 ignis
1438 3715 1504 3754 co
1541 3715 1712 3769 usque
1761 3703 1966 3770 deficit,
1999 3715 2058 3761 ut

483 3791 752 3861 exstingui
781 3792 1047 3857 videatur,
1070 3800 1123 3844 et
1154 3792 1198 3845 si
1233 3789 1373 3845 forte
1398 3790 1654 3846 fomentis
1678 3793 1938 3850 adhibitis
1970 3811 2056 3850 re-

488 3893 734 3952 paretur,
763 3897 1090 3937 reaccensus
1119 3882 1340 3936 dicitur.
1400 3883 1509 3938 Aut
1532 3886 1577 3939 si
1608 3885 1842 3944 lucernae
1874 3890 2053 3947 lumen

483 3991 549 4031 eo
578 3990 751 4047 usque
782 3977 1084 4044 perveniat,
1123 3985 1181 4030 ut
1217 3985 1435 4044 putetur
1475 3980 1772 4050 exstingui,
1823 3985 1869 4038 si
1914 3985 2056 4040 forte

482 4067 664 4121 infuso
689 4065 810 4120 oleo
834 4069 1208 4131 resuscitetur,
1246 4069 1376 4124 licet
1426 4071 1604 4124 minus
1638 4075 1805 4141 polito
1843 4091 2056 4132 sermo-

486 4173 574 4222 ne,
612 4171 905 4212 rcaccensa
938 4158 1157 4212 lucerna
1195 4159 1411 4216 dicitur.
1465 4160 1730 4218 Similiter
1756 4166 1897 4221 etde
1927 4168 2058 4223 lam-

483 4249 636 4318 pade,
673 4248 899 4304 velaliis
926 4249 1296 4318 hujuscemodi
1325 4250 1621 4307 luminibus
1657 4256 2042 4324 appellabitur.

483 4339 612 4393 Tale
640 4354 768 4408 ergo
793 4339 996 4408 aliquid
1023 4349 1077 4393 et
1112 4340 1166 4392 in
1189 4339 1357 4396 Iacob
1395 4342 1637 4397 iudicare
1671 4344 1945 4399 videbitur
1966 4348 2055 4404 hic

481 4447 684 4497 sermo,
711 4435 857 4502 quod
889 4437 1061 4491 donec
1093 4434 1252 4506 longe
1274 4437 1374 4492 fuit
1404 4441 1470 4491 ab
1495 4435 1693 4507 Ioseph
1722 4446 1777 4492 et
1831 4456 1940 4496 non
1972 4451 2056 4497 est

2170 1971 2430 2032 maxime,
2455 1972 2597 2040 quod
2625 1971 3000 2022 annuntiatum
3028 1977 3109 2020 est
3136 1967 3206 2030 ei,
3237 1968 3361 2034 quia
3409 1965 3523 2032 ipse
3553 1965 3622 2016 sit
3647 1967 3738 2032 qui

2169 2063 2532 2131 principatum
2563 2071 2746 2115 teneat
2805 2063 2964 2114 totius
3009 2058 3248 2128 {EgyptL
3301 2056 3411 2110 Iloc
3437 2057 3578 2110 enim
3616 2071 3743 2107 vere

2169 2172 2421 2226 magnum
2478 2165 2561 2209 est
2607 2155 2678 2220 ei,
2725 2156 2866 2224 quod
2913 2155 2963 2207 in
3018 2152 3278 2206 ditionem
3333 2165 3483 2204 suum
3537 2147 3740 2214 rcdcg’t

2166 2247 2479 2318 Egyptum.
2534 2243 2759 2299 Calcare
2813 2245 2956 2298 enim
3008 2243 3309 2305 libidinem,
3356 2238 3544 2310 fugere
3586 2239 3741 2290 luxu-

2168 2341 2329 2405 riam,
2376 2353 2671 2405 omnesque
2731 2337 3031 2407 voluptates
3087 2336 3331 2404 corporis
3391 2349 3634 2403 premere
3672 2349 3740 2388 ac

2167 2433 2406 2498 frenare,
2441 2433 2542 2486 hoe
2573 2441 2656 2486 est
2685 2432 3046 2500 principatum
3078 2444 3273 2497 gerere
3300 2430 3463 2484 totius
3493 2428 3737 2497 Egypti.

2168 2527 2234 2581 Et
2268 2529 2368 2582 hoc
2392 2537 2478 2587 est
2512 2528 2650 2596 quod
2677 2527 2814 2596 apud
2848 2522 3014 2577 Israel
3041 2539 3296 2594 maguum
3325 2523 3568 2587 ducitur,
3593 2531 3646 2574 et
3685 2523 3737 2580 iu

2165 2620 2527 2676 admiratione
2556 2620 2802 2674 habetur.
2864 2619 2920 2685 Si
2949 2620 3069 2688 quis
3101 2633 3226 2672 vero
3268 2627 3378 2682 est,
3413 2617 3502 2684 qui
3558 2615 3738 2684 aliqua

2165 2711 2383 2781 quidem
2416 2711 2541 2764 vitia
2600 2711 2849 2780 corporis
2873 2709 3151 2778 subjugct,
3176 2709 3476 2763 aliisvero.
3501 2707 3656 2759 cedat
3686 2715 3740 2758 ct

2164 2803 2462 2873 subjaceat,
2485 2803 2552 2858 de
2589 2804 2694 2859 isto
2729 2819 2835 2860 nou
2873 2803 3081 2872 integre
3112 2800 3319 2857 dicitur.
3374 2802 3500 2870 quia
3534 2801 3739 2868 princi-

2163 2906 2349 2966 patum
2373 2898 2484 2968 agit
2516 2897 2681 2952 totius
2712 2907 2870 2952 terra:
2922 2893 3166 2967 Egypti,
3201 2896 3315 2959 sed,
3353 2895 3498 2948 verbi
3552 2909 3735 2956 causa,

2165 2990 2324 3044 unius
2347 2989 2508 3052 forte,
2547 3000 2640 3043 aut
2669 2990 2918 3052 duarum,
2947 2988 3220 3042 veltrium
3271 2987 3550 3040 civitatum
3593 2985 3742 3038 vide-

2164 3076 2313 3130 bitur
2369 3091 2559 3146 gerere
2608 3077 2997 3146 principatum.
3046 3077 3246 3145 lusi-ph
3283 3091 3431 3141 vero,
3472 3075 3558 3130 cui
3593 3074 3738 3126 nulla

2167 3167 2410 3234 corporis
2457 3165 2623 3220 libido
2665 3167 2944 3220 dmninata
2998 3176 3102 3232 est,
3148 3166 3314 3220 totius
3341 3163 3556 3234 Egypti
3584 3162 3737 3231 prin--

2163 3264 2372 3324 cepset
2420 3255 2673 3309 dominus
2727 3253 2849 3309 fttit.
2899 3255 3037 3310 Dicit
3085 3270 3219 3325 ergo
3272 3268 3376 3307 non
3405 3252 3516 3322 jam
3550 3249 3736 3312 Iacob,

2163 3350 2255 3405 sed
2305 3347 2468 3404 Israel
2512 3363 2806 3403 reacceaso
2837 3348 3029 3418 Spiritu
3061 3365 3074 3400 :
3113 3347 3368 3417 Magnum
3399 3345 3528 3398 mihi
3561 3352 3658 3408 est,
3693 3347 3737 3397 si

2161 3441 2333 3493 adhuc
2353 3438 2545 3508 Ioseph
2573 3439 2716 3507 ﬁlius
2741 3455 2884 3494 meus
2908 3440 3047 3504 vicit,
3090 3441 3173 3494 ibo
3203 3448 3249 3493 et
3277 3437 3459 3492 videbo
3500 3453 3618 3491 eum
3642 3453 3738 3490 an-

2161 3539 2369 3602 tequam
2416 3530 2640 3587 moriar.
2687 3533 2793 3588 Sed
2851 3548 2920 3589 ne
2955 3533 3056 3587 hoc
3089 3531 3304 3603 quidem
3339 3531 3515 3586 otiose
3569 3528 3738 3583 relinv

2158 3623 2427 3692 queudutn
2461 3633 2567 3690 est,
2598 3624 2744 3695 quod
2774 3640 2879 3681 non
2900 3625 3158 3689 animam,
3186 3623 3281 3679 sed
3313 3622 3588 3692 spiritum,
3616 3630 3740 3674 tan.

2158 3729 2318 3783 quam
2351 3716 2633 3772 meliorem
2665 3717 2748 3771 sui
2801 3725 3037 3787 partem,
3095 3714 3505 3778 resuscitatum,
3535 3711 3618 3766 vel
3648 3727 3735 3766 re-

2161 3822 2450 3862 accensum
2479 3809 2631 3878 dicit.
2663 3809 2934 3879 Splendor
2966 3809 3168 3863 etenim
3219 3806 3379 3870 lucis,
3413 3805 3504 3878 qui
3534 3813 3651 3858 erat
3680 3806 3734 3864 iu

2157 3912 2244 3963 eo,
2269 3900 2433 3953 etiam
2461 3900 2505 3954 si
2541 3901 2844 3956 exstinctus
2873 3900 2925 3954 in
2957 3915 3023 3955 eo
3059 3900 3275 3969 penitus
3309 3913 3417 3952 non
3449 3905 3530 3952 est
3559 3935 3572 3961 ,
3607 3887 3738 3956 tunc

2157 4007 2281 4045 cum
2306 3993 2622 4046 obtulerimt
2650 3993 2740 4046 lilii
2774 3994 2891 4061 ejus
2925 3993 3165 4047 tunicam
3194 3992 3411 4057 Ioseph,
3439 3990 3581 4050 haedi
3609 4005 3736 4043 san-

2158 4080 2322 4150 guine
2354 4084 2700 4146 maculatam,
2747 4084 2842 4137 sed
2889 4084 3170 4139 mendacio
3213 4098 3399 4136 eorum
3431 4081 3604 4149 decipi
3640 4094 3737 4148 p0:-

2160 4172 2281 4233 tuit,
2315 4171 2388 4224 ita
2445 4181 2503 4226 ut
2551 4174 2826 4227 scinderet
2875 4174 3199 4228 vestimenta
3245 4187 3363 4238 sua,
3411 4181 3464 4225 et
3505 4180 3737 4240 poneret

2157 4275 2375 4314 saccum
2399 4277 2565 4330 super
2589 4263 2825 4316 lumbum
2851 4273 3101 4329 suum,et
3122 4263 3332 4331 lugeret
3354 4261 3524 4313 filittm
3552 4276 3734 4324 suum,

2158 4365 2256 4404 nec
2287 4351 2451 4404 vellet
2478 4353 2700 4405 omnino
2733 4355 3025 4417 consolari,
3079 4353 3172 4407 sed
3217 4353 3455 4415 dicet-ct,
3491 4351 3618 4421 quia
3643 4352 3737 4412 de..-

2156 4443 2344 4494 scendo
2378 4444 2445 4497 ad
2477 4445 2641 4514 ﬁlium
2674 4460 2843 4498 meum
2886 4445 3066 4515 lugens
3108 4444 3160 4499 in
3202 4443 3465 4513 infernum
3493 4441 3568 4506 ⁵⁶;
3606 4449 3734 4496 tunc

481 4529 530 4580 ei
554 4528 927 4582 :muuntiatum
956 4529 1023 4583 de
1068 4530 1174 4584 vita
1222 4529 1360 4597 ejus,
1397 4531 1562 4585 veluti
1601 4531 1871 4587 defecerat
1899 4535 1950 4588 in
1987 4549 2052 4589 eo
2085 4549 2129 4604 ι)
2158 4532 2318 4588 etiam
2351 4535 2417 4598 si,
2464 4544 2522 4586 ut
2553 4533 2815 4600 diximus,
2847 4550 2950 4587 non
2983 4542 3102 4587 erat
3143 4533 3360 4602 penitus
3403 4531 3730 4587 exstinctum

481 4619 706 4684 spiritus
729 4618 866 4687 ejus,
901 4629 954 4673 et
979 4621 1156 4676 lumen
1191 4624 1334 4691 quod
1363 4623 1413 4676 iu
1467 4624 1582 4693 ipso
1613 4623 1746 4688 fuit,
1793 4623 2052 4682 fomentis

482 4709 987 4779 deficientibusjam
1020 4711 1196 4766 fuerat
1245 4713 1617 4769 obscuratum.
1656 4714 1754 4770 Ubi
1787 4732 1916 4770 vero
1957 4732 2049 4773 ve-

483 4810 698 4865 nerunt,
728 4804 816 4870 qui
842 4803 888 4857 ei
919 4806 1306 4858 annuntiarent
1331 4805 1396 4858 de
1419 4806 1523 4859 vita
1556 4806 1696 4874 ejus,
1741 4785 1792 4860 id
1823 4817 1907 4862 est
1953 4812 2048 4877 qui

483 4891 746 4957 dicerent,
763 4947 765 4949 ,
782 4895 907 4962 quia
931 4895 1038 4948 rita
1064 4904 1174 4947 erat
1201 4895 1294 4948 tua:
1315 4896 1585 4952 hominum
1610 4898 1680 4962 ⁵⁸,
1739 4901 2050 4955 reaccendit

483 4981 536 5035 in
559 4999 616 5038 se
648 4987 897 5054 spiritum
927 5003 1109 5051 suum,
1135 4998 1189 5043 et
1233 4999 1517 5060 reparatus
1540 4998 1623 5044 est
1653 4989 1704 5044 itt
1755 5003 1820 5044 eo
1871 4988 2050 5062 fulgor

482 5073 700 5131 luminis
732 5078 864 5134 veri.

550 5168 603 5222 5.
646 5169 796 5237 Quod
857 5182 1040 5228 autem
1092 5175 1262 5244 possit
1319 5175 1592 5231 interdum
1641 5176 1858 5233 divinus
1905 5177 2050 5246 ignis

479 5259 746 5330 exstingui
770 5263 934 5317 etiam
969 5265 1020 5318 in
1055 5270 1258 5321 sanctis
1280 5274 1334 5321 et
1365 5265 1636 5330 fidelibus,
1677 5268 1799 5326 audi
1833 5277 2052 5336 aposto-

480 5344 587 5403 lum
609 5349 832 5408 Paulum
859 5356 1256 5426 praecipientem
1281 5358 1390 5422 his,
1420 5359 1511 5428 qui
1557 5360 1696 5415 dona
1727 5361 1961 5432 Spiritus
1994 5369 2050 5418 et

549 5510 593 5541 "
629 5507 828 5564 Excch.
867 5526 1020 5574 xvttt,
1053 5512 1104 5566 4.
1180 5513 1226 5545 ⁸³
1254 5514 1386 5567 Dan.
1413 5529 1532 5576 xm,
1589 5513 1680 5570 22.
1753 5513 1798 5548 ”
1831 5513 2028 5569 Gencs.
2082 5531 2143 5573 ιι.
2175 5516 2262 5569 17.

477 5594 518 5648 1.
551 5579 606 5633 4.
683 5580 728 5611 ⁸⁸
776 5579 793 5633 l
831 5580 1021 5636 Thess.
1049 5597 1100 5645 v,
1129 5583 1215 5639 19.

570 5695 658 5765 98)
693 5696 845 5759 Mss.,
877 5697 1084 5760 viveret,
1115 5699 1270 5765 alias,
1294 5700 1512 5757 vivebat.

2158 4625 2213 4677 in
2248 4639 2310 4678 co
2339 4624 2539 4687 lutuen,
2568 4625 2806 4679 maxima
2840 4636 3018 4683 tamen
3055 4641 3118 4680 ex
3147 4634 3302 4694 parte
3331 4623 3510 4677 fuerat
3532 4621 3731 4684 obscu-

2155 4723 2360 4780 ratum,
2397 4719 2540 4787 quod
2592 4716 2762 4783 decipi
2800 4718 2993 4786 potuit,
3043 4719 3188 4786 quod
3219 4716 3540 4770 vestimenta
3585 4713 3730 4767 scin-

2133 4809 2306 4874 .dere,
2339 4809 2479 4876 quod
2532 4808 2670 4862 falso
2719 4808 2918 4878 lugere,
2981 4811 3122 4877 quod
3164 4809 3454 4878 implorare
3476 4817 3732 4884 mortem,

2136 4899 2301 4968 quod
2327 4899 2378 4952 in
2416 4898 2684 4953 infernum
2718 4909 2940 4969 cuperet
2965 4899 3196 4969 lugendo
3218 4899 3570 4953 descendere.
3593 4895 3730 4951 Pro-

2157 4997 2278 5062 pter
2306 4990 2419 5043 hacc
2450 5004 2580 5059 ergo
2610 5005 2753 5043 nunc
2786 4991 3073 5045 resuscitat
3127 4998 3181 5044 et
3219 4988 3530 5053 reaccendit
3553 4986 3731 5056 spiri-

2160 5092 2270 5136 tum
2307 5098 2484 5147 suum,
2516 5082 2642 5152 quia
2686 5097 3029 5154 consequens
3059 5091 3201 5147 erat,
3242 5081 3553 5144 ut,lumert,
3584 5079 3730 5149 quod

2159 5174 2210 5228 in
2235 5190 2300 5228 eo
2332 5161 2717 5228 obscuravcrat
2745 5177 2893 5231 fraus
2918 5169 3217 5241 mendacii,
3254 5172 3643 5231 reacccnderet
3672 5177 3731 5222 et

2157 5267 2437 5329 refoveret,
2455 5269 2699 5329 veritatis
2724 5269 2960 5324 auditus.

2226 5359 2280 5416 ι.
2321 5360 2517 5416 Verum
2547 5361 2675 5431 quia
2704 5361 2960 5427 diximus,
2981 5357 3126 5430 quod
3153 5354 3322 5413 Iacob
3343 5362 3426 5410 est
3455 5351 3544 5422 qui
3575 5363 3726 5404 reac-

3483 5501 3530 5535 ³²
3559 5499 3724 5563 toan.

2337 5516 2382 5547 ⁵⁸
2410 5513 2611 5570 Gcnes.
2644 5530 2727 5577 nt,
2753 5514 2808 5568 4.
2883 5513 3134 5567 "Gencs.
3159 5523 3284 5573 ιιν,
3315 5505 3407 5561 27.

1290 5584 1338 5615 "
1385 5583 1582 5640 Cenes.
1631 5599 1756 5649 xcv,
1800 5584 1893 5648 27.
1925 5583 2014 5638 28.
2091 5584 2138 5621 ⁸⁵
2175 5585 2331 5648 ibid.,
2359 5585 2452 5642 26.
2525 5586 2572 5617 ⁸⁸
2597 5587 2791 5641 Cenes.
2827 5597 3036 5646 xxxvii,
3061 5581 3152 5636 35.

570 5763 659 5835 99)
684 5765 842 5829 Editi,
882 5769 1188 5823 resuscitare
1216 5763 1372 5839 quam
1413 5771 1817 5828 reaccendere...
1848 5782 1894 5826 et
1929 5774 2171 5846 reignire.
2204 5773 2270 5824 At
2304 5786 2430 5824 mss.
2465 5781 2522 5824 ut
2550 5771 2600 5823 in
2639 5777 2823 5824 nostro
2855 5775 3032 5822 textu.
