4132 6408
418 370 526 427 ειδ

1922 343 2175 401 OIIIGEN
2186 345 2243 399 IS

3594 327 3699 382 Eli-1

415 489 600 547 camlit
634 483 885 556 spiritum
915 495 1108 545 suum;
1161 477 1325 533 Israel
1361 490 1493 530 vero
1538 482 1645 536 est,
1680 470 1772 541 qui
1830 466 1997 522 dicit:
2031 464 2078 520 Α
2108 458 2292 522 dabat,
2330 455 2492 513 Israel
2522 452 2923 526 appellabatur.
2954 451 3101 509 Sane
3133 451 3277 523 quod
3311 448 3537 515 dicitur,
3565 452 3692 517 quia

418 580 678 647 Magnum
701 578 830 631 mihi
856 585 951 641 est,
977 575 1022 627 si
1049 573 1220 627 adhuc
1260 569 1408 635 ﬁlius
1438 585 1583 623 meus
1612 565 1809 634 Ioseph
1858 563 2005 627 vivit,

417 683 572 742 potes
633 680 687 725 et
717 678 795 735 tu,
823 669 915 738 qui
969 668 1086 721 lure
1139 663 1315 727 audis,
1347 661 1616 730 incipiens
1656 658 1725 712 ab
1757 671 1823 710 eo
1862 655 2005 719 locu,

417 764 505 815 ubi
534 763 804 830 scriptum
827 767 912 813 est
943 758 1012 821 ³⁷,
1032 757 1155 825 quia
1190 754 1326 807 dixit
1363 753 1429 815 ei,
1460 751 1576 806 Iam
1605 766 1707 804 non
1730 748 1896 803 Iacob
1919 764 2009 801 vo-

416 851 629 904 cabitur
670 866 858 903 nomen
906 856 1075 906 tuum,
1111 844 1203 899 sed
1246 842 1438 905 Israel,
1464 841 1589 912 quia
1624 838 1898 893 iuvaluisti
1936 839 2006 891 ad

418 942 614 1008 Deum,
645 954 693 997 et
737 957 855 995 cum
893 939 1188 993 hominibus
1228 946 1407 990 volens
1449 934 1622 1004 [actus
1655 948 1741 997 es;
1787 947 2004 987 omnem

415 1037 759 1104 Set-iptnram
800 1034 1120 1097 decurrens,
1154 1032 1403 1087 invenire
1431 1029 1591 1097 huius
1618 1028 1867 1084 voeabuli
1902 1025 2007 1081 dil-

418 1126 733 1181 lcreutiam.
765 1122 925 1178 Verbi
954 1137 1139 1189 causa,
1172 1137 1294 1177 cum
1328 1122 1461 1176 dicit
1488 1121 1533 1152 ⁸⁸
1561 1137 1573 1172 :
1612 1120 1880 1174 Annuntia
1905 1118 2005 1171 mi-

415 1218 467 1268 hi
494 1233 681 1271 nomen
713 1229 882 1281 tuum,
910 1216 997 1271 llic
1024 1217 1070 1271 is
1097 1216 1187 1285 qui
1216 1216 1428 1286 ignorat
1462 1228 1683 1279 nomen,
1707 1227 1812 1266 non
1834 1210 2002 1265 Israel

418 1323 537 1361 esse
564 1308 785 1373 dicitur,
813 1309 906 1363 sed
930 1306 1120 1363 Iacob.
1150 1307 1253 1363 Ubi
1285 1323 1415 1362 vero
1441 1322 1543 1360 non
1577 1307 1737 1360 edunt
1766 1320 1999 1367 nervum,

416 1402 506 1472 qui
537 1400 802 1471 obstupuit
864 1403 918 1455 in
970 1401 1248 1455 latitudine
1304 1400 1519 1469 femoris
1572 1398 1895 1470 patriarchae
1932 1397 1998 1464 ",

418 1510 525 1547 non
565 1493 661 1547 lilii
710 1493 902 1558 Iacob,
951 1494 1046 1547 sed
1094 1491 1192 1545 lilii
1226 1491 1391 1545 Israel
1436 1505 1557 1545 esse
1594 1491 1872 1544 dicuntur.
1906 1487 2001 1542 Ille

419 1595 547 1633 vero
572 1581 661 1648 qui
699 1581 1020 1649 respiciens,
1058 1578 1197 1633 vidit
1227 1579 1370 1633 Esau
1409 1579 1739 1641 venientem,
1792 1587 1997 1633 etcum

418 1672 537 1740 ipso
563 1672 989 1742 quadringentos
1022 1671 1192 1739 viros,
1230 1683 1282 1728 et
1310 1673 1562 1726 adoravit
1596 1672 1799 1742 septies
1823 1670 1997 1727 forni-

415 1776 681 1831 catorem,
733 1776 786 1822 et
841 1766 1153 1836 profanum,
1204 1777 1257 1822 et
1295 1781 1417 1822 eum
1457 1767 1549 1837 qui
1582 1782 1681 1836 pro
1732 1782 1837 1820 una
1871 1781 1995 1821 esca

414 1860 658 1913 vendidit
706 1860 1066 1932 primogenita
1125 1875 1244 1924 sua,
1296 1874 1403 1915 non
1455 1858 1643 1917 Israel.
1697 1859 1792 1913 sed
1828 1857 2001 1913 Iacob
2034 1829 2077 1885 Β

413 1949 628 2003 dicitur.
682 1949 787 2005 Sed
833 1958 888 2005 et
917 1967 1037 2005 cum
1074 1952 1121 2007 ei
1166 1949 1324 2005 oll'ert
1356 1951 1494 2005 dona
1516 1990 1531 2015 ,
1583 1958 1635 2003 et
1660 1950 1791 2005 dicit
1820 1950 1864 1981 °°
1893 1968 1906 2003 :
1941 1948 1998 2003 Si

411 2043 588 2098 inveni
609 2045 836 2114 gratiam
864 2062 1039 2099 coram
1076 2056 1146 2110 te,
1174 2046 1376 2113 suscipe
1402 2043 1515 2097 haec
1540 2059 1760 2096 munera
1786 2043 1851 2096 de
1880 2059 1996 2095 ma-

413 2135 567 2188 nibus
602 2136 746 2198 meis,
785 2147 996 2206 propter
1024 2140 1163 2207 quod
1194 2135 1298 2190 vidi
1327 2134 1517 2204 [aciem
1541 2144 1709 2197 tuam,
1737 2136 1871 2188 sicut
1903 2138 1996 2206 qui

411 2226 549 2280 videt
569 2227 761 2296 faciem
790 2229 926 2293 Dei;
964 2229 1054 2284 hic
1083 2244 1187 2284 non
1221 2241 1340 2285 erat
1368 2231 1557 2299 Israel,
1590 2235 1684 2290 sed
1715 2234 1905 2290 Iacob.
1932 2233 1998 2289 Et

411 2321 502 2375 ubi
528 2322 885 2391 audivitquia
913 2323 1282 2378 contaminata
1324 2332 1409 2381 est
1444 2327 1576 2381 Dina
1619 2328 1731 2382 lilia
1763 2328 1903 2399 ejus,
1940 2337 1998 2382 et

412 2414 577 2466 tacuit
629 2410 832 2480 Iacob,
896 2432 1181 2486 usqueqno
1255 2421 1615 2476 convenirent
1677 2420 1770 2476 lilii
1835 2420 1992 2490 ejus;

410 2520 515 2558 non
574 2505 772 2561 dicitur
804 2506 990 2565 Israel.
1024 2508 1129 2564 Sed
1186 2521 1241 2565 et.
1271 2521 1353 2580 ιιι,
1416 2525 1474 2568 ιιι
1514 2514 1654 2580 dixi,
1718 2515 1916 2571 similia
1950 2516 1993 2570 si

410 2597 688 2661 observes,
749 2598 1012 2655 invenies.
1073 2599 1129 2656 In
1202 2606 1459 2670 prtesenli
1517 2607 1681 2677 igitur
1733 2607 1992 2671 lectione,

410 2697 516 2737 non
571 2681 764 2750 Iacob,
821 2688 915 2741 sed
976 2688 1139 2745 Israel
1205 2693 1663 2766 dicitzﬂagnum
1719 2699 1849 2751 mihi
1894 2706 1991 2761 est,

407 2775 453 2825 si
501 2774 673 2829 adhuc
722 2776 866 2844 ﬁlius
938 2798 1083 2837 meus
1136 2781 1331 2854 Ioseph
1388 2786 1535 2842 vivit.
1588 2788 1699 2844 Sed
1759 2800 1814 2844 et
1865 2804 1991 2845 eum

414 2865 565 2935 ιοι
601 2869 744 2922 venit
766 2874 833 2927 ad
870 2883 1093 2943 pilleum
1129 2875 1457 2943 duramenti,
1489 2888 1546 2934 et
1587 2880 1747 2936 oﬂ'ert
1776 2882 1982 2938 hostias

411 2954 521 3015 Deo
552 2959 723 3032 palris
752 2965 834 3017 sui
860 2962 1033 3029 Isaac,
1068 2981 1173 3021 non
1206 2963 1378 3022 Iacob
1413 2967 1634 3032 dicitur,
1669 2968 1764 3023 sed
1804 2968 1991 3025 Israel.

414 3052 610 3106 Verum
639 3056 683 3109 si
738 3056 985 3125 requiras
1012 3098 1026 3125 ,
1060 3073 1163 3112 cur
1196 3058 1249 3113 in
1297 3057 1416 3113 visu
1466 3068 1626 3115 nocte
1658 3059 1887 3129 loquens
1925 3059 1992 3115 ad

407 3160 528 3198 emn
557 3146 719 3213 Dens,
738 3162 845 3200 non
879 3147 1009 3202 dicit
1033 3146 1223 3214 Israel,
1251 3149 1345 3204 sed
1379 3148 1570 3215 Iacob,
1604 3150 1743 3205 forte
1773 3160 1994 3220 propter
2026 3186 2072 3247 ε

410 3239 537 3298 hoc.
575 3240 702 3307 quia
729 3255 832 3293 nox
862 3249 1003 3305 erat,
1037 3250 1090 3295 et
1113 3242 1294 3296 adhuc
1314 3256 1411 3311 per
1443 3243 1640 3307 vistun,
1671 3251 1725 3296 et
1758 3243 1995 3297 nondum

409 3329 585 3397 palam
609 3346 795 3386 vocem
824 3330 914 3385 Dei
939 3332 1131 3387 audire
1163 3331 1496 3387 merebatur.
1522 3333 1733 3389 Etcum
1759 3333 1924 3388 intrat
1943 3334 1997 3388 in

405 3421 727 3493 Egyptmn,
759 3439 864 3478 non
900 3424 1088 3492 Israel,
1114 3428 1208 3480 sed
1239 3424 1409 3481 Iacob
1431 3427 1652 3492 dicitur,
1685 3436 1740 3481 et
1764 3426 1855 3480 lilii
1881 3425 1997 3493 ejus

408 3532 533 3569 cum
567 3517 707 3586 ipso,
730 3526 785 3571 et
815 3531 938 3571 cum
963 3526 1069 3572 stat
1092 3526 1221 3573 ante
1248 3517 1614 3585 Pharaonem,
1635 3528 1694 3572 ut
1713 3518 2000 3574 benedicat

409 3624 559 3673 cuiu,
588 3625 696 3664 non
732 3608 921 3677 Israel,
950 3609 1046 3665 sed
1074 3610 1247 3666 Iacob
1281 3611 1614 3668 nominatur.
1643 3610 1827 3680 Neque
1849 3611 1996 3665 enim

408 3701 660 3771 capiebat
681 3700 897 3757 Pharao
915 3702 1128 3758 Israelis
1149 3702 1603 3760 benedictionem.
1620 3704 1684 3758 Et
1701 3702 1872 3758 Iacob
1890 3718 1995 3759 non

410 3792 572 3847 Israel
600 3804 708 3858 est,
734 3794 824 3862 qui
876 3793 1011 3848 dicit
1044 3796 1110 3849 ad
1159 3792 1546 3860 Pharaonem,
1580 3797 1707 3865 quia
1739 3795 1889 3864 parvi
1942 3805 1999 3850 et

409 3886 629 3953 pessimi
652 3894 778 3941 sunt
805 3886 917 3940 dies
944 3887 1065 3941 vita:
1094 3903 1203 3942 sua:
1228 3888 1294 3940 ⁶¹.
1319 3886 1472 3954 Quod
1500 3888 1688 3958 utique
1718 3902 1994 3958 nunquam

409 3979 616 4034 diceret
652 3979 836 4034 Israel.
864 3979 996 4035 Post
1029 3981 1142 4036 brec
1177 3996 1330 4048 vero,
1364 3997 1469 4035 non
1499 3982 1566 4037 de
1590 3980 1782 4045 Iacob,
1807 3980 1901 4035 sed
1929 3982 1997 4035 de

408 4070 571 4127 Israel
605 4073 805 4127 dicitur
831 4072 897 4137 ⁶²,
928 4075 1051 4141 quia
1088 4076 1284 4129 vocavit
1310 4074 1482 4143 filium
1516 4091 1669 4128 suum
1697 4074 1916 4143 Ioseph,
1944 4082 1995 4128 et

405 4167 542 4218 dixit
571 4167 619 4219 ei
662 4180 679 4218 :
732 4166 791 4221 Si
823 4168 997 4221 inveni
1029 4172 1255 4237 gratiam
1307 4170 1359 4221 in
1394 4180 1671 4236 conspectu
1718 4180 1834 4229 tuo,
1863 4182 1995 4236 pone

404 4274 621 4311 manum
670 4268 814 4311 tuam
847 4262 942 4312 sub
976 4260 1172 4328 femore
1206 4276 1342 4324 meo,
1389 4270 1439 4314 et
1491 4260 1652 4329 [acies
1698 4276 1857 4328 super
1912 4274 1993 4310 me

404 4351 822 4406 miscricordiam
862 4362 911 4407 et
949 4356 1239 4408 veritatem.
1307 4354 1375 4409 Et
1413 4356 1502 4424 qui
1529 4355 1779 4410 adoravit
1829 4367 1993 4422 super

407 4446 684 4513 fastigium
718 4449 881 4515 virga:
911 4446 1134 4516 Ioseph,
1166 4464 1272 4502 non
1306 4457 1429 4501 erat
1457 4447 1652 4511 Iacob,
1678 4448 1772 4502 sed
1801 4446 1987 4501 Israel.

2117 552 2449 622 sepelierunt
2476 548 2785 619 sepultores
2807 546 3023 618 Egypti
3049 561 3153 601 non
3178 544 3367 609 Iacob,
3390 543 3485 599 sed
3508 539 3699 609 Israel,

2115 648 2340 716 grandis
2372 645 2590 701 videtur
2611 643 2861 714 quaestio.
2894 642 3002 697 Sed
3033 656 3135 710 ego
3160 639 3420 700 arbitror,
3454 636 3597 707 quod
3627 634 3696 690 il-

2115 738 2294 793 lorum
2323 739 2377 792 in
2406 738 2510 792 hoc
2538 737 2726 791 vitium
2749 742 3076 804 exponetur,
3099 730 3320 801 quibus,
3349 743 3447 799 pro
3470 742 3534 782 eo
3551 725 3697 797 quod

2113 845 2316 888 exosus
2345 839 2433 884 est
2463 830 2643 885 omnis
2701 826 3009 883 intellectus
3046 825 3315 879 bonorum
3343 861 3359 887 ,
3410 830 3465 877 et
3516 819 3695 875 omnis

2114 926 2457 996 perspicacia
2485 922 2861 994 intelligentia:
2894 918 3155 977 caelestis.
3187 916 3353 971 Israel
3407 913 3475 969 ab
3499 914 3579 970 eis
3606 928 3695 967 se—

2113 1019 2271 1089 peliri
2303 1020 2551 1085 dicatur;
2585 1017 2711 1087 quia
2746 1015 2886 1085 apud
2916 1013 3111 1085 impios
3135 1010 3312 1067 sancti
3340 1015 3539 1063 mortut
3566 1013 3693 1059 sunt

2112 1124 2165 1170 et
2199 1113 2418 1184 sepulti.
2453 1113 2578 1166 Ilzec
2633 1111 2685 1164 in
2720 1116 2983 1178 quantum
3022 1107 3089 1158 ad
3121 1118 3365 1173 praesens
3394 1111 3693 1155 occurrere

2111 1207 2288 1276 potuit
2318 1206 2383 1261 de
2413 1201 2714 1260 dill'erentia
2749 1199 2918 1256 Iacob
2951 1206 3006 1253 et
3030 1196 3222 1263 Israel,
3255 1206 3556 1250 memorata
3581 1193 3694 1248 sint

2110 1299 2289 1353 nobis.

2182 1390 2235 1445 5.
2269 1389 2502 1461 Dignum
2526 1401 2658 1444 sane
2699 1396 2821 1458 post
2848 1386 2963 1441 hare
2997 1383 3212 1437 videtur
3241 1380 3441 1436 intueri
3472 1390 3526 1433 et
3562 1391 3691 1449 pro-

2110 1484 2347 1551 spicere,
2377 1496 2496 1549 qua‘:
2526 1480 2595 1533 ad
2631 1480 2808 1548 ipsum
2855 1479 2996 1531 Dens
3021 1476 3299 1544 loquntur,
3335 1482 3389 1526 et
3416 1470 3691 1539 quomodo

2108 1589 2254 1637 eum,
2287 1572 2435 1630 velut
2466 1572 2533 1626 ad
2559 1568 2825 1640 quosdam
2870 1582 3073 1639 agones
3105 1563 3536 1635 proficiscentem
3567 1575 3691 1613 eor-

2112 1668 2382 1721 roborans
2433 1675 2486 1718 et
2531 1663 2850 1725 cohortalis,
2888 1661 3067 1714 mittat
3116 1659 3183 1711 ad
3221 1656 3534 1726 Egyptum.
3600 1652 3692 1706 Ait

2108 1758 2254 1811 enim
2280 1756 2364 1810 υς
2400 1754 2530 1810 Νοιί
2558 1757 2739 1810 timere
2779 1754 3093 1807 descendere
3135 1752 3191 1804 in
3240 1747 3553 1817 zEgyptum,
3586 1747 3689 1799 hoc

2109 1860 2193 1905 est
2219 1850 2403 1905 dicere
2434 1868 2449 1899 :
2490 1848 2893 1918 Cougressurus
2947 1845 3212 1899 adversus
3264 1840 3602 1910 principatus
3635 1847 3691 1893 et

2108 1950 2429 2010 potestates,
2455 1948 2511 1993 et
2535 1940 2800 1992 adversus
2839 1933 3026 1989 mundi
3057 1931 3215 2000 hujus
3248 1929 3360 1997 (qui
3393 1926 3691 1996 lignraliter

2108 2034 2380 2106 Egyptns
2408 2030 2761 2103 appellatur)
2794 2039 3033 2083 rectores
3086 2025 3433 2079 tenebrarum
3471 2020 3687 2082 harum,

2107 2130 2216 2184 noli
2252 2131 2466 2193 timere,
2504 2126 2610 2182 noli
2638 2126 2932 2195 trepidare.
2956 2121 3111 2188 Quod
3147 2120 3189 2173 si
3219 2126 3273 2173 et
3299 2131 3520 2170 causam
3548 2114 3689 2167 scire

2105 2223 2187 2279 vis
2225 2235 2326 2276 cur
2383 2221 2576 2279 timere
2633 2234 2739 2273 non
2792 2215 3037 2279 debeas,
3090 2213 3213 2265 audi
3266 2207 3683 2279 promissionem

2107 2334 2283 2373 meam
2322 2316 2367 2349 ⁸⁵
2401 2332 2416 2373 :
2449 2314 2517 2368 In
2561 2323 2765 2384 gentem
2797 2310 2938 2364 enim
2973 2321 3221 2377 magnam
3253 2303 3448 2371 {nciam
3502 2313 3551 2354 te
3590 2300 3683 2364 ibi,

2104 2423 2151 2466 et
2186 2411 2502 2466 descendam
2533 2417 2701 2461 tecum
2744 2402 2799 2458 in
2821 2401 3114 2472 [Egyptum
3140 2440 3153 2464 ,
3207 2411 3253 2453 et
3294 2413 3388 2467 ego
3437 2405 3485 2449 te
3535 2408 3687 2446 revo-

2106 2505 2234 2558 cubo
2268 2503 2390 2556 inde
2417 2502 2473 2555 in
2510 2499 2695 2568 ﬁnem.
2748 2494 2862 2549 Non
2895 2508 3025 2561 ergo
3061 2495 3214 2545 timet
3249 2489 3581 2544 deat-elidere
3630 2486 3682 2540 in

2104 2594 2399 2666 Egyptum
2426 2635 2441 2659 ,
2478 2606 2585 2645 non
2619 2590 2773 2643 timet
2823 2600 3024 2655 agones
3057 2582 3215 2652 hujus
3257 2578 3443 2634 mundi
3480 2586 3534 2630 et
3586 2575 3685 2629 ob-

2103 2685 2411 2741 sistentium
2443 2684 2745 2737 d.emonum
2776 2679 2959 2734 Subire
2994 2674 3292 2730 certamina
3318 2713 3333 2736 ,
3393 2686 3516 2723 cum
3576 2679 3684 2734 quo

2103 2778 2156 2832 in
2186 2789 2389 2847 agones
2436 2771 2780 2829 descenderit
2822 2770 2983 2823 Deus.
3016 2766 3259 2835 Denique
3304 2762 3430 2816 audi
3462 2769 3681 2830 aposto-

2100 2868 2213 2923 lum
2239 2866 2461 2923 Paulum
2486 2866 2757 2919 dicentem
2783 2879 2797 2915 :
2830 2860 3085 2927 Amplius,
3118 2858 3292 2926 inquit
3318 2853 3383 2916 ⁸⁸.
3406 2870 3497 2923 ego
3524 2867 3682 2921 quam

2102 2977 2279 3019 omnes
2306 2961 2387 3013 illi
2412 2959 2671 3020 laboravi,
2707 2972 2809 3010 non
2839 2965 3013 3007 autem
3066 2968 3159 3019 ego
3189 2989 3202 3013 ,
3240 2950 3328 3001 sed
3375 2946 3548 3017 gratia
3585 2944 3681 2997 Dei

2101 3071 2329 3110 mecum.
2363 3054 2471 3107 Sed
2517 3066 2640 3105 cum
2675 3046 3065 3116 Hierosolymis
3096 3045 3357 3097 adversus
3381 3056 3505 3094 eum
3533 3052 3681 3092 com-

2103 3157 2249 3204 mota
2288 3146 2483 3200 luisset
2513 3144 2712 3199 seditio
2737 3182 2752 3207 ,
2804 3150 2855 3196 et
2885 3152 3112 3208 agonem
3170 3132 3530 3189 clarissimum
3583 3145 3684 3199 pro

2104 3242 2271 3294 verbo
2298 3246 2352 3291 et
2381 3234 2772 3307 praedicatione
2815 3228 3027 3285 Domini
3057 3226 3364 3287 desudaret,
3406 3220 3581 3275 astitit
3630 3219 3681 3273 ei

2105 3327 2405 3391 Dominus,
2461 3335 2517 3381 et
2567 3325 2704 3378 dixit
2759 3323 2949 3376 eadem
2983 3334 3104 3387 quae
3142 3332 3283 3369 nunc
3311 3314 3567 3368 dicuntur
3617 3315 3683 3369 ad

2102 3420 2308 3474 Israel:
2344 3417 2498 3480 Noli,
2536 3415 2712 3484 inquit
2737 3413 2801 3475 ετ,
2833 3413 3032 3473 timere,
3070 3407 3259 3469 Paule,
3287 3405 3411 3474 quia
3442 3406 3573 3457 sicut
3611 3413 3686 3455 te-

2100 3514 2366 3581 stiﬁcatus
2414 3527 2466 3564 es
2500 3511 2564 3563 de
2608 3525 2688 3561 me
2731 3504 3113 3573 Hierosolymis
3138 3540 3151 3563 ,
3192 3501 3266 3553 ita
3321 3510 3370 3551 te
3408 3506 3604 3565 oportet
3632 3504 3683 3549 et

2102 3607 2282 3662 Roma:
2311 3602 2671 3658 testimonium
2715 3601 2863 3652 dare.
2888 3595 3089 3650 Verum
3114 3608 3217 3664 ego
3249 3592 3482 3662 amplius
3509 3590 3683 3642 adhuc

2100 3701 2304 3768 aliquid
2330 3700 2433 3753 hoc
2463 3698 2514 3750 in
2553 3696 2673 3749 loco
2708 3693 2947 3747 arbitror
2983 3691 3154 3744 latere
3203 3687 3470 3758 mysterii.
3506 3684 3686 3738 Movet

2100 3792 2247 3848 enim
2281 3804 2367 3844 me
2400 3788 2545 3857 quod
2572 3785 2716 3838 dixit
2746 3782 2791 3815 "
2819 3800 2833 3837 :
2864 3780 2930 3835 In
2966 3792 3169 3851 gentem
3201 3794 3447 3849 magnam
3488 3776 3682 3843 {nciam

2099 3896 2148 3939 te
2178 3893 2226 3937 et
2259 3880 2577 3937 descendam
2620 3888 2788 3931 tecum
2828 3876 2884 3929 in
2917 3872 3231 3944 ﬁgyptum,
3278 3880 3328 3924 et
3368 3872 3486 3923 inde
3515 3879 3561 3921 te
3596 3882 3682 3921 re-

2099 3977 2295 4031 vocabo
2330 3975 2386 4027 in
2423 3972 2604 4041 ﬁnem.
2641 3970 2778 4037 Quis
2830 3978 2915 4023 est
2968 3969 3106 4032 iste,
3164 3962 3259 4034 qui
3306 3962 3480 4018 factus
3510 3970 3594 4016 est
3629 3960 3681 4013 in

2098 4079 2316 4141 gentem
2376 4079 2629 4134 magnam
2662 4063 2715 4117 in
2744 4060 2978 4131 Egypto
3002 4099 3018 4125 ,
3058 4068 3115 4113 et
3140 4056 3194 4112 in
3242 4058 3348 4110 line
3399 4062 3683 4108 revocatus

2097 4160 2220 4215 est?
2254 4157 2530 4224 Quantum
2563 4155 2633 4209 ad
2658 4152 2825 4209 Iacob
2864 4150 2995 4206 illud
3050 4157 3285 4220 spectat,
3314 4147 3383 4202 de
3411 4160 3520 4217 quo
3572 4143 3682 4198 dici

2098 4260 2343 4321 putatur,
2378 4264 2485 4305 non
2517 4246 2792 4302 videbitur
2813 4257 2933 4299 esse
2965 4257 3180 4299 verum.
3211 4240 3327 4295 Non
3353 4240 3497 4294 enim
3527 4251 3682 4291 revo—

2097 4354 2254 4401 catus
2288 4354 2372 4398 est
2401 4343 2454 4398 in
2481 4340 2642 4396 linem
2675 4340 2743 4394 de
2764 4336 3021 4407 Egypto,
3048 4335 3249 4404 quippe
3278 4332 3367 4402 qui
3394 4330 3684 4384 defunctus

2098 4438 2152 4491 in
2186 4436 2424 4506 Egypto
2457 4442 2562 4487 est.
2590 4429 2903 4485 Absurdum
2935 4437 3115 4481 autem
3139 4425 3263 4489 erit,
3300 4423 3348 4477 si
3379 4421 3501 4491 quis
3538 4421 3589 4474 in
3618 4433 3683 4473 eo

402 4533 540 4588 Tum
570 4537 765 4590 deinde
797 4555 919 4590 cum
952 4539 1223 4593 benedicit
1268 4539 1379 4592 lilin
1411 4537 1636 4608 Ioseph,
1667 4539 1828 4593 Israel
1853 4540 1990 4594 dici-

2104 4540 2417 4584 revocatum
2444 4525 2579 4580 dicit
2618 4538 2649 4575 a
2680 4522 2791 4578 Deo
2822 4519 3012 4583 Iacob,
3045 4518 3173 4589 quia
3205 4531 3403 4586 corpus
3436 4514 3553 4583 ejus
3598 4529 3683 4568 re-

405 4638 515 4680 tur.
556 4627 624 4681 Et
655 4644 778 4681 cum
819 4641 1082 4683 convocat
1117 4629 1258 4686 lilios
1303 4646 1467 4697 suos,
1502 4632 1635 4686 dicit
1669 4632 1714 4662 ⁸³
1742 4650 1754 4685 :
1788 4633 1991 4687 Conve-

406 4719 512 4772 nile
542 4726 601 4770 ut
631 4721 939 4773 annuntiem
974 4721 1120 4775 vobis
1160 4760 1175 4786 ,
1206 4738 1325 4791 qua:
1374 4724 1607 4777 evenient
1636 4724 1777 4777 vobis
1807 4725 1860 4776 in
1898 4741 1993 4778 no-

405 4811 633 4866 rissimis
659 4812 863 4867 diebus.
909 4814 1332 4885 Congregamini,
1373 4815 1474 4883 ﬁlii
1507 4816 1695 4880 Iacob,
1728 4826 1774 4870 et
1809 4817 1991 4870 audite

404 4905 583 4960 Israel
605 4918 811 4974 patrem
843 4917 1093 4964 vestrum.
1123 4908 1229 4964 Sed
1260 4909 1492 4964 fortasse
1522 4910 1787 4978 requires,
1820 4925 1990 4979 quare

408 4999 502 5053 lilii
544 4997 713 5055 Iacob
760 5001 1038 5067 dicuntur,
1079 5001 1171 5071 qui
1227 5002 1599 5067 conveniunt;
1644 5001 1808 5056 Israel
1860 5016 1990 5056 vero

405 5091 625 5158 dicitur,
665 5092 755 5162 qui
789 5091 1066 5149 benedicit
1090 5107 1205 5147 eos.
1244 5090 1379 5148 Vide
1410 5106 1478 5147 ne
1519 5092 1658 5147 forte
1710 5094 1812 5146 hoc
1846 5093 1987 5146 indi-

407 5195 580 5248 cetur,
610 5186 753 5257 quod
779 5185 855 5241 illi
903 5186 1141 5241 nondum
1168 5200 1233 5240 eo
1280 5201 1452 5255 usque
1488 5184 1838 5253 profecerant
1864 5225 1877 5247 ,
1935 5196 1994 5239 ut

406 5278 573 5333 Israel
630 5278 841 5333 meritis
872 5287 1239 5350 aequarentur.
1288 5278 1355 5331 Et
1384 5278 1507 5333 ideo
1540 5277 1617 5331 illi
1673 5277 1767 5330 lilii
1823 5275 1994 5331 Iacob

407 5369 673 5425 dicuntur
713 5381 974 5440 tanquam
1030 5368 1359 5435 inferiores,
1411 5370 1503 5424 ille
1554 5384 1690 5424 vero
1738 5369 1829 5439 qui
1881 5368 1992 5438 jam

409 5462 688 5531 perfectus
712 5472 855 5530 erat,
887 5471 942 5519 et
970 5464 1382 5519 benedictiones
1404 5462 1711 5518 futurorum
1737 5463 1996 5518 conscius

482 5581 524 5610 '”
552 5578 750 5635 Cenes.
792 5597 964 5645 χχιιι,
1013 5581 1106 5637 ‘28.
1218 5581 1265 5612 ³⁸
1294 5581 1493 5636 Genes.
1524 5595 1671 5634 χχχιι
1700 5580 1791 5634 29.

409 5652 455 5679 ss
504 5652 658 5712 διῄει..
692 5650 782 5703 ‘29.
897 5652 941 5683 "
976 5652 1173 5707 Genes.
1205 5668 1355 5717 xux,
1394 5653 1443 5705 I.

412 5738 566 5781 nm.
596 5723 683 5777 II.
799 5721 842 5753 ⁶⁸
892 5722 1089 5777 Cenes.
1119 5738 1262 5787 XLvt,
1296 5722 1362 5776 δέ

482 5817 553 5884 (ι)
588 5816 738 5883 Mss,
776 5819 921 5885 facti;
948 5819 1098 5883 editi,
1127 5826 1349 5885 tactam.

1905 5582 1950 5613 ³⁹
1985 5582 2119 5640 ibid.
2152 5586 2241 5639 52.

1562 5652 1606 5682 “
1634 5651 1833 5706 Genes.
1881 5668 1999 5706 XLVI
2028 5694 2041 5718 ,
2078 5657 2130 5711 3.

1462 5723 1505 5754 ⁶¹
1538 5721 1723 5777 Matth.
1760 5738 1889 5789 xm,
1931 5724 2022 5779 .32.

2102 4628 2372 4691 portatum
2405 4627 2508 4671 est.
2539 4614 2692 4682 Quod
2728 4615 2773 4669 si
2805 4612 3121 4682 recipiatur,
3168 4624 3274 4664 non
3315 4610 3421 4663 erit
3470 4623 3683 4671 verum,

2101 4715 2244 4782 quod
2286 4711 2428 4765 Deus
2461 4726 2565 4763 non
2597 4718 2672 4762 est
2707 4706 2844 4761 Deus
2874 4717 3206 4759 mortuorum
3238 4702 3328 4756 sed
3357 4702 3591 4755 vivorum
3615 4698 3682 4750 ⁸⁵.

2100 4805 2221 4861 Non
2245 4819 2377 4874 ergo
2408 4802 2666 4858 convenit
2690 4801 2794 4856 hoc
2822 4801 2888 4854 de
2926 4811 3154 4867 corpore
3180 4804 3396 4850 mortuo
3433 4791 3684 4861 intelligi,

2102 4901 2200 4955 sed
2246 4915 2409 4967 super
2438 4898 2576 4953 vivis
2605 4908 2663 4952 et
2694 4896 3005 4968 vigentibus
3045 4893 3358 4965 approbari.
3390 4889 3687 4945 Videamus

2101 5008 2233 5063 ergo
2258 5034 2272 5058 ,
2306 5008 2375 5048 ne
2424 4992 2588 5060 forte,
2618 4991 2703 5048 vel
2739 4992 2953 5047 Domini
3001 4988 3385 5045 descendentis
3434 4986 3490 5040 in
3539 4987 3685 5041 hunc

2102 5091 2361 5143 mundum
2388 5097 2443 5142 et
2470 5086 2523 5141 in
2557 5095 2772 5156 gentem
2801 5097 3079 5152 magnam,
3142 5082 3247 5135 hoc
3275 5089 3362 5133 est
3394 5079 3450 5133 in
3502 5078 3689 5132 Eccle-

2101 5182 2236 5236 siam
2260 5196 2325 5234 ex
2361 5180 2616 5248 gentibus
2646 5177 2774 5233 laeti
2804 5176 2902 5247 (I),
2959 5173 3465 5243 consummatisque
3510 5173 3687 5227 omni—

2104 5277 2205 5330 bus
2234 5275 2300 5329 ad
2330 5273 2549 5329 Patrem
2585 5272 2823 5341 regressi
2852 5287 2867 5336 ;
2919 5268 3005 5323 vel
3037 5268 3356 5338 protoplasti
3399 5268 3450 5321 in
3485 5267 3590 5320 hoc
3625 5264 3689 5317 li-

2104 5384 2245 5440 gura
2289 5368 2593 5431 formetur,
2646 5366 2738 5433 qui
2776 5365 2827 5418 in
2869 5378 3073 5433 agones
3113 5360 3400 5433 descendit
3433 5360 3485 5413 in
3516 5356 3690 5427 Egy-

2105 5473 2277 5532 ptntn,
2314 5478 2434 5517 eum
2466 5461 2533 5515 de
2579 5458 2816 5527 paradisi
2866 5458 3078 5515 deliciis
3131 5454 3342 5523 eiectus
3367 5492 3383 5519 ,
3420 5452 3487 5507 ad
3528 5449 3688 5517 hujus

3114 5574 3158 5605 “
3186 5572 3384 5627 Genes.
3430 5582 3596 5626 ιινιι.
3630 5567 3683 5621 9.

2354 5581 2399 5615 ‘°
2434 5580 2632 5634 Genes.
2669 5591 2863 5640 sunt,
2898 5576 2985 5629 l0.
3114 5576 3158 5605 "
3186 5576 3384 5627 Genes.
3430 5582 3596 5626 ιινιι.
3630 5576 3662 5621 9

2358 5655 2424 5692 ιίιι
2520 5653 2580 5692 7i,
2627 5650 2680 5692 Α.-
2796 5650 2839 5679 ⁸⁸
2877 5648 2890 5692 I
2939 5649 3062 5692 (Enr-
3105 5660 3169 5692 ut
3205 5685 3218 5692 .
3286 5641 3367 5692 I0.
3484 5638 3525 5668 η
3561 5643 3662 5692 Λςι

2244 5658 2288 5687 θ’
2318 5655 2445 5711 ibid.
2476 5692 2489 5715 ,
2520 5653 2582 5713 3,
2627 5650 2680 5703 οι.
2796 5650 2839 5679 ⁸⁸
2877 5648 2890 5701 l
2939 5649 3065 5702 Cor.
3105 5660 3169 5699 λγ
3205 5685 3218 5709 ,
3286 5641 3367 5695 l0.
