  <div class='ocr_page' id='page_1' title='image "/cluster/home/n/w/nwhite01/storage/ocr_20150623/12:no.2/coo.31924054873074/136.png"; bbox 0 0 4132 6482; ppageno 0'>
   <div class='ocr_carea' id='block_1_1' title="bbox 443 339 550 394">
    <p class='ocr_par' dir='ltr' id='par_1_1' title="bbox 443 339 550 394">
     <span class='ocr_line' id='line_1_1' title="bbox 443 339 550 394; baseline 0 0"><span class='ocrx_word' id='word_1_1' title='bbox 443 339 550 394; x_wconf 66' lang='grc' dir='ltr'><strong>Ξιό</strong></span> 
     </span>
    </p>
   </div>
   <div class='ocr_carea' id='block_1_2' title="bbox 1607 322 2521 387">
    <p class='ocr_par' dir='ltr' id='par_1_2' title="bbox 1607 322 2521 387">
     <span class='ocr_line' id='line_1_2' title="bbox 1607 322 2521 387; baseline -0.007 -3"><span class='ocrx_word' id='word_1_2' title='bbox 1607 329 1673 386; x_wconf 83' lang='grc' dir='ltr'><strong>ΙΝ</strong></span> <span class='ocrx_word' id='word_1_3' title='bbox 1712 324 2017 387; x_wconf 83' lang='lat' dir='ltr'><strong>GENESIM</strong></span> <span class='ocrx_word' id='word_1_4' title='bbox 2057 322 2344 380; x_wconf 79' lang='lat' dir='ltr'><strong>HOMILIA</strong></span> <span class='ocrx_word' id='word_1_5' title='bbox 2384 324 2521 379; x_wconf 75' lang='lat' dir='ltr'><strong>XVI.</strong></span> 
     </span>
    </p>
   </div>
   <div class='ocr_carea' id='block_1_3' title="bbox 3587 317 3690 374">
    <p class='ocr_par' dir='ltr' id='par_1_3' title="bbox 3587 317 3690 374">
     <span class='ocr_line' id='line_1_3' title="bbox 3587 317 3690 374; baseline -0.039 0"><span class='ocrx_word' id='word_1_6' title='bbox 3587 317 3690 374; x_wconf 58' lang='lat'><strong>256</strong></span> 
     </span>
    </p>
   </div>
   <div class='ocr_carea' id='block_1_4' title="bbox 445 438 3695 522">
    <p class='ocr_par' dir='ltr' id='par_1_4' title="bbox 445 438 3695 522">
     <span class='ocr_line' id='line_1_4' title="bbox 445 438 3695 522; baseline -0.004 -17"><span class='ocrx_word' id='word_1_7' title='bbox 445 457 631 513; x_wconf 63' lang='lat' dir='ltr'><strong>rutundi</strong></span> <span class='ocrx_word' id='word_1_8' title='bbox 676 456 888 511; x_wconf 77' lang='lat' dir='ltr'><strong>labores</strong></span> <span class='ocrx_word' id='word_1_9' title='bbox 942 463 1325 522; x_wconf 65' lang='lat' dir='ltr'><strong>mrumnasque</strong></span> <span class='ocrx_word' id='word_1_10' title='bbox 1370 449 1652 505; x_wconf 78' lang='lat' dir='ltr'><strong>deducitur</strong></span> <span class='ocrx_word' id='word_1_11' title='bbox 1680 487 1697 513; x_wconf 93' lang='lat'><strong>,</strong></span> <span class='ocrx_word' id='word_1_12' title='bbox 1742 445 2016 517; x_wconf 78' lang='lat' dir='ltr'><strong>proposito</strong></span> <span class='ocrx_word' id='word_1_13' title='bbox 2048 448 2092 501; x_wconf 76' lang='grc' dir='ltr'>Α</span> <span class='ocrx_word' id='word_1_14' title='bbox 2124 440 2343 495; x_wconf 89' lang='lat' dir='ltr'><strong>duceret</strong></span> <span class='ocrx_word' id='word_1_15' title='bbox 2373 438 2631 509; x_wconf 90' lang='lat' dir='ltr'><strong>populum</strong></span> <span class='ocrx_word' id='word_1_16' title='bbox 2663 438 2891 493; x_wconf 89' lang='lat' dir='ltr'><strong>adorare</strong></span> <span class='ocrx_word' id='word_1_17' title='bbox 2923 453 3034 505; x_wconf 82' lang='lat' dir='ltr'><strong>eas,</strong></span> <span class='ocrx_word' id='word_1_18' title='bbox 3064 449 3116 494; x_wconf 94' lang='lat' dir='ltr'><strong>et</strong></span> <span class='ocrx_word' id='word_1_19' title='bbox 3148 454 3242 509; x_wconf 90' lang='lat' dir='ltr'><strong>per</strong></span> <span class='ocrx_word' id='word_1_20' title='bbox 3278 439 3383 495; x_wconf 85' lang='lat' dir='ltr'><strong>hoc</strong></span> <span class='ocrx_word' id='word_1_21' title='bbox 3412 438 3558 494; x_wconf 86' lang='lat' dir='ltr'><strong>velut</strong></span> <span class='ocrx_word' id='word_1_22' title='bbox 3592 442 3695 493; x_wconf 88' lang='lat' dir='ltr'><strong>im-</strong></span> 
     </span>
    </p>
   </div>
   <div class='ocr_carea' id='block_1_5' title="bbox 444 535 2017 617">
    <p class='ocr_par' dir='ltr' id='par_1_5' title="bbox 444 535 2017 617">
     <span class='ocr_line' id='line_1_5' title="bbox 444 535 2017 617; baseline -0.008 -15"><span class='ocrx_word' id='word_1_23' title='bbox 444 550 545 603; x_wconf 86' lang='lat' dir='ltr'><strong>sibi</strong></span> <span class='ocrx_word' id='word_1_24' title='bbox 594 565 714 602; x_wconf 92' lang='lat' dir='ltr'><strong>cum</strong></span> <span class='ocrx_word' id='word_1_25' title='bbox 766 556 1018 617; x_wconf 91' lang='lat' dir='ltr'><strong>serpente</strong></span> <span class='ocrx_word' id='word_1_26' title='bbox 1047 544 1369 607; x_wconf 89' lang='lat' dir='ltr'><strong>certamine,</strong></span> <span class='ocrx_word' id='word_1_27' title='bbox 1402 555 1525 595; x_wconf 89' lang='lat' dir='ltr'><strong>cum</strong></span> <span class='ocrx_word' id='word_1_28' title='bbox 1565 540 1761 594; x_wconf 90' lang='lat' dir='ltr'><strong>dicitur</strong></span> <span class='ocrx_word' id='word_1_29' title='bbox 1795 539 1881 592; x_wconf 71' lang='grc' dir='ltr'><strong><em>τοι</em></strong></span> <span class='ocrx_word' id='word_1_30' title='bbox 1940 535 2017 588; x_wconf 87' lang='lat' dir='ltr'><strong>Tu</strong></span> 
     </span>
    </p>
   </div>
   <div class='ocr_carea' id='block_1_6' title="bbox 444 630 2019 706">
    <p class='ocr_par' dir='ltr' id='par_1_6' title="bbox 444 630 2019 706">
     <span class='ocr_line' id='line_1_6' title="bbox 444 630 2019 706; baseline -0.008 -15"><span class='ocrx_word' id='word_1_31' title='bbox 444 638 588 692; x_wconf 84' lang='lat' dir='ltr'><strong>illius</strong></span> <span class='ocrx_word' id='word_1_32' title='bbox 628 638 919 691; x_wconf 84' lang='lat' dir='ltr'><strong>observabis</strong></span> <span class='ocrx_word' id='word_1_33' title='bbox 946 645 1127 706; x_wconf 85' lang='lat' dir='ltr'><strong>caput,</strong></span> <span class='ocrx_word' id='word_1_34' title='bbox 1157 646 1203 690; x_wconf 86' lang='lat' dir='ltr'><strong>et</strong></span> <span class='ocrx_word' id='word_1_35' title='bbox 1232 635 1341 702; x_wconf 88' lang='lat' dir='ltr'><strong>ipse</strong></span> <span class='ocrx_word' id='word_1_36' title='bbox 1390 640 1540 685; x_wconf 87' lang='lat' dir='ltr'><strong>tuum</strong></span> <span class='ocrx_word' id='word_1_37' title='bbox 1579 630 1869 685; x_wconf 83' lang='lat' dir='ltr'><strong>observabit</strong></span> <span class='ocrx_word' id='word_1_38' title='bbox 1908 631 2019 680; x_wconf 84' lang='lat' dir='ltr'><strong>eal-</strong></span> 
     </span>
    </p>
   </div>
   <div class='ocr_carea' id='block_1_7' title="bbox 443 719 2013 790">
    <p class='ocr_par' dir='ltr' id='par_1_7' title="bbox 443 719 2013 790">
     <span class='ocr_line' id='line_1_7' title="bbox 443 719 2013 790; baseline -0.008 -7"><span class='ocrx_word' id='word_1_39' title='bbox 443 746 660 783; x_wconf 82' lang='lat' dir='ltr'><strong>eaneum</strong></span> <span class='ocrx_word' id='word_1_40' title='bbox 685 746 707 790; x_wconf 86' lang='lat'><strong><em>;</em></strong></span> <span class='ocrx_word' id='word_1_41' title='bbox 737 736 790 783; x_wconf 90' lang='lat' dir='ltr'><strong>et</strong></span> <span class='ocrx_word' id='word_1_42' title='bbox 839 730 1034 782; x_wconf 86' lang='lat' dir='ltr'><strong>iterum</strong></span> <span class='ocrx_word' id='word_1_43' title='bbox 1063 743 1186 782; x_wconf 90' lang='lat' dir='ltr'><strong>cum</strong></span> <span class='ocrx_word' id='word_1_44' title='bbox 1220 725 1287 779; x_wconf 89' lang='lat' dir='ltr'><strong>ad</strong></span> <span class='ocrx_word' id='word_1_45' title='bbox 1337 722 1624 777; x_wconf 82' lang='lat' dir='ltr'><strong>mulierem</strong></span> <span class='ocrx_word' id='word_1_46' title='bbox 1676 721 1876 775; x_wconf 91' lang='lat' dir='ltr'><strong>dicitur</strong></span> <span class='ocrx_word' id='word_1_47' title='bbox 1923 719 1967 749; x_wconf 83' lang='lat'>&#39;”</span> <span class='ocrx_word' id='word_1_48' title='bbox 2002 737 2013 770; x_wconf 88' lang='lat'>:</span> 
     </span>
    </p>
   </div>
   <div class='ocr_carea' id='block_1_8' title="bbox 444 813 2019 890">
    <p class='ocr_par' dir='ltr' id='par_1_8' title="bbox 444 813 2019 890">
     <span class='ocr_line' id='line_1_8' title="bbox 444 813 2019 890; baseline -0.006 -17"><span class='ocrx_word' id='word_1_49' title='bbox 444 822 567 890; x_wconf 82' lang='lat' dir='ltr'><strong>quia</strong></span> <span class='ocrx_word' id='word_1_50' title='bbox 590 837 781 890; x_wconf 87' lang='lat' dir='ltr'><strong>ponam</strong></span> <span class='ocrx_word' id='word_1_51' title='bbox 814 820 1123 873; x_wconf 85' lang='lat' dir='ltr'><strong>inimicitias</strong></span> <span class='ocrx_word' id='word_1_52' title='bbox 1153 820 1291 872; x_wconf 86' lang='lat' dir='ltr'><strong>inter</strong></span> <span class='ocrx_word' id='word_1_53' title='bbox 1319 825 1368 869; x_wconf 81' lang='lat' dir='ltr'><strong>te</strong></span> <span class='ocrx_word' id='word_1_54' title='bbox 1400 826 1446 869; x_wconf 86' lang='lat' dir='ltr'><strong>et</strong></span> <span class='ocrx_word' id='word_1_55' title='bbox 1475 816 1667 882; x_wconf 91' lang='lat' dir='ltr'><strong>ipsum,</strong></span> <span class='ocrx_word' id='word_1_56' title='bbox 1702 823 1750 866; x_wconf 87' lang='lat' dir='ltr'><strong>et</strong></span> <span class='ocrx_word' id='word_1_57' title='bbox 1774 813 1911 866; x_wconf 87' lang='lat' dir='ltr'><strong>inter</strong></span> <span class='ocrx_word' id='word_1_58' title='bbox 1939 827 2019 863; x_wconf 87' lang='lat' dir='ltr'><strong>se-</strong></span> 
     </span>
    </p>
   </div>
   <div class='ocr_carea' id='block_1_9' title="bbox 445 903 2019 964">
    <p class='ocr_par' dir='ltr' id='par_1_9' title="bbox 445 903 2019 964">
     <span class='ocr_line' id='line_1_9' title="bbox 445 903 2019 964; baseline -0.003 -4"><span class='ocrx_word' id='word_1_59' title='bbox 445 924 559 961; x_wconf 86' lang='lat' dir='ltr'><strong>men</strong></span> <span class='ocrx_word' id='word_1_60' title='bbox 594 918 739 962; x_wconf 83' lang='lat' dir='ltr'><strong>tuum</strong></span> <span class='ocrx_word' id='word_1_61' title='bbox 773 920 819 964; x_wconf 88' lang='lat' dir='ltr'><strong>et</strong></span> <span class='ocrx_word' id='word_1_62' title='bbox 876 926 1051 964; x_wconf 87' lang='lat' dir='ltr'><strong>semen</strong></span> <span class='ocrx_word' id='word_1_63' title='bbox 1089 908 1257 962; x_wconf 85' lang='lat' dir='ltr'><strong>illius.</strong></span> <span class='ocrx_word' id='word_1_64' title='bbox 1296 906 1407 961; x_wconf 82' lang='lat' dir='ltr'><strong>Nec</strong></span> <span class='ocrx_word' id='word_1_65' title='bbox 1452 915 1635 959; x_wconf 91' lang='lat' dir='ltr'><strong>tamen</strong></span> <span class='ocrx_word' id='word_1_66' title='bbox 1685 918 1779 957; x_wconf 89' lang='lat' dir='ltr'><strong>eos</strong></span> <span class='ocrx_word' id='word_1_67' title='bbox 1829 904 1881 956; x_wconf 91' lang='lat' dir='ltr'><strong>in</strong></span> <span class='ocrx_word' id='word_1_68' title='bbox 1916 903 2019 955; x_wconf 88' lang='lat' dir='ltr'><strong>hoc</strong></span> 
     </span>
    </p>
   </div>
   <div class='ocr_carea' id='block_1_10' title="bbox 444 997 2020 1072">
    <p class='ocr_par' dir='ltr' id='par_1_10' title="bbox 444 997 2020 1072">
     <span class='ocr_line' id='line_1_10' title="bbox 444 997 2020 1072; baseline -0.006 -17"><span class='ocrx_word' id='word_1_69' title='bbox 444 1002 744 1056; x_wconf 83' lang='lat' dir='ltr'><strong>certamine</strong></span> <span class='ocrx_word' id='word_1_70' title='bbox 780 1002 985 1072; x_wconf 90' lang='lat' dir='ltr'><strong>positos</strong></span> <span class='ocrx_word' id='word_1_71' title='bbox 1022 1000 1228 1055; x_wconf 85' lang='lat' dir='ltr'><strong>deserit</strong></span> <span class='ocrx_word' id='word_1_72' title='bbox 1260 1000 1404 1054; x_wconf 90' lang='lat' dir='ltr'><strong>Deus</strong></span> <span class='ocrx_word' id='word_1_73' title='bbox 1436 1037 1451 1061; x_wconf 93' lang='lat'><strong>,</strong></span> <span class='ocrx_word' id='word_1_74' title='bbox 1514 997 1607 1051; x_wconf 92' lang='lat' dir='ltr'><strong>sed</strong></span> <span class='ocrx_word' id='word_1_75' title='bbox 1660 1009 1877 1064; x_wconf 81' lang='lat' dir='ltr'><strong>semper</strong></span> <span class='ocrx_word' id='word_1_76' title='bbox 1935 1003 2020 1047; x_wconf 87' lang='lat' dir='ltr'><strong>est</strong></span> 
     </span>
    </p>
   </div>
   <div class='ocr_carea' id='block_1_11' title="bbox 442 1084 2017 1162">
    <p class='ocr_par' dir='ltr' id='par_1_11' title="bbox 442 1084 2017 1162">
     <span class='ocr_line' id='line_1_11' title="bbox 442 1084 2017 1162; baseline -0.005 -17"><span class='ocrx_word' id='word_1_77' title='bbox 442 1106 566 1146; x_wconf 89' lang='lat' dir='ltr'><strong>cum</strong></span> <span class='ocrx_word' id='word_1_78' title='bbox 591 1094 746 1161; x_wconf 89' lang='lat' dir='ltr'><strong>ipsis.</strong></span> <span class='ocrx_word' id='word_1_79' title='bbox 774 1092 1087 1162; x_wconf 84' lang='lat' dir='ltr'><strong>Complacet</strong></span> <span class='ocrx_word' id='word_1_80' title='bbox 1123 1091 1177 1144; x_wconf 92' lang='lat' dir='ltr'><strong>in</strong></span> <span class='ocrx_word' id='word_1_81' title='bbox 1207 1091 1365 1154; x_wconf 77' lang='lat' dir='ltr'><strong>Abel,</strong></span> <span class='ocrx_word' id='word_1_82' title='bbox 1397 1089 1627 1158; x_wconf 87' lang='lat' dir='ltr'><strong>corripit</strong></span> <span class='ocrx_word' id='word_1_83' title='bbox 1664 1087 1822 1144; x_wconf 90' lang='lat' dir='ltr'><strong>Cain.</strong></span> <span class='ocrx_word' id='word_1_84' title='bbox 1856 1084 2017 1139; x_wconf 83' lang='lat' dir='ltr'><strong>Invo-</strong></span> 
     </span>
    </p>
   </div>
   <div class='ocr_carea' id='block_1_12' title="bbox 444 1180 2016 1242">
    <p class='ocr_par' dir='ltr' id='par_1_12' title="bbox 444 1180 2016 1242">
     <span class='ocr_line' id='line_1_12' title="bbox 444 1180 2016 1242; baseline -0.006 -2"><span class='ocrx_word' id='word_1_85' title='bbox 444 1196 600 1240; x_wconf 89' lang='lat' dir='ltr'><strong>catns</strong></span> <span class='ocrx_word' id='word_1_86' title='bbox 625 1188 779 1242; x_wconf 82' lang='lat' dir='ltr'><strong>adest</strong></span> <span class='ocrx_word' id='word_1_87' title='bbox 810 1187 1018 1240; x_wconf 87' lang='lat' dir='ltr'><strong>Enoch.</strong></span> <span class='ocrx_word' id='word_1_88' title='bbox 1075 1184 1188 1239; x_wconf 85' lang='lat' dir='ltr'><strong>Noe</strong></span> <span class='ocrx_word' id='word_1_89' title='bbox 1232 1183 1457 1236; x_wconf 81' lang='lat' dir='ltr'><strong>mandat</strong></span> <span class='ocrx_word' id='word_1_90' title='bbox 1508 1182 1560 1235; x_wconf 93' lang='lat' dir='ltr'><strong>in</strong></span> <span class='ocrx_word' id='word_1_91' title='bbox 1596 1180 1796 1235; x_wconf 90' lang='lat' dir='ltr'><strong>diluvio</strong></span> <span class='ocrx_word' id='word_1_92' title='bbox 1829 1192 2016 1232; x_wconf 87' lang='lat' dir='ltr'><strong>arcam</strong></span> 
     </span>
    </p>
   </div>
   <div class='ocr_carea' id='block_1_13' title="bbox 442 1270 2019 1339">
    <p class='ocr_par' dir='ltr' id='par_1_13' title="bbox 442 1270 2019 1339">
     <span class='ocr_line' id='line_1_13' title="bbox 442 1270 2019 1339; baseline -0.003 -9"><span class='ocrx_word' id='word_1_93' title='bbox 442 1277 635 1331; x_wconf 89' lang='lat' dir='ltr'><strong>salutis</strong></span> <span class='ocrx_word' id='word_1_94' title='bbox 663 1286 969 1332; x_wconf 80' lang='lat' dir='ltr'><strong>exstruere.</strong></span> <span class='ocrx_word' id='word_1_95' title='bbox 1001 1276 1275 1331; x_wconf 84' lang='lat' dir='ltr'><strong>Abraham</strong></span> <span class='ocrx_word' id='word_1_96' title='bbox 1309 1272 1529 1328; x_wconf 86' lang='lat' dir='ltr'><strong>deducit</strong></span> <span class='ocrx_word' id='word_1_97' title='bbox 1559 1272 1625 1327; x_wconf 92' lang='lat' dir='ltr'><strong>de</strong></span> <span class='ocrx_word' id='word_1_98' title='bbox 1650 1272 1810 1325; x_wconf 85' lang='lat' dir='ltr'><strong>domo</strong></span> <span class='ocrx_word' id='word_1_99' title='bbox 1848 1270 2019 1339; x_wconf 85' lang='lat' dir='ltr'><strong>patris</strong></span> 
     </span>
    </p>
   </div>
   <div class='ocr_carea' id='block_1_14' title="bbox 441 1362 2016 1441">
    <p class='ocr_par' dir='ltr' id='par_1_14' title="bbox 441 1362 2016 1441">
     <span class='ocr_line' id='line_1_14' title="bbox 441 1362 2016 1441; baseline -0.003 -21"><span class='ocrx_word' id='word_1_100' title='bbox 441 1367 525 1420; x_wconf 90' lang='lat' dir='ltr'><strong>sni</strong></span> <span class='ocrx_word' id='word_1_101' title='bbox 557 1378 611 1421; x_wconf 92' lang='lat' dir='ltr'><strong>et</strong></span> <span class='ocrx_word' id='word_1_102' title='bbox 633 1369 700 1422; x_wconf 91' lang='lat' dir='ltr'><strong>de</strong></span> <span class='ocrx_word' id='word_1_103' title='bbox 731 1367 1053 1441; x_wconf 79' lang='lat' dir='ltr'><strong>cognatione</strong></span> <span class='ocrx_word' id='word_1_104' title='bbox 1101 1381 1219 1421; x_wconf 89' lang='lat' dir='ltr'><strong>sua.</strong></span> <span class='ocrx_word' id='word_1_105' title='bbox 1258 1366 1407 1420; x_wconf 92' lang='lat' dir='ltr'><strong>Isaac</strong></span> <span class='ocrx_word' id='word_1_106' title='bbox 1436 1373 1489 1419; x_wconf 92' lang='lat' dir='ltr'><strong>et</strong></span> <span class='ocrx_word' id='word_1_107' title='bbox 1523 1363 1694 1419; x_wconf 75' lang='lat' dir='ltr'><strong>Iacob</strong></span> <span class='ocrx_word' id='word_1_108' title='bbox 1722 1362 2016 1427; x_wconf 88' lang='lat' dir='ltr'><strong>benedicit,</strong></span> 
     </span>
    </p>
   </div>
   <div class='ocr_carea' id='block_1_15' title="bbox 444 1453 2016 1528">
    <p class='ocr_par' dir='ltr' id='par_1_15' title="bbox 444 1453 2016 1528">
     <span class='ocr_line' id='line_1_15' title="bbox 444 1453 2016 1528; baseline -0.003 -17"><span class='ocrx_word' id='word_1_109' title='bbox 444 1458 585 1511; x_wconf 85' lang='lat' dir='ltr'><strong>filios</strong></span> <span class='ocrx_word' id='word_1_110' title='bbox 613 1458 772 1511; x_wconf 86' lang='lat' dir='ltr'><strong>Israel</strong></span> <span class='ocrx_word' id='word_1_111' title='bbox 797 1458 979 1512; x_wconf 88' lang='lat' dir='ltr'><strong>educit</strong></span> <span class='ocrx_word' id='word_1_112' title='bbox 1010 1472 1075 1512; x_wconf 77' lang='lat' dir='ltr'><strong>ex</strong></span> <span class='ocrx_word' id='word_1_113' title='bbox 1104 1457 1339 1528; x_wconf 65' lang='lat' dir='ltr'><strong>Egypto</strong></span> <span class='ocrx_word' id='word_1_114' title='bbox 1361 1458 1428 1509; x_wconf 81' lang='lat'><strong>&quot;.</strong></span> <span class='ocrx_word' id='word_1_115' title='bbox 1457 1456 1562 1511; x_wconf 90' lang='lat' dir='ltr'><strong>Per</strong></span> <span class='ocrx_word' id='word_1_116' title='bbox 1588 1455 1813 1525; x_wconf 85' lang='lat' dir='ltr'><strong>Moysen</strong></span> <span class='ocrx_word' id='word_1_117' title='bbox 1845 1453 2016 1520; x_wconf 87' lang='lat' dir='ltr'><strong>legem</strong></span> 
     </span>
    </p>
   </div>
   <div class='ocr_carea' id='block_1_16' title="bbox 443 1545 2016 1620">
    <p class='ocr_par' dir='ltr' id='par_1_16' title="bbox 443 1545 2016 1620">
     <span class='ocr_line' id='line_1_16' title="bbox 443 1545 2016 1620; baseline -0.003 -18"><span class='ocrx_word' id='word_1_118' title='bbox 443 1548 632 1605; x_wconf 84' lang='lat' dir='ltr'><strong>litteris</strong></span> <span class='ocrx_word' id='word_1_119' title='bbox 657 1550 882 1615; x_wconf 90' lang='lat' dir='ltr'><strong>scribit,</strong></span> <span class='ocrx_word' id='word_1_120' title='bbox 931 1566 1026 1620; x_wconf 83' lang='lat' dir='ltr'><strong>per</strong></span> <span class='ocrx_word' id='word_1_121' title='bbox 1061 1550 1352 1619; x_wconf 84' lang='lat' dir='ltr'><strong>prophetas</strong></span> <span class='ocrx_word' id='word_1_122' title='bbox 1383 1563 1504 1617; x_wconf 64' lang='lat' dir='ltr'><strong>quae</strong></span> <span class='ocrx_word' id='word_1_123' title='bbox 1532 1549 1755 1601; x_wconf 88' lang='lat' dir='ltr'><strong>deerant</strong></span> <span class='ocrx_word' id='word_1_124' title='bbox 1788 1545 1973 1614; x_wconf 90' lang='lat' dir='ltr'><strong>implet</strong></span> <span class='ocrx_word' id='word_1_125' title='bbox 2000 1585 2016 1612; x_wconf 94' lang='lat'><strong>,</strong></span> 
     </span>
    </p>
   </div>
   <div class='ocr_carea' id='block_1_17' title="bbox 442 1639 2013 1711">
    <p class='ocr_par' dir='ltr' id='par_1_17' title="bbox 442 1639 2013 1711">
     <span class='ocr_line' id='line_1_17' title="bbox 442 1639 2013 1711; baseline -0.001 -16"><span class='ocrx_word' id='word_1_126' title='bbox 442 1642 542 1697; x_wconf 90' lang='lat' dir='ltr'><strong>hoc</strong></span> <span class='ocrx_word' id='word_1_127' title='bbox 565 1650 647 1697; x_wconf 87' lang='lat' dir='ltr'><strong>est</strong></span> <span class='ocrx_word' id='word_1_128' title='bbox 677 1658 797 1697; x_wconf 91' lang='lat' dir='ltr'><strong>esse</strong></span> <span class='ocrx_word' id='word_1_129' title='bbox 823 1658 947 1697; x_wconf 91' lang='lat' dir='ltr'><strong>cum</strong></span> <span class='ocrx_word' id='word_1_130' title='bbox 974 1642 1056 1697; x_wconf 91' lang='lat' dir='ltr'><strong>eis</strong></span> <span class='ocrx_word' id='word_1_131' title='bbox 1085 1642 1136 1695; x_wconf 95' lang='lat' dir='ltr'><strong>in</strong></span> <span class='ocrx_word' id='word_1_132' title='bbox 1174 1640 1432 1711; x_wconf 65' lang='lat' dir='ltr'><strong>Egypto.</strong></span> <span class='ocrx_word' id='word_1_133' title='bbox 1466 1639 1618 1705; x_wconf 85' lang='lat' dir='ltr'><strong>Quod</strong></span> <span class='ocrx_word' id='word_1_134' title='bbox 1646 1648 1826 1692; x_wconf 89' lang='lat' dir='ltr'><strong>autem</strong></span> <span class='ocrx_word' id='word_1_135' title='bbox 1849 1640 2013 1694; x_wconf 88' lang='lat' dir='ltr'><strong>dicit:</strong></span> 
     </span>
    </p>
   </div>
   <div class='ocr_carea' id='block_1_18' title="bbox 437 1732 2019 1803">
    <p class='ocr_par' dir='ltr' id='par_1_18' title="bbox 437 1732 2019 1803">
     <span class='ocr_line' id='line_1_18' title="bbox 437 1732 2019 1803; baseline 0.001 -17"><span class='ocrx_word' id='word_1_136' title='bbox 437 1732 704 1789; x_wconf 81' lang='lat' dir='ltr'><strong>Revocabo</strong></span> <span class='ocrx_word' id='word_1_137' title='bbox 745 1746 794 1788; x_wconf 90' lang='lat' dir='ltr'><strong>te</strong></span> <span class='ocrx_word' id='word_1_138' title='bbox 819 1735 942 1788; x_wconf 86' lang='lat' dir='ltr'><strong>inde</strong></span> <span class='ocrx_word' id='word_1_139' title='bbox 972 1734 1027 1786; x_wconf 85' lang='lat' dir='ltr'><strong>in</strong></span> <span class='ocrx_word' id='word_1_140' title='bbox 1060 1734 1218 1803; x_wconf 84' lang='lat' dir='ltr'><strong>ﬁnem</strong></span> <span class='ocrx_word' id='word_1_141' title='bbox 1239 1774 1254 1798; x_wconf 95' lang='lat'><strong>,</strong></span> <span class='ocrx_word' id='word_1_142' title='bbox 1284 1734 1388 1787; x_wconf 91' lang='lat' dir='ltr'><strong>hoc</strong></span> <span class='ocrx_word' id='word_1_143' title='bbox 1417 1741 1520 1799; x_wconf 91' lang='lat' dir='ltr'><strong>est,</strong></span> <span class='ocrx_word' id='word_1_144' title='bbox 1563 1733 1837 1797; x_wconf 88' lang='lat' dir='ltr'><strong>arbitror,</strong></span> <span class='ocrx_word' id='word_1_145' title='bbox 1879 1732 2019 1788; x_wconf 84' lang='lat' dir='ltr'><strong>sicut</strong></span> 
     </span>
    </p>
   </div>
   <div class='ocr_carea' id='block_1_19' title="bbox 435 1824 2009 1895">
    <p class='ocr_par' dir='ltr' id='par_1_19' title="bbox 435 1824 2009 1895">
     <span class='ocr_line' id='line_1_19' title="bbox 435 1824 2009 1895; baseline 0.001 -16"><span class='ocrx_word' id='word_1_146' title='bbox 435 1827 683 1891; x_wconf 88' lang='lat' dir='ltr'><strong>superius</strong></span> <span class='ocrx_word' id='word_1_147' title='bbox 708 1825 961 1889; x_wconf 88' lang='lat' dir='ltr'><strong>dicimus,</strong></span> <span class='ocrx_word' id='word_1_148' title='bbox 1003 1827 1148 1894; x_wconf 90' lang='lat' dir='ltr'><strong>quod</strong></span> <span class='ocrx_word' id='word_1_149' title='bbox 1178 1824 1231 1878; x_wconf 91' lang='lat' dir='ltr'><strong>in</strong></span> <span class='ocrx_word' id='word_1_150' title='bbox 1260 1824 1365 1879; x_wconf 88' lang='lat' dir='ltr'><strong>line</strong></span> <span class='ocrx_word' id='word_1_151' title='bbox 1400 1825 1723 1879; x_wconf 67' lang='lat' dir='ltr'><strong>saeculorum</strong></span> <span class='ocrx_word' id='word_1_152' title='bbox 1758 1825 2009 1895; x_wconf 86' lang='lat' dir='ltr'><strong>unigeni-</strong></span> 
     </span>
    </p>
   </div>
   <div class='ocr_carea' id='block_1_20' title="bbox 438 1913 2009 1986">
    <p class='ocr_par' dir='ltr' id='par_1_20' title="bbox 438 1913 2009 1986">
     <span class='ocr_line' id='line_1_20' title="bbox 438 1913 2009 1986; baseline 0.001 -18"><span class='ocrx_word' id='word_1_153' title='bbox 438 1924 524 1970; x_wconf 87' lang='lat' dir='ltr'><strong>tus</strong></span> <span class='ocrx_word' id='word_1_154' title='bbox 552 1914 722 1970; x_wconf 87' lang='lat' dir='ltr'><strong>Filius</strong></span> <span class='ocrx_word' id='word_1_155' title='bbox 749 1916 867 1985; x_wconf 88' lang='lat' dir='ltr'><strong>ejus</strong></span> <span class='ocrx_word' id='word_1_156' title='bbox 898 1930 1001 1984; x_wconf 88' lang='lat' dir='ltr'><strong>pro</strong></span> <span class='ocrx_word' id='word_1_157' title='bbox 1041 1915 1219 1969; x_wconf 89' lang='lat' dir='ltr'><strong>salute</strong></span> <span class='ocrx_word' id='word_1_158' title='bbox 1254 1916 1441 1969; x_wconf 90' lang='lat' dir='ltr'><strong>mundi</strong></span> <span class='ocrx_word' id='word_1_159' title='bbox 1476 1931 1644 1986; x_wconf 91' lang='lat' dir='ltr'><strong>usque</strong></span> <span class='ocrx_word' id='word_1_160' title='bbox 1686 1916 1749 1969; x_wconf 91' lang='lat' dir='ltr'><strong>ad</strong></span> <span class='ocrx_word' id='word_1_161' title='bbox 1796 1913 2009 1970; x_wconf 89' lang='lat' dir='ltr'><strong>inferna</strong></span> 
     </span>
    </p>
   </div>
   <div class='ocr_carea' id='block_1_21' title="bbox 436 2006 2010 2076">
    <p class='ocr_par' dir='ltr' id='par_1_21' title="bbox 436 2006 2010 2076">
     <span class='ocr_line' id='line_1_21' title="bbox 436 2006 2010 2076; baseline 0.002 -16"><span class='ocrx_word' id='word_1_162' title='bbox 436 2006 741 2071; x_wconf 86' lang='lat' dir='ltr'><strong>descendit,</strong></span> <span class='ocrx_word' id='word_1_163' title='bbox 800 2014 855 2060; x_wconf 89' lang='lat' dir='ltr'><strong>et</strong></span> <span class='ocrx_word' id='word_1_164' title='bbox 905 2007 1028 2061; x_wconf 91' lang='lat' dir='ltr'><strong>inde</strong></span> <span class='ocrx_word' id='word_1_165' title='bbox 1062 2006 1456 2076; x_wconf 87' lang='lat' dir='ltr'><strong>prot0plastum</strong></span> <span class='ocrx_word' id='word_1_166' title='bbox 1500 2009 1795 2063; x_wconf 82' lang='lat' dir='ltr'><strong>revocavit.</strong></span> <span class='ocrx_word' id='word_1_167' title='bbox 1853 2006 2010 2073; x_wconf 88' lang='lat' dir='ltr'><strong>Quod</strong></span> 
     </span>
    </p>
   </div>
   <div class='ocr_carea' id='block_1_22' title="bbox 433 2095 2010 2155">
    <p class='ocr_par' dir='ltr' id='par_1_22' title="bbox 433 2095 2010 2155">
     <span class='ocr_line' id='line_1_22' title="bbox 433 2095 2010 2155; baseline 0.002 -4"><span class='ocrx_word' id='word_1_168' title='bbox 433 2095 580 2151; x_wconf 84' lang='lat' dir='ltr'><strong>enim</strong></span> <span class='ocrx_word' id='word_1_169' title='bbox 618 2098 754 2152; x_wconf 78' lang='lat' dir='ltr'><strong>dixit</strong></span> <span class='ocrx_word' id='word_1_170' title='bbox 790 2098 858 2152; x_wconf 89' lang='lat' dir='ltr'><strong>ad</strong></span> <span class='ocrx_word' id='word_1_171' title='bbox 912 2098 1182 2154; x_wconf 84' lang='lat' dir='ltr'><strong>latronem</strong></span> <span class='ocrx_word' id='word_1_172' title='bbox 1216 2099 1301 2153; x_wconf 69' lang='lat'><strong>7&#39;:</strong></span> <span class='ocrx_word' id='word_1_173' title='bbox 1358 2098 1530 2154; x_wconf 83' lang='lat' dir='ltr'><strong>Hodie</strong></span> <span class='ocrx_word' id='word_1_174' title='bbox 1580 2116 1781 2153; x_wconf 80' lang='lat' dir='ltr'><strong>meeum</strong></span> <span class='ocrx_word' id='word_1_175' title='bbox 1821 2101 1922 2154; x_wconf 86' lang='lat' dir='ltr'><strong>eris</strong></span> <span class='ocrx_word' id='word_1_176' title='bbox 1954 2102 2010 2155; x_wconf 87' lang='lat' dir='ltr'><strong>in</strong></span> 
     </span>
    </p>
   </div>
   <div class='ocr_carea' id='block_1_23' title="bbox 434 2190 2011 2259">
    <p class='ocr_par' dir='ltr' id='par_1_23' title="bbox 434 2190 2011 2259">
     <span class='ocr_line' id='line_1_23' title="bbox 434 2190 2011 2259; baseline 0.004 -19"><span class='ocrx_word' id='word_1_177' title='bbox 434 2190 723 2259; x_wconf 76' lang='lat' dir='ltr'><strong>paradiso,</strong></span> <span class='ocrx_word' id='word_1_178' title='bbox 763 2191 867 2244; x_wconf 88' lang='lat' dir='ltr'><strong>hoc</strong></span> <span class='ocrx_word' id='word_1_179' title='bbox 898 2205 1004 2245; x_wconf 92' lang='lat' dir='ltr'><strong>non</strong></span> <span class='ocrx_word' id='word_1_180' title='bbox 1030 2190 1104 2244; x_wconf 91' lang='lat' dir='ltr'><strong>illi</strong></span> <span class='ocrx_word' id='word_1_181' title='bbox 1153 2191 1252 2245; x_wconf 92' lang='lat' dir='ltr'><strong>soli</strong></span> <span class='ocrx_word' id='word_1_182' title='bbox 1281 2191 1508 2258; x_wconf 92' lang='lat' dir='ltr'><strong>dictum,</strong></span> <span class='ocrx_word' id='word_1_183' title='bbox 1538 2191 1633 2246; x_wconf 86' lang='lat' dir='ltr'><strong>sed</strong></span> <span class='ocrx_word' id='word_1_184' title='bbox 1665 2200 1720 2247; x_wconf 89' lang='lat' dir='ltr'><strong>et</strong></span> <span class='ocrx_word' id='word_1_185' title='bbox 1759 2192 2011 2247; x_wconf 88' lang='lat' dir='ltr'><strong>omnibus</strong></span> 
     </span>
    </p>
   </div>
   <div class='ocr_carea' id='block_1_24' title="bbox 436 2282 2008 2353">
    <p class='ocr_par' dir='ltr' id='par_1_24' title="bbox 436 2282 2008 2353">
     <span class='ocr_line' id='line_1_24' title="bbox 436 2282 2008 2353; baseline 0.004 -18"><span class='ocrx_word' id='word_1_186' title='bbox 436 2282 644 2337; x_wconf 83' lang='lat' dir='ltr'><strong>sanctis</strong></span> <span class='ocrx_word' id='word_1_187' title='bbox 677 2282 937 2352; x_wconf 88' lang='lat' dir='ltr'><strong>intellige,</strong></span> <span class='ocrx_word' id='word_1_188' title='bbox 968 2298 1066 2353; x_wconf 91' lang='lat' dir='ltr'><strong>pro</strong></span> <span class='ocrx_word' id='word_1_189' title='bbox 1091 2283 1289 2353; x_wconf 88' lang='lat' dir='ltr'><strong>quibus</strong></span> <span class='ocrx_word' id='word_1_190' title='bbox 1313 2284 1363 2338; x_wconf 92' lang='lat' dir='ltr'><strong>in</strong></span> <span class='ocrx_word' id='word_1_191' title='bbox 1397 2283 1608 2338; x_wconf 79' lang='lat' dir='ltr'><strong>inferna</strong></span> <span class='ocrx_word' id='word_1_192' title='bbox 1634 2285 2008 2342; x_wconf 88' lang='lat' dir='ltr'><strong>descenderat.</strong></span> 
     </span>
    </p>
   </div>
   <div class='ocr_carea' id='block_1_25' title="bbox 432 2371 2007 2447">
    <p class='ocr_par' dir='ltr' id='par_1_25' title="bbox 432 2371 2007 2447">
     <span class='ocr_line' id='line_1_25' title="bbox 432 2371 2007 2447; baseline 0.004 -22"><span class='ocrx_word' id='word_1_193' title='bbox 432 2371 489 2425; x_wconf 94' lang='lat' dir='ltr'><strong>In</strong></span> <span class='ocrx_word' id='word_1_194' title='bbox 526 2372 627 2427; x_wconf 90' lang='lat' dir='ltr'><strong>hoc</strong></span> <span class='ocrx_word' id='word_1_195' title='bbox 661 2390 790 2444; x_wconf 85' lang='lat' dir='ltr'><strong>ergo</strong></span> <span class='ocrx_word' id='word_1_196' title='bbox 821 2376 1000 2430; x_wconf 88' lang='lat' dir='ltr'><strong>verius</strong></span> <span class='ocrx_word' id='word_1_197' title='bbox 1035 2390 1195 2445; x_wconf 90' lang='lat' dir='ltr'><strong>quam</strong></span> <span class='ocrx_word' id='word_1_198' title='bbox 1256 2375 1309 2429; x_wconf 93' lang='lat' dir='ltr'><strong>in</strong></span> <span class='ocrx_word' id='word_1_199' title='bbox 1359 2374 1527 2431; x_wconf 77' lang='lat' dir='ltr'><strong>Iacob</strong></span> <span class='ocrx_word' id='word_1_200' title='bbox 1582 2376 2007 2447; x_wconf 76' lang='lat' dir='ltr'><strong>adimplebitur,</strong></span> 
     </span>
    </p>
   </div>
   <div class='ocr_carea' id='block_1_26' title="bbox 429 2464 1920 2537">
    <p class='ocr_par' dir='ltr' id='par_1_26' title="bbox 429 2464 1920 2537">
     <span class='ocr_line' id='line_1_26' title="bbox 429 2464 1920 2537; baseline 0.007 -22"><span class='ocrx_word' id='word_1_201' title='bbox 429 2464 572 2533; x_wconf 92' lang='lat' dir='ltr'><strong>quod</strong></span> <span class='ocrx_word' id='word_1_202' title='bbox 607 2465 806 2520; x_wconf 91' lang='lat' dir='ltr'><strong>dictum</strong></span> <span class='ocrx_word' id='word_1_203' title='bbox 835 2475 933 2530; x_wconf 86' lang='lat' dir='ltr'><strong>est,</strong></span> <span class='ocrx_word' id='word_1_204' title='bbox 968 2468 1095 2536; x_wconf 87' lang='lat' dir='ltr'><strong>quia</strong></span> <span class='ocrx_word' id='word_1_205' title='bbox 1131 2466 1382 2522; x_wconf 85' lang='lat' dir='ltr'><strong>revocabo</strong></span> <span class='ocrx_word' id='word_1_206' title='bbox 1411 2476 1461 2522; x_wconf 90' lang='lat' dir='ltr'><strong>te</strong></span> <span class='ocrx_word' id='word_1_207' title='bbox 1499 2468 1622 2523; x_wconf 87' lang='lat' dir='ltr'><strong>inde</strong></span> <span class='ocrx_word' id='word_1_208' title='bbox 1655 2468 1708 2522; x_wconf 90' lang='lat' dir='ltr'><strong>in</strong></span> <span class='ocrx_word' id='word_1_209' title='bbox 1741 2469 1920 2537; x_wconf 79' lang='lat' dir='ltr'><strong>linem.</strong></span> 
     </span>
    </p>
   </div>
   <div class='ocr_carea' id='block_1_27' title="bbox 501 2554 2009 2629">
    <p class='ocr_par' dir='ltr' id='par_1_27' title="bbox 501 2554 2009 2629">
     <span class='ocr_line' id='line_1_27' title="bbox 501 2554 2009 2629; baseline 0.006 -21"><span class='ocrx_word' id='word_1_210' title='bbox 501 2554 555 2609; x_wconf 87' lang='lat'><strong>6.</strong></span> <span class='ocrx_word' id='word_1_211' title='bbox 589 2556 694 2610; x_wconf 91' lang='lat' dir='ltr'><strong>Sed</strong></span> <span class='ocrx_word' id='word_1_212' title='bbox 732 2567 786 2612; x_wconf 92' lang='lat' dir='ltr'><strong>et</strong></span> <span class='ocrx_word' id='word_1_213' title='bbox 818 2558 1194 2628; x_wconf 89' lang='lat' dir='ltr'><strong>unusquisque</strong></span> <span class='ocrx_word' id='word_1_214' title='bbox 1254 2567 1502 2614; x_wconf 90' lang='lat' dir='ltr'><strong>nostrum</strong></span> <span class='ocrx_word' id='word_1_215' title='bbox 1558 2560 1747 2614; x_wconf 90' lang='lat' dir='ltr'><strong>eodem</strong></span> <span class='ocrx_word' id='word_1_216' title='bbox 1795 2560 2009 2629; x_wconf 91' lang='lat' dir='ltr'><strong>ordine,</strong></span> 
     </span>
    </p>
   </div>
   <div class='ocr_carea' id='block_1_28' title="bbox 433 2650 2011 2726">
    <p class='ocr_par' dir='ltr' id='par_1_28' title="bbox 433 2650 2011 2726">
     <span class='ocr_line' id='line_1_28' title="bbox 433 2650 2011 2726; baseline 0.008 -26"><span class='ocrx_word' id='word_1_217' title='bbox 433 2656 597 2716; x_wconf 89' lang='lat' dir='ltr'><strong>atque</strong></span> <span class='ocrx_word' id='word_1_218' title='bbox 629 2650 820 2705; x_wconf 86' lang='lat' dir='ltr'><strong>eadem</strong></span> <span class='ocrx_word' id='word_1_219' title='bbox 856 2651 966 2718; x_wconf 81' lang='lat' dir='ltr'><strong>via,</strong></span> <span class='ocrx_word' id='word_1_220' title='bbox 1003 2650 1297 2723; x_wconf 68' lang='lat' dir='ltr'><strong>Egyptum</strong></span> <span class='ocrx_word' id='word_1_221' title='bbox 1327 2659 1381 2707; x_wconf 88' lang='lat' dir='ltr'><strong>et</strong></span> <span class='ocrx_word' id='word_1_222' title='bbox 1406 2667 1611 2723; x_wconf 81' lang='lat' dir='ltr'><strong>agones</strong></span> <span class='ocrx_word' id='word_1_223' title='bbox 1648 2654 1804 2724; x_wconf 74' lang='lat'><strong>102</strong></span> <span class='ocrx_word' id='word_1_224' title='bbox 1831 2654 2011 2726; x_wconf 86' lang='lat' dir='ltr'><strong>ingre-</strong></span> 
     </span>
    </p>
   </div>
   <div class='ocr_carea' id='block_1_29' title="bbox 432 2738 2007 2815">
    <p class='ocr_par' dir='ltr' id='par_1_29' title="bbox 432 2738 2007 2815">
     <span class='ocr_line' id='line_1_29' title="bbox 432 2738 2007 2815; baseline 0.007 -23"><span class='ocrx_word' id='word_1_225' title='bbox 432 2738 605 2804; x_wconf 87' lang='lat' dir='ltr'><strong>ditur,</strong></span> <span class='ocrx_word' id='word_1_226' title='bbox 632 2748 685 2793; x_wconf 86' lang='lat' dir='ltr'><strong>et</strong></span> <span class='ocrx_word' id='word_1_227' title='bbox 718 2742 762 2794; x_wconf 89' lang='lat' dir='ltr'><strong>si</strong></span> <span class='ocrx_word' id='word_1_228' title='bbox 811 2750 1088 2797; x_wconf 89' lang='lat' dir='ltr'><strong>mereatur</strong></span> <span class='ocrx_word' id='word_1_229' title='bbox 1118 2753 1177 2796; x_wconf 92' lang='lat' dir='ltr'><strong>ut</strong></span> <span class='ocrx_word' id='word_1_230' title='bbox 1207 2743 1351 2798; x_wconf 91' lang='lat' dir='ltr'><strong>Deus</strong></span> <span class='ocrx_word' id='word_1_231' title='bbox 1386 2758 1602 2815; x_wconf 90' lang='lat' dir='ltr'><strong>semper</strong></span> <span class='ocrx_word' id='word_1_232' title='bbox 1630 2755 1850 2801; x_wconf 90' lang='lat' dir='ltr'><strong>maneat</strong></span> <span class='ocrx_word' id='word_1_233' title='bbox 1883 2763 2007 2803; x_wconf 92' lang='lat' dir='ltr'><strong>cum</strong></span> 
     </span>
    </p>
   </div>
   <div class='ocr_carea' id='block_1_30' title="bbox 430 2834 2007 2909">
    <p class='ocr_par' dir='ltr' id='par_1_30' title="bbox 430 2834 2007 2909">
     <span class='ocr_line' id='line_1_30' title="bbox 430 2834 2007 2909; baseline 0.006 -22"><span class='ocrx_word' id='word_1_234' title='bbox 430 2844 514 2897; x_wconf 88' lang='lat' dir='ltr'><strong>eo,</strong></span> <span class='ocrx_word' id='word_1_235' title='bbox 574 2834 734 2887; x_wconf 80' lang='lat' dir='ltr'><strong>faciet</strong></span> <span class='ocrx_word' id='word_1_236' title='bbox 766 2850 886 2889; x_wconf 91' lang='lat' dir='ltr'><strong>eum</strong></span> <span class='ocrx_word' id='word_1_237' title='bbox 931 2836 986 2890; x_wconf 92' lang='lat' dir='ltr'><strong>in</strong></span> <span class='ocrx_word' id='word_1_238' title='bbox 1041 2844 1258 2906; x_wconf 89' lang='lat' dir='ltr'><strong>gentem</strong></span> <span class='ocrx_word' id='word_1_239' title='bbox 1311 2852 1592 2907; x_wconf 84' lang='lat' dir='ltr'><strong>magnam.</strong></span> <span class='ocrx_word' id='word_1_240' title='bbox 1642 2838 1834 2909; x_wconf 80' lang='lat' dir='ltr'><strong>Magna</strong></span> <span class='ocrx_word' id='word_1_241' title='bbox 1862 2841 2007 2897; x_wconf 90' lang='lat' dir='ltr'><strong>enim</strong></span> 
     </span>
    </p>
   </div>
   <div class='ocr_carea' id='block_1_31' title="bbox 429 2926 2008 2999">
    <p class='ocr_par' dir='ltr' id='par_1_31' title="bbox 429 2926 2008 2999">
     <span class='ocr_line' id='line_1_31' title="bbox 429 2926 2008 2999; baseline 0.007 -21"><span class='ocrx_word' id='word_1_242' title='bbox 429 2939 564 2995; x_wconf 83' lang='lat' dir='ltr'><strong>gens</strong></span> <span class='ocrx_word' id='word_1_243' title='bbox 595 2936 681 2980; x_wconf 56' lang='lat' dir='ltr'><strong>est</strong></span> <span class='ocrx_word' id='word_1_244' title='bbox 713 2926 971 2981; x_wconf 79' lang='lat' dir='ltr'><strong>virtutum</strong></span> <span class='ocrx_word' id='word_1_245' title='bbox 1003 2942 1262 2982; x_wconf 90' lang='lat' dir='ltr'><strong>numerus</strong></span> <span class='ocrx_word' id='word_1_246' title='bbox 1290 2938 1343 2982; x_wconf 86' lang='lat' dir='ltr'><strong>et</strong></span> <span class='ocrx_word' id='word_1_247' title='bbox 1364 2928 1590 2997; x_wconf 63' lang='lat' dir='ltr'><strong>iustitia:</strong></span> <span class='ocrx_word' id='word_1_248' title='bbox 1616 2931 1927 2999; x_wconf 91' lang='lat' dir='ltr'><strong>multitudo,</strong></span> <span class='ocrx_word' id='word_1_249' title='bbox 1956 2934 2008 2989; x_wconf 88' lang='lat' dir='ltr'><strong>in</strong></span> 
     </span>
    </p>
   </div>
   <div class='ocr_carea' id='block_1_32' title="bbox 431 3018 2005 3087">
    <p class='ocr_par' dir='ltr' id='par_1_32' title="bbox 431 3018 2005 3087">
     <span class='ocr_line' id='line_1_32' title="bbox 431 3018 2005 3087; baseline 0.007 -18"><span class='ocrx_word' id='word_1_250' title='bbox 431 3032 536 3083; x_wconf 87' lang='lat' dir='ltr'><strong>qua</strong></span> <span class='ocrx_word' id='word_1_251' title='bbox 571 3019 743 3070; x_wconf 78' lang='lat' dir='ltr'><strong>sancti</strong></span> <span class='ocrx_word' id='word_1_252' title='bbox 772 3020 976 3087; x_wconf 89' lang='lat' dir='ltr'><strong>quique</strong></span> <span class='ocrx_word' id='word_1_253' title='bbox 1004 3018 1349 3086; x_wconf 88' lang='lat' dir='ltr'><strong>multiplicari</strong></span> <span class='ocrx_word' id='word_1_254' title='bbox 1377 3020 1632 3075; x_wconf 89' lang='lat' dir='ltr'><strong>dicuntur</strong></span> <span class='ocrx_word' id='word_1_255' title='bbox 1654 3031 1709 3077; x_wconf 92' lang='lat' dir='ltr'><strong>et</strong></span> <span class='ocrx_word' id='word_1_256' title='bbox 1736 3028 2005 3080; x_wconf 80' lang='lat' dir='ltr'><strong>crescere.</strong></span> 
     </span>
    </p>
   </div>
   <div class='ocr_carea' id='block_1_33' title="bbox 429 3107 2083 3197">
    <p class='ocr_par' dir='ltr' id='par_1_33' title="bbox 429 3107 2083 3197">
     <span class='ocr_line' id='line_1_33' title="bbox 429 3107 2083 3197; baseline 0.005 -34"><span class='ocrx_word' id='word_1_257' title='bbox 429 3107 746 3175; x_wconf 85' lang='lat' dir='ltr'><strong>Completur</strong></span> <span class='ocrx_word' id='word_1_258' title='bbox 773 3109 825 3161; x_wconf 91' lang='lat' dir='ltr'><strong>in</strong></span> <span class='ocrx_word' id='word_1_259' title='bbox 858 3123 923 3161; x_wconf 90' lang='lat' dir='ltr'><strong>eo</strong></span> <span class='ocrx_word' id='word_1_260' title='bbox 964 3109 1128 3162; x_wconf 87' lang='lat' dir='ltr'><strong>etiam</strong></span> <span class='ocrx_word' id='word_1_261' title='bbox 1162 3109 1288 3162; x_wconf 91' lang='lat' dir='ltr'><strong>illud</strong></span> <span class='ocrx_word' id='word_1_262' title='bbox 1320 3112 1465 3178; x_wconf 90' lang='lat' dir='ltr'><strong>quod</strong></span> <span class='ocrx_word' id='word_1_263' title='bbox 1496 3112 1696 3166; x_wconf 90' lang='lat' dir='ltr'><strong>dictum</strong></span> <span class='ocrx_word' id='word_1_264' title='bbox 1739 3124 1842 3178; x_wconf 90' lang='lat' dir='ltr'><strong>est,</strong></span> <span class='ocrx_word' id='word_1_265' title='bbox 1881 3117 2006 3185; x_wconf 89' lang='lat' dir='ltr'><strong>quia</strong></span> <span class='ocrx_word' id='word_1_266' title='bbox 2037 3137 2083 3197; x_wconf 67' lang='grc' dir='ltr'><strong>ο</strong></span> 
     </span>
    </p>
   </div>
   <div class='ocr_carea' id='block_1_34' title="bbox 431 3197 2014 3273">
    <p class='ocr_par' dir='ltr' id='par_1_34' title="bbox 431 3197 2014 3273">
     <span class='ocr_line' id='line_1_34' title="bbox 431 3197 2014 3273; baseline 0.006 -21"><span class='ocrx_word' id='word_1_267' title='bbox 431 3197 682 3252; x_wconf 79' lang='lat' dir='ltr'><strong>revocabo</strong></span> <span class='ocrx_word' id='word_1_268' title='bbox 723 3206 769 3251; x_wconf 89' lang='lat' dir='ltr'><strong>te</strong></span> <span class='ocrx_word' id='word_1_269' title='bbox 797 3198 918 3252; x_wconf 87' lang='lat' dir='ltr'><strong>inde</strong></span> <span class='ocrx_word' id='word_1_270' title='bbox 947 3200 1000 3251; x_wconf 86' lang='lat' dir='ltr'><strong>in</strong></span> <span class='ocrx_word' id='word_1_271' title='bbox 1034 3199 1215 3267; x_wconf 83' lang='lat' dir='ltr'><strong>ﬁnem.</strong></span> <span class='ocrx_word' id='word_1_272' title='bbox 1249 3199 1399 3254; x_wconf 90' lang='lat' dir='ltr'><strong>Finis</strong></span> <span class='ocrx_word' id='word_1_273' title='bbox 1454 3201 1601 3255; x_wconf 92' lang='lat' dir='ltr'><strong>enim</strong></span> <span class='ocrx_word' id='word_1_274' title='bbox 1638 3202 1902 3273; x_wconf 83' lang='lat' dir='ltr'><strong>perfectio</strong></span> <span class='ocrx_word' id='word_1_275' title='bbox 1928 3222 2014 3262; x_wconf 91' lang='lat' dir='ltr'><strong>re-</strong></span> 
     </span>
    </p>
   </div>
   <div class='ocr_carea' id='block_1_35' title="bbox 433 3280 2016 3364">
    <p class='ocr_par' dir='ltr' id='par_1_35' title="bbox 433 3280 2016 3364">
     <span class='ocr_line' id='line_1_35' title="bbox 433 3280 2016 3364; baseline 0.005 -20"><span class='ocrx_word' id='word_1_276' title='bbox 433 3306 553 3344; x_wconf 89' lang='lat' dir='ltr'><strong>rum</strong></span> <span class='ocrx_word' id='word_1_277' title='bbox 594 3300 646 3345; x_wconf 91' lang='lat' dir='ltr'><strong>et</strong></span> <span class='ocrx_word' id='word_1_278' title='bbox 679 3292 939 3344; x_wconf 76' lang='lat' dir='ltr'><strong>virtutum</strong></span> <span class='ocrx_word' id='word_1_279' title='bbox 975 3291 1370 3346; x_wconf 87' lang='lat' dir='ltr'><strong>consummatio</strong></span> <span class='ocrx_word' id='word_1_280' title='bbox 1396 3280 1893 3364; x_wconf 47' lang='lat' dir='ltr'><strong>poniturfPropter</strong></span> <span class='ocrx_word' id='word_1_281' title='bbox 1914 3297 2016 3352; x_wconf 91' lang='lat' dir='ltr'><strong>hoc</strong></span> 
     </span>
    </p>
   </div>
   <div class='ocr_carea' id='block_1_36' title="bbox 430 3380 2015 3451">
    <p class='ocr_par' dir='ltr' id='par_1_36' title="bbox 430 3380 2015 3451">
     <span class='ocr_line' id='line_1_36' title="bbox 430 3380 2015 3451; baseline 0.007 -18"><span class='ocrx_word' id='word_1_282' title='bbox 430 3380 666 3448; x_wconf 87' lang='lat' dir='ltr'><strong>denique</strong></span> <span class='ocrx_word' id='word_1_283' title='bbox 697 3390 751 3434; x_wconf 89' lang='lat' dir='ltr'><strong>et</strong></span> <span class='ocrx_word' id='word_1_284' title='bbox 781 3381 920 3435; x_wconf 88' lang='lat' dir='ltr'><strong>alius</strong></span> <span class='ocrx_word' id='word_1_285' title='bbox 948 3382 1170 3451; x_wconf 89' lang='lat' dir='ltr'><strong>quidam</strong></span> <span class='ocrx_word' id='word_1_286' title='bbox 1206 3390 1518 3436; x_wconf 83' lang='lat' dir='ltr'><strong>sanctorum</strong></span> <span class='ocrx_word' id='word_1_287' title='bbox 1559 3382 1777 3440; x_wconf 89' lang='lat' dir='ltr'><strong>dicebat</strong></span> <span class='ocrx_word' id='word_1_288' title='bbox 1807 3387 1853 3418; x_wconf 73' lang='grc'><strong>⁷⁸</strong></span> <span class='ocrx_word' id='word_1_289' title='bbox 1880 3403 1893 3439; x_wconf 93' lang='lat'><strong>:</strong></span> <span class='ocrx_word' id='word_1_290' title='bbox 1931 3386 2015 3444; x_wconf 89' lang='lat' dir='ltr'><strong>Ne</strong></span> 
     </span>
    </p>
   </div>
   <div class='ocr_carea' id='block_1_37' title="bbox 436 3472 2010 3536">
    <p class='ocr_par' dir='ltr' id='par_1_37' title="bbox 436 3472 2010 3536">
     <span class='ocr_line' id='line_1_37' title="bbox 436 3472 2010 3536; baseline 0.007 -11"><span class='ocrx_word' id='word_1_291' title='bbox 436 3487 632 3526; x_wconf 74' lang='lat' dir='ltr'><strong>revoces</strong></span> <span class='ocrx_word' id='word_1_292' title='bbox 662 3489 742 3526; x_wconf 88' lang='lat' dir='ltr'><strong>me</strong></span> <span class='ocrx_word' id='word_1_293' title='bbox 791 3473 844 3526; x_wconf 88' lang='lat' dir='ltr'><strong>in</strong></span> <span class='ocrx_word' id='word_1_294' title='bbox 875 3473 1095 3526; x_wconf 84' lang='lat' dir='ltr'><strong>dimidio</strong></span> <span class='ocrx_word' id='word_1_295' title='bbox 1145 3472 1351 3527; x_wconf 85' lang='lat' dir='ltr'><strong>dierum</strong></span> <span class='ocrx_word' id='word_1_296' title='bbox 1389 3489 1645 3530; x_wconf 87' lang='lat' dir='ltr'><strong>meorum.</strong></span> <span class='ocrx_word' id='word_1_297' title='bbox 1701 3475 1764 3531; x_wconf 89' lang='lat' dir='ltr'><strong>Et</strong></span> <span class='ocrx_word' id='word_1_298' title='bbox 1812 3478 2010 3536; x_wconf 83' lang='lat' dir='ltr'><strong>iterum</strong></span> 
     </span>
    </p>
   </div>
   <div class='ocr_carea' id='block_1_38' title="bbox 427 3563 2009 3635">
    <p class='ocr_par' dir='ltr' id='par_1_38' title="bbox 427 3563 2009 3635">
     <span class='ocr_line' id='line_1_38' title="bbox 427 3563 2009 3635; baseline 0.007 -20"><span class='ocrx_word' id='word_1_299' title='bbox 427 3578 625 3626; x_wconf 79' lang='lat' dir='ltr'><strong>magno</strong></span> <span class='ocrx_word' id='word_1_300' title='bbox 647 3563 968 3632; x_wconf 82' lang='lat' dir='ltr'><strong>patriarchae</strong></span> <span class='ocrx_word' id='word_1_301' title='bbox 1013 3565 1285 3619; x_wconf 80' lang='lat' dir='ltr'><strong>Abraham</strong></span> <span class='ocrx_word' id='word_1_302' title='bbox 1318 3565 1599 3635; x_wconf 84' lang='lat' dir='ltr'><strong>Scriptura</strong></span> <span class='ocrx_word' id='word_1_303' title='bbox 1636 3570 2009 3626; x_wconf 89' lang='lat' dir='ltr'><strong>testimonium</strong></span> 
     </span>
    </p>
   </div>
   <div class='ocr_carea' id='block_1_39' title="bbox 428 3654 2011 3733">
    <p class='ocr_par' dir='ltr' id='par_1_39' title="bbox 428 3654 2011 3733">
     <span class='ocr_line' id='line_1_39' title="bbox 428 3654 2011 3733; baseline 0.01 -28"><span class='ocrx_word' id='word_1_304' title='bbox 428 3654 674 3722; x_wconf 82' lang='lat' dir='ltr'><strong>perhibet</strong></span> <span class='ocrx_word' id='word_1_305' title='bbox 704 3655 769 3716; x_wconf 82' lang='grc'><strong>⁷⁵,</strong></span> <span class='ocrx_word' id='word_1_306' title='bbox 801 3656 1056 3724; x_wconf 91' lang='lat' dir='ltr'><strong>quoniam</strong></span> <span class='ocrx_word' id='word_1_307' title='bbox 1083 3655 1374 3714; x_wconf 89' lang='lat' dir='ltr'><strong>defunctus</strong></span> <span class='ocrx_word' id='word_1_308' title='bbox 1399 3670 1485 3713; x_wconf 89' lang='lat' dir='ltr'><strong>est</strong></span> <span class='ocrx_word' id='word_1_309' title='bbox 1508 3660 1783 3716; x_wconf 86' lang='lat' dir='ltr'><strong>Abraham</strong></span> <span class='ocrx_word' id='word_1_310' title='bbox 1819 3662 2011 3733; x_wconf 81' lang='lat' dir='ltr'><strong>plenus</strong></span> 
     </span>
    </p>
   </div>
   <div class='ocr_carea' id='block_1_40' title="bbox 427 3744 2008 3821">
    <p class='ocr_par' dir='ltr' id='par_1_40' title="bbox 427 3744 2008 3821">
     <span class='ocr_line' id='line_1_40' title="bbox 427 3744 2008 3821; baseline 0.007 -25"><span class='ocrx_word' id='word_1_311' title='bbox 427 3745 660 3798; x_wconf 88' lang='lat' dir='ltr'><strong>dierum.</strong></span> <span class='ocrx_word' id='word_1_312' title='bbox 697 3744 811 3799; x_wconf 83' lang='lat' dir='ltr'><strong>Hoc</strong></span> <span class='ocrx_word' id='word_1_313' title='bbox 838 3754 923 3800; x_wconf 89' lang='lat' dir='ltr'><strong>est</strong></span> <span class='ocrx_word' id='word_1_314' title='bbox 951 3761 1083 3815; x_wconf 84' lang='lat' dir='ltr'><strong>ergo</strong></span> <span class='ocrx_word' id='word_1_315' title='bbox 1110 3748 1157 3779; x_wconf 79' lang='grc'>⁷⁸</span> <span class='ocrx_word' id='word_1_316' title='bbox 1180 3764 1194 3801; x_wconf 92' lang='lat'><strong>:</strong></span> <span class='ocrx_word' id='word_1_317' title='bbox 1218 3745 1488 3803; x_wconf 80' lang='lat' dir='ltr'><strong>Revocabo</strong></span> <span class='ocrx_word' id='word_1_318' title='bbox 1521 3759 1568 3803; x_wconf 89' lang='lat' dir='ltr'><strong>te</strong></span> <span class='ocrx_word' id='word_1_319' title='bbox 1598 3752 1718 3805; x_wconf 84' lang='lat' dir='ltr'><strong>inde</strong></span> <span class='ocrx_word' id='word_1_320' title='bbox 1739 3753 1795 3806; x_wconf 86' lang='lat' dir='ltr'><strong>in</strong></span> <span class='ocrx_word' id='word_1_321' title='bbox 1823 3753 2008 3821; x_wconf 76' lang='lat' dir='ltr'><strong>ﬁnem;</strong></span> 
     </span>
    </p>
   </div>
   <div class='ocr_carea' id='block_1_41' title="bbox 425 3835 2007 3913">
    <p class='ocr_par' dir='ltr' id='par_1_41' title="bbox 425 3835 2007 3913">
     <span class='ocr_line' id='line_1_41' title="bbox 425 3835 2007 3913; baseline 0.009 -28"><span class='ocrx_word' id='word_1_322' title='bbox 425 3835 633 3890; x_wconf 89' lang='lat' dir='ltr'><strong>velutsi</strong></span> <span class='ocrx_word' id='word_1_323' title='bbox 658 3837 862 3892; x_wconf 84' lang='lat' dir='ltr'><strong>diceret</strong></span> <span class='ocrx_word' id='word_1_324' title='bbox 884 3857 897 3892; x_wconf 92' lang='lat'><strong>:</strong></span> <span class='ocrx_word' id='word_1_325' title='bbox 918 3836 1184 3903; x_wconf 89' lang='lat' dir='ltr'><strong>Quoniam</strong></span> <span class='ocrx_word' id='word_1_326' title='bbox 1210 3850 1487 3895; x_wconf 90' lang='lat' dir='ltr'><strong>certamen</strong></span> <span class='ocrx_word' id='word_1_327' title='bbox 1520 3839 1722 3896; x_wconf 93' lang='lat' dir='ltr'><strong>bonum</strong></span> <span class='ocrx_word' id='word_1_328' title='bbox 1751 3848 2007 3913; x_wconf 88' lang='lat' dir='ltr'><strong>certasti,</strong></span> 
     </span>
    </p>
   </div>
   <div class='ocr_carea' id='block_1_42' title="bbox 430 3925 2010 3997">
    <p class='ocr_par' dir='ltr' id='par_1_42' title="bbox 430 3925 2010 3997">
     <span class='ocr_line' id='line_1_42' title="bbox 430 3925 2010 3997; baseline 0.008 -20"><span class='ocrx_word' id='word_1_329' title='bbox 430 3925 589 3978; x_wconf 87' lang='lat' dir='ltr'><strong>fidem</strong></span> <span class='ocrx_word' id='word_1_330' title='bbox 629 3928 881 3993; x_wconf 79' lang='lat' dir='ltr'><strong>servasti,</strong></span> <span class='ocrx_word' id='word_1_331' title='bbox 917 3943 1137 3983; x_wconf 85' lang='lat' dir='ltr'><strong>cursum</strong></span> <span class='ocrx_word' id='word_1_332' title='bbox 1169 3933 1562 3986; x_wconf 86' lang='lat' dir='ltr'><strong>consummasti</strong></span> <span class='ocrx_word' id='word_1_333' title='bbox 1588 3972 1603 3997; x_wconf 90' lang='lat'><strong>,</strong></span> <span class='ocrx_word' id='word_1_334' title='bbox 1655 3936 1925 3989; x_wconf 77' lang='lat' dir='ltr'><strong>revocabo</strong></span> <span class='ocrx_word' id='word_1_335' title='bbox 1956 3944 2010 3990; x_wconf 90' lang='lat' dir='ltr'><strong>te</strong></span> 
     </span>
    </p>
   </div>
   <div class='ocr_carea' id='block_1_43' title="bbox 420 4015 2007 4092">
    <p class='ocr_par' dir='ltr' id='par_1_43' title="bbox 420 4015 2007 4092">
     <span class='ocr_line' id='line_1_43' title="bbox 420 4015 2007 4092; baseline 0.008 -23"><span class='ocrx_word' id='word_1_336' title='bbox 420 4015 530 4086; x_wconf 73' lang='lat' dir='ltr'><strong>iam</strong></span> <span class='ocrx_word' id='word_1_337' title='bbox 580 4017 645 4071; x_wconf 88' lang='lat' dir='ltr'><strong>de</strong></span> <span class='ocrx_word' id='word_1_338' title='bbox 682 4018 784 4072; x_wconf 92' lang='lat' dir='ltr'><strong>hoc</strong></span> <span class='ocrx_word' id='word_1_339' title='bbox 828 4020 1063 4081; x_wconf 90' lang='lat' dir='ltr'><strong>mundo,</strong></span> <span class='ocrx_word' id='word_1_340' title='bbox 1098 4020 1163 4074; x_wconf 93' lang='lat' dir='ltr'><strong>ad</strong></span> <span class='ocrx_word' id='word_1_341' title='bbox 1212 4022 1609 4078; x_wconf 88' lang='lat' dir='ltr'><strong>beatitudinem</strong></span> <span class='ocrx_word' id='word_1_342' title='bbox 1644 4025 1907 4092; x_wconf 86' lang='lat' dir='ltr'><strong>futuram,</strong></span> <span class='ocrx_word' id='word_1_343' title='bbox 1940 4028 2007 4082; x_wconf 92' lang='lat' dir='ltr'><strong>ad</strong></span> 
     </span>
    </p>
   </div>
   <div class='ocr_carea' id='block_1_44' title="bbox 424 4106 2007 4183">
    <p class='ocr_par' dir='ltr' id='par_1_44' title="bbox 424 4106 2007 4183">
     <span class='ocr_line' id='line_1_44' title="bbox 424 4106 2007 4183; baseline 0.01 -25"><span class='ocrx_word' id='word_1_344' title='bbox 424 4106 815 4175; x_wconf 72' lang='lat' dir='ltr'><strong>perfectionem</strong></span> <span class='ocrx_word' id='word_1_345' title='bbox 864 4108 989 4161; x_wconf 83' lang='lat' dir='ltr'><strong>vitae</strong></span> <span class='ocrx_word' id='word_1_346' title='bbox 1041 4118 1296 4177; x_wconf 64' lang='lat' dir='ltr'><strong>aeternae,</strong></span> <span class='ocrx_word' id='word_1_347' title='bbox 1345 4112 1413 4165; x_wconf 87' lang='lat' dir='ltr'><strong>ad</strong></span> <span class='ocrx_word' id='word_1_348' title='bbox 1439 4113 1665 4183; x_wconf 70' lang='lat' dir='ltr'><strong>iustitia:</strong></span> <span class='ocrx_word' id='word_1_349' title='bbox 1707 4130 1966 4172; x_wconf 85' lang='lat' dir='ltr'><strong>coronam</strong></span> <span class='ocrx_word' id='word_1_350' title='bbox 1993 4159 2007 4183; x_wconf 91' lang='lat'><strong>,</strong></span> 
     </span>
    </p>
   </div>
   <div class='ocr_carea' id='block_1_45' title="bbox 423 4199 2010 4267">
    <p class='ocr_par' dir='ltr' id='par_1_45' title="bbox 423 4199 2010 4267">
     <span class='ocr_line' id='line_1_45' title="bbox 423 4199 2010 4267; baseline 0.009 -17"><span class='ocrx_word' id='word_1_351' title='bbox 423 4212 584 4267; x_wconf 85' lang='lat' dir='ltr'><strong>quam</strong></span> <span class='ocrx_word' id='word_1_352' title='bbox 612 4199 799 4253; x_wconf 87' lang='lat' dir='ltr'><strong>reddet</strong></span> <span class='ocrx_word' id='word_1_353' title='bbox 832 4199 1090 4255; x_wconf 91' lang='lat' dir='ltr'><strong>Dominus</strong></span> <span class='ocrx_word' id='word_1_354' title='bbox 1118 4201 1170 4254; x_wconf 89' lang='lat' dir='ltr'><strong>in</strong></span> <span class='ocrx_word' id='word_1_355' title='bbox 1198 4199 1356 4255; x_wconf 85' lang='lat' dir='ltr'><strong>finem</strong></span> <span class='ocrx_word' id='word_1_356' title='bbox 1388 4204 1709 4261; x_wconf 70' lang='lat' dir='ltr'><strong>smculorum</strong></span> <span class='ocrx_word' id='word_1_357' title='bbox 1753 4210 2010 4265; x_wconf 89' lang='lat' dir='ltr'><strong>omnibus</strong></span> 
     </span>
    </p>
   </div>
   <div class='ocr_carea' id='block_1_46' title="bbox 425 4290 948 4361">
    <p class='ocr_par' dir='ltr' id='par_1_46' title="bbox 425 4290 948 4361">
     <span class='ocr_line' id='line_1_46' title="bbox 425 4290 948 4361; baseline 0.008 -18"><span class='ocrx_word' id='word_1_358' title='bbox 425 4293 517 4360; x_wconf 82' lang='lat' dir='ltr'><strong>qui</strong></span> <span class='ocrx_word' id='word_1_359' title='bbox 548 4290 777 4361; x_wconf 88' lang='lat' dir='ltr'><strong>diligunt</strong></span> <span class='ocrx_word' id='word_1_360' title='bbox 802 4304 948 4347; x_wconf 87' lang='lat' dir='ltr'><strong>eum.</strong></span> 
     </span>
    </p>
   </div>
   <div class='ocr_carea' id='block_1_47' title="bbox 495 4404 2004 4473">
    <p class='ocr_par' dir='ltr' id='par_1_47' title="bbox 495 4404 2004 4473">
     <span class='ocr_line' id='line_1_47' title="bbox 495 4404 2004 4473; baseline 0 -13"><span class='ocrx_word' id='word_1_361' title='bbox 495 4406 548 4460; x_wconf 86' lang='grc'><strong>7.</strong></span> <span class='ocrx_word' id='word_1_362' title='bbox 578 4404 873 4460; x_wconf 82' lang='lat' dir='ltr'><strong>Videamus</strong></span> <span class='ocrx_word' id='word_1_363' title='bbox 904 4414 1085 4459; x_wconf 88' lang='lat' dir='ltr'><strong>autem</strong></span> <span class='ocrx_word' id='word_1_364' title='bbox 1118 4404 1246 4473; x_wconf 88' lang='lat' dir='ltr'><strong>quid</strong></span> <span class='ocrx_word' id='word_1_365' title='bbox 1283 4414 1447 4460; x_wconf 80' lang='lat' dir='ltr'><strong>etiam</strong></span> <span class='ocrx_word' id='word_1_366' title='bbox 1489 4406 1618 4462; x_wconf 85' lang='lat' dir='ltr'><strong>inde</strong></span> <span class='ocrx_word' id='word_1_367' title='bbox 1656 4408 2004 4461; x_wconf 81' lang='lat' dir='ltr'><strong>sentiendum</strong></span> 
     </span>
    </p>
   </div>
   <div class='ocr_carea' id='block_1_48' title="bbox 426 4477 2084 4567">
    <p class='ocr_par' dir='ltr' id='par_1_48' title="bbox 426 4477 2084 4567">
     <span class='ocr_line' id='line_1_48' title="bbox 426 4477 2084 4567; baseline 0.001 -16"><span class='ocrx_word' id='word_1_368' title='bbox 426 4498 498 4552; x_wconf 85' lang='lat' dir='ltr'><strong>sit</strong></span> <span class='ocrx_word' id='word_1_369' title='bbox 521 4497 661 4566; x_wconf 91' lang='lat' dir='ltr'><strong>quod</strong></span> <span class='ocrx_word' id='word_1_370' title='bbox 695 4496 828 4552; x_wconf 86' lang='lat' dir='ltr'><strong>dicit</strong></span> <span class='ocrx_word' id='word_1_371' title='bbox 855 4496 936 4551; x_wconf 76' lang='grc' dir='ltr'>’τε</span> <span class='ocrx_word' id='word_1_372' title='bbox 973 4496 1043 4550; x_wconf 83' lang='lat' dir='ltr'><strong>Et</strong></span> <span class='ocrx_word' id='word_1_373' title='bbox 1065 4495 1262 4565; x_wconf 83' lang='lat' dir='ltr'><strong>Joseplt</strong></span> <span class='ocrx_word' id='word_1_374' title='bbox 1296 4507 1451 4567; x_wconf 86' lang='lat' dir='ltr'><strong>ponet</strong></span> <span class='ocrx_word' id='word_1_375' title='bbox 1479 4513 1665 4551; x_wconf 79' lang='lat' dir='ltr'><strong>atauus</strong></span> <span class='ocrx_word' id='word_1_376' title='bbox 1695 4514 1820 4552; x_wconf 86' lang='lat' dir='ltr'><strong>suas</strong></span> <span class='ocrx_word' id='word_1_377' title='bbox 1850 4516 2007 4567; x_wconf 86' lang='lat' dir='ltr'><strong>super</strong></span> <span class='ocrx_word' id='word_1_378' title='bbox 2042 4477 2084 4531; x_wconf 71' lang='grc' dir='ltr'><strong>θ</strong></span> 
     </span>
    </p>
   </div>
   <div class='ocr_carea' id='block_1_49' title="bbox 426 4588 2003 4659">
    <p class='ocr_par' dir='ltr' id='par_1_49' title="bbox 426 4588 2003 4659">
     <span class='ocr_line' id='line_1_49' title="bbox 426 4588 2003 4659; baseline 0.002 -15"><span class='ocrx_word' id='word_1_379' title='bbox 426 4591 605 4644; x_wconf 85' lang='lat' dir='ltr'><strong>oculos</strong></span> <span class='ocrx_word' id='word_1_380' title='bbox 653 4602 795 4645; x_wconf 85' lang='lat' dir='ltr'><strong>tuos.</strong></span> <span class='ocrx_word' id='word_1_381' title='bbox 849 4590 1015 4644; x_wconf 84' lang='lat' dir='ltr'><strong>Multa</strong></span> <span class='ocrx_word' id='word_1_382' title='bbox 1049 4590 1266 4659; x_wconf 77' lang='lat' dir='ltr'><strong>Quidem</strong></span> <span class='ocrx_word' id='word_1_383' title='bbox 1330 4589 1475 4642; x_wconf 86' lang='lat' dir='ltr'><strong>intra</strong></span> <span class='ocrx_word' id='word_1_384' title='bbox 1530 4588 1689 4657; x_wconf 88' lang='lat' dir='ltr'><strong>hujus</strong></span> <span class='ocrx_word' id='word_1_385' title='bbox 1730 4593 2003 4647; x_wconf 88' lang='lat' dir='ltr'><strong>sermonis</strong></span> 
     </span>
    </p>
   </div>
   <div class='ocr_carea' id='block_1_50' title="bbox 424 4680 2001 4752">
    <p class='ocr_par' dir='ltr' id='par_1_50' title="bbox 424 4680 2001 4752">
     <span class='ocr_line' id='line_1_50' title="bbox 424 4680 2001 4752; baseline 0.002 -19"><span class='ocrx_word' id='word_1_386' title='bbox 424 4682 670 4736; x_wconf 82' lang='lat' dir='ltr'><strong>velamen</strong></span> <span class='ocrx_word' id='word_1_387' title='bbox 705 4698 919 4737; x_wconf 79' lang='lat' dir='ltr'><strong>arcana:</strong></span> <span class='ocrx_word' id='word_1_388' title='bbox 960 4680 1330 4752; x_wconf 58' lang='lat' dir='ltr'><strong>intelligentia?</strong></span> <span class='ocrx_word' id='word_1_389' title='bbox 1362 4681 1576 4749; x_wconf 84' lang='lat' dir='ltr'><strong>contegi</strong></span> <span class='ocrx_word' id='word_1_390' title='bbox 1619 4682 1861 4737; x_wconf 87' lang='lat' dir='ltr'><strong>arbitror</strong></span> <span class='ocrx_word' id='word_1_391' title='bbox 1909 4698 2001 4737; x_wconf 88' lang='lat' dir='ltr'><strong>sa-</strong></span> 
     </span>
    </p>
   </div>
   <div class='ocr_carea' id='block_1_51' title="bbox 427 4770 2001 4841">
    <p class='ocr_par' dir='ltr' id='par_1_51' title="bbox 427 4770 2001 4841">
     <span class='ocr_line' id='line_1_51' title="bbox 427 4770 2001 4841; baseline -0.001 -14"><span class='ocrx_word' id='word_1_392' title='bbox 427 4782 726 4837; x_wconf 88' lang='lat' dir='ltr'><strong>cramenta,</strong></span> <span class='ocrx_word' id='word_1_393' title='bbox 762 4788 881 4841; x_wconf 68' lang='lat' dir='ltr'><strong>quae</strong></span> <span class='ocrx_word' id='word_1_394' title='bbox 907 4773 1223 4841; x_wconf 88' lang='lat' dir='ltr'><strong>contingere</strong></span> <span class='ocrx_word' id='word_1_395' title='bbox 1248 4780 1303 4826; x_wconf 93' lang='lat' dir='ltr'><strong>et</strong></span> <span class='ocrx_word' id='word_1_396' title='bbox 1332 4770 1550 4841; x_wconf 90' lang='lat' dir='ltr'><strong>pulsare</strong></span> <span class='ocrx_word' id='word_1_397' title='bbox 1579 4771 1808 4827; x_wconf 88' lang='lat' dir='ltr'><strong>alterius</strong></span> <span class='ocrx_word' id='word_1_398' title='bbox 1866 4782 2001 4827; x_wconf 91' lang='lat' dir='ltr'><strong>tem-</strong></span> 
     </span>
    </p>
   </div>
   <div class='ocr_carea' id='block_1_52' title="bbox 431 4861 2006 4933">
    <p class='ocr_par' dir='ltr' id='par_1_52' title="bbox 431 4861 2006 4933">
     <span class='ocr_line' id='line_1_52' title="bbox 431 4861 2006 4933; baseline 0.001 -16"><span class='ocrx_word' id='word_1_399' title='bbox 431 4864 580 4932; x_wconf 91' lang='lat' dir='ltr'><strong>poris</strong></span> <span class='ocrx_word' id='word_1_400' title='bbox 607 4874 709 4918; x_wconf 74' lang='lat' dir='ltr'><strong>eat.</strong></span> <span class='ocrx_word' id='word_1_401' title='bbox 742 4862 894 4918; x_wconf 83' lang='lat' dir='ltr'><strong>Nunc</strong></span> <span class='ocrx_word' id='word_1_402' title='bbox 936 4864 1152 4917; x_wconf 89' lang='lat' dir='ltr'><strong>interim</strong></span> <span class='ocrx_word' id='word_1_403' title='bbox 1192 4879 1298 4916; x_wconf 92' lang='lat' dir='ltr'><strong>non</strong></span> <span class='ocrx_word' id='word_1_404' title='bbox 1340 4861 1613 4918; x_wconf 88' lang='lat' dir='ltr'><strong>videbitur</strong></span> <span class='ocrx_word' id='word_1_405' title='bbox 1665 4864 1871 4933; x_wconf 90' lang='lat' dir='ltr'><strong>absque</strong></span> <span class='ocrx_word' id='word_1_406' title='bbox 1919 4880 2006 4918; x_wconf 91' lang='lat' dir='ltr'><strong>ra-</strong></span> 
     </span>
    </p>
   </div>
   <div class='ocr_carea' id='block_1_53' title="bbox 427 4954 2008 5024">
    <p class='ocr_par' dir='ltr' id='par_1_53' title="bbox 427 4954 2008 5024">
     <span class='ocr_line' id='line_1_53' title="bbox 427 4954 2008 5024; baseline 0.001 -15"><span class='ocrx_word' id='word_1_407' title='bbox 427 4958 572 5011; x_wconf 88' lang='lat' dir='ltr'><strong>tione</strong></span> <span class='ocrx_word' id='word_1_408' title='bbox 600 4957 729 5019; x_wconf 84' lang='lat' dir='ltr'><strong>dici,</strong></span> <span class='ocrx_word' id='word_1_409' title='bbox 774 4957 916 5024; x_wconf 90' lang='lat' dir='ltr'><strong>quod</strong></span> <span class='ocrx_word' id='word_1_410' title='bbox 951 4965 1006 5009; x_wconf 91' lang='lat' dir='ltr'><strong>et</strong></span> <span class='ocrx_word' id='word_1_411' title='bbox 1039 4956 1311 5024; x_wconf 89' lang='lat' dir='ltr'><strong>prioribus</strong></span> <span class='ocrx_word' id='word_1_412' title='bbox 1343 4954 1549 5009; x_wconf 88' lang='lat' dir='ltr'><strong>nostris</strong></span> <span class='ocrx_word' id='word_1_413' title='bbox 1579 4956 1898 5022; x_wconf 89' lang='lat' dir='ltr'><strong>quibusdam</strong></span> <span class='ocrx_word' id='word_1_414' title='bbox 1926 4958 2008 5010; x_wconf 88' lang='lat' dir='ltr'><strong>vi-</strong></span> 
     </span>
    </p>
   </div>
   <div class='ocr_carea' id='block_1_54' title="bbox 426 5046 2002 5118">
    <p class='ocr_par' dir='ltr' id='par_1_54' title="bbox 426 5046 2002 5118">
     <span class='ocr_line' id='line_1_54' title="bbox 426 5046 2002 5118; baseline 0.001 -18"><span class='ocrx_word' id='word_1_415' title='bbox 426 5063 541 5100; x_wconf 87' lang='lat' dir='ltr'><strong>smu</strong></span> <span class='ocrx_word' id='word_1_416' title='bbox 574 5058 675 5113; x_wconf 87' lang='grc' dir='ltr'>εει,</span> <span class='ocrx_word' id='word_1_417' title='bbox 710 5048 1047 5117; x_wconf 85' lang='lat' dir='ltr'><strong>prophetiam</strong></span> <span class='ocrx_word' id='word_1_418' title='bbox 1089 5047 1383 5114; x_wconf 90' lang='lat' dir='ltr'><strong>quamdam</strong></span> <span class='ocrx_word' id='word_1_419' title='bbox 1436 5046 1490 5100; x_wconf 89' lang='lat' dir='ltr'><strong>in</strong></span> <span class='ocrx_word' id='word_1_420' title='bbox 1526 5046 1629 5101; x_wconf 89' lang='lat' dir='ltr'><strong>hoc</strong></span> <span class='ocrx_word' id='word_1_421' title='bbox 1660 5047 2002 5118; x_wconf 86' lang='lat' dir='ltr'><strong>designatam</strong></span> 
     </span>
    </p>
   </div>
   <div class='ocr_carea' id='block_1_55' title="bbox 426 5136 2003 5207">
    <p class='ocr_par' dir='ltr' id='par_1_55' title="bbox 426 5136 2003 5207">
     <span class='ocr_line' id='line_1_55' title="bbox 426 5136 2003 5207; baseline 0.003 -17"><span class='ocrx_word' id='word_1_422' title='bbox 426 5140 591 5193; x_wconf 75' lang='lat' dir='ltr'><strong>videri</strong></span> <span class='ocrx_word' id='word_1_423' title='bbox 621 5157 634 5192; x_wconf 89' lang='lat'><strong>:</strong></span> <span class='ocrx_word' id='word_1_424' title='bbox 672 5140 927 5207; x_wconf 89' lang='lat' dir='ltr'><strong>quoniam</strong></span> <span class='ocrx_word' id='word_1_425' title='bbox 980 5139 1198 5207; x_wconf 86' lang='lat' dir='ltr'><strong>quidem</strong></span> <span class='ocrx_word' id='word_1_426' title='bbox 1253 5138 1319 5192; x_wconf 90' lang='lat' dir='ltr'><strong>de</strong></span> <span class='ocrx_word' id='word_1_427' title='bbox 1356 5138 1503 5194; x_wconf 88' lang='lat' dir='ltr'><strong>tribu</strong></span> <span class='ocrx_word' id='word_1_428' title='bbox 1535 5136 1739 5207; x_wconf 84' lang='lat' dir='ltr'><strong>Joseph</strong></span> <span class='ocrx_word' id='word_1_429' title='bbox 1780 5139 1881 5193; x_wconf 89' lang='lat' dir='ltr'><strong>fuit</strong></span> <span class='ocrx_word' id='word_1_430' title='bbox 1913 5139 2003 5195; x_wconf 85' lang='lat' dir='ltr'><strong>.le-</strong></span> 
     </span>
    </p>
   </div>
   <div class='ocr_carea' id='block_1_56' title="bbox 425 5229 2003 5299">
    <p class='ocr_par' dir='ltr' id='par_1_56' title="bbox 425 5229 2003 5299">
     <span class='ocr_line' id='line_1_56' title="bbox 425 5229 2003 5299; baseline 0.001 -15"><span class='ocrx_word' id='word_1_431' title='bbox 425 5233 646 5285; x_wconf 89' lang='lat' dir='ltr'><strong>roboam</strong></span> <span class='ocrx_word' id='word_1_432' title='bbox 668 5232 735 5295; x_wconf 65' lang='lat'><strong>&#39;3,</strong></span> <span class='ocrx_word' id='word_1_433' title='bbox 772 5231 860 5284; x_wconf 89' lang='lat' dir='ltr'><strong>ille</strong></span> <span class='ocrx_word' id='word_1_434' title='bbox 888 5232 976 5299; x_wconf 90' lang='lat' dir='ltr'><strong>qui</strong></span> <span class='ocrx_word' id='word_1_435' title='bbox 1019 5229 1149 5285; x_wconf 91' lang='lat' dir='ltr'><strong>fecit</strong></span> <span class='ocrx_word' id='word_1_436' title='bbox 1177 5230 1311 5284; x_wconf 90' lang='lat' dir='ltr'><strong>duas</strong></span> <span class='ocrx_word' id='word_1_437' title='bbox 1344 5245 1541 5285; x_wconf 82' lang='lat' dir='ltr'><strong>vaccas</strong></span> <span class='ocrx_word' id='word_1_438' title='bbox 1582 5245 1798 5295; x_wconf 87' lang='lat' dir='ltr'><strong>aureas,</strong></span> <span class='ocrx_word' id='word_1_439' title='bbox 1837 5242 1894 5283; x_wconf 92' lang='lat' dir='ltr'><strong>ut</strong></span> <span class='ocrx_word' id='word_1_440' title='bbox 1917 5247 2003 5285; x_wconf 81' lang='lat' dir='ltr'><strong>se-</strong></span> 
     </span>
    </p>
   </div>
   <div class='ocr_carea' id='block_1_57' title="bbox 495 5389 1009 5455">
    <p class='ocr_par' dir='ltr' id='par_1_57' title="bbox 495 5389 1009 5455">
     <span class='ocr_line' id='line_1_57' title="bbox 495 5389 1009 5455; baseline 0.002 -8"><span class='ocrx_word' id='word_1_441' title='bbox 495 5392 543 5425; x_wconf 82' lang='grc'>’⁸</span> <span class='ocrx_word' id='word_1_442' title='bbox 571 5389 771 5447; x_wconf 83' lang='lat' dir='ltr'><strong>Genes.</strong></span> <span class='ocrx_word' id='word_1_443' title='bbox 811 5407 895 5455; x_wconf 80' lang='grc' dir='ltr'><strong>ιιι,</strong></span> <span class='ocrx_word' id='word_1_444' title='bbox 922 5392 1009 5448; x_wconf 82' lang='lat' dir='ltr'><strong>I5.</strong></span> 
     </span>
    </p>
   </div>
   <div class='ocr_carea' id='block_1_58' title="bbox 423 5463 956 5524">
    <p class='ocr_par' dir='ltr' id='par_1_58' title="bbox 423 5463 956 5524">
     <span class='ocr_line' id='line_1_58' title="bbox 423 5463 956 5524; baseline -0.006 -6"><span class='ocrx_word' id='word_1_445' title='bbox 423 5464 469 5494; x_wconf 84' lang='lat'><strong>&quot;</strong></span> <span class='ocrx_word' id='word_1_446' title='bbox 499 5463 694 5518; x_wconf 82' lang='lat' dir='ltr'><strong>Genes.</strong></span> <span class='ocrx_word' id='word_1_447' title='bbox 724 5476 871 5524; x_wconf 75' lang='lat' dir='ltr'><strong>XLVI.</strong></span> <span class='ocrx_word' id='word_1_448' title='bbox 905 5464 956 5517; x_wconf 68' lang='grc'><strong>4.</strong></span> 
     </span>
    </p>
   </div>
   <div class='ocr_carea' id='block_1_59' title="bbox 422 5532 877 5597">
    <p class='ocr_par' dir='ltr' id='par_1_59' title="bbox 422 5532 877 5597">
     <span class='ocr_line' id='line_1_59' title="bbox 422 5532 877 5597; baseline -0.007 -9"><span class='ocrx_word' id='word_1_449' title='bbox 422 5535 467 5565; x_wconf 81' lang='grc'>⁸³</span> <span class='ocrx_word' id='word_1_450' title='bbox 502 5534 671 5587; x_wconf 78' lang='lat' dir='ltr'><strong>Exod.</strong></span> <span class='ocrx_word' id='word_1_451' title='bbox 705 5549 797 5597; x_wconf 74' lang='lat' dir='ltr'><strong>sx,</strong></span> <span class='ocrx_word' id='word_1_452' title='bbox 821 5532 877 5585; x_wconf 74' lang='lat'><strong>‘2.</strong></span> 
     </span>
    </p>
   </div>
   <div class='ocr_carea' id='block_1_60' title="bbox 497 5625 1991 5696">
    <p class='ocr_par' dir='ltr' id='par_1_60' title="bbox 497 5625 1991 5696">
     <span class='ocr_line' id='line_1_60' title="bbox 497 5625 1991 5696; baseline 0 -15"><span class='ocrx_word' id='word_1_453' title='bbox 497 5627 571 5696; x_wconf 63' lang='grc' dir='ltr'><strong>(ἓ)</strong></span> <span class='ocrx_word' id='word_1_454' title='bbox 604 5626 693 5681; x_wconf 87' lang='lat' dir='ltr'><strong>Sic</strong></span> <span class='ocrx_word' id='word_1_455' title='bbox 741 5642 911 5691; x_wconf 81' lang='lat' dir='ltr'><strong>mss.;</strong></span> <span class='ocrx_word' id='word_1_456' title='bbox 955 5626 1109 5690; x_wconf 89' lang='lat' dir='ltr'><strong>alias,</strong></span> <span class='ocrx_word' id='word_1_457' title='bbox 1163 5628 1363 5692; x_wconf 79' lang='lat' dir='ltr'><strong>aperuit</strong></span> <span class='ocrx_word' id='word_1_458' title='bbox 1399 5626 1654 5680; x_wconf 78' lang='lat' dir='ltr'><strong>Dominus</strong></span> <span class='ocrx_word' id='word_1_459' title='bbox 1686 5625 1991 5695; x_wconf 80' lang='lat' dir='ltr'><strong>Scripturas</strong></span> 
     </span>
    </p>
   </div>
   <div class='ocr_carea' id='block_1_61' title="bbox 424 5696 1847 5766">
    <p class='ocr_par' dir='ltr' id='par_1_61' title="bbox 424 5696 1847 5766">
     <span class='ocr_line' id='line_1_61' title="bbox 424 5696 1847 5766; baseline 0.001 -16"><span class='ocrx_word' id='word_1_460' title='bbox 424 5696 706 5763; x_wconf 70' lang='lat' dir='ltr'><strong>spiritales,</strong></span> <span class='ocrx_word' id='word_1_461' title='bbox 760 5698 813 5748; x_wconf 85' lang='lat' dir='ltr'><strong>in</strong></span> <span class='ocrx_word' id='word_1_462' title='bbox 850 5699 956 5765; x_wconf 88' lang='lat' dir='ltr'><strong>lege</strong></span> <span class='ocrx_word' id='word_1_463' title='bbox 991 5697 1125 5750; x_wconf 86' lang='lat' dir='ltr'><strong>visus</strong></span> <span class='ocrx_word' id='word_1_464' title='bbox 1160 5706 1207 5749; x_wconf 88' lang='lat' dir='ltr'><strong>et</strong></span> <span class='ocrx_word' id='word_1_465' title='bbox 1252 5698 1543 5750; x_wconf 83' lang='lat' dir='ltr'><strong>intellectus</strong></span> <span class='ocrx_word' id='word_1_466' title='bbox 1580 5709 1847 5766; x_wconf 86' lang='lat' dir='ltr'><strong>appareat.</strong></span> 
     </span>
    </p>
   </div>
   <div class='ocr_carea' id='block_1_62' title="bbox 498 5766 1563 5836">
    <p class='ocr_par' dir='ltr' id='par_1_62' title="bbox 498 5766 1563 5836">
     <span class='ocr_line' id='line_1_62' title="bbox 498 5766 1563 5836; baseline 0 -17"><span class='ocrx_word' id='word_1_467' title='bbox 498 5766 572 5835; x_wconf 75' lang='lat'><strong>(&#39;5)</strong></span> <span class='ocrx_word' id='word_1_468' title='bbox 603 5767 772 5833; x_wconf 81' lang='lat' dir='ltr'><strong>Alias,</strong></span> <span class='ocrx_word' id='word_1_469' title='bbox 809 5768 892 5820; x_wconf 86' lang='lat' dir='ltr'><strong>cui</strong></span> <span class='ocrx_word' id='word_1_470' title='bbox 924 5766 1093 5836; x_wconf 84' lang='lat' dir='ltr'><strong>gloria</strong></span> <span class='ocrx_word' id='word_1_471' title='bbox 1126 5777 1201 5821; x_wconf 82' lang='lat' dir='ltr'><strong>est</strong></span> <span class='ocrx_word' id='word_1_472' title='bbox 1241 5775 1289 5818; x_wconf 83' lang='lat' dir='ltr'><strong>et</strong></span> <span class='ocrx_word' id='word_1_473' title='bbox 1318 5776 1563 5833; x_wconf 82' lang='lat' dir='ltr'><strong>potestas.</strong></span> 
     </span>
    </p>
   </div>
   <div class='ocr_carea' id='block_1_63' title="bbox 1117 5394 1833 5449">
    <p class='ocr_par' dir='ltr' id='par_1_63' title="bbox 1117 5394 1833 5449">
     <span class='ocr_line' id='line_1_63' title="bbox 1117 5394 1833 5449; baseline 0.001 -3"><span class='ocrx_word' id='word_1_474' title='bbox 1117 5394 1161 5426; x_wconf 75' lang='grc' dir='ltr'><strong>ἰ</strong></span> <span class='ocrx_word' id='word_1_475' title='bbox 1200 5394 1331 5449; x_wconf 88' lang='lat' dir='ltr'><strong>ibid.</strong></span> <span class='ocrx_word' id='word_1_476' title='bbox 1446 5395 1490 5426; x_wconf 82' lang='lat'><strong>&quot;&#39;</strong></span> <span class='ocrx_word' id='word_1_477' title='bbox 1524 5394 1694 5447; x_wconf 80' lang='lat' dir='ltr'><strong>Exod.</strong></span> <span class='ocrx_word' id='word_1_478' title='bbox 1726 5411 1833 5448; x_wconf 72' lang='lat' dir='ltr'><strong>xtv.</strong></span> 
     </span>
    </p>
   </div>
   <div class='ocr_carea' id='block_1_64' title="bbox 1067 5463 1813 5533">
    <p class='ocr_par' dir='ltr' id='par_1_64' title="bbox 1067 5463 1813 5533">
     <span class='ocr_line' id='line_1_64' title="bbox 1067 5463 1813 5533; baseline 0.013 -22"><span class='ocrx_word' id='word_1_479' title='bbox 1067 5464 1110 5533; x_wconf 63' lang='grc' dir='ltr'><strong>ξιτ</strong></span> <span class='ocrx_word' id='word_1_480' title='bbox 1139 5464 1267 5533; x_wconf 82' lang='lat' dir='ltr'><strong>ibid.</strong></span> <span class='ocrx_word' id='word_1_481' title='bbox 1306 5531 1351 5533; x_wconf 31' lang='grc' dir='ltr'>η</span> <span class='ocrx_word' id='word_1_482' title='bbox 1380 5463 1511 5533; x_wconf 58' lang='lat' dir='ltr'><strong>&quot;fill</strong></span> <span class='ocrx_word' id='word_1_483' title='bbox 1551 5466 1697 5533; x_wconf 74' lang='lat' dir='ltr'><strong>lleg..</strong></span> <span class='ocrx_word' id='word_1_484' title='bbox 1726 5481 1813 5520; x_wconf 73' lang='lat' dir='ltr'><strong>stt.</strong></span> 
     </span>
    </p>
   </div>
   <div class='ocr_carea' id='block_1_65' title="bbox 959 5525 1484 5591">
    <p class='ocr_par' dir='ltr' id='par_1_65' title="bbox 959 5525 1484 5591">
     <span class='ocr_line' id='line_1_65' title="bbox 959 5525 1484 5591; baseline 0 -8"><span class='ocrx_word' id='word_1_485' title='bbox 959 5525 1006 5558; x_wconf 82' lang='grc'>⁸³</span> <span class='ocrx_word' id='word_1_486' title='bbox 1033 5528 1205 5586; x_wconf 81' lang='lat' dir='ltr'><strong>Exod.</strong></span> <span class='ocrx_word' id='word_1_487' title='bbox 1233 5548 1272 5591; x_wconf 82' lang='lat' dir='ltr'><strong>I.</strong></span> <span class='ocrx_word' id='word_1_488' title='bbox 1299 5531 1484 5586; x_wconf 66' lang='lat'><strong>12-”.</strong></span> 
     </span>
    </p>
   </div>
   <div class='ocr_carea' id='block_1_66' title="bbox 1946 5393 2475 5461">
    <p class='ocr_par' dir='ltr' id='par_1_66' title="bbox 1946 5393 2475 5461">
     <span class='ocr_line' id='line_1_66' title="bbox 1946 5393 2475 5461; baseline 0.009 -14"><span class='ocrx_word' id='word_1_489' title='bbox 1946 5395 1992 5425; x_wconf 82' lang='lat'>&#39;”</span> <span class='ocrx_word' id='word_1_490' title='bbox 2024 5393 2156 5450; x_wconf 88' lang='lat' dir='ltr'><strong>Luc.</strong></span> <span class='ocrx_word' id='word_1_491' title='bbox 2199 5414 2353 5461; x_wconf 55' lang='grc' dir='ltr'>χχιιι.</span> <span class='ocrx_word' id='word_1_492' title='bbox 2384 5399 2475 5454; x_wconf 74' lang='grc'><strong>45.</strong></span> 
     </span>
    </p>
   </div>
   <div class='ocr_carea' id='block_1_67' title="bbox 1923 5464 2344 5535">
    <p class='ocr_par' dir='ltr' id='par_1_67' title="bbox 1923 5464 2344 5535">
     <span class='ocr_line' id='line_1_67' title="bbox 1923 5464 2344 5535; baseline 0.01 -16"><span class='ocrx_word' id='word_1_493' title='bbox 1923 5465 1969 5495; x_wconf 70' lang='grc'><strong>⁷³</strong></span> <span class='ocrx_word' id='word_1_494' title='bbox 2020 5464 2180 5522; x_wconf 80' lang='lat' dir='ltr'><strong>Miclt.</strong></span> <span class='ocrx_word' id='word_1_495' title='bbox 2225 5485 2263 5535; x_wconf 82' lang='grc' dir='ltr'><strong>ι,</strong></span> <span class='ocrx_word' id='word_1_496' title='bbox 2292 5470 2344 5525; x_wconf 87' lang='grc'><strong>5.</strong></span> 
     </span>
    </p>
   </div>
   <div class='ocr_carea' id='block_1_68' title="bbox 2120 531 3696 601">
    <p class='ocr_par' dir='ltr' id='par_1_68' title="bbox 2120 531 3696 601">
     <span class='ocr_line' id='line_1_68' title="bbox 2120 531 3696 601; baseline -0.001 -15"><span class='ocrx_word' id='word_1_497' title='bbox 2120 533 2311 601; x_wconf 88' lang='lat' dir='ltr'><strong>positis</strong></span> <span class='ocrx_word' id='word_1_498' title='bbox 2336 531 2588 586; x_wconf 89' lang='lat' dir='ltr'><strong>manibus</strong></span> <span class='ocrx_word' id='word_1_499' title='bbox 2604 532 2717 585; x_wconf 89' lang='lat' dir='ltr'><strong>suis</strong></span> <span class='ocrx_word' id='word_1_500' title='bbox 2728 532 3024 587; x_wconf 67' lang='lat' dir='ltr'><strong>excmcavit</strong></span> <span class='ocrx_word' id='word_1_501' title='bbox 3040 540 3093 586; x_wconf 91' lang='lat' dir='ltr'><strong>et</strong></span> <span class='ocrx_word' id='word_1_502' title='bbox 3116 531 3309 586; x_wconf 90' lang='lat' dir='ltr'><strong>clausit</strong></span> <span class='ocrx_word' id='word_1_503' title='bbox 3329 532 3517 587; x_wconf 89' lang='lat' dir='ltr'><strong>oculos</strong></span> <span class='ocrx_word' id='word_1_504' title='bbox 3535 531 3696 587; x_wconf 79' lang='lat' dir='ltr'><strong>Israel</strong></span> 
     </span>
    </p>
   </div>
   <div class='ocr_carea' id='block_1_69' title="bbox 2124 620 3693 691">
    <p class='ocr_par' dir='ltr' id='par_1_69' title="bbox 2124 620 3693 691">
     <span class='ocr_line' id='line_1_69' title="bbox 2124 620 3693 691; baseline 0.001 -14"><span class='ocrx_word' id='word_1_505' title='bbox 2124 638 2190 677; x_wconf 88' lang='lat' dir='ltr'><strong>ne</strong></span> <span class='ocrx_word' id='word_1_506' title='bbox 2216 622 2461 677; x_wconf 83' lang='lat' dir='ltr'><strong>viderent</strong></span> <span class='ocrx_word' id='word_1_507' title='bbox 2489 620 2831 691; x_wconf 89' lang='lat' dir='ltr'><strong>impietatem</strong></span> <span class='ocrx_word' id='word_1_508' title='bbox 2857 638 3031 688; x_wconf 89' lang='lat' dir='ltr'><strong>suam,</strong></span> <span class='ocrx_word' id='word_1_509' title='bbox 3059 624 3125 677; x_wconf 90' lang='lat' dir='ltr'><strong>de</strong></span> <span class='ocrx_word' id='word_1_510' title='bbox 3152 638 3261 690; x_wconf 89' lang='lat' dir='ltr'><strong>quo</strong></span> <span class='ocrx_word' id='word_1_511' title='bbox 3289 624 3492 677; x_wconf 89' lang='lat' dir='ltr'><strong>dictum</strong></span> <span class='ocrx_word' id='word_1_512' title='bbox 3520 636 3602 679; x_wconf 85' lang='lat' dir='ltr'><strong>est</strong></span> <span class='ocrx_word' id='word_1_513' title='bbox 3626 626 3693 678; x_wconf 74' lang='grc' dir='ltr'>ἠε</span> 
     </span>
    </p>
   </div>
   <div class='ocr_carea' id='block_1_70' title="bbox 2122 714 3698 784">
    <p class='ocr_par' dir='ltr' id='par_1_70' title="bbox 2122 714 3698 784">
     <span class='ocr_line' id='line_1_70' title="bbox 2122 714 3698 784; baseline 0.002 -17"><span class='ocrx_word' id='word_1_514' title='bbox 2122 714 2347 782; x_wconf 82' lang='lat' dir='ltr'><strong>Propter</strong></span> <span class='ocrx_word' id='word_1_515' title='bbox 2375 714 2692 781; x_wconf 80' lang='lat' dir='ltr'><strong>impietatem</strong></span> <span class='ocrx_word' id='word_1_516' title='bbox 2713 714 2882 767; x_wconf 73' lang='lat' dir='ltr'><strong>Iacob</strong></span> <span class='ocrx_word' id='word_1_517' title='bbox 2911 715 3022 768; x_wconf 64' lang='lat' dir='ltr'><strong>haec</strong></span> <span class='ocrx_word' id='word_1_518' title='bbox 3048 716 3245 781; x_wconf 89' lang='lat' dir='ltr'><strong>omnia,</strong></span> <span class='ocrx_word' id='word_1_519' title='bbox 3268 725 3314 768; x_wconf 87' lang='lat' dir='ltr'><strong>et</strong></span> <span class='ocrx_word' id='word_1_520' title='bbox 3347 727 3555 784; x_wconf 84' lang='lat' dir='ltr'><strong>propter</strong></span> <span class='ocrx_word' id='word_1_521' title='bbox 3574 733 3698 784; x_wconf 86' lang='lat' dir='ltr'><strong>pec-</strong></span> 
     </span>
    </p>
   </div>
   <div class='ocr_carea' id='block_1_71' title="bbox 2120 803 3697 871">
    <p class='ocr_par' dir='ltr' id='par_1_71' title="bbox 2120 803 3697 871">
     <span class='ocr_line' id='line_1_71' title="bbox 2120 803 3697 871; baseline 0.002 -15"><span class='ocrx_word' id='word_1_522' title='bbox 2120 815 2292 857; x_wconf 75' lang='lat' dir='ltr'><strong>ca&#39;nm</strong></span> <span class='ocrx_word' id='word_1_523' title='bbox 2321 804 2509 857; x_wconf 85' lang='lat' dir='ltr'><strong>domus</strong></span> <span class='ocrx_word' id='word_1_524' title='bbox 2546 803 2733 857; x_wconf 89' lang='lat' dir='ltr'><strong>Israel.</strong></span> <span class='ocrx_word' id='word_1_525' title='bbox 2791 803 2925 869; x_wconf 78' lang='lat' dir='ltr'><strong>Qute</strong></span> <span class='ocrx_word' id='word_1_526' title='bbox 2973 815 3147 857; x_wconf 87' lang='lat' dir='ltr'><strong>autem</strong></span> <span class='ocrx_word' id='word_1_527' title='bbox 3201 805 3443 871; x_wconf 79' lang='lat' dir='ltr'><strong>impietas</strong></span> <span class='ocrx_word' id='word_1_528' title='bbox 3480 803 3697 859; x_wconf 65' lang='lat' dir='ltr'><strong>Jacobi</strong></span> 
     </span>
    </p>
   </div>
   <div class='ocr_carea' id='block_1_72' title="bbox 2122 887 3695 962">
    <p class='ocr_par' dir='ltr' id='par_1_72' title="bbox 2122 887 3695 962">
     <span class='ocr_line' id='line_1_72' title="bbox 2122 887 3695 962; baseline 0.005 -21"><span class='ocrx_word' id='word_1_529' title='bbox 2122 887 2313 943; x_wconf 59' lang='lat' dir='ltr'><strong>N...ne</strong></span> <span class='ocrx_word' id='word_1_530' title='bbox 2345 888 2643 943; x_wconf 82' lang='lat' dir='ltr'><strong>Samaria?</strong></span> <span class='ocrx_word' id='word_1_531' title='bbox 2668 890 2775 945; x_wconf 91' lang='lat' dir='ltr'><strong>Sed</strong></span> <span class='ocrx_word' id='word_1_532' title='bbox 2808 891 2853 945; x_wconf 89' lang='lat' dir='ltr'><strong>si</strong></span> <span class='ocrx_word' id='word_1_533' title='bbox 2884 893 3007 960; x_wconf 88' lang='lat' dir='ltr'><strong>quis</strong></span> <span class='ocrx_word' id='word_1_534' title='bbox 3037 892 3179 946; x_wconf 90' lang='lat' dir='ltr'><strong>forte</strong></span> <span class='ocrx_word' id='word_1_535' title='bbox 3206 902 3363 962; x_wconf 89' lang='lat' dir='ltr'><strong>neget</strong></span> <span class='ocrx_word' id='word_1_536' title='bbox 3395 893 3589 948; x_wconf 89' lang='lat' dir='ltr'><strong>debere</strong></span> <span class='ocrx_word' id='word_1_537' title='bbox 3633 909 3695 949; x_wconf 86' lang='lat' dir='ltr'><strong>ea</strong></span> 
     </span>
    </p>
   </div>
   <div class='ocr_carea' id='block_1_73' title="bbox 2119 980 3707 1050">
    <p class='ocr_par' dir='ltr' id='par_1_73' title="bbox 2119 980 3707 1050">
     <span class='ocr_line' id='line_1_73' title="bbox 2119 980 3707 1050; baseline 0.003 -18"><span class='ocrx_word' id='word_1_538' title='bbox 2119 993 2240 1047; x_wconf 65' lang='lat' dir='ltr'><strong>quae</strong></span> <span class='ocrx_word' id='word_1_539' title='bbox 2272 980 2376 1034; x_wconf 88' lang='lat' dir='ltr'><strong>sub</strong></span> <span class='ocrx_word' id='word_1_540' title='bbox 2415 980 2599 1049; x_wconf 88' lang='lat' dir='ltr'><strong>specie</strong></span> <span class='ocrx_word' id='word_1_541' title='bbox 2639 981 2857 1050; x_wconf 89' lang='lat' dir='ltr'><strong>pietatis</strong></span> <span class='ocrx_word' id='word_1_542' title='bbox 2906 982 3089 1034; x_wconf 86' lang='lat' dir='ltr'><strong>futura</strong></span> <span class='ocrx_word' id='word_1_543' title='bbox 3126 996 3156 1035; x_wconf 90' lang='lat' dir='ltr'><strong>a</strong></span> <span class='ocrx_word' id='word_1_544' title='bbox 3194 982 3307 1036; x_wconf 90' lang='lat' dir='ltr'><strong>Deo</strong></span> <span class='ocrx_word' id='word_1_545' title='bbox 3366 983 3509 1038; x_wconf 89' lang='lat' dir='ltr'><strong>dicta</strong></span> <span class='ocrx_word' id='word_1_546' title='bbox 3546 994 3707 1044; x_wconf 73' lang='lat' dir='ltr'><strong>sunt.</strong></span> 
     </span>
    </p>
   </div>
   <div class='ocr_carea' id='block_1_74' title="bbox 2120 1073 3701 1146">
    <p class='ocr_par' dir='ltr' id='par_1_74' title="bbox 2120 1073 3701 1146">
     <span class='ocr_line' id='line_1_74' title="bbox 2120 1073 3701 1146; baseline 0.004 -21"><span class='ocrx_word' id='word_1_547' title='bbox 2120 1073 2187 1125; x_wconf 90' lang='lat' dir='ltr'><strong>ad</strong></span> <span class='ocrx_word' id='word_1_548' title='bbox 2248 1082 2457 1141; x_wconf 89' lang='lat' dir='ltr'><strong>partem</strong></span> <span class='ocrx_word' id='word_1_549' title='bbox 2513 1073 2925 1141; x_wconf 89' lang='lat' dir='ltr'><strong>vituperabilem</strong></span> <span class='ocrx_word' id='word_1_550' title='bbox 2966 1073 3107 1128; x_wconf 78' lang='lat' dir='ltr'><strong>flet-ti</strong></span> <span class='ocrx_word' id='word_1_551' title='bbox 3134 1113 3150 1140; x_wconf 90' lang='lat'><strong>,</strong></span> <span class='ocrx_word' id='word_1_552' title='bbox 3196 1075 3438 1130; x_wconf 85' lang='lat' dir='ltr'><strong>dicemus</strong></span> <span class='ocrx_word' id='word_1_553' title='bbox 3477 1078 3602 1146; x_wconf 84' lang='lat' dir='ltr'><strong>quia</strong></span> <span class='ocrx_word' id='word_1_554' title='bbox 3643 1088 3701 1132; x_wconf 83' lang='lat' dir='ltr'><strong>et</strong></span> 
     </span>
    </p>
   </div>
   <div class='ocr_carea' id='block_1_75' title="bbox 2118 1159 3700 1230">
    <p class='ocr_par' dir='ltr' id='par_1_75' title="bbox 2118 1159 3700 1230">
     <span class='ocr_line' id='line_1_75' title="bbox 2118 1159 3700 1230; baseline 0.002 -17"><span class='ocrx_word' id='word_1_555' title='bbox 2118 1175 2281 1215; x_wconf 90' lang='lat' dir='ltr'><strong>verus</strong></span> <span class='ocrx_word' id='word_1_556' title='bbox 2313 1159 2516 1230; x_wconf 81' lang='lat' dir='ltr'><strong>Josepb</strong></span> <span class='ocrx_word' id='word_1_557' title='bbox 2569 1161 2829 1217; x_wconf 86' lang='lat' dir='ltr'><strong>Dominus</strong></span> <span class='ocrx_word' id='word_1_558' title='bbox 2862 1172 2919 1215; x_wconf 89' lang='lat' dir='ltr'><strong>et</strong></span> <span class='ocrx_word' id='word_1_559' title='bbox 2975 1161 3229 1216; x_wconf 89' lang='lat' dir='ltr'><strong>Salvator</strong></span> <span class='ocrx_word' id='word_1_560' title='bbox 3269 1170 3454 1215; x_wconf 88' lang='lat' dir='ltr'><strong>noster</strong></span> <span class='ocrx_word' id='word_1_561' title='bbox 3484 1202 3499 1226; x_wconf 95' lang='lat'><strong>,</strong></span> <span class='ocrx_word' id='word_1_562' title='bbox 3556 1163 3700 1216; x_wconf 88' lang='lat' dir='ltr'><strong>sicut</strong></span> 
     </span>
    </p>
   </div>
   <div class='ocr_carea' id='block_1_76' title="bbox 2119 1253 3696 1324">
    <p class='ocr_par' dir='ltr' id='par_1_76' title="bbox 2119 1253 3696 1324">
     <span class='ocr_line' id='line_1_76' title="bbox 2119 1253 3696 1324; baseline -0.002 -16"><span class='ocrx_word' id='word_1_563' title='bbox 2119 1254 2461 1324; x_wconf 89' lang='lat' dir='ltr'><strong>corporalem</strong></span> <span class='ocrx_word' id='word_1_564' title='bbox 2490 1269 2709 1309; x_wconf 92' lang='lat' dir='ltr'><strong>manum</strong></span> <span class='ocrx_word' id='word_1_565' title='bbox 2742 1268 2897 1308; x_wconf 90' lang='lat' dir='ltr'><strong>suam</strong></span> <span class='ocrx_word' id='word_1_566' title='bbox 2930 1253 3111 1323; x_wconf 88' lang='lat' dir='ltr'><strong>posuit</strong></span> <span class='ocrx_word' id='word_1_567' title='bbox 3137 1268 3300 1322; x_wconf 90' lang='lat' dir='ltr'><strong>super</strong></span> <span class='ocrx_word' id='word_1_568' title='bbox 3329 1253 3517 1308; x_wconf 90' lang='lat' dir='ltr'><strong>oculos</strong></span> <span class='ocrx_word' id='word_1_569' title='bbox 3543 1254 3696 1316; x_wconf 72' lang='lat' dir='ltr'><strong>cmci,</strong></span> 
     </span>
    </p>
   </div>
   <div class='ocr_carea' id='block_1_77' title="bbox 2119 1345 3703 1415">
    <p class='ocr_par' dir='ltr' id='par_1_77' title="bbox 2119 1345 3703 1415">
     <span class='ocr_line' id='line_1_77' title="bbox 2119 1345 3703 1415; baseline -0.001 -15"><span class='ocrx_word' id='word_1_570' title='bbox 2119 1356 2173 1400; x_wconf 90' lang='lat' dir='ltr'><strong>et</strong></span> <span class='ocrx_word' id='word_1_571' title='bbox 2235 1345 2468 1401; x_wconf 90' lang='lat' dir='ltr'><strong>reddidit</strong></span> <span class='ocrx_word' id='word_1_572' title='bbox 2516 1347 2567 1401; x_wconf 86' lang='lat' dir='ltr'><strong>ei</strong></span> <span class='ocrx_word' id='word_1_573' title='bbox 2639 1346 2813 1401; x_wconf 90' lang='lat' dir='ltr'><strong>visum</strong></span> <span class='ocrx_word' id='word_1_574' title='bbox 2886 1360 3049 1415; x_wconf 87' lang='lat' dir='ltr'><strong>quem</strong></span> <span class='ocrx_word' id='word_1_575' title='bbox 3113 1346 3427 1415; x_wconf 90' lang='lat' dir='ltr'><strong>perdiderat</strong></span> <span class='ocrx_word' id='word_1_576' title='bbox 3461 1345 3556 1411; x_wconf 73' lang='grc' dir='ltr'><strong>⁸ος</strong></span> <span class='ocrx_word' id='word_1_577' title='bbox 3624 1346 3703 1399; x_wconf 81' lang='lat' dir='ltr'><strong>ita</strong></span> 
     </span>
    </p>
   </div>
   <div class='ocr_carea' id='block_1_78' title="bbox 2118 1436 3698 1507">
    <p class='ocr_par' dir='ltr' id='par_1_78' title="bbox 2118 1436 3698 1507">
     <span class='ocr_line' id='line_1_78' title="bbox 2118 1436 3698 1507; baseline 0 -17"><span class='ocrx_word' id='word_1_578' title='bbox 2118 1437 2282 1490; x_wconf 90' lang='lat' dir='ltr'><strong>etiam</strong></span> <span class='ocrx_word' id='word_1_579' title='bbox 2314 1436 2588 1506; x_wconf 86' lang='lat' dir='ltr'><strong>spiritales</strong></span> <span class='ocrx_word' id='word_1_580' title='bbox 2621 1451 2815 1491; x_wconf 88' lang='lat' dir='ltr'><strong>manus</strong></span> <span class='ocrx_word' id='word_1_581' title='bbox 2863 1451 2994 1491; x_wconf 82' lang='lat' dir='ltr'><strong>suas</strong></span> <span class='ocrx_word' id='word_1_582' title='bbox 3057 1438 3239 1507; x_wconf 89' lang='lat' dir='ltr'><strong>posuit</strong></span> <span class='ocrx_word' id='word_1_583' title='bbox 3289 1452 3452 1506; x_wconf 91' lang='lat' dir='ltr'><strong>super</strong></span> <span class='ocrx_word' id='word_1_584' title='bbox 3508 1436 3698 1490; x_wconf 87' lang='lat' dir='ltr'><strong>oculos</strong></span> 
     </span>
    </p>
   </div>
   <div class='ocr_carea' id='block_1_79' title="bbox 2121 1528 3699 1598">
    <p class='ocr_par' dir='ltr' id='par_1_79' title="bbox 2121 1528 3699 1598">
     <span class='ocr_line' id='line_1_79' title="bbox 2121 1528 3699 1598; baseline 0.001 -18"><span class='ocrx_word' id='word_1_585' title='bbox 2121 1528 2255 1598; x_wconf 88' lang='lat' dir='ltr'><strong>legis</strong></span> <span class='ocrx_word' id='word_1_586' title='bbox 2279 1530 2371 1597; x_wconf 89' lang='lat' dir='ltr'><strong>qui</strong></span> <span class='ocrx_word' id='word_1_587' title='bbox 2390 1544 2485 1598; x_wconf 89' lang='lat' dir='ltr'><strong>per</strong></span> <span class='ocrx_word' id='word_1_588' title='bbox 2502 1528 2839 1598; x_wconf 89' lang='lat' dir='ltr'><strong>corporalem</strong></span> <span class='ocrx_word' id='word_1_589' title='bbox 2859 1528 3273 1598; x_wconf 85' lang='lat' dir='ltr'><strong>intelligentiam</strong></span> <span class='ocrx_word' id='word_1_590' title='bbox 3304 1530 3620 1585; x_wconf 88' lang='lat' dir='ltr'><strong>Scribarum</strong></span> <span class='ocrx_word' id='word_1_591' title='bbox 3641 1540 3699 1583; x_wconf 90' lang='lat' dir='ltr'><strong>et</strong></span> 
     </span>
    </p>
   </div>
   <div class='ocr_carea' id='block_1_80' title="bbox 2118 1620 3695 1690">
    <p class='ocr_par' dir='ltr' id='par_1_80' title="bbox 2118 1620 3695 1690">
     <span class='ocr_line' id='line_1_80' title="bbox 2118 1620 3695 1690; baseline 0.001 -14"><span class='ocrx_word' id='word_1_592' title='bbox 2118 1620 2516 1676; x_wconf 68' lang='lat' dir='ltr'><strong>Pharisaeorum</strong></span> <span class='ocrx_word' id='word_1_593' title='bbox 2537 1621 2752 1676; x_wconf 88' lang='lat' dir='ltr'><strong>fuerant</strong></span> <span class='ocrx_word' id='word_1_594' title='bbox 2767 1622 3045 1686; x_wconf 61' lang='lat' dir='ltr'><strong>excaecati,</strong></span> <span class='ocrx_word' id='word_1_595' title='bbox 3066 1630 3121 1678; x_wconf 90' lang='lat' dir='ltr'><strong>ct</strong></span> <span class='ocrx_word' id='word_1_596' title='bbox 3138 1622 3373 1679; x_wconf 88' lang='lat' dir='ltr'><strong>reddidit</strong></span> <span class='ocrx_word' id='word_1_597' title='bbox 3397 1626 3479 1679; x_wconf 91' lang='lat' dir='ltr'><strong>eis</strong></span> <span class='ocrx_word' id='word_1_598' title='bbox 3493 1626 3695 1690; x_wconf 90' lang='lat' dir='ltr'><strong>visum,</strong></span> 
     </span>
    </p>
   </div>
   <div class='ocr_carea' id='block_1_81' title="bbox 2124 1711 3695 1785">
    <p class='ocr_par' dir='ltr' id='par_1_81' title="bbox 2124 1711 3695 1785">
     <span class='ocr_line' id='line_1_81' title="bbox 2124 1711 3695 1785; baseline 0.003 -20"><span class='ocrx_word' id='word_1_599' title='bbox 2124 1722 2183 1765; x_wconf 91' lang='lat' dir='ltr'><strong>ut</strong></span> <span class='ocrx_word' id='word_1_600' title='bbox 2201 1712 2285 1767; x_wconf 91' lang='lat' dir='ltr'><strong>his</strong></span> <span class='ocrx_word' id='word_1_601' title='bbox 2299 1712 2495 1781; x_wconf 91' lang='lat' dir='ltr'><strong>quibus</strong></span> <span class='ocrx_word' id='word_1_602' title='bbox 2514 1711 2691 1780; x_wconf 88' lang='lat' dir='ltr'><strong>aperit</strong></span> <span class='ocrx_word' id='word_1_603' title='bbox 2708 1711 2967 1767; x_wconf 89' lang='lat' dir='ltr'><strong>Dominus</strong></span> <span class='ocrx_word' id='word_1_604' title='bbox 2985 1711 3319 1782; x_wconf 89' lang='lat' dir='ltr'><strong>Scripturas,</strong></span> <span class='ocrx_word' id='word_1_605' title='bbox 3337 1715 3616 1785; x_wconf 83' lang='lat' dir='ltr'><strong>spiritales</strong></span> <span class='ocrx_word' id='word_1_606' title='bbox 3642 1716 3695 1770; x_wconf 93' lang='lat' dir='ltr'><strong>in</strong></span> 
     </span>
    </p>
   </div>
   <div class='ocr_carea' id='block_1_82' title="bbox 2046 1796 3697 1875">
    <p class='ocr_par' dir='ltr' id='par_1_82' title="bbox 2046 1796 3697 1875">
     <span class='ocr_line' id='line_1_82' title="bbox 2046 1796 3697 1875; baseline 0.002 -18"><span class='ocrx_word' id='word_1_607' title='bbox 2046 1796 2089 1851; x_wconf 85' lang='grc' dir='ltr'>Β</span> <span class='ocrx_word' id='word_1_608' title='bbox 2120 1804 2235 1875; x_wconf 88' lang='lat' dir='ltr'><strong>lege</strong></span> <span class='ocrx_word' id='word_1_609' title='bbox 2251 1805 2396 1860; x_wconf 89' lang='lat' dir='ltr'><strong>visus</strong></span> <span class='ocrx_word' id='word_1_610' title='bbox 2410 1803 2791 1859; x_wconf 85' lang='lat' dir='ltr'><strong>etintellectus</strong></span> <span class='ocrx_word' id='word_1_611' title='bbox 2811 1802 3144 1875; x_wconf 53' lang='lat' dir='ltr'><strong>aperiatﬁ).</strong></span> <span class='ocrx_word' id='word_1_612' title='bbox 3186 1804 3366 1873; x_wconf 84' lang='lat' dir='ltr'><strong>Atque</strong></span> <span class='ocrx_word' id='word_1_613' title='bbox 3398 1806 3608 1860; x_wconf 87' lang='lat' dir='ltr'><strong>utinam</strong></span> <span class='ocrx_word' id='word_1_614' title='bbox 3641 1814 3697 1860; x_wconf 89' lang='lat' dir='ltr'><strong>et</strong></span> 
     </span>
    </p>
   </div>
   <div class='ocr_carea' id='block_1_83' title="bbox 2111 1894 3695 1967">
    <p class='ocr_par' dir='ltr' id='par_1_83' title="bbox 2111 1894 3695 1967">
     <span class='ocr_line' id='line_1_83' title="bbox 2111 1894 3695 1967; baseline 0.001 -15"><span class='ocrx_word' id='word_1_615' title='bbox 2111 1897 2269 1953; x_wconf 90' lang='lat' dir='ltr'><strong>nobis</strong></span> <span class='ocrx_word' id='word_1_616' title='bbox 2285 1897 2494 1967; x_wconf 87' lang='lat' dir='ltr'><strong>injiciat</strong></span> <span class='ocrx_word' id='word_1_617' title='bbox 2511 1896 2770 1951; x_wconf 90' lang='lat' dir='ltr'><strong>Dominus</strong></span> <span class='ocrx_word' id='word_1_618' title='bbox 2784 1894 2941 1951; x_wconf 75' lang='lat' dir='ltr'><strong>Iesus</strong></span> <span class='ocrx_word' id='word_1_619' title='bbox 2958 1911 3151 1952; x_wconf 88' lang='lat' dir='ltr'><strong>manus</strong></span> <span class='ocrx_word' id='word_1_620' title='bbox 3167 1912 3294 1952; x_wconf 86' lang='lat' dir='ltr'><strong>suas</strong></span> <span class='ocrx_word' id='word_1_621' title='bbox 3310 1911 3473 1966; x_wconf 86' lang='lat' dir='ltr'><strong>super</strong></span> <span class='ocrx_word' id='word_1_622' title='bbox 3485 1898 3695 1962; x_wconf 89' lang='lat' dir='ltr'><strong>oculos,</strong></span> 
     </span>
    </p>
   </div>
   <div class='ocr_carea' id='block_1_84' title="bbox 2111 1989 3707 2061">
    <p class='ocr_par' dir='ltr' id='par_1_84' title="bbox 2111 1989 3707 2061">
     <span class='ocr_line' id='line_1_84' title="bbox 2111 1989 3707 2061; baseline -0.001 -16"><span class='ocrx_word' id='word_1_623' title='bbox 2111 2001 2167 2045; x_wconf 91' lang='lat' dir='ltr'><strong>ut</strong></span> <span class='ocrx_word' id='word_1_624' title='bbox 2185 1989 2506 2058; x_wconf 86' lang='lat' dir='ltr'><strong>incipiamus</strong></span> <span class='ocrx_word' id='word_1_625' title='bbox 2521 1999 2577 2044; x_wconf 90' lang='lat' dir='ltr'><strong>et</strong></span> <span class='ocrx_word' id='word_1_626' title='bbox 2592 2004 2688 2044; x_wconf 90' lang='lat' dir='ltr'><strong>nos</strong></span> <span class='ocrx_word' id='word_1_627' title='bbox 2706 1992 2973 2061; x_wconf 86' lang='lat' dir='ltr'><strong>respicere</strong></span> <span class='ocrx_word' id='word_1_628' title='bbox 2988 2004 3091 2045; x_wconf 92' lang='lat' dir='ltr'><strong>non</strong></span> <span class='ocrx_word' id='word_1_629' title='bbox 3108 2004 3171 2045; x_wconf 89' lang='lat' dir='ltr'><strong>ea</strong></span> <span class='ocrx_word' id='word_1_630' title='bbox 3187 2004 3308 2059; x_wconf 67' lang='lat' dir='ltr'><strong>qua:</strong></span> <span class='ocrx_word' id='word_1_631' title='bbox 3318 1989 3586 2059; x_wconf 88' lang='lat' dir='ltr'><strong>videntur,</strong></span> <span class='ocrx_word' id='word_1_632' title='bbox 3602 1992 3707 2044; x_wconf 84' lang='lat' dir='ltr'><strong>scd’</strong></span> 
     </span>
    </p>
   </div>
   <div class='ocr_carea' id='block_1_85' title="bbox 2110 2082 3694 2155">
    <p class='ocr_par' dir='ltr' id='par_1_85' title="bbox 2110 2082 3694 2155">
     <span class='ocr_line' id='line_1_85' title="bbox 2110 2082 3694 2155; baseline -0.001 -16"><span class='ocrx_word' id='word_1_633' title='bbox 2110 2099 2233 2155; x_wconf 70' lang='lat' dir='ltr'><strong>qua:</strong></span> <span class='ocrx_word' id='word_1_634' title='bbox 2254 2099 2362 2139; x_wconf 93' lang='lat' dir='ltr'><strong>non</strong></span> <span class='ocrx_word' id='word_1_635' title='bbox 2379 2084 2671 2151; x_wconf 87' lang='lat' dir='ltr'><strong>videntur;</strong></span> <span class='ocrx_word' id='word_1_636' title='bbox 2702 2092 2759 2139; x_wconf 91' lang='lat' dir='ltr'><strong>et</strong></span> <span class='ocrx_word' id='word_1_637' title='bbox 2792 2084 3002 2155; x_wconf 84' lang='lat' dir='ltr'><strong>aperiat</strong></span> <span class='ocrx_word' id='word_1_638' title='bbox 3033 2082 3190 2138; x_wconf 88' lang='lat' dir='ltr'><strong>nobis</strong></span> <span class='ocrx_word' id='word_1_639' title='bbox 3219 2083 3347 2139; x_wconf 92' lang='lat' dir='ltr'><strong>illos</strong></span> <span class='ocrx_word' id='word_1_640' title='bbox 3370 2083 3577 2147; x_wconf 87' lang='lat' dir='ltr'><strong>oculos,</strong></span> <span class='ocrx_word' id='word_1_641' title='bbox 3603 2085 3694 2151; x_wconf 89' lang='lat' dir='ltr'><strong>qui</strong></span> 
     </span>
    </p>
   </div>
   <div class='ocr_carea' id='block_1_86' title="bbox 2110 2176 3699 2248">
    <p class='ocr_par' dir='ltr' id='par_1_86' title="bbox 2110 2176 3699 2248">
     <span class='ocr_line' id='line_1_86' title="bbox 2110 2176 3699 2248; baseline -0.002 -15"><span class='ocrx_word' id='word_1_642' title='bbox 2110 2193 2219 2233; x_wconf 85' lang='lat' dir='ltr'><strong>non</strong></span> <span class='ocrx_word' id='word_1_643' title='bbox 2273 2177 2555 2233; x_wconf 90' lang='lat' dir='ltr'><strong>intuentur</strong></span> <span class='ocrx_word' id='word_1_644' title='bbox 2606 2178 2892 2248; x_wconf 71' lang='lat' dir='ltr'><strong>praesentia</strong></span> <span class='ocrx_word' id='word_1_645' title='bbox 2919 2217 2936 2244; x_wconf 96' lang='lat'><strong>,</strong></span> <span class='ocrx_word' id='word_1_646' title='bbox 2996 2179 3090 2234; x_wconf 89' lang='lat' dir='ltr'><strong>sed</strong></span> <span class='ocrx_word' id='word_1_647' title='bbox 3125 2176 3307 2232; x_wconf 84' lang='lat' dir='ltr'><strong>futura</strong></span> <span class='ocrx_word' id='word_1_648' title='bbox 3337 2215 3353 2241; x_wconf 93' lang='lat'><strong>,</strong></span> <span class='ocrx_word' id='word_1_649' title='bbox 3403 2185 3458 2231; x_wconf 90' lang='lat' dir='ltr'><strong>et</strong></span> <span class='ocrx_word' id='word_1_650' title='bbox 3493 2177 3699 2232; x_wconf 83' lang='lat' dir='ltr'><strong>revelet</strong></span> 
     </span>
    </p>
   </div>
   <div class='ocr_carea' id='block_1_87' title="bbox 2118 2269 3695 2341">
    <p class='ocr_par' dir='ltr' id='par_1_87' title="bbox 2118 2269 3695 2341">
     <span class='ocr_line' id='line_1_87' title="bbox 2118 2269 3695 2341; baseline -0.003 -16"><span class='ocrx_word' id='word_1_651' title='bbox 2118 2269 2277 2327; x_wconf 87' lang='lat' dir='ltr'><strong>nobis</strong></span> <span class='ocrx_word' id='word_1_652' title='bbox 2297 2270 2480 2325; x_wconf 92' lang='lat' dir='ltr'><strong>cordis</strong></span> <span class='ocrx_word' id='word_1_653' title='bbox 2505 2277 2809 2341; x_wconf 87' lang='lat' dir='ltr'><strong>aspectum,</strong></span> <span class='ocrx_word' id='word_1_654' title='bbox 2838 2285 2947 2341; x_wconf 90' lang='lat' dir='ltr'><strong>quo</strong></span> <span class='ocrx_word' id='word_1_655' title='bbox 2976 2269 3121 2325; x_wconf 85' lang='lat' dir='ltr'><strong>Deus</strong></span> <span class='ocrx_word' id='word_1_656' title='bbox 3149 2270 3366 2325; x_wconf 89' lang='lat' dir='ltr'><strong>videtur</strong></span> <span class='ocrx_word' id='word_1_657' title='bbox 3395 2269 3449 2323; x_wconf 92' lang='lat' dir='ltr'><strong>in</strong></span> <span class='ocrx_word' id='word_1_658' title='bbox 3474 2269 3695 2337; x_wconf 88' lang='lat' dir='ltr'><strong>spiritu,</strong></span> 
     </span>
    </p>
   </div>
   <div class='ocr_carea' id='block_1_88' title="bbox 2112 2360 3698 2433">
    <p class='ocr_par' dir='ltr' id='par_1_88' title="bbox 2112 2360 3698 2433">
     <span class='ocr_line' id='line_1_88' title="bbox 2112 2360 3698 2433; baseline -0.003 -15"><span class='ocrx_word' id='word_1_659' title='bbox 2112 2376 2212 2432; x_wconf 89' lang='lat' dir='ltr'><strong>per</strong></span> <span class='ocrx_word' id='word_1_660' title='bbox 2251 2362 2431 2433; x_wconf 88' lang='lat' dir='ltr'><strong>ipsum</strong></span> <span class='ocrx_word' id='word_1_661' title='bbox 2468 2362 2761 2417; x_wconf 91' lang='lat' dir='ltr'><strong>Dominum</strong></span> <span class='ocrx_word' id='word_1_662' title='bbox 2792 2360 2981 2417; x_wconf 86' lang='lat' dir='ltr'><strong>Jesum</strong></span> <span class='ocrx_word' id='word_1_663' title='bbox 3003 2360 3313 2427; x_wconf 88' lang='lat' dir='ltr'><strong>Christum,</strong></span> <span class='ocrx_word' id='word_1_664' title='bbox 3353 2362 3440 2416; x_wconf 94' lang='lat' dir='ltr'><strong>cui</strong></span> <span class='ocrx_word' id='word_1_665' title='bbox 3472 2370 3556 2416; x_wconf 89' lang='lat' dir='ltr'><strong>est</strong></span> <span class='ocrx_word' id='word_1_666' title='bbox 3583 2360 3698 2431; x_wconf 83' lang='lat' dir='ltr'><strong>glo-</strong></span> 
     </span>
    </p>
   </div>
   <div class='ocr_carea' id='block_1_89' title="bbox 2110 2452 3623 2526">
    <p class='ocr_par' dir='ltr' id='par_1_89' title="bbox 2110 2452 3623 2526">
     <span class='ocr_line' id='line_1_89' title="bbox 2110 2452 3623 2526; baseline -0.004 -15"><span class='ocrx_word' id='word_1_667' title='bbox 2110 2458 2192 2512; x_wconf 93' lang='lat' dir='ltr'><strong>ria</strong></span> <span class='ocrx_word' id='word_1_668' title='bbox 2224 2463 2281 2512; x_wconf 90' lang='lat' dir='ltr'><strong>et</strong></span> <span class='ocrx_word' id='word_1_669' title='bbox 2311 2454 2597 2526; x_wconf 89' lang='lat' dir='ltr'><strong>imperium</strong></span> <span class='ocrx_word' id='word_1_670' title='bbox 2630 2453 2709 2526; x_wconf 78' lang='lat'><strong>(5)</strong></span> <span class='ocrx_word' id='word_1_671' title='bbox 2736 2454 2792 2509; x_wconf 92' lang='lat' dir='ltr'><strong>in</strong></span> <span class='ocrx_word' id='word_1_672' title='bbox 2823 2455 3019 2510; x_wconf 61' lang='lat' dir='ltr'><strong>saecula</strong></span> <span class='ocrx_word' id='word_1_673' title='bbox 3054 2452 3399 2511; x_wconf 64' lang='lat' dir='ltr'><strong>saeculorum.</strong></span> <span class='ocrx_word' id='word_1_674' title='bbox 3431 2454 3623 2508; x_wconf 87' lang='lat' dir='ltr'><strong>Amen.</strong></span> 
     </span>
    </p>
   </div>
   <div class='ocr_carea' id='block_1_90' title="bbox 2676 2564 3135 2623">
    <p class='ocr_par' dir='ltr' id='par_1_90' title="bbox 2676 2564 3135 2623">
     <span class='ocr_line' id='line_1_90' title="bbox 2676 2564 3135 2623; baseline -0.004 -1"><span class='ocrx_word' id='word_1_675' title='bbox 2676 2564 2961 2622; x_wconf 84' lang='lat' dir='ltr'><strong>HOMILIA</strong></span> <span class='ocrx_word' id='word_1_676' title='bbox 2995 2565 3135 2623; x_wconf 81' lang='lat' dir='ltr'><strong>XVI.</strong></span> 
     </span>
    </p>
   </div>
   <div class='ocr_carea' id='block_1_91' title="bbox 2112 2677 3699 2751">
    <p class='ocr_par' dir='ltr' id='par_1_91' title="bbox 2112 2677 3699 2751">
     <span class='ocr_line' id='line_1_91' title="bbox 2112 2677 3699 2751; baseline -0.006 -14"><span class='ocrx_word' id='word_1_677' title='bbox 2112 2681 2187 2737; x_wconf 84' lang='lat' dir='ltr'><strong>De</strong></span> <span class='ocrx_word' id='word_1_678' title='bbox 2215 2699 2274 2737; x_wconf 88' lang='lat' dir='ltr'><strong>eo</strong></span> <span class='ocrx_word' id='word_1_679' title='bbox 2304 2683 2444 2751; x_wconf 89' lang='lat' dir='ltr'><strong>quod</strong></span> <span class='ocrx_word' id='word_1_680' title='bbox 2489 2683 2742 2751; x_wconf 83' lang='lat' dir='ltr'><strong>scriptum</strong></span> <span class='ocrx_word' id='word_1_681' title='bbox 2772 2690 2846 2735; x_wconf 86' lang='lat' dir='ltr'><strong>est</strong></span> <span class='ocrx_word' id='word_1_682' title='bbox 2878 2680 2921 2712; x_wconf 87' lang='grc'><strong>⁸¹</strong></span> <span class='ocrx_word' id='word_1_683' title='bbox 2950 2698 2968 2735; x_wconf 88' lang='lat'><em>:</em></span> <span class='ocrx_word' id='word_1_684' title='bbox 3018 2698 3057 2751; x_wconf 60' lang='grc' dir='ltr'><strong>ιΔ</strong></span> <span class='ocrx_word' id='word_1_685' title='bbox 3071 2677 3137 2732; x_wconf 85' lang='lat' dir='ltr'><strong>Et</strong></span> <span class='ocrx_word' id='word_1_686' title='bbox 3189 2690 3464 2750; x_wconf 75' lang='lat' dir='ltr'><strong>acquisivit</strong></span> <span class='ocrx_word' id='word_1_687' title='bbox 3499 2685 3699 2742; x_wconf 68' lang='lat' dir='ltr'><strong>Ioseph-</strong></span> 
     </span>
    </p>
   </div>
   <div class='ocr_carea' id='block_1_92' title="bbox 2182 2747 3695 2821">
    <p class='ocr_par' dir='ltr' id='par_1_92' title="bbox 2182 2747 3695 2821">
     <span class='ocr_line' id='line_1_92' title="bbox 2182 2747 3695 2821; baseline -0.007 -12"><span class='ocrx_word' id='word_1_688' title='bbox 2182 2747 2383 2809; x_wconf 81' lang='lat' dir='ltr'><strong>omnem</strong></span> <span class='ocrx_word' id='word_1_689' title='bbox 2407 2747 2604 2806; x_wconf 81' lang='lat' dir='ltr'><strong>terram</strong></span> <span class='ocrx_word' id='word_1_690' title='bbox 2619 2751 2994 2821; x_wconf 76' lang='lat' dir='ltr'><strong>/Egyptiorum</strong></span> <span class='ocrx_word' id='word_1_691' title='bbox 3024 2747 3295 2821; x_wconf 71' lang='lat' dir='ltr'><strong>Pbaraoai</strong></span> <span class='ocrx_word' id='word_1_692' title='bbox 3313 2767 3331 2803; x_wconf 90' lang='lat'><strong><em>:</em></strong></span> <span class='ocrx_word' id='word_1_693' title='bbox 3355 2751 3695 2821; x_wconf 79' lang='lat' dir='ltr'><strong>vendiderunt</strong></span> 
     </span>
    </p>
   </div>
   <div class='ocr_carea' id='block_1_93' title="bbox 2180 2818 3696 2893">
    <p class='ocr_par' dir='ltr' id='par_1_93' title="bbox 2180 2818 3696 2893">
     <span class='ocr_line' id='line_1_93' title="bbox 2180 2818 3696 2893; baseline -0.005 -14"><span class='ocrx_word' id='word_1_694' title='bbox 2180 2826 2317 2879; x_wconf 85' lang='lat' dir='ltr'><strong>enim</strong></span> <span class='ocrx_word' id='word_1_695' title='bbox 2347 2822 2588 2893; x_wconf 60' lang='lat' dir='ltr'><strong>Egyptii</strong></span> <span class='ocrx_word' id='word_1_696' title='bbox 2617 2818 2815 2893; x_wconf 73' lang='lat' dir='ltr'><strong>terram</strong></span> <span class='ocrx_word' id='word_1_697' title='bbox 2867 2837 3021 2874; x_wconf 87' lang='lat' dir='ltr'><strong>suam</strong></span> <span class='ocrx_word' id='word_1_698' title='bbox 3067 2818 3357 2893; x_wconf 53' lang='lat' dir='ltr'><strong>Pharaoni.</strong></span> <span class='ocrx_word' id='word_1_699' title='bbox 3407 2821 3528 2889; x_wconf 84' lang='lat' dir='ltr'><strong>quia</strong></span> <span class='ocrx_word' id='word_1_700' title='bbox 3554 2818 3696 2893; x_wconf 19' lang='lat' dir='ltr'><strong>Aobti-</strong></span> 
     </span>
    </p>
   </div>
   <div class='ocr_carea' id='block_1_94' title="bbox 2181 2890 3695 2961">
    <p class='ocr_par' dir='ltr' id='par_1_94' title="bbox 2181 2890 3695 2961">
     <span class='ocr_line' id='line_1_94' title="bbox 2181 2890 3695 2961; baseline -0.005 -14"><span class='ocrx_word' id='word_1_701' title='bbox 2181 2895 2293 2947; x_wconf 86' lang='lat' dir='ltr'><strong>nuit</strong></span> <span class='ocrx_word' id='word_1_702' title='bbox 2324 2911 2409 2947; x_wconf 84' lang='lat' dir='ltr'><strong>eos</strong></span> <span class='ocrx_word' id='word_1_703' title='bbox 2432 2890 2642 2961; x_wconf 72' lang='lat' dir='ltr'><strong>fames,</strong></span> <span class='ocrx_word' id='word_1_704' title='bbox 2683 2902 2731 2944; x_wconf 88' lang='lat' dir='ltr'><strong>et</strong></span> <span class='ocrx_word' id='word_1_705' title='bbox 2767 2890 2911 2959; x_wconf 77' lang='lat' dir='ltr'><strong>facta</strong></span> <span class='ocrx_word' id='word_1_706' title='bbox 2970 2902 3043 2944; x_wconf 93' lang='lat' dir='ltr'><strong>est</strong></span> <span class='ocrx_word' id='word_1_707' title='bbox 3090 2900 3232 2961; x_wconf 86' lang='lat' dir='ltr'><strong>terra</strong></span> <span class='ocrx_word' id='word_1_708' title='bbox 3291 2890 3612 2961; x_wconf 77' lang='lat' dir='ltr'><strong>Pharaonis,</strong></span> <span class='ocrx_word' id='word_1_709' title='bbox 3646 2898 3695 2942; x_wconf 90' lang='lat' dir='ltr'><strong>et</strong></span> 
     </span>
    </p>
   </div>
   <div class='ocr_carea' id='block_1_95' title="bbox 2181 2959 3694 3034">
    <p class='ocr_par' dir='ltr' id='par_1_95' title="bbox 2181 2959 3694 3034">
     <span class='ocr_line' id='line_1_95' title="bbox 2181 2959 3694 3034; baseline -0.003 -18"><span class='ocrx_word' id='word_1_710' title='bbox 2181 2959 2557 3034; x_wconf 32' lang='lat' dir='ltr'><strong>populum—sibi</strong></span> <span class='ocrx_word' id='word_1_711' title='bbox 2578 2963 2631 3014; x_wconf 86' lang='lat' dir='ltr'><strong>in</strong></span> <span class='ocrx_word' id='word_1_712' title='bbox 2648 2963 2945 3034; x_wconf 80' lang='lat' dir='ltr'><strong>servitutem</strong></span> <span class='ocrx_word' id='word_1_713' title='bbox 2970 2959 3188 3034; x_wconf 76' lang='lat' dir='ltr'><strong>redegit,</strong></span> <span class='ocrx_word' id='word_1_714' title='bbox 3213 2978 3244 3034; x_wconf 78' lang='grc' dir='ltr'><em>ᾳ</em></span> <span class='ocrx_word' id='word_1_715' title='bbox 3264 2961 3478 3014; x_wconf 83' lang='lat' dir='ltr'><strong>summis</strong></span> <span class='ocrx_word' id='word_1_716' title='bbox 3498 2960 3694 3027; x_wconf 81' lang='lat' dir='ltr'><strong>ﬁnibus</strong></span> 
     </span>
    </p>
   </div>
   <div class='ocr_carea' id='block_1_96' title="bbox 2182 3030 3367 3103">
    <p class='ocr_par' dir='ltr' id='par_1_96' title="bbox 2182 3030 3367 3103">
     <span class='ocr_line' id='line_1_96' title="bbox 2182 3030 3367 3103; baseline -0.004 -16"><span class='ocrx_word' id='word_1_717' title='bbox 2182 3030 2428 3103; x_wconf 63' lang='lat' dir='ltr'><strong>Egyptii</strong></span> <span class='ocrx_word' id='word_1_718' title='bbox 2466 3046 2629 3100; x_wconf 87' lang='lat' dir='ltr'><strong>usque</strong></span> <span class='ocrx_word' id='word_1_719' title='bbox 2654 3032 2725 3083; x_wconf 85' lang='lat' dir='ltr'><strong>ad</strong></span> <span class='ocrx_word' id='word_1_720' title='bbox 2754 3045 2987 3083; x_wconf 88' lang='lat' dir='ltr'><strong>summos</strong></span> <span class='ocrx_word' id='word_1_721' title='bbox 3014 3030 3146 3098; x_wconf 84' lang='lat' dir='ltr'><strong>ﬁnes</strong></span> <span class='ocrx_word' id='word_1_722' title='bbox 3176 3030 3313 3098; x_wconf 83' lang='lat' dir='ltr'><strong>ejus.</strong></span> <span class='ocrx_word' id='word_1_723' title='bbox 3348 3048 3367 3082; x_wconf 75' lang='grc' dir='ltr'>ι</span> 
     </span>
    </p>
   </div>
   <div class='ocr_carea' id='block_1_97' title="bbox 2187 3120 3707 3191">
    <p class='ocr_par' dir='ltr' id='par_1_97' title="bbox 2187 3120 3707 3191">
     <span class='ocr_line' id='line_1_97' title="bbox 2187 3120 3707 3191; baseline -0.003 -12"><span class='ocrx_word' id='word_1_724' title='bbox 2187 3125 2240 3179; x_wconf 74' lang='grc'><strong>1.</strong></span> <span class='ocrx_word' id='word_1_725' title='bbox 2273 3124 2586 3179; x_wconf 90' lang='lat' dir='ltr'><strong>Secundum</strong></span> <span class='ocrx_word' id='word_1_726' title='bbox 2626 3121 2927 3190; x_wconf 66' lang='lat' dir='ltr'><strong>Scriptura:</strong></span> <span class='ocrx_word' id='word_1_727' title='bbox 2978 3121 3137 3174; x_wconf 82' lang='lat' dir='ltr'><strong>fidem</strong></span> <span class='ocrx_word' id='word_1_728' title='bbox 3184 3120 3362 3174; x_wconf 90' lang='lat' dir='ltr'><strong>nullus</strong></span> <span class='ocrx_word' id='word_1_729' title='bbox 3411 3121 3707 3191; x_wconf 66' lang='lat' dir='ltr'><strong>Egyptius</strong></span> 
     </span>
    </p>
   </div>
   <div class='ocr_carea' id='block_1_98' title="bbox 2096 3210 3705 3282">
    <p class='ocr_par' dir='ltr' id='par_1_98' title="bbox 2096 3210 3705 3282">
     <span class='ocr_line' id='line_1_98' title="bbox 2096 3210 3705 3282; baseline -0.006 -12"><span class='ocrx_word' id='word_1_730' title='bbox 2096 3215 2276 3270; x_wconf 78' lang='lat' dir='ltr'><strong>&#39;liber.</strong></span> <span class='ocrx_word' id='word_1_731' title='bbox 2311 3214 2525 3270; x_wconf 85' lang='lat' dir='ltr'><strong>Pharao</strong></span> <span class='ocrx_word' id='word_1_732' title='bbox 2560 3214 2705 3269; x_wconf 92' lang='lat' dir='ltr'><strong>enim</strong></span> <span class='ocrx_word' id='word_1_733' title='bbox 2759 3210 3017 3282; x_wconf 92' lang='lat' dir='ltr'><strong>populum</strong></span> <span class='ocrx_word' id='word_1_734' title='bbox 3049 3211 3152 3265; x_wconf 89' lang='lat' dir='ltr'><strong>sibi</strong></span> <span class='ocrx_word' id='word_1_735' title='bbox 3183 3212 3234 3265; x_wconf 90' lang='lat' dir='ltr'><strong>in</strong></span> <span class='ocrx_word' id='word_1_736' title='bbox 3262 3212 3580 3267; x_wconf 85' lang='lat' dir='ltr'><strong>servitutem</strong></span> <span class='ocrx_word' id='word_1_737' title='bbox 3612 3228 3705 3263; x_wconf 65' lang='lat' dir='ltr'><strong>ru...</strong></span> 
     </span>
    </p>
   </div>
   <div class='ocr_carea' id='block_1_99' title="bbox 2116 3302 3698 3377">
    <p class='ocr_par' dir='ltr' id='par_1_99' title="bbox 2116 3302 3698 3377">
     <span class='ocr_line' id='line_1_99' title="bbox 2116 3302 3698 3377; baseline -0.003 -15"><span class='ocrx_word' id='word_1_738' title='bbox 2116 3306 2284 3377; x_wconf 87' lang='lat' dir='ltr'><strong>degit,</strong></span> <span class='ocrx_word' id='word_1_739' title='bbox 2313 3321 2413 3361; x_wconf 91' lang='lat' dir='ltr'><strong>nec</strong></span> <span class='ocrx_word' id='word_1_740' title='bbox 2448 3306 2682 3374; x_wconf 88' lang='lat' dir='ltr'><strong>aliquem</strong></span> <span class='ocrx_word' id='word_1_741' title='bbox 2717 3306 2863 3359; x_wconf 92' lang='lat' dir='ltr'><strong>intra</strong></span> <span class='ocrx_word' id='word_1_742' title='bbox 2891 3302 3269 3375; x_wconf 67' lang='lat' dir='ltr'><strong>Egyptiorum</strong></span> <span class='ocrx_word' id='word_1_743' title='bbox 3302 3302 3437 3357; x_wconf 85' lang='lat' dir='ltr'><strong>fines</strong></span> <span class='ocrx_word' id='word_1_744' title='bbox 3466 3303 3698 3358; x_wconf 88' lang='lat' dir='ltr'><strong>liberum</strong></span> 
     </span>
    </p>
   </div>
   <div class='ocr_carea' id='block_1_100' title="bbox 2116 3394 3697 3467">
    <p class='ocr_par' dir='ltr' id='par_1_100' title="bbox 2116 3394 3697 3467">
     <span class='ocr_line' id='line_1_100' title="bbox 2116 3394 3697 3467; baseline -0.001 -14"><span class='ocrx_word' id='word_1_745' title='bbox 2116 3398 2424 3467; x_wconf 85' lang='lat' dir='ltr'><strong>dereliquit,</strong></span> <span class='ocrx_word' id='word_1_746' title='bbox 2484 3397 2577 3453; x_wconf 89' lang='lat' dir='ltr'><strong>sed</strong></span> <span class='ocrx_word' id='word_1_747' title='bbox 2620 3398 2673 3451; x_wconf 93' lang='lat' dir='ltr'><strong>in</strong></span> <span class='ocrx_word' id='word_1_748' title='bbox 2716 3396 2864 3451; x_wconf 91' lang='lat' dir='ltr'><strong>omni</strong></span> <span class='ocrx_word' id='word_1_749' title='bbox 2899 3408 3046 3452; x_wconf 91' lang='lat' dir='ltr'><strong>terra</strong></span> <span class='ocrx_word' id='word_1_750' title='bbox 3081 3394 3301 3467; x_wconf 59' lang='lat' dir='ltr'><strong>[Egypti</strong></span> <span class='ocrx_word' id='word_1_751' title='bbox 3336 3396 3591 3463; x_wconf 87' lang='lat' dir='ltr'><strong>adempta</strong></span> <span class='ocrx_word' id='word_1_752' title='bbox 3628 3397 3697 3451; x_wconf 88' lang='lat' dir='ltr'><strong>li-</strong></span> 
     </span>
    </p>
   </div>
   <div class='ocr_carea' id='block_1_101' title="bbox 2115 3487 3698 3560">
    <p class='ocr_par' dir='ltr' id='par_1_101' title="bbox 2115 3487 3698 3560">
     <span class='ocr_line' id='line_1_101' title="bbox 2115 3487 3698 3560; baseline -0.003 -13"><span class='ocrx_word' id='word_1_753' title='bbox 2115 3492 2303 3547; x_wconf 90' lang='lat' dir='ltr'><strong>bertas</strong></span> <span class='ocrx_word' id='word_1_754' title='bbox 2353 3501 2456 3544; x_wconf 91' lang='lat' dir='ltr'><strong>est.</strong></span> <span class='ocrx_word' id='word_1_755' title='bbox 2490 3488 2553 3543; x_wconf 88' lang='lat' dir='ltr'><strong>Et</strong></span> <span class='ocrx_word' id='word_1_756' title='bbox 2578 3500 2866 3560; x_wconf 89' lang='lat' dir='ltr'><strong>pr0pterea</strong></span> <span class='ocrx_word' id='word_1_757' title='bbox 2895 3490 3035 3545; x_wconf 89' lang='lat' dir='ltr'><strong>forte</strong></span> <span class='ocrx_word' id='word_1_758' title='bbox 3064 3490 3328 3559; x_wconf 85' lang='lat' dir='ltr'><strong>scriptum</strong></span> <span class='ocrx_word' id='word_1_759' title='bbox 3360 3500 3443 3544; x_wconf 87' lang='lat' dir='ltr'><strong>est</strong></span> <span class='ocrx_word' id='word_1_760' title='bbox 3463 3489 3508 3521; x_wconf 77' lang='grc'><strong>⁸⁸</strong></span> <span class='ocrx_word' id='word_1_761' title='bbox 3535 3508 3548 3544; x_wconf 89' lang='lat'><strong>:</strong></span> <span class='ocrx_word' id='word_1_762' title='bbox 3585 3487 3698 3560; x_wconf 79' lang='lat' dir='ltr'><strong>Ego</strong></span> 
     </span>
    </p>
   </div>
   <div class='ocr_carea' id='block_1_102' title="bbox 2113 3580 3699 3652">
    <p class='ocr_par' dir='ltr' id='par_1_102' title="bbox 2113 3580 3699 3652">
     <span class='ocr_line' id='line_1_102' title="bbox 2113 3580 3699 3652; baseline -0.003 -14"><span class='ocrx_word' id='word_1_763' title='bbox 2113 3599 2230 3638; x_wconf 82' lang='lat' dir='ltr'><strong>sum</strong></span> <span class='ocrx_word' id='word_1_764' title='bbox 2256 3581 2513 3636; x_wconf 87' lang='lat' dir='ltr'><strong>Dominus</strong></span> <span class='ocrx_word' id='word_1_765' title='bbox 2536 3580 2680 3636; x_wconf 80' lang='lat' dir='ltr'><strong>Deus</strong></span> <span class='ocrx_word' id='word_1_766' title='bbox 2719 3592 2839 3636; x_wconf 89' lang='lat' dir='ltr'><strong>tuus</strong></span> <span class='ocrx_word' id='word_1_767' title='bbox 2868 3582 2958 3652; x_wconf 75' lang='lat' dir='ltr'><strong>qui</strong></span> <span class='ocrx_word' id='word_1_768' title='bbox 2990 3582 3155 3635; x_wconf 68' lang='lat' dir='ltr'><strong>eduxi</strong></span> <span class='ocrx_word' id='word_1_769' title='bbox 3185 3591 3233 3634; x_wconf 87' lang='lat' dir='ltr'><strong>te</strong></span> <span class='ocrx_word' id='word_1_770' title='bbox 3261 3581 3326 3635; x_wconf 88' lang='lat' dir='ltr'><strong>de</strong></span> <span class='ocrx_word' id='word_1_771' title='bbox 3356 3591 3496 3635; x_wconf 80' lang='lat' dir='ltr'><strong>terra</strong></span> <span class='ocrx_word' id='word_1_772' title='bbox 3527 3580 3699 3651; x_wconf 59' lang='lat' dir='ltr'><strong>{Egy-</strong></span> 
     </span>
    </p>
   </div>
   <div class='ocr_carea' id='block_1_103' title="bbox 2112 3674 3698 3747">
    <p class='ocr_par' dir='ltr' id='par_1_103' title="bbox 2112 3674 3698 3747">
     <span class='ocr_line' id='line_1_103' title="bbox 2112 3674 3698 3747; baseline -0.001 -17"><span class='ocrx_word' id='word_1_773' title='bbox 2112 3678 2212 3747; x_wconf 83' lang='lat' dir='ltr'><strong>pti,</strong></span> <span class='ocrx_word' id='word_1_774' title='bbox 2246 3678 2311 3731; x_wconf 87' lang='lat' dir='ltr'><strong>de</strong></span> <span class='ocrx_word' id='word_1_775' title='bbox 2333 3677 2489 3730; x_wconf 86' lang='lat' dir='ltr'><strong>domo</strong></span> <span class='ocrx_word' id='word_1_776' title='bbox 2514 3678 2797 3731; x_wconf 81' lang='lat' dir='ltr'><strong>servitutis.</strong></span> <span class='ocrx_word' id='word_1_777' title='bbox 2828 3675 2991 3730; x_wconf 85' lang='lat' dir='ltr'><strong>Facta</strong></span> <span class='ocrx_word' id='word_1_778' title='bbox 3026 3685 3111 3730; x_wconf 90' lang='lat' dir='ltr'><strong>est</strong></span> <span class='ocrx_word' id='word_1_779' title='bbox 3143 3689 3273 3746; x_wconf 84' lang='lat' dir='ltr'><strong>ergo</strong></span> <span class='ocrx_word' id='word_1_780' title='bbox 3295 3674 3565 3746; x_wconf 63' lang='lat' dir='ltr'><strong>Egyptns</strong></span> <span class='ocrx_word' id='word_1_781' title='bbox 3600 3677 3698 3730; x_wconf 89' lang='lat' dir='ltr'><strong>du-</strong></span> 
     </span>
    </p>
   </div>
   <div class='ocr_carea' id='block_1_104' title="bbox 2115 3765 3697 3837">
    <p class='ocr_par' dir='ltr' id='par_1_104' title="bbox 2115 3765 3697 3837">
     <span class='ocr_line' id='line_1_104' title="bbox 2115 3765 3697 3837; baseline -0.002 -15"><span class='ocrx_word' id='word_1_782' title='bbox 2115 3784 2235 3825; x_wconf 89' lang='lat' dir='ltr'><strong>mus</strong></span> <span class='ocrx_word' id='word_1_783' title='bbox 2263 3769 2559 3833; x_wconf 84' lang='lat' dir='ltr'><strong>servitutis,</strong></span> <span class='ocrx_word' id='word_1_784' title='bbox 2596 3776 2674 3833; x_wconf 90' lang='lat' dir='ltr'><strong>et,</strong></span> <span class='ocrx_word' id='word_1_785' title='bbox 2703 3767 2847 3837; x_wconf 91' lang='lat' dir='ltr'><strong>quod</strong></span> <span class='ocrx_word' id='word_1_786' title='bbox 2881 3774 2964 3821; x_wconf 89' lang='lat' dir='ltr'><strong>est</strong></span> <span class='ocrx_word' id='word_1_787' title='bbox 3011 3765 3283 3821; x_wconf 81' lang='lat' dir='ltr'><strong>infelicius</strong></span> <span class='ocrx_word' id='word_1_788' title='bbox 3308 3806 3323 3830; x_wconf 94' lang='lat'><strong>,</strong></span> <span class='ocrx_word' id='word_1_789' title='bbox 3378 3766 3697 3820; x_wconf 73' lang='lat' dir='ltr'><strong>voluntarias</strong></span> 
     </span>
    </p>
   </div>
   <div class='ocr_carea' id='block_1_105' title="bbox 2112 3856 3692 3930">
    <p class='ocr_par' dir='ltr' id='par_1_105' title="bbox 2112 3856 3692 3930">
     <span class='ocr_line' id='line_1_105' title="bbox 2112 3856 3692 3930; baseline -0.004 -13"><span class='ocrx_word' id='word_1_790' title='bbox 2112 3860 2415 3926; x_wconf 83' lang='lat' dir='ltr'><strong>servitutis,</strong></span> <span class='ocrx_word' id='word_1_791' title='bbox 2471 3874 2594 3913; x_wconf 87' lang='lat' dir='ltr'><strong>nam</strong></span> <span class='ocrx_word' id='word_1_792' title='bbox 2635 3861 2701 3914; x_wconf 90' lang='lat' dir='ltr'><strong>de</strong></span> <span class='ocrx_word' id='word_1_793' title='bbox 2732 3857 2978 3913; x_wconf 65' lang='lat' dir='ltr'><strong>Hebraeis</strong></span> <span class='ocrx_word' id='word_1_794' title='bbox 3027 3858 3277 3927; x_wconf 84' lang='lat' dir='ltr'><strong>quamvis</strong></span> <span class='ocrx_word' id='word_1_795' title='bbox 3316 3857 3585 3912; x_wconf 82' lang='lat' dir='ltr'><strong>referatur</strong></span> <span class='ocrx_word' id='word_1_796' title='bbox 3613 3856 3692 3930; x_wconf 77' lang='grc'><strong>(4)</strong></span> 
     </span>
    </p>
   </div>
   <div class='ocr_carea' id='block_1_106' title="bbox 2112 3950 3696 4023">
    <p class='ocr_par' dir='ltr' id='par_1_106' title="bbox 2112 3950 3696 4023">
     <span class='ocr_line' id='line_1_106' title="bbox 2112 3950 3696 4023; baseline -0.001 -17"><span class='ocrx_word' id='word_1_797' title='bbox 2112 3954 2253 4023; x_wconf 89' lang='lat' dir='ltr'><strong>quod</strong></span> <span class='ocrx_word' id='word_1_798' title='bbox 2296 3954 2347 4007; x_wconf 91' lang='lat' dir='ltr'><strong>in</strong></span> <span class='ocrx_word' id='word_1_799' title='bbox 2377 3952 2695 4007; x_wconf 89' lang='lat' dir='ltr'><strong>servitutem</strong></span> <span class='ocrx_word' id='word_1_800' title='bbox 2723 3951 2926 4005; x_wconf 87' lang='lat' dir='ltr'><strong>redacti</strong></span> <span class='ocrx_word' id='word_1_801' title='bbox 2956 3952 3090 4016; x_wconf 84' lang='lat' dir='ltr'><strong>sint,</strong></span> <span class='ocrx_word' id='word_1_802' title='bbox 3116 3961 3172 4006; x_wconf 87' lang='lat' dir='ltr'><strong>et</strong></span> <span class='ocrx_word' id='word_1_803' title='bbox 3211 3950 3563 4021; x_wconf 85' lang='lat' dir='ltr'><strong>quodjugum</strong></span> <span class='ocrx_word' id='word_1_804' title='bbox 3597 3952 3696 4004; x_wconf 88' lang='lat' dir='ltr'><strong>do-</strong></span> 
     </span>
    </p>
   </div>
   <div class='ocr_carea' id='block_1_107' title="bbox 2114 4042 3695 4114">
    <p class='ocr_par' dir='ltr' id='par_1_107' title="bbox 2114 4042 3695 4114">
     <span class='ocr_line' id='line_1_107' title="bbox 2114 4042 3695 4114; baseline -0.002 -15"><span class='ocrx_word' id='word_1_805' title='bbox 2114 4046 2428 4099; x_wconf 90' lang='lat' dir='ltr'><strong>minationis</strong></span> <span class='ocrx_word' id='word_1_806' title='bbox 2450 4053 2638 4114; x_wconf 85' lang='lat' dir='ltr'><strong>erepta</strong></span> <span class='ocrx_word' id='word_1_807' title='bbox 2664 4043 2919 4098; x_wconf 83' lang='lat' dir='ltr'><strong>libertate</strong></span> <span class='ocrx_word' id='word_1_808' title='bbox 2941 4043 3285 4110; x_wconf 90' lang='lat' dir='ltr'><strong>pertulerint,</strong></span> <span class='ocrx_word' id='word_1_809' title='bbox 3319 4042 3586 4098; x_wconf 89' lang='lat' dir='ltr'><strong>violenter</strong></span> <span class='ocrx_word' id='word_1_810' title='bbox 3612 4052 3695 4097; x_wconf 89' lang='lat' dir='ltr'><strong>ta-</strong></span> 
     </span>
    </p>
   </div>
   <div class='ocr_carea' id='block_1_108' title="bbox 2112 4134 3698 4205">
    <p class='ocr_par' dir='ltr' id='par_1_108' title="bbox 2112 4134 3698 4205">
     <span class='ocr_line' id='line_1_108' title="bbox 2112 4134 3698 4205; baseline 0.001 -14"><span class='ocrx_word' id='word_1_811' title='bbox 2112 4152 2235 4192; x_wconf 91' lang='lat' dir='ltr'><strong>men</strong></span> <span class='ocrx_word' id='word_1_812' title='bbox 2271 4138 2338 4191; x_wconf 90' lang='lat' dir='ltr'><strong>ad</strong></span> <span class='ocrx_word' id='word_1_813' title='bbox 2381 4139 2484 4192; x_wconf 90' lang='lat' dir='ltr'><strong>hoc</strong></span> <span class='ocrx_word' id='word_1_814' title='bbox 2543 4144 2920 4190; x_wconf 89' lang='lat' dir='ltr'><strong>memorantur</strong></span> <span class='ocrx_word' id='word_1_815' title='bbox 2968 4135 3208 4189; x_wconf 88' lang='lat' dir='ltr'><strong>adducti.</strong></span> <span class='ocrx_word' id='word_1_816' title='bbox 3283 4134 3557 4205; x_wconf 85' lang='lat' dir='ltr'><strong>Scriptum</strong></span> <span class='ocrx_word' id='word_1_817' title='bbox 3610 4142 3698 4192; x_wconf 85' lang='lat' dir='ltr'><strong>est</strong></span> 
     </span>
    </p>
   </div>
   <div class='ocr_carea' id='block_1_109' title="bbox 2111 4222 3693 4295">
    <p class='ocr_par' dir='ltr' id='par_1_109' title="bbox 2111 4222 3693 4295">
     <span class='ocr_line' id='line_1_109' title="bbox 2111 4222 3693 4295; baseline -0.002 -16"><span class='ocrx_word' id='word_1_818' title='bbox 2111 4227 2255 4279; x_wconf 81' lang='lat' dir='ltr'><strong>enim</strong></span> <span class='ocrx_word' id='word_1_819' title='bbox 2289 4225 2357 4289; x_wconf 82' lang='grc'><strong>⁸³,</strong></span> <span class='ocrx_word' id='word_1_820' title='bbox 2397 4225 2522 4293; x_wconf 89' lang='lat' dir='ltr'><strong>quia</strong></span> <span class='ocrx_word' id='word_1_821' title='bbox 2575 4223 2815 4294; x_wconf 67' lang='lat' dir='ltr'><strong>zEgyptii</strong></span> <span class='ocrx_word' id='word_1_822' title='bbox 2848 4222 3289 4295; x_wconf 83' lang='lat' dir='ltr'><strong>abominabantur</strong></span> <span class='ocrx_word' id='word_1_823' title='bbox 3313 4225 3452 4293; x_wconf 82' lang='lat' dir='ltr'><strong>ﬁlios</strong></span> <span class='ocrx_word' id='word_1_824' title='bbox 3495 4224 3693 4286; x_wconf 82' lang='lat' dir='ltr'><strong>Israel,</strong></span> 
     </span>
    </p>
   </div>
   <div class='ocr_carea' id='block_1_110' title="bbox 2111 4313 3694 4385">
    <p class='ocr_par' dir='ltr' id='par_1_110' title="bbox 2111 4313 3694 4385">
     <span class='ocr_line' id='line_1_110' title="bbox 2111 4313 3694 4385; baseline -0.003 -15"><span class='ocrx_word' id='word_1_825' title='bbox 2111 4326 2159 4370; x_wconf 86' lang='lat' dir='ltr'><strong>et</strong></span> <span class='ocrx_word' id='word_1_826' title='bbox 2189 4332 2282 4385; x_wconf 85' lang='lat' dir='ltr'><strong>per</strong></span> <span class='ocrx_word' id='word_1_827' title='bbox 2325 4317 2613 4384; x_wconf 83' lang='lat' dir='ltr'><strong>potentiam</strong></span> <span class='ocrx_word' id='word_1_828' title='bbox 2657 4316 3016 4384; x_wconf 86' lang='lat' dir='ltr'><strong>opprimebant</strong></span> <span class='ocrx_word' id='word_1_829' title='bbox 3059 4314 3301 4384; x_wconf 75' lang='lat' dir='ltr'><strong>.Egyptii</strong></span> <span class='ocrx_word' id='word_1_830' title='bbox 3338 4315 3479 4383; x_wconf 83' lang='lat' dir='ltr'><strong>ﬁlios</strong></span> <span class='ocrx_word' id='word_1_831' title='bbox 3520 4313 3694 4367; x_wconf 85' lang='lat' dir='ltr'><strong>Israel</strong></span> 
     </span>
    </p>
   </div>
   <div class='ocr_carea' id='block_1_111' title="bbox 2113 4406 3688 4477">
    <p class='ocr_par' dir='ltr' id='par_1_111' title="bbox 2113 4406 3688 4477">
     <span class='ocr_line' id='line_1_111' title="bbox 2113 4406 3688 4477; baseline 0 -18"><span class='ocrx_word' id='word_1_832' title='bbox 2113 4408 2398 4470; x_wconf 82' lang='lat' dir='ltr'><strong>violenter,</strong></span> <span class='ocrx_word' id='word_1_833' title='bbox 2425 4417 2473 4460; x_wconf 89' lang='lat' dir='ltr'><strong>et</strong></span> <span class='ocrx_word' id='word_1_834' title='bbox 2498 4407 2794 4477; x_wconf 74' lang='lat' dir='ltr'><strong>aﬁiigebant</strong></span> <span class='ocrx_word' id='word_1_835' title='bbox 2826 4407 2986 4460; x_wconf 87' lang='lat' dir='ltr'><strong>vitam</strong></span> <span class='ocrx_word' id='word_1_836' title='bbox 3009 4423 3193 4461; x_wconf 86' lang='lat' dir='ltr'><strong>eorum</strong></span> <span class='ocrx_word' id='word_1_837' title='bbox 3222 4408 3275 4458; x_wconf 86' lang='lat' dir='ltr'><strong>in</strong></span> <span class='ocrx_word' id='word_1_838' title='bbox 3310 4406 3553 4473; x_wconf 82' lang='lat' dir='ltr'><strong>Operibus</strong></span> <span class='ocrx_word' id='word_1_839' title='bbox 3586 4408 3688 4459; x_wconf 87' lang='lat' dir='ltr'><strong>du—</strong></span> 
     </span>
    </p>
   </div>
   <div class='ocr_carea' id='block_1_112' title="bbox 2114 4498 3694 4567">
    <p class='ocr_par' dir='ltr' id='par_1_112' title="bbox 2114 4498 3694 4567">
     <span class='ocr_line' id='line_1_112' title="bbox 2114 4498 3694 4567; baseline 0.003 -20"><span class='ocrx_word' id='word_1_840' title='bbox 2114 4498 2206 4561; x_wconf 91' lang='lat' dir='ltr'><strong>ris,</strong></span> <span class='ocrx_word' id='word_1_841' title='bbox 2240 4502 2351 4549; x_wconf 88' lang='lat' dir='ltr'><strong>luto</strong></span> <span class='ocrx_word' id='word_1_842' title='bbox 2380 4505 2427 4550; x_wconf 85' lang='lat' dir='ltr'><strong>et</strong></span> <span class='ocrx_word' id='word_1_843' title='bbox 2457 4499 2621 4551; x_wconf 81' lang='lat' dir='ltr'><strong>latere</strong></span> <span class='ocrx_word' id='word_1_844' title='bbox 2646 4537 2660 4562; x_wconf 93' lang='lat'><strong>,</strong></span> <span class='ocrx_word' id='word_1_845' title='bbox 2706 4508 2753 4551; x_wconf 86' lang='lat' dir='ltr'><strong>et</strong></span> <span class='ocrx_word' id='word_1_846' title='bbox 2785 4498 3027 4553; x_wconf 86' lang='lat' dir='ltr'><strong>omnibus</strong></span> <span class='ocrx_word' id='word_1_847' title='bbox 3092 4499 3333 4567; x_wconf 86' lang='lat' dir='ltr'><strong>operibus</strong></span> <span class='ocrx_word' id='word_1_848' title='bbox 3379 4514 3495 4566; x_wconf 72' lang='lat' dir='ltr'><strong>qua:</strong></span> <span class='ocrx_word' id='word_1_849' title='bbox 3541 4507 3694 4551; x_wconf 76' lang='lat' dir='ltr'><strong>erant</strong></span> 
     </span>
    </p>
   </div>
   <div class='ocr_carea' id='block_1_113' title="bbox 2112 4589 3691 4659">
    <p class='ocr_par' dir='ltr' id='par_1_113' title="bbox 2112 4589 3691 4659">
     <span class='ocr_line' id='line_1_113' title="bbox 2112 4589 3691 4659; baseline 0.002 -18"><span class='ocrx_word' id='word_1_850' title='bbox 2112 4589 2167 4641; x_wconf 86' lang='lat' dir='ltr'><strong>in</strong></span> <span class='ocrx_word' id='word_1_851' title='bbox 2200 4590 2420 4657; x_wconf 85' lang='lat' dir='ltr'><strong>campis,</strong></span> <span class='ocrx_word' id='word_1_852' title='bbox 2448 4589 2498 4643; x_wconf 90' lang='lat' dir='ltr'><strong>iu</strong></span> <span class='ocrx_word' id='word_1_853' title='bbox 2527 4590 2725 4659; x_wconf 86' lang='lat' dir='ltr'><strong>quibus</strong></span> <span class='ocrx_word' id='word_1_854' title='bbox 2747 4592 3002 4646; x_wconf 89' lang='lat' dir='ltr'><strong>omnibus</strong></span> <span class='ocrx_word' id='word_1_855' title='bbox 3030 4593 3082 4646; x_wconf 91' lang='lat' dir='ltr'><strong>in</strong></span> <span class='ocrx_word' id='word_1_856' title='bbox 3113 4594 3435 4647; x_wconf 87' lang='lat' dir='ltr'><strong>servitutem</strong></span> <span class='ocrx_word' id='word_1_857' title='bbox 3467 4605 3561 4647; x_wconf 86' lang='lat' dir='ltr'><strong>eos</strong></span> <span class='ocrx_word' id='word_1_858' title='bbox 3601 4606 3691 4644; x_wconf 87' lang='lat' dir='ltr'><strong>re-</strong></span> 
     </span>
    </p>
   </div>
   <div class='ocr_carea' id='block_1_114' title="bbox 2112 4680 3692 4756">
    <p class='ocr_par' dir='ltr' id='par_1_114' title="bbox 2112 4680 3692 4756">
     <span class='ocr_line' id='line_1_114' title="bbox 2112 4680 3692 4756; baseline 0.004 -24"><span class='ocrx_word' id='word_1_859' title='bbox 2112 4681 2370 4749; x_wconf 88' lang='lat' dir='ltr'><strong>digebant</strong></span> <span class='ocrx_word' id='word_1_860' title='bbox 2412 4697 2533 4735; x_wconf 82' lang='lat' dir='ltr'><strong>cum</strong></span> <span class='ocrx_word' id='word_1_861' title='bbox 2571 4682 2641 4735; x_wconf 93' lang='lat' dir='ltr'><strong>vi.</strong></span> <span class='ocrx_word' id='word_1_862' title='bbox 2670 4680 2892 4739; x_wconf 89' lang='lat' dir='ltr'><strong>Intende</strong></span> <span class='ocrx_word' id='word_1_863' title='bbox 2916 4699 3048 4756; x_wconf 87' lang='lat' dir='ltr'><strong>ergo</strong></span> <span class='ocrx_word' id='word_1_864' title='bbox 3074 4684 3386 4755; x_wconf 87' lang='lat' dir='ltr'><strong>diligentius</strong></span> <span class='ocrx_word' id='word_1_865' title='bbox 3416 4685 3692 4752; x_wconf 88' lang='lat' dir='ltr'><strong>quomodo</strong></span> 
     </span>
    </p>
   </div>
   <div class='ocr_carea' id='block_1_115' title="bbox 2110 4769 3687 4837">
    <p class='ocr_par' dir='ltr' id='par_1_115' title="bbox 2110 4769 3687 4837">
     <span class='ocr_line' id='line_1_115' title="bbox 2110 4769 3687 4837; baseline 0.003 -15"><span class='ocrx_word' id='word_1_866' title='bbox 2110 4769 2319 4825; x_wconf 70' lang='grc' dir='ltr'><strong>Ηειπεεί</strong></span> <span class='ocrx_word' id='word_1_867' title='bbox 2371 4775 2689 4827; x_wconf 89' lang='lat' dir='ltr'><strong>scribuntur</strong></span> <span class='ocrx_word' id='word_1_868' title='bbox 2726 4772 2993 4829; x_wconf 83' lang='lat' dir='ltr'><strong>violenter</strong></span> <span class='ocrx_word' id='word_1_869' title='bbox 3021 4775 3075 4829; x_wconf 92' lang='lat' dir='ltr'><strong>in</strong></span> <span class='ocrx_word' id='word_1_870' title='bbox 3107 4775 3423 4830; x_wconf 88' lang='lat' dir='ltr'><strong>servitutem</strong></span> <span class='ocrx_word' id='word_1_871' title='bbox 3461 4775 3687 4837; x_wconf 89' lang='lat' dir='ltr'><strong>redacti,</strong></span> 
     </span>
    </p>
   </div>
   <div class='ocr_carea' id='block_1_116' title="bbox 2110 4862 3689 4936">
    <p class='ocr_par' dir='ltr' id='par_1_116' title="bbox 2110 4862 3689 4936">
     <span class='ocr_line' id='line_1_116' title="bbox 2110 4862 3689 4936; baseline 0.005 -23"><span class='ocrx_word' id='word_1_872' title='bbox 2110 4862 2309 4928; x_wconf 87' lang='lat' dir='ltr'><strong>quibus</strong></span> <span class='ocrx_word' id='word_1_873' title='bbox 2340 4864 2612 4920; x_wconf 87' lang='lat' dir='ltr'><strong>naturalis</strong></span> <span class='ocrx_word' id='word_1_874' title='bbox 2643 4868 2819 4920; x_wconf 87' lang='lat' dir='ltr'><strong>inerat</strong></span> <span class='ocrx_word' id='word_1_875' title='bbox 2847 4866 3093 4930; x_wconf 90' lang='lat' dir='ltr'><strong>libertas,</strong></span> <span class='ocrx_word' id='word_1_876' title='bbox 3122 4881 3244 4936; x_wconf 71' lang='lat' dir='ltr'><strong>qua:</strong></span> <span class='ocrx_word' id='word_1_877' title='bbox 3279 4880 3385 4919; x_wconf 93' lang='lat' dir='ltr'><strong>non</strong></span> <span class='ocrx_word' id='word_1_878' title='bbox 3417 4865 3496 4920; x_wconf 92' lang='lat' dir='ltr'><strong>eis</strong></span> <span class='ocrx_word' id='word_1_879' title='bbox 3530 4866 3689 4921; x_wconf 75' lang='lat' dir='ltr'><strong>facile</strong></span> 
     </span>
    </p>
   </div>
   <div class='ocr_carea' id='block_1_117' title="bbox 2113 4952 3690 5025">
    <p class='ocr_par' dir='ltr' id='par_1_117' title="bbox 2113 4952 3690 5025">
     <span class='ocr_line' id='line_1_117' title="bbox 2113 4952 3690 5025; baseline 0.004 -22"><span class='ocrx_word' id='word_1_880' title='bbox 2113 4952 2191 5005; x_wconf 89' lang='lat' dir='ltr'><strong>vel</strong></span> <span class='ocrx_word' id='word_1_881' title='bbox 2224 4968 2321 5020; x_wconf 89' lang='lat' dir='ltr'><strong>per</strong></span> <span class='ocrx_word' id='word_1_882' title='bbox 2347 4954 2723 5024; x_wconf 88' lang='lat' dir='ltr'><strong>deceptionem</strong></span> <span class='ocrx_word' id='word_1_883' title='bbox 2756 4957 3016 5025; x_wconf 87' lang='lat' dir='ltr'><strong>aliquam,</strong></span> <span class='ocrx_word' id='word_1_884' title='bbox 3044 4957 3136 5011; x_wconf 85' lang='lat' dir='ltr'><strong>sed</strong></span> <span class='ocrx_word' id='word_1_885' title='bbox 3160 4972 3281 5011; x_wconf 91' lang='lat' dir='ltr'><strong>cum</strong></span> <span class='ocrx_word' id='word_1_886' title='bbox 3310 4957 3361 5010; x_wconf 91' lang='lat' dir='ltr'><strong>vi</strong></span> <span class='ocrx_word' id='word_1_887' title='bbox 3390 4967 3690 5023; x_wconf 83' lang='lat' dir='ltr'><strong>extorque-</strong></span> 
     </span>
    </p>
   </div>
   <div class='ocr_carea' id='block_1_118' title="bbox 2111 5044 3686 5118">
    <p class='ocr_par' dir='ltr' id='par_1_118' title="bbox 2111 5044 3686 5118">
     <span class='ocr_line' id='line_1_118' title="bbox 2111 5044 3686 5118; baseline 0.005 -23"><span class='ocrx_word' id='word_1_888' title='bbox 2111 5044 2289 5097; x_wconf 89' lang='lat' dir='ltr'><strong>batur.</strong></span> <span class='ocrx_word' id='word_1_889' title='bbox 2322 5044 2537 5100; x_wconf 88' lang='lat' dir='ltr'><strong>Pharao</strong></span> <span class='ocrx_word' id='word_1_890' title='bbox 2570 5062 2699 5103; x_wconf 90' lang='lat' dir='ltr'><strong>vero</strong></span> <span class='ocrx_word' id='word_1_891' title='bbox 2721 5047 3037 5118; x_wconf 66' lang='lat' dir='ltr'><strong>Egyptium</strong></span> <span class='ocrx_word' id='word_1_892' title='bbox 3070 5047 3324 5117; x_wconf 91' lang='lat' dir='ltr'><strong>populum</strong></span> <span class='ocrx_word' id='word_1_893' title='bbox 3376 5047 3535 5102; x_wconf 83' lang='lat' dir='ltr'><strong>facile</strong></span> <span class='ocrx_word' id='word_1_894' title='bbox 3583 5048 3686 5103; x_wconf 88' lang='lat' dir='ltr'><strong>sibi</strong></span> 
     </span>
    </p>
   </div>
   <div class='ocr_carea' id='block_1_119' title="bbox 2110 5135 3683 5211">
    <p class='ocr_par' dir='ltr' id='par_1_119' title="bbox 2110 5135 3683 5211">
     <span class='ocr_line' id='line_1_119' title="bbox 2110 5135 3683 5211; baseline 0.003 -22"><span class='ocrx_word' id='word_1_895' title='bbox 2110 5135 2162 5189; x_wconf 93' lang='lat' dir='ltr'><strong>in</strong></span> <span class='ocrx_word' id='word_1_896' title='bbox 2217 5140 2812 5211; x_wconf 57' lang='lat' dir='ltr'><strong>servitutem&#39;redegit,</strong></span> <span class='ocrx_word' id='word_1_897' title='bbox 2869 5156 2967 5196; x_wconf 90' lang='lat' dir='ltr'><strong>nec</strong></span> <span class='ocrx_word' id='word_1_898' title='bbox 2997 5140 3259 5196; x_wconf 90' lang='lat' dir='ltr'><strong>scribitur</strong></span> <span class='ocrx_word' id='word_1_899' title='bbox 3287 5141 3430 5211; x_wconf 90' lang='lat' dir='ltr'><strong>quod</strong></span> <span class='ocrx_word' id='word_1_900' title='bbox 3479 5157 3599 5194; x_wconf 89' lang='lat' dir='ltr'><strong>cum</strong></span> <span class='ocrx_word' id='word_1_901' title='bbox 3633 5140 3683 5193; x_wconf 87' lang='lat' dir='ltr'><strong>vi</strong></span> 
     </span>
    </p>
   </div>
   <div class='ocr_carea' id='block_1_120' title="bbox 2111 5229 3681 5302">
    <p class='ocr_par' dir='ltr' id='par_1_120' title="bbox 2111 5229 3681 5302">
     <span class='ocr_line' id='line_1_120' title="bbox 2111 5229 3681 5302; baseline 0.001 -20"><span class='ocrx_word' id='word_1_902' title='bbox 2111 5230 2211 5284; x_wconf 86' lang='lat' dir='ltr'><strong>hoc</strong></span> <span class='ocrx_word' id='word_1_903' title='bbox 2240 5229 2453 5285; x_wconf 85' lang='lat' dir='ltr'><strong>fecerit.</strong></span> <span class='ocrx_word' id='word_1_904' title='bbox 2481 5230 2758 5287; x_wconf 87' lang='lat' dir='ltr'><strong>Proclives</strong></span> <span class='ocrx_word' id='word_1_905' title='bbox 2782 5232 2929 5287; x_wconf 84' lang='lat' dir='ltr'><strong>enim</strong></span> <span class='ocrx_word' id='word_1_906' title='bbox 2984 5244 3114 5287; x_wconf 85' lang='lat' dir='ltr'><strong>sunt</strong></span> <span class='ocrx_word' id='word_1_907' title='bbox 3143 5230 3387 5302; x_wconf 62' lang='lat' dir='ltr'><strong>Egyptii</strong></span> <span class='ocrx_word' id='word_1_908' title='bbox 3420 5232 3487 5285; x_wconf 90' lang='lat' dir='ltr'><strong>ad</strong></span> <span class='ocrx_word' id='word_1_909' title='bbox 3520 5232 3681 5299; x_wconf 87' lang='lat' dir='ltr'><strong>dege-</strong></span> 
     </span>
    </p>
   </div>
   <div class='ocr_carea' id='block_1_121' title="bbox 2588 5400 3678 5464">
    <p class='ocr_par' dir='ltr' id='par_1_121' title="bbox 2588 5400 3678 5464">
     <span class='ocr_line' id='line_1_121' title="bbox 2588 5400 3678 5464; baseline 0.001 -10"><span class='ocrx_word' id='word_1_910' title='bbox 2588 5401 2635 5434; x_wconf 74' lang='lat'>&quot;</span> <span class='ocrx_word' id='word_1_911' title='bbox 2663 5400 2805 5456; x_wconf 85' lang='lat' dir='ltr'><strong>Psal.</strong></span> <span class='ocrx_word' id='word_1_912' title='bbox 2852 5418 2928 5464; x_wconf 85' lang='lat' dir='ltr'><strong>Cl,</strong></span> <span class='ocrx_word' id='word_1_913' title='bbox 2960 5403 3045 5458; x_wconf 78' lang='lat'><strong>25.</strong></span> <span class='ocrx_word' id='word_1_914' title='bbox 3159 5405 3205 5436; x_wconf 80' lang='lat'>&quot;</span> <span class='ocrx_word' id='word_1_915' title='bbox 3233 5407 3431 5458; x_wconf 80' lang='lat' dir='ltr'><strong>Genes.</strong></span> <span class='ocrx_word' id='word_1_916' title='bbox 3471 5417 3595 5457; x_wconf 77' lang='lat' dir='ltr'><strong>xxv.</strong></span> <span class='ocrx_word' id='word_1_917' title='bbox 3624 5402 3678 5455; x_wconf 77' lang='grc'><strong>5.</strong></span> 
     </span>
    </p>
   </div>
   <div class='ocr_carea' id='block_1_122' title="bbox 2459 5468 3680 5534">
    <p class='ocr_par' dir='ltr' id='par_1_122' title="bbox 2459 5468 3680 5534">
     <span class='ocr_line' id='line_1_122' title="bbox 2459 5468 3680 5534; baseline 0.001 -9"><span class='ocrx_word' id='word_1_918' title='bbox 2459 5471 2503 5502; x_wconf 83' lang='grc' dir='ltr'><strong>⁸ο</strong></span> <span class='ocrx_word' id='word_1_919' title='bbox 2546 5468 2704 5526; x_wconf 77' lang='lat' dir='ltr'><strong>Joau.</strong></span> <span class='ocrx_word' id='word_1_920' title='bbox 2741 5488 2814 5527; x_wconf 71' lang='grc' dir='ltr'><strong>ιχ.</strong></span> <span class='ocrx_word' id='word_1_921' title='bbox 2928 5473 2972 5506; x_wconf 73' lang='grc'>⁸³</span> <span class='ocrx_word' id='word_1_922' title='bbox 3002 5473 3201 5530; x_wconf 90' lang='lat' dir='ltr'><strong>Genes.</strong></span> <span class='ocrx_word' id='word_1_923' title='bbox 3232 5487 3396 5534; x_wconf 74' lang='lat' dir='ltr'><strong>XLVII,</strong></span> <span class='ocrx_word' id='word_1_924' title='bbox 3429 5474 3500 5527; x_wconf 72' lang='grc' dir='ltr'><strong>ΞΟ</strong></span> <span class='ocrx_word' id='word_1_925' title='bbox 3526 5515 3538 5533; x_wconf 90' lang='grc'><strong>.</strong></span> <span class='ocrx_word' id='word_1_926' title='bbox 3589 5474 3680 5523; x_wconf 70' lang='lat'><strong>2|.</strong></span> 
     </span>
    </p>
   </div>
   <div class='ocr_carea' id='block_1_123' title="bbox 2174 5628 3680 5703">
    <p class='ocr_par' dir='ltr' id='par_1_123' title="bbox 2174 5628 3680 5703">
     <span class='ocr_line' id='line_1_123' title="bbox 2174 5628 3680 5703; baseline 0.001 -18"><span class='ocrx_word' id='word_1_927' title='bbox 2174 5628 2263 5703; x_wconf 47' lang='lat' dir='ltr'><strong>(bl</strong></span> <span class='ocrx_word' id='word_1_928' title='bbox 2288 5632 2456 5703; x_wconf 63' lang='lat' dir='ltr'><strong>Alias,</strong></span> <span class='ocrx_word' id='word_1_929' title='bbox 2486 5633 2710 5703; x_wconf 86' lang='lat' dir='ltr'><strong>legatur.</strong></span> <span class='ocrx_word' id='word_1_930' title='bbox 2742 5634 2883 5688; x_wconf 85' lang='lat' dir='ltr'><strong>Infra</strong></span> <span class='ocrx_word' id='word_1_931' title='bbox 2918 5650 3077 5698; x_wconf 85' lang='lat' dir='ltr'><strong>mss.,</strong></span> <span class='ocrx_word' id='word_1_932' title='bbox 3115 5648 3478 5687; x_wconf 85' lang='lat' dir='ltr'><strong>memorantur</strong></span> <span class='ocrx_word' id='word_1_933' title='bbox 3510 5636 3680 5692; x_wconf 69' lang='lat' dir='ltr'><strong>(uitiu-</strong></span> 
     </span>
    </p>
   </div>
   <div class='ocr_carea' id='block_1_124' title="bbox 2097 5700 3342 5767">
    <p class='ocr_par' dir='ltr' id='par_1_124' title="bbox 2097 5700 3342 5767">
     <span class='ocr_line' id='line_1_124' title="bbox 2097 5700 3342 5767; baseline 0.003 -14"><span class='ocrx_word' id='word_1_934' title='bbox 2097 5704 2187 5754; x_wconf 81' lang='lat' dir='ltr'><strong>ctt.</strong></span> <span class='ocrx_word' id='word_1_935' title='bbox 2225 5700 2412 5767; x_wconf 86' lang='lat' dir='ltr'><strong>Editi.,</strong></span> <span class='ocrx_word' id='word_1_936' title='bbox 2434 5700 2790 5758; x_wconf 81' lang='lat' dir='ltr'><strong>memorantur</strong></span> <span class='ocrx_word' id='word_1_937' title='bbox 2814 5706 3034 5756; x_wconf 83' lang='lat' dir='ltr'><strong>addicti.</strong></span> <span class='ocrx_word' id='word_1_938' title='bbox 3338 5716 3342 5720; x_wconf 86' lang='lat'>&#39;</span> 
     </span>
    </p>
   </div>
  </div>
