4132 6442
501 355 609 417 247

1945 351 2264 410 OBIGENIS

3641 350 3746 407 sts

505 488 690 527 nerem
733 472 924 539 vitam,
954 482 1004 525 et
1062 472 1171 525 cito
1197 471 1262 525 ad
1294 485 1511 527 omnem
1547 467 1871 525 famulatum
1923 469 2073 524 deci-
2104 472 2150 527 Α
2178 468 2233 522 In
2257 485 2366 540 quo
2390 473 2577 542 utique
2608 487 2766 530 nemo
2800 473 2999 529 dixerit
3027 472 3251 527 Paulum
3273 472 3406 527 dare
3432 470 3627 539 egisse,
3653 469 3743 538 qui

506 566 645 619 dunt
672 562 951 618 vitiorum.
983 562 1214 633 Respice
1248 565 1313 617 ad
1343 565 1607 634 originem
1636 562 1876 633 generis,
1907 571 1959 616 et
1985 562 2070 615 in-

502 656 692 711 venies
720 654 862 724 qnod
896 663 1050 723 pater
1070 669 1257 708 eorum
1283 653 1451 709 Cbam
1478 695 1493 721 ,
1527 654 1618 722 qui
1668 654 1965 708 nuditatem
1996 654 2069 707 ri-

504 757 647 801 serat
683 749 853 814 patris
882 745 950 809 “,
986 746 1357 814 hujuscemodi
1391 748 1723 801 sententiam
1779 748 1971 801 meruit
2015 756 2072 800 ut

503 840 645 892 lilios
673 840 790 909 ejus
814 843 1069 896 Chanaan
1096 855 1289 895 servus
1318 849 1464 895 esset
1491 840 1754 894 fratribus
1784 840 1917 902 suis,
1966 855 2071 908 quo

503 931 553 982 in
583 943 651 983 eo
689 933 983 999 nequitiam
1032 947 1246 985 morum
1284 939 1535 1001 argueret
1563 932 1805 987 conditio
1834 932 2072 987 servitu-

502 1025 589 1077 tis.
626 1022 740 1076 Non
769 1040 899 1092 ergo
929 1023 1199 1077 immerito
1234 1023 1626 1093 ignobilitatem
1653 1024 1874 1091 generis
1905 1024 2071 1077 deco-

503 1113 584 1165 lor
619 1114 909 1182 posteritas
938 1114 1208 1168 imitatur.
1240 1114 1449 1170 Ilebraai
1477 1130 1603 1169 vero
1631 1115 1842 1169 etiamsi
1877 1116 1927 1168 in
1958 1130 2071 1168 ser.

500 1203 727 1256 vitutem
756 1205 1093 1273 redigantur,
1115 1207 1324 1260 etiamsi
1346 1208 1687 1278 tyrannidem
1711 1208 1986 1277 patiantur
2003 1208 2072 1262 ab

501 1294 791 1363 Egyptiis,
836 1296 1095 1351 violenter
1116 1306 1171 1351 et
1199 1301 1517 1353 necessitate
1539 1298 1834 1368 patiuntur.
1861 1299 2071 1354 Idcirco

500 1397 629 1451 ergo
662 1384 957 1439 liberantur
985 1389 1049 1442 de
1087 1387 1251 1444 domo
1309 1390 1585 1443 servitutis
1607 1430 1621 1455 ,
1659 1398 1709 1443 et
1756 1390 1822 1443 ad
1852 1390 2070 1444 liberta-

504 1483 609 1524 tem
646 1476 947 1542 pristinam,
985 1493 1147 1546 quam
1184 1478 1334 1532 inviti
1370 1481 1694 1543 amiserant,
1722 1492 2070 1535 revocantur.

503 1566 746 1635 Denique
769 1570 930 1621 etiam
955 1569 1152 1623 divinis
1176 1570 1382 1641 legibus
1411 1583 1639 1627 cavetur
1666 1574 1736 1638 ⁸⁵,
1768 1582 1826 1627 ut
1859 1574 1901 1627 si
1930 1574 2070 1629 forte

502 1660 701 1711 emerit
752 1659 874 1725 quis
902 1659 1185 1715 Hebraeum
1218 1676 1470 1732 puerum,
1505 1679 1607 1717 non
1641 1679 1763 1718 eum
1811 1675 2067 1734 perpetua

501 1747 758 1802 servitute
784 1751 1078 1818 possideat,
1106 1755 1199 1806 sed
1233 1768 1326 1808 sex
1371 1755 1529 1809 annis
1564 1758 1771 1810 serviat
1797 1758 1873 1819 ei,
1903 1760 2069 1827 septi-

2179 559 2448 613 hominem
2480 563 2545 616 de
2568 561 2810 617 Ecclesia
2840 561 3001 630 ejecit
3028 572 3081 619 et
3123 561 3341 618 Satanae
3366 562 3605 616 tradidit.
3637 559 3745 615 Sed

2179 653 2231 705 in
2267 652 2414 706 illunt
2437 654 2557 708 sine
2593 655 2756 708 dubio
2801 655 2961 725 culpa
2990 655 3247 723 refertur,
3282 655 3372 724 qui
3408 669 3505 723 pro
3530 654 3745 707 actibus

2178 745 2291 799 suis
2325 747 2525 799 meruit
2560 758 2615 800 ut
2652 762 2758 801 non
2796 747 2845 801 ei
2878 758 3021 803 esset
3053 748 3105 801 in
3140 747 3377 802 Ecclesia
3409 746 3589 810 locus,
3646 744 3747 799 sed

2180 836 2395 890 Satanae
2422 839 2696 891 consortio
2734 848 3037 892 mereretur
3085 839 3327 909 adjungi.
3388 836 3463 891 Ita
3515 853 3646 905 ergo
3692 844 3742 892 et

2177 925 2400 997 Joscph,
2434 944 2554 983 cum
2597 930 2728 983 nihil
2760 930 3000 986 Hebraea:
3039 931 3339 995 libertatis,
3372 931 3503 985 nihil
3535 928 3746 984 Israeli-

2181 1024 2297 1076 ticat
2324 1024 2625 1077 nobilitatis
2666 1025 2715 1078 in
2748 1025 3018 1096 Egyptiis
3052 1026 3405 1095 providisset,
3438 1026 3594 1093 digna
3621 1040 3743 1079 ser-

2180 1117 2310 1169 vitia
2348 1117 2510 1185 digno
2540 1119 2835 1172 dominatui
2884 1119 3130 1172 sociavit.
3175 1117 3285 1187 Ego
3307 1118 3471 1172 etiam
3513 1117 3746 1187 amplius

2178 1208 2380 1276 aliquid
2407 1210 2551 1264 dico.
2582 1209 2830 1265 Invenies
2857 1220 2910 1264 et
2942 1211 2994 1263 in
3022 1209 3219 1264 divinis
3250 1210 3743 1277 dispensationihus

2180 1302 2285 1354 tale
2322 1302 2524 1368 aliquid
2557 1312 2792 1371 gestum,
2839 1302 2894 1355 in
2940 1317 3005 1356 eo
3055 1302 3195 1370 quod
3237 1302 3363 1355 dicit
3404 1300 3615 1372 Moyses
3650 1300 3743 1353 "z

2178 1391 2312 1444 Cum
2356 1392 2610 1445 divideret
2637 1391 2890 1446 Excelsus
2922 1401 3098 1462 gentes
3148 1402 3197 1446 et
3227 1393 3567 1459 distingueret
3612 1391 3744 1459 fines

2176 1484 2432 1550 gentium,
2474 1482 2759 1535 secundant
2789 1498 3062 1535 numerum
3096 1480 3400 1548 angelorum
3448 1477 3543 1531 Dei
3571 1477 3743 1546 posuit

2175 1592 2287 1637 eas,
2326 1585 2373 1629 et
2405 1574 2548 1643 facta
2574 1584 2649 1629 est
2673 1590 2797 1641 pars
2832 1574 3042 1627 Domini
3067 1571 3253 1635 Jacob,
3284 1572 3551 1642 funiculus
3582 1570 3739 1624 ha're-

2176 1666 2362 1718 ditatis
2385 1665 2501 1733 ejus
2527 1663 2718 1718 Israel.
2754 1664 2918 1719 Vides
2960 1678 3091 1734 ergo
3113 1663 3367 1733 quoniam
3397 1678 3494 1731 pro
3534 1661 3743 1715 meritis

2179 1758 2469 1825 unicuique
2512 1756 2657 1827 genti
2713 1757 3025 1824 angelorum
3069 1757 3331 1810 statuitur
3384 1755 3739 1825 principatus,

499 1853 586 1892 mo
621 1854 751 1894 vero
796 1856 937 1897 anno
994 1854 1155 1898 exeat
1185 1845 1341 1899 liber.
1372 1847 1442 1901 De
1468 1846 1745 1919 Egyptiis
1798 1818 1927 1904 nihil
1965 1818 2069 1906 lale
2100 1818 2142 1876 Β
2176 1864 2302 1917 pars
2336 1818 2754 1902 alitevaomini
2783 1818 2914 1916 gens
2942 1846 3171 1902 eﬂicitur
3200 1845 3361 1901 Israel
3386 1818 3512 1917 8).

494 1938 771 1994 censetur,
803 1947 901 1987 nec
931 1948 1157 2003 usquam
1190 1936 1369 1990 divina
1399 1938 1484 1991 lex
1509 1953 1692 1993 curam
1720 1941 1861 2009 gerit
1905 1942 2068 1996 libcr-

496 2022 624 2075 tatis
653 2021 1054 2094 Egyptiorunt,
1090 2028 1245 2099 103
1277 2029 1402 2097 quia
1433 2046 1552 2084 eam
1586 2042 1780 2101 sponte
1811 2034 2062 2101 perdide-

498 2126 619 2169 runt
653 2115 756 2189 (5),
791 2122 883 2174 sed
908 2131 1112 2176 aeterno
1140 2138 1236 2177 eos
1278 2124 1615 2180 conditionis
1639 2126 1772 2195 jugo
1800 2142 1861 2181 ac
1894 2128 2035 2182 servi

496 2210 595 2262 tuti
626 2223 893 2279 perpetua:
947 2214 1296 2284 derelinquit.

566 2308 618 2358 2.
668 2304 792 2360 Haec
828 2322 957 2378 ergo
986 2309 1031 2363 si
1081 2308 1447 2381 intelligamus
1487 2314 1812 2383 spiritaliter
1837 2333 1955 2386 qtae
1988 2317 2061 2372 sit

495 2396 870 2466 .Egyptiorum
923 2401 1206 2467 servitus,
1256 2407 1611 2473 agnoscimus
1667 2409 1795 2477 quia
1854 2410 2061 2464 servire

418 2536 425 2539 .
494 2487 764 2559 Egyptiis
788 2506 892 2546 non
919 2492 1064 2546 aliud
1091 2503 1173 2548 est
1206 2510 1369 2564 quam
1406 2496 1698 2551 obnoxium
1726 2499 1839 2553 ﬁeri
1869 2515 2063 2553 carna-

496 2579 636 2633 libus
661 2581 825 2648 vitiis,
850 2592 905 2636 et
928 2584 1260 2639 daemonibus
1292 2602 1412 2641 esse
1438 2587 1765 2656 subjectum.
1818 2591 1872 2645 In
1917 2592 2061 2663 quod

495 2670 683 2737 utique
712 2687 1147 2743 unumquemque
1189 2691 1293 2729 non
1326 2678 1667 2733 extrinsecus
1698 2681 1841 2735 illata
1876 2697 2064 2736 neces-

494 2763 628 2818 sitas
658 2765 823 2832 cogit,
849 2766 941 2817 sed
972 2767 1235 2835 segnities
1264 2771 1455 2837 animi,
1500 2782 1554 2826 et
1585 2772 1751 2827 libido
1785 2790 1847 2828 ac
1905 2777 2059 2829 volu-

491 2865 616 2922 ptas
646 2858 888 2924 corporis
913 2858 1152 2928 subigit,
1182 2862 1268 2915 cui
1299 2878 1355 2917 se
1385 2864 1597 2917 aninms
1625 2880 1721 2933 per
1753 2868 2059 2922 socordiam

491 2950 671 3005 subdit
720 2949 817 3020 (6).
871 2952 970 3020 Qui
1018 2969 1147 3008 vero
1174 2955 1443 3011 libertatis
1468 2958 1662 3013 anima:
1686 2974 1871 3014 curam
1900 2962 2060 3028 gerit,

491 3049 544 3093 et
571 3040 887 3109 dignitatem
934 3045 1130 3099 mentis
1169 3046 1376 3102 caelesti
1429 3050 1752 3118 cognatione
1787 3051 2058 3117 nobilitat,

2240 1941 2294 1996 5.
2359 1938 2488 1993 Post
2516 1939 2633 1993 hare
2684 1939 2932 2006 sequitur
2964 1956 2979 1992 :
3014 1936 3414 2002 Vendideram,
3463 1938 3639 2009 inquit
3670 1938 3738 2004 ",

2170 2030 2412 2100 {Egyptii
2458 2039 2649 2084 terram
2682 2046 2835 2084 suam
2872 2029 3176 2095 Pharaoni;
3213 2032 3434 2085 obtinuit
3466 2033 3601 2085 enim
3654 2050 3742 2087 eos

2168 2122 2354 2191 fames.
2387 2123 2721 2192 Vituperatio
2748 2124 2879 2179 mihi
2905 2125 3118 2180 videtur
3145 2135 3201 2181 et
3241 2126 3294 2179 in
3330 2127 3431 2180 hoc
3458 2125 3743 2196 Egyplio-

2166 2233 2285 2272 rum
2312 2217 2602 2271 contineri.
2627 2215 2742 2271 Non
2775 2218 2919 2272 enim
2945 2217 3101 2273 facile
3126 2219 3191 2271 de
3220 2215 3461 2291 Hebraeis
3479 2217 3741 2285 scriptum

2166 2313 2430 2380 invenies,
2492 2313 2616 2382 quia
2681 2312 2920 2366 obtinuit
2981 2326 3076 2365 eos
3130 2310 3321 2366 iantes.
3390 2310 3549 2365 Licet
3596 2308 3738 2363 enim

2166 2405 2427 2475 scriptum
2468 2405 2561 2471 sit,
2622 2406 2766 2473 quod
2820 2402 3048 2457 invaluit
3094 2401 3266 2457 Iames
3308 2416 3471 2470 super
3518 2410 3739 2464 terram,

2168 2515 2271 2553 non
2327 2508 2504 2552 tamen
2568 2499 2831 2567 scriptum
2888 2507 3011 2563 est,
3066 2497 3206 2566 quod
3263 2494 3499 2551 obtinuit
3567 2493 3739 2546 fames

2164 2590 2353 2657 Jacob,
2408 2601 2502 2645 aut
2530 2590 2672 2645 tilios
2714 2590 2872 2660 ejus,
2909 2591 3051 2644 sicut
3094 2591 3160 2644 de
3207 2587 3485 2659 Egyptiis
3536 2585 3741 2640 dicitur

2165 2686 2305 2753 quod
2359 2683 2595 2737 obtinuit
2639 2696 2735 2737 eos
2790 2680 2982 2737 lames.
3052 2680 3312 2748 Quamvis
3353 2680 3497 2735 enim
3560 2678 3738 2731 veniat

2164 2777 2327 2829 etiam
2380 2776 2443 2829 ad
2490 2773 2667 2842 justos
2713 2773 2922 2840 fames,
2982 2788 3088 2828 non
3129 2780 3308 2825 tamen
3361 2770 3569 2823 obtinet
3609 2782 3733 2831 eos;

2164 2878 2384 2939 propter
2406 2868 2549 2937 quod
2576 2877 2630 2921 et
2663 2866 2968 2936 gloriantur
2991 2867 3043 2919 in
3078 2880 3163 2930 ea,
3188 2864 3329 2919 sicut
3360 2861 3558 2916 Paulus
3587 2862 3737 2914 inve-

2166 2962 2317 3014 nitur
2344 2958 2578 3013 libenter
2616 2957 2837 3027 gloriari
2876 2958 2928 3010 in
2965 2954 3337 3023 hujuscemodi
3372 2952 3733 3021 passionibus,

2164 3064 2288 3105 cum
2310 3050 2445 3104 dicit
2469 3050 2513 3080 ‘°
2537 3067 2550 3102 :
2578 3048 2642 3102 In
2672 3048 2832 3117 fame,
2862 3058 2909 3101 et
2936 3048 3051 3113 siti,
3074 3056 3123 3100 et
3156 3046 3374 3115 frigore,
3398 3053 3445 3097 et
3470 3043 3730 3096 nuditate.

491 3133 592 3186 iste
622 3149 687 3187 ex
716 3134 839 3190 filiis
870 3136 1152 3192 Israelest.
1182 3138 1284 3205 Qui
1322 3142 1535 3196 etiamsi
1574 3142 1838 3197 violenter
1876 3145 2062 3213 oppri.
2088 3175 2129 3231 ο
2163 3142 2315 3210 Quod
2334 3156 2462 3210 ergo
2479 3140 2643 3208 justis
2665 3139 2981 3194 exercitium
3013 3135 3229 3190 virtutis
3250 3145 3356 3198 est,
3385 3134 3489 3189 hoc
3518 3133 3736 3202 iniustis

491 3233 669 3277 matur
697 3227 762 3278 ad
794 3235 1023 3294 tempus,
1080 3244 1186 3282 non
1240 3239 1416 3285 tamen
1464 3230 1769 3287 libertatem
1816 3248 1971 3287 suam
2006 3236 2057 3287 in

488 3325 803 3382 perpetumn
838 3319 1044 3385 perdet.
1094 3319 1336 3389 Denique
1372 3331 1425 3376 ct
1477 3322 1730 3377 Salvator
1779 3336 1962 3380 noster
1991 3329 2060 3379 de

491 3406 742 3459 libertate
781 3418 834 3460 et
876 3410 1140 3464 servitute
1187 3412 1240 3464 in
1305 3413 1597 3482 Evangelia
1644 3418 1938 3482 disserens,
1985 3419 2057 3471 ita

492 3496 773 3565 loquitur:
802 3496 1009 3563 Omnis,
1040 3500 1217 3568 inquit
1264 3501 1341 3567 ⁸⁸,
1382 3505 1471 3572 qui
1510 3514 1710 3571 peccat,
1764 3521 1943 3559 servus
1983 3514 2058 3558 est

488 3592 710 3654 peccati.
759 3589 825 3642 Et
865 3590 1057 3644 iterum
1111 3592 1291 3646 dicit:
1329 3592 1390 3647 Si
1456 3594 1750 3648 manseritis
1801 3598 1853 3649 in
1907 3599 2058 3651 verbo

488 3696 622 3744 meo,
658 3682 947 3748 agnoscetis
984 3684 1288 3748 veritatem,
1335 3696 1382 3737 et
1424 3687 1614 3740 veritas
1654 3687 1844 3742 liberos
1889 3690 2050 3759 faciet

488 3788 597 3826 vos.
636 3774 789 3837 Quod
822 3775 865 3826 si
900 3776 1020 3841 quis
1058 3775 1197 3830 forte
1231 3777 1376 3830 dicat
1411 3779 1587 3844 nobis,
1615 3781 1897 3847 Quomodo
1930 3800 2058 3855 ergo

473 3874 585 3926 per
634 3858 831 3931 Joseplt
892 3864 1069 3918 omnis
1117 3877 1260 3920 terra
1308 3865 1358 3920 in
1396 3871 1796 3936 possessionem
1827 3874 2060 3929 traditur

488 3952 800 4007 Pharaoni?
844 3956 906 4009 Et
946 3958 1123 4013 omnis
1174 3959 1275 4013 ista
1318 3961 1555 4016 servitus
1596 3977 1756 4031 quam
1812 3967 2059 4033 superius

488 4049 861 4115 exposuimus,
905 4064 969 4102 ex
1022 4052 1225 4118 peccati
1269 4052 1581 4108 conditione
1614 4068 1884 4124 suscepta,
1918 4075 2055 4129 quo-

490 4134 647 4189 modo
678 4150 773 4203 per
809 4148 1054 4191 sanctum
1106 4138 1278 4193 virum
1330 4142 1631 4197 ministrata
1680 4145 1880 4200 dicitur
1913 4147 2057 4203 Pha-

486 4226 637 4279 raoni
692 4226 811 4297 (7)?
870 4226 1167 4283 Possumus
1221 4231 1288 4282 ad
1332 4231 1443 4287 haec
1492 4236 1858 4303 respondere,
1913 4241 2057 4308 quod

484 4316 600 4381 ipse
625 4312 918 4385 Scriptum
956 4333 1134 4373 sermo
1184 4331 1415 4375 excusat
1460 4324 1633 4379 saneti
1675 4326 1772 4379 viri
1806 4327 2059 4382 ministe-

486 4411 669 4474 rium,
737 4426 859 4463 cum
922 4412 1053 4465 dicit
1104 4415 1248 4481 quod
1308 4415 1631 4483 semetipsos
1694 4418 2058 4474 vendiderunt

2164 3248 2320 3301 pinna
2348 3232 2554 3301 peccati
2591 3239 2693 3285 est.
2728 3230 2973 3298 Denique
3004 3229 3168 3283 etiam
3198 3226 3427 3281 Abrahae
3474 3224 3733 3294 tempori-

2165 3324 2264 3377 bus
2298 3324 2558 3390 scriptum
2602 3332 2687 3375 est
2729 3322 2799 3385 “,
2842 3320 2987 3389 quod
3038 3321 3181 3390 {acta
3235 3330 3309 3373 est
3363 3318 3531 3384 fames
3578 3329 3735 3384 super

2162 3434 2375 3480 terram,
2407 3427 2455 3469 et
2489 3415 2752 3469 descendit
2796 3415 3061 3469 Abraham
3092 3414 3146 3466 in
3176 3410 3465 3480 .Egyptum
3497 3408 3735 3461 habitare

2162 3514 2255 3576 ibi,
2319 3512 2565 3581 quoniam
2626 3508 2921 3562 inualuerat
2966 3508 3129 3575 fames
3185 3523 3341 3575 super
3391 3515 3605 3559 terram.
3670 3502 3734 3555 Et

2164 3606 2348 3671 utique
2388 3602 2455 3665 si,
2498 3611 2557 3653 ut
2600 3599 2819 3667 quidam
2858 3608 3066 3667 putant,
3122 3600 3332 3651 incaute
3375 3606 3431 3649 et
3485 3594 3733 3664 imperite

2162 3708 2305 3752 esset
2334 3711 2513 3751 sermo
2545 3694 2843 3762 Scriptura:
2871 3693 3065 3745 divinae
3096 3690 3445 3757 compositus,
3484 3693 3733 3754 potuerat

2164 3792 2364 3853 dicere,
2398 3789 2539 3858 quod
2565 3786 2844 3841 descendit
2868 3784 3139 3837 Abraham
3171 3782 3224 3835 in
3260 3779 3552 3851 Egyptum
3579 3778 3732 3832 habi-

2163 3890 2280 3935 tare
2337 3881 2435 3942 ibi.
2490 3879 2618 3947 quia
2678 3876 2979 3930 invaluerat
3009 3889 3173 3942 super
3217 3887 3341 3927 eum
3384 3871 3570 3924 fames.
3625 3867 3730 3923 Sed

2162 3971 2373 4026 intuere
2419 3977 2624 4040 quanta
2667 3966 3024 4021 distinctione
3053 3972 3234 4018 utatur
3271 3976 3451 4016 sermo
3494 3959 3728 4020 divinus,

2161 4071 2361 4131 quanta
2388 4059 2619 4114 cautela.
2648 4058 2781 4112 Cum
2810 4058 2878 4112 de
2911 4056 3120 4112 sanctis
3152 4054 3341 4117 refert,
3372 4054 3573 4106 famem
3602 4050 3732 4103 dicit

2161 4152 2453 4207 invaluisse
2479 4165 2642 4219 super
2693 4157 2939 4214 terram;
2996 4162 3117 4202 cum
3170 4146 3237 4200 de
3288 4143 3535 4212 iniustis,
3582 4142 3731 4210 ipsos

2160 4245 2304 4300 l'ame
2349 4244 2487 4298 dixit
2519 4243 2789 4296 obtentos.
2842 4240 3027 4310 Neque
3066 4253 3194 4307 ergo
3227 4234 3523 4298 Abraham,
3554 4248 3731 4305 neque

2158 4336 2346 4399 Jacob,
2382 4350 2554 4405 neque
2581 4334 2715 4388 ﬁlios
2749 4347 2936 4387 eorum
2969 4330 3178 4384 obtinet
3222 4326 3413 4381 l‘atnes.
3464 4326 3566 4381 Sed
3598 4337 3653 4381 et
3683 4326 3726 4379 si

2163 4428 2484 4492 invalescat,
2542 4440 2704 4493 super
2754 4432 2954 4476 terram
3008 4419 3204 4473 dicitur
3254 4417 3611 4471 invalescere.
3666 4415 3731 4469 Et

486 4501 724 4570 Asgyptii
759 4512 811 4555 ct
845 4504 1218 4572 possessiones
1247 4521 1393 4559 suas.
1428 4506 1543 4560 Non
1577 4523 1708 4578 ergo
1735 4512 1800 4563 ad
1833 4510 2051 4579 dispen-
2088 4508 2131 4562 D
2164 4520 2495 4589 lelllporlllus
2525 4513 2671 4567 Isaac
2703 4512 3056 4566 nihilominus
3083 4509 3339 4578 scriptum
3386 4515 3467 4561 est
3505 4506 3572 4570 ",
3601 4506 3726 4576 quia

485 4602 696 4643 santcm
723 4592 876 4659 culpa
910 4593 1225 4650 reﬂectitur.
1273 4596 1359 4647 ubi
1406 4598 1565 4665 digna
1612 4599 2050 4668 dispensatorum

486 4681 697 4736 meritis
732 4683 1104 4749 providentur.
1148 4682 1399 4741 Invenies
1438 4689 1583 4742 enim
1635 4690 1739 4744 tale
1764 4693 1965 4761 aliquid
1999 4704 2057 4748 et

485 4790 512 4825 a
544 4770 714 4827 Paulo
744 4774 859 4828 lieri
893 4774 961 4839 ⁸⁷,
997 4792 1120 4830 cum
1153 4778 1220 4830 ab
1244 4792 1307 4831 eo
1340 4778 1405 4843 is,
1441 4780 1529 4848 qui
1564 4781 1915 4851 semetipsum
1961 4801 2058 4855 pro

483 4867 724 4921 lceditate
779 4876 992 4923 actuum
1041 4871 1316 4923 consortio
1361 4880 1671 4927 sanctorum
1729 4875 1859 4929 fecit
1918 4878 2058 4933 indi-

481 4976 671 5027 gnum,
707 4963 938 5016 traditur
959 4962 1173 5017 Satanae
1198 5004 1211 5023 ,
1243 4975 1299 5014 ut
1323 4965 1493 5018 discat
1528 4982 1629 5021 non
1669 4965 2058 5037 blasphemare.

586 5102 630 5134 “
656 5100 850 5156 Genes.
884 5118 955 5154 Ix.
1070 5102 1113 5132 ⁸⁸
1133 5102 1301 5156 Exod.
1352 5119 1461 5156 XXI.

478 5175 523 5208 δ’
563 5174 761 5228 Genes.
805 5186 968 5236 XLVII,
992 5170 1078 5225 20.
1151 5171 1199 5201 ὀ
1223 5169 1263 5225 ll
1287 5172 1410 5227 Cor.
1445 5190 1519 5235 xu,
1553 5174 1641 5229 27.

652 5292 746 5369 Sic
773 5309 940 5357 mss.;
970 5294 1099 5348 editi
1132 5308 1279 5356 vero,
1311 5292 1575 5364 (Egyptia:
1601 5298 1687 5365 qui
1719 5314 1830 5349 eam
1864 5312 2044 5369 sponte

477 5366 836 5429 perdiderant.

550 5431 655 5501 (6)
690 5434 836 5487 Alias
866 5432 1070 5501 subegit
1091 5472 1104 5493 ,
1134 5434 1218 5485 cui
1254 5450 1309 5484 se
1337 5435 1547 5485 animus
1585 5450 1676 5500 per
1708 5439 2044 5490 concordiam

480 5504 697 5573 subdit;
747 5513 801 5555 at
844 5518 972 5557 mss.
1027 5511 1084 5555 ut
1126 5502 1177 5554 iu
1227 5515 1414 5557 nostro
1470 5513 1640 5557 textu.
1699 5502 1866 5559 Paulo
1926 5517 2049 5573 post

481 5572 632 5632 editi,
689 5575 879 5625 cmlcsti
950 5573 1266 5641 cogitatione
1324 5573 1604 5635 nobilitat;
1672 5589 1799 5627 mss.
1856 5572 2046 5629 calcati

478 5642 784 5705 cognatione
810 5643 1069 5695 nobilitat.

552 5708 627 5777 (ἲ)
665 5711 733 5760 Ita
790 5729 953 5773 nts.~.;
1004 5713 1134 5766 alius
1190 5730 1333 5775 vero,
1374 5723 1415 5765 ct
1452 5728 1565 5763 cum
1599 5712 1765 5765 omnis
1801 5714 1899 5766 ista
1934 5732 2040 5767 ser—

1570 5103 1805 5179 3310;!"-
1852 5125 1965 5174 vm,
2006 5113 2092 5179 δι,
2123 5112 2335 5177 31,52.

1717 5177 1760 5208 ⁹¹
1801 5179 1996 5236 Cenes.
2050 5177 2204 5247 x’vm.
2258 5184 2341 5247 10.

2152 4612 2294 4680 facta
2345 4619 2419 4662 est
2456 4608 2620 4674 [times
2656 4620 2810 4671 super
2852 4613 3081 4662 terram,
3129 4612 3319 4670 prwter
3358 4600 3499 4652 illam
3531 4602 3725 4667 [autem

2156 4701 2382 4769 priorem
2406 4711 2524 4767 qua:
2548 4695 2691 4762 facta
2722 4703 2795 4746 est
2822 4691 3138 4759 temporibus
3167 4691 3411 4743 Abrahae.
3436 4690 3491 4743 In
3520 4700 3725 4742 tantnnt

2160 4801 2338 4845 autem
2376 4804 2479 4841 non
2518 4794 2693 4853 potest
2718 4786 2965 4837 obtinere
3006 4782 3175 4835 fames
3207 4781 3373 4842 Isaae,
3402 4782 3627 4832 utdicat
3661 4784 3726 4831 ad

2158 4899 2279 4937 eum
2322 4881 2581 4935 Dominus
2615 4895 2627 4928 :
2661 4874 2784 4929 Noli
2828 4874 3139 4928 descendere
3182 4874 3232 4925 in
3281 4871 3596 4941 (Egyptian,
3636 4871 3725 4923 sed

2163 4976 2343 5025 habita
2372 4974 2424 5024 in
2458 4985 2600 5023 terra
2631 4980 2992 5034 quamcunque
3026 4964 3296 5016 ostendero
3328 4962 3460 5029 tibi,
3495 4972 3541 5014 et
3575 4963 3627 5014 in
3668 4977 3727 5013 ea

2448 5109 2490 5138 '"
2528 5104 2704 5159 ITim.
2757 5119 2795 5167 I,
2827 5102 2916 5156 20.
3028 5102 3074 5132 ³⁸
3100 5101 3311 5155 Denter.
3385 5114 3555 5163 xxxtt,
3587 5098 3638 5161 8,
3671 5102 3719 5154 9.

2459 5179 2507 5210 "
2537 5176 2734 5230 Genes.
2768 5189 2913 5239 xxvi,
2959 5172 3014 5238 2,
3054 5172 3109 5223 5.

2143 5303 2276 5355 ritus
2296 5336 2313 5354 .
2336 5338 2350 5352 .
2376 5338 2389 5352 .
2413 5339 2427 5353 .
2451 5340 2463 5352 .
2493 5336 2506 5350 .
2535 5312 2599 5349 ea:
2628 5296 2824 5362 peccati
2849 5292 3146 5345 conditione
3172 5298 3431 5354 suscepta,
3462 5308 3552 5355 per
3590 5292 3728 5346 hanc

2149 5370 2485 5437 temporalem
2546 5362 3248 5437 seruitutemsigniﬁcatur,
3317 5363 3580 5437 quomodo
3626 5379 3727 5437 per

2152 5432 2388 5492 sanctum
2426 5440 2604 5488 .virunt
2642 5435 2696 5485 in
2736 5432 3031 5486 servitutem
3077 5432 3243 5483 omnis
3281 5439 3421 5481 terra
3456 5432 3727 5484 addicitur

2419 5510 2425 5539 i
2448 5506 2470 5539 9

2155 5509 2470 5561 Pharaoni?

2226 5578 2337 5645 (8)
2375 5574 2608 5628 Consule
2639 5570 3023 5649 clarissimum
3064 5567 3314 5621 Huetinm
3371 5566 3722 5636 Origeniano-

2152 5663 2264 5700 rum
2292 5644 2428 5721 libro
2450 5644 2709 5721 secundo,
2728 5644 3146 5721 quatst.qui.uta,
3168 5654 3314 5721 nutu.
3336 5654 3446 5721 sec.
3475 5649 3523 5691 et
3545 5656 3722 5721 seq-up,

2149 5717 2235 5770 ubi
2256 5714 2540 5768 ventilatur
2553 5708 2797 5781 Origenis
2811 5710 3071 5763 sententia
3091 5711 3152 5763 ale
3169 5708 3482 5761 tutelat'iltus
3500 5711 3720 5780 angelis.
