4132 6482
513 412 618 472 ΜΟ

1724 407 1789 463 ΙΝ
1826 405 2127 465 ϐΕΝΕδΙΜ
2166 404 2449 461 HOMILIA
2485 401 2627 459 XVI.

3679 402 3789 457 250

510 530 711 596 habita,
746 538 794 583 et
835 544 932 597 ego
970 543 1060 581 ero
1096 534 1290 581 tecum.
1319 524 1631 581 Secundum
1659 523 1822 589 hanc,
1859 532 1918 577 ut
1945 523 2093 577 arbi-
2129 526 2174 582 Α
2204 520 2399 585 fames,
2427 534 2548 589 quas
2590 516 2895 571 invalescat
2939 530 3103 585 super
3139 513 3377 571 terram?
3405 513 3508 582 Qui
3537 515 3679 571 enim
3716 519 3787 571 de

509 631 645 689 tror,
671 621 1073 676 observantiam
1092 618 1251 687 longe
1282 628 1404 689 post
1424 618 1525 671 ista
1552 626 1794 686 tempora
1821 614 2093 685 Propheta

511 713 724 767 dicebat
771 713 820 746 "
856 726 873 766 :
903 710 1125 765 Iuvenis
1171 710 1250 781 fui
1273 750 1290 774 ,
1335 711 1526 764 etenim
1557 708 1727 769 senui,
1772 720 1820 762 et
1858 725 1960 761 non
1988 708 2094 761 vidi

507 804 705 876 justum
747 803 1081 866 derelictum,
1112 817 1204 855 nec
1251 818 1426 856 semen
1455 800 1569 867 eius
1600 816 1841 869 quaerens
1870 816 2091 868 partem.

512 897 577 950 Et
605 896 731 950 alibi
763 896 844 951 ’δε
875 896 997 950 Non
1028 895 1226 949 occidet
1261 894 1516 947 Dominus
1541 907 1558 962 (
1580 893 1649 957 9‘)
1688 893 1829 962 {ante
1860 895 2093 945 animam

506 989 663 1058 justi.
694 988 769 1042 Ex
796 988 996 1057 quibus
1015 987 1268 1042 omnibus
1298 986 1610 1040 declaratur
1638 996 1839 1038 terram
1876 985 2091 1051 quidem

513 1097 676 1153 posse
703 1082 815 1149 pati
854 1081 1080 1143 famem,
1105 1089 1159 1134 et
1195 1094 1291 1133 eos
1320 1080 1409 1149 qui
1438 1090 1650 1132 terrena
1678 1077 1913 1144 sapiunt.
1950 1076 2097 1143 Quo-

512 1188 629 1226 rum
677 1183 855 1226 autem
901 1172 1004 1226 iste
1049 1172 1205 1226 cibus
1249 1179 1369 1232 est,
1416 1181 1474 1224 ut
1520 1169 1722 1225 faciant
1763 1171 2092 1225 voluntatem

513 1265 690 1319 Patris
728 1264 819 1332 qui
860 1264 914 1316 in
948 1262 1104 1317 caelis
1138 1272 1258 1328 est,
1304 1273 1359 1316 et
1405 1278 1635 1331 quorum
1670 1262 1909 1317 animam
1942 1264 2097 1331 panis

512 1354 602 1409 ille
635 1354 752 1418 alit,
785 1354 880 1423 qui
913 1354 980 1408 de
1024 1356 1166 1408 ccelo
1199 1353 1515 1415 descendit,
1550 1370 1825 1421 nunquam
1868 1362 2096 1423 possunt

512 1443 675 1500 famis
735 1443 915 1499 inedia
968 1442 1237 1499 laborare.
1283 1443 1493 1500 Idcirco
1554 1459 1684 1513 ergo
1737 1445 2097 1499 observanter

514 1537 803 1605 Scriptura
828 1536 1014 1590 divina
1038 1552 1146 1590 non
1173 1537 1305 1591 dicit
1330 1551 1427 1591 eos
1460 1536 1605 1589 fame
1634 1536 1868 1589 obtineri
1897 1537 2098 1604 quibus

510 1630 659 1684 novit
698 1644 819 1687 esse
862 1631 1153 1685 scientiam
1197 1628 1313 1693 Dei,
1358 1638 1413 1684 et
1455 1630 1635 1682 cibum
1673 1628 1908 1685 caelestis
1950 1646 2098 1699 prte-

507 1721 622 1775 beri
678 1722 984 1791 sapientim.
1040 1721 1148 1776 Sed
1198 1728 1255 1775 et
1310 1720 1364 1775 in
1412 1719 1575 1774 tertio
1607 1719 1920 1790 Regnorum
1960 1722 2098 1778 libro

506 1813 739 1869 similem
772 1813 841 1868 de
875 1813 1143 1867 relatione
1189 1812 1353 1868 fatuis
1404 1813 1648 1867 invenies
1692 1814 1931 1868 habitam
1972 1829 2097 1870 es;-te

506 1904 797 1971 cautelam,
827 1904 915 1957 ubi
948 1918 1075 1958 cum
1109 1902 1282 1958 fames
1315 1902 1637 1958 invaluisset
1668 1920 1833 1975 super
1866 1914 2088 1971 terram,

510 1996 778 2049 dicentem
820 1996 975 2051 audis
1011 1996 1180 2049 Eliam
1213 1996 1279 2049 ad
1318 1994 1508 2051 Achab
1533 1997 1620 2051 ":
1657 1996 1791 2052 Vivit
1837 1997 2093 2054 Dominus

514 2086 651 2141 Deus
685 2088 960 2153 virtutum,
997 2086 1140 2142 Deus
1180 2087 1374 2153 Israel,
1418 2090 1473 2143 in
1503 2089 1654 2159 cujus
1681 2103 1955 2157 conspectu
1978 2082 2089 2155 'sto,

507 2181 554 2233 si
580 2182 634 2234 in
688 2180 769 2234 Itis
820 2181 975 2235 annis
1029 2196 1115 2235 ros
1155 2180 1231 2235 vel
1257 2182 1439 2247 pluvia
1478 2166 1638 2252 fuerit
1678 2199 1839 2250 super
1872 2197 2090 2246 terram,

509 2273 613 2325 nisi
643 2288 734 2341 per
764 2288 1057 2327 sermonem
1088 2274 1195 2327 oris
1226 2275 1347 2328 mei.
1388 2275 1452 2328 Et
1492 2284 1611 2344 post
1643 2275 1760 2331 haec
1802 2275 2093 2331 mandatur

506 2373 536 2410 a
586 2357 815 2413 Domino
870 2360 1055 2415 corvis
1114 2369 1172 2414 ut
1230 2368 1457 2430 pascant
1512 2364 1877 2431 prophetam,
1933 2373 1991 2418 et
2036 2372 2095 2418 ut

504 2464 701 2519 aquam
749 2449 897 2504 bibat
940 2451 1006 2505 de
1048 2451 1224 2528 105‘
1256 2461 1498 2509 torrente
1544 2454 1776 2510 Corrath
1824 2453 1988 2529 (l0).
2030 2456 2096 2512 Et

505 2539 703 2593 iterum
773 2542 824 2594 in
903 2540 1131 2611 Sarepta
1203 2543 1444 2598 Sidoniae
1516 2546 1812 2600 mandatur
1876 2545 2093 2603 mulieri

507 2627 683 2682 vidum
740 2643 968 2696 pascere
1021 2632 1368 2702 prophetam,
1436 2643 1496 2688 ut
1556 2636 1641 2690 cui
1700 2651 1804 2691 non
1861 2636 2094 2708 amplius

503 2734 666 2788 quam
704 2721 866 2777 unius
909 2723 1017 2777 diei
1046 2734 1333 2792 supererat
1363 2726 1541 2781 victus
1566 2768 1580 2791 ,
1622 2727 1906 2799 largiendo
1940 2729 2096 2785 inde-

510 2813 700 2868 llciens
734 2814 909 2879 fieret,
938 2825 993 2873 et
1024 2815 1400 2885 multipliciter
1432 2819 1737 2873 abundaret
1763 2821 2092 2878 exhaustus.

505 2901 707 2974 llydria
768 2905 915 2959 enim
967 2906 1157 2961 farinae
1217 2916 1273 2963 et
1321 2924 1582 2979 capsaces
1632 2909 1738 2964 olei
1790 2913 2092 2968 secundum

501 2995 727 3049 verbum
772 2995 982 3052 Domini
1027 3012 1131 3050 non
1176 2998 1380 3053 defecit
1437 3000 1711 3069 pascendo
1754 3002 2094 3070 prophetam.

505 3086 717 3140 Similia
742 3102 962 3156 quoque
990 3089 1233 3143 invenies
1256 3091 1424 3144 etiam
1454 3091 1504 3143 in
1534 3093 1871 3159 temporibus
1893 3094 2096 3179 Eliszei,

505 3191 627 3232 cum
672 3178 816 3233 illius
860 3179 1006 3233 Ader
1067 3178 1220 3251 (ll)
1274 3195 1367 3234 rex
1410 3179 1583 3251 Syria:
1616 3185 1864 3237 ascendit
1907 3188 2169 3274 adver-c

504 3284 625 3323 sum
678 3269 1020 3334 Samariam,
1075 3279 1131 3325 et
1189 3271 1400 3325 obsedit
1464 3286 1629 3326 eam:
1666 3272 1736 3327 Et
1795 3275 1939 3344 facta
1977 3289 2092 3343 est,

505 3362 680 3432 inquit
706 3363 776 3423 ",
808 3362 976 3431 {antes
1007 3379 1200 3432 magna
1238 3364 1292 3416 in
1331 3361 1583 3417 Samaria
1629 3382 1894 3437 usquequo
1925 3370 2093 3440 efﬁce-

456 3463 471 3473 ‘
506 3466 651 3508 retur
695 3465 853 3523 caput
901 3457 1041 3510 asini
1100 3458 1486 3527 quinquaginta
1532 3461 1677 3513 siclis
1714 3464 1995 3530 argenteis,
2044 3474 2093 3518 et

500 3548 835 3618 quartarium
895 3549 1141 3603 stercoris
1194 3549 1480 3603 columbini
1527 3552 1756 3620 quinque
1803 3560 2087 3624 argenteis.

504 3637 611 3694 Sed
638 3640 818 3695 subito
859 3655 954 3709 per
997 3642 1223 3696 verbum
1265 3642 1544 3712 propheta:
1584 3642 1643 3696 lit
1684 3644 1820 3698 m'ira
1855 3661 2089 3703 conver-

482 3731 606 3795 sio,
658 3733 889 3788 dicentis
920 3732 965 3765 "’
1002 3750 1016 3787 :
1052 3734 1198 3787 Audi
1245 3733 1453 3788 verbum
1498 3732 1732 3789 Domini.
1782 3735 1912 3792 Haec
1959 3741 2090 3796 dicit

503 3819 761 3876 Dominus
820 3821 960 3877 Deus
997 3838 1017 3877 :
1049 3823 1198 3879 Sicut
1240 3823 1340 3876 hac
1386 3824 1520 3878 liora
1563 3825 1795 3881 crastino
1841 3846 2090 3889 mensura

501 3912 818 3983 similaginis
850 3915 980 3970 siclo
1022 3932 1162 3980 uno,
1191 3926 1241 3971 et
1277 3919 1398 3973 duce
1433 3936 1693 3977 mensura:
1734 3924 1921 3977 hordei
1957 3924 2088 3981 siclo

504 4018 609 4056 uno
638 4002 695 4055 in
717 4004 883 4070 portis
909 4004 1173 4061 Samaria:
1190 4019 1367 4063 erunt.
1406 4007 1570 4067 Vides
1597 4028 1727 4083 ergo
1754 4028 1821 4069 ex
1856 4016 1939 4071 bis
1969 4030 2088 4070 om-

504 4095 667 4149 nibus
719 4094 850 4164 quid
910 4095 1222 4166 colligatur,
1288 4099 1421 4167 quia
1470 4118 1591 4156 cum
1653 4114 1856 4160 terram
1912 4107 2087 4164 fames

500 4190 768 4253 obtineat,
797 4204 903 4243 non
932 4188 1105 4243 solum
1139 4203 1244 4243 non
1272 4191 1488 4247 obtinet
1512 4194 1716 4263 justos,
1751 4199 1848 4253 sed
1874 4199 2086 4255 medela

503 4285 685 4351 potius
714 4298 809 4351 per
838 4296 932 4336 eos
963 4281 1246 4335 intentatae
1269 4282 1407 4337 cladi
1448 4284 1717 4342 defertur.

574 4375 627 4428 4.
665 4374 799 4428 Cum
832 4387 961 4442 ergo
993 4373 1181 4428 videas
1228 4375 1535 4445 hujusmodi
1577 4378 1986 4435 observantiam
2030 4383 2083 4439 in

502 4466 753 4520 omnibus
815 4480 953 4533 pene
1014 4464 1313 4534 Scriptum
1384 4478 1587 4523 sanctze
1664 4469 1798 4526 locis
1868 4472 2086 4541 integre

2200 624 2345 669 terra
2400 622 2549 678 sunt,
2612 620 2667 665 et
2723 617 2936 663 terrena
2994 609 3232 677 sapiunt,
3282 616 3339 661 et
3387 622 3495 661 non
3560 618 3786 677 possunt

2198 706 2479 777 percipere
2512 718 2632 772 qua:
2665 712 2791 756 sunt
2833 700 3076 768 Spiritus
3104 701 3231 764 Dei,
3271 700 3468 754 famem
3497 700 3653 754 verbi
3691 699 3786 754 Del

2197 797 2499 867 patiuntur,
2533 794 2663 864 legis
2697 795 2952 847 mandata
2987 806 3094 846 non
3131 792 3380 857 audiunt,
3413 792 3788 861 correptiones

2196 890 2581 960 prophetarum
2644 887 2936 948 nesciant,
2993 885 3324 954 apostolicas
3381 883 3787 939 consolationes

2200 983 2491 1051 ignorant,
2536 996 2642 1033 non
2686 980 2936 1033 sentiunt
2981 978 3262 1048 Evangelii
3319 977 3665 1030 medicinam.
3720 975 3789 1030 Et

2201 1076 2320 1129 ideo
2366 1077 2432 1128 de
2481 1073 2568 1128 his
2619 1074 2817 1126 merito
2865 1072 3108 1136 dicitur,
3147 1070 3289 1139 quod
3342 1069 3572 1123 invaluit
3613 1069 3785 1122 fames

2199 1181 2360 1234 super
2391 1180 2506 1219 eos.
2549 1163 2720 1218 Justis
2761 1172 2967 1226 autem,
3011 1172 3065 1216 et
3109 1164 3160 1216 in
3212 1162 3328 1230 lege
3364 1160 3578 1215 Domini
3612 1162 3785 1214 medi-

2201 1258 2442 1312 tantibus
2477 1257 2561 1310 die
2602 1271 2667 1310 ac
2698 1264 2882 1318 nocte,
2915 1255 3182 1325 sapientia
3218 1261 3487 1322 praeparat
3541 1265 3784 1306 mensam

2198 1366 2374 1414 suam,
2436 1350 2637 1405 occidit
2681 1352 2937 1405 victimas
2992 1363 3142 1412 suas,
3200 1348 3395 1401 miscet
3456 1346 3509 1399 in
3571 1352 3787 1398 cratere

2197 1444 2382 1498 vinum
2408 1460 2563 1498 suum
2596 1445 2664 1508 ’°,
2695 1452 2749 1497 et
2770 1458 2979 1497 summa
3012 1457 3145 1496 voce
3175 1440 3397 1503 clamat,
3432 1454 3541 1492 non
3571 1447 3628 1490 ut
3658 1451 3783 1490 om-

2200 1551 2297 1589 nes
2322 1536 2535 1588 veniant
2566 1574 2581 1595 .
2621 1549 2729 1589 non
2784 1544 2841 1587 ut
2879 1534 3246 1587 abundantes.
3300 1547 3407 1585 non
3464 1538 3523 1584 ut
3565 1530 3783 1593 divites,

2200 1639 2378 1694 neque
2435 1632 2492 1679 ut
2530 1626 2808 1694 sapientes
2838 1624 3002 1693 hujus
3035 1625 3223 1679 mundi
3274 1625 3548 1677 divertant
3593 1622 3659 1674 ad
3699 1636 3783 1683 se,

2200 1720 2294 1771 sed
2329 1717 2373 1770 si
2424 1716 2515 1785 qui
2563 1724 2713 1783 sunt,
2770 1716 2967 1785 inquit,
3004 1716 3195 1784 inopes
3236 1730 3422 1780 sensu,
3456 1714 3680 1768 veniant
3715 1714 3783 1767 ad

2202 1824 2311 1876 me,
2350 1808 2401 1862 id
2434 1817 2540 1872 est,
2577 1807 2624 1861 si
2649 1808 2741 1875 qui
2769 1816 2895 1860 sunt
2918 1805 3151 1861 humiles
3175 1808 3361 1865 corde.
3390 1806 3481 1876 qui
3514 1821 3543 1859 a
3567 1806 3786 1859 Christo

2199 1896 2511 1950 deieerunt
2560 1894 2721 1950 mites
2769 1909 2891 1949 esse
2945 1902 2998 1949 et
3040 1893 3276 1947 humiles
3321 1897 3491 1949 corde
3555 1895 3595 1961 ¹,
3640 1896 3783 1964 quod

2193 1988 2319 2043 alibi
2358 1988 2555 2043 dicitur
2575 1988 2765 2057 spiritu
2802 2001 3101 2059 pauperes,
3150 1986 3245 2040 sed
3287 1986 3391 2040 fide
3444 1986 3664 2050 divites,
3696 1987 3782 2041 isti

2194 2080 2523 2135 conveniant
2569 2080 2637 2133 ad
2683 2080 2871 2150 epulas
2913 2080 3234 2147 sapientitr,
3289 2088 3342 2132 et
3394 2078 3623 2148 dapibus
3671 2080 3787 2148 ejus

2196 2171 2379 2226 refecti
2412 2171 2684 2240 depellant
2728 2170 2927 2226 fantem
2987 2188 3107 2240 qua:
3153 2169 3438 2225 invalescit
3466 2185 3632 2238 super
3677 2179 3787 2222 tero

2197 2278 2335 2318 ram.
2366 2260 2501 2318 Vide
2529 2279 2660 2334 ergo
2694 2279 2762 2319 ne
2795 2272 2850 2318 et
2890 2273 2942 2319 ιιι
2977 2263 3119 2318 forte
3152 2263 3447 2317 inveniatis
3471 2259 3784 2331 Egyptius,

2196 2364 2250 2409 et
2282 2355 2528 2410 obtineat
2555 2364 2605 2409 te
2639 2354 2810 2409 fames
2831 2395 2846 2419 ,
2885 2371 2951 2411 ne
2991 2355 3133 2411 forte
3173 2353 3355 2408 saeculi
3384 2354 3596 2407 actibus
3620 2367 3787 2406 oet-u-

2196 2462 2357 2516 patus
2402 2458 2497 2502 aut
2540 2448 2793 2502 avaritiae
2836 2448 3072 2503 vinculis
3117 2447 3365 2509 strictus,
3419 2454 3513 2499 aut
3555 2444 3785 2497 Ιιιχιιτίεε

2196 2538 2460 2596 eﬂ'usione
2504 2541 2813 2607 resolutus,
2892 2540 3105 2595 alienus
3152 2537 3404 2593 eiliciaris
3436 2555 3464 2591 a
3508 2538 3785 2611 sapientiae

2196 2633 2359 2698 cibis,
2407 2634 2499 2702 qui
2548 2649 2763 2703 semper
2799 2633 2852 2687 in
2890 2631 2984 2687 Dei
3038 2632 3292 2687 ecclesiis
3336 2630 3689 2685 exhibentur.
3724 2626 3782 2684 Si

2198 2728 2343 2781 enim
2379 2735 2598 2780 avertas
2631 2725 2880 2779 auditum
2914 2728 2981 2779 ab
3022 2723 3133 2787 his,
3172 2739 3293 2792 qua:
3320 2722 3400 2778 vel
3449 2722 3700 2791 leguntur
3728 2723 3781 2774 in

2209 2816 2464 2881 ecclesia,
2489 2818 2572 2872 vel
2606 2817 2976 2887 disputantur,
3016 2816 3134 2871 sine
3179 2817 3345 2870 dubio
3395 2815 3595 2869 famem
3627 2814 3779 2869 verbi

2202 2909 2294 2963 Dei
2322 2910 2567 2979 patieris.
2595 2911 2652 2964 Si
2683 2924 2814 2964 vero
2844 2911 2910 2963 de
2941 2909 3218 2962 Abraham
3246 2910 3418 2977 stirpe
3453 2910 3783 2974 descendas.

2199 3012 2255 3056 et
2285 3003 2625 3056 nobilitatem
2659 3002 2943 3057 lsraelitici
2981 3003 3200 3072 generis
3243 3003 3518 3056 custodias
3545 3041 3560 3066 ,
3610 3003 3784 3072 pascit

2204 3103 2255 3147 te
2278 3108 2493 3161 semper
2524 3094 2632 3154 lex,
2672 3104 2904 3161 pascunt
2949 3093 3261 3161 prophetm,
3309 3092 3570 3147 exhibent
3599 3092 3692 3147 tibi
3726 3101 3783 3145 et

2204 3182 2434 3251 apoStoli
2505 3182 2762 3253 opulenta
2829 3184 3100 3238 convivia.
3177 3182 3234 3236 ιιι
3301 3182 3512 3237 sinibus
3562 3197 3783 3251 quoque

2200 3275 2606 3343 Abrahamhet
2662 3275 2833 3338 Isaac,
2887 3284 2942 3329 ct
2994 3273 3187 3340 Jacob,
3246 3275 3300 3328 in
3369 3289 3536 3342 regno
3604 3273 3783 3328 Patris

2199 3370 2522 3423 recumbere
2550 3377 2603 3422 te
2636 3367 2946 3422 invitabunt
2978 3367 3270 3437 Evangelia
3293 3409 3308 3434 ,
3356 3376 3412 3421 ιιι
3447 3368 3518 3422 ibi
3551 3366 3781 3422 mandu—

2195 3474 2289 3515 ces
2320 3459 2388 3514 de
2417 3458 2564 3527 ligno
2606 3459 2763 3522 vitat,
2790 3466 2844 3511 et
2880 3456 3034 3512 bibas
3068 3448 3351 3511 vinum'de
3370 3457 3480 3510 vite
3512 3470 3662 3519 vera,
3699 3454 3783 3508 vi-

2195 3565 2324 3603 num
2365 3564 2560 3603 novum
2592 3563 2715 3604 cum
2742 3547 2960 3603 Christo
2990 3547 3041 3602 in
3076 3561 3240 3617 regno
3278 3546 3458 3601 Patris
3500 3546 3642 3615 ejus.
3694 3546 3779 3601 Ab

2192 3641 2278 3696 his
2304 3642 2447 3697 enim
2480 3642 2617 3696 cibis
2648 3657 2753 3697 non
2772 3650 2997 3712 possunt
3014 3638 3284 3707 jejunere,
3306 3654 3406 3694 nec
3438 3639 3635 3694 famem
3662 3639 3772 3709 pati

2192 3733 2286 3788 lilii
2329 3734 2535 3804 sponsi,
2583 3736 2755 3789 donec
2804 3749 2924 3788 cum
2958 3734 3091 3803 ipsis
3117 3742 3201 3787 est
3229 3747 3482 3801 sponsus.

2260 3823 2315 3878 5.
2343 3824 2596 3879 Refertur
2628 3839 2763 3880 sane
2796 3810 2865 3878 in
2887 3824 3355 3893 consequentibus
3378 3823 3420 3888 ¹,
3450 3823 3597 3891 quod
3632 3829 3775 3873 terra

2191 3918 2538 3971 sacerdotum
2598 3914 2980 3987 Egyptiorum
3030 3929 3136 3969 non
3206 3913 3278 3969 sit
3344 3913 3397 3968 in
3455 3913 3774 3967 servitutem

2191 4007 2415 4061 redacta
2472 4005 2783 4071 Pharaoni,
2842 4021 3017 4076 neque
3070 4022 3192 4061 cum
3242 4004 3454 4060 caeteris
3504 4002 3777 4075 Egypiiis

2188 4100 2538 4154 vendiderint
2563 4099 2911 4169 semetipsos,
2944 4098 3036 4153 sed
3063 4101 3208 4169 quod
3241 4099 3584 4153 extrinsecus
3619 4114 3778 4152 accc-

2189 4191 2393 4260 perint,
2427 4192 2512 4247 vel
2553 4193 2849 4261 frumenta,
2898 4194 2982 4249 vel
3019 4210 3266 4260 munera,
3325 4210 3431 4250 non
3481 4210 3511 4248 a
3552 4193 3774 4263 Joseph,

2191 4284 2286 4336 sed
2337 4284 2406 4338 ab
2461 4285 2580 4352 ipso
2612 4285 2920 4347 Pharaone,
2977 4296 3033 4341 et
3086 4296 3315 4356 propter
3359 4286 3463 4341 hoc
3511 4294 3772 4355 tanquam

2190 4371 2575 4428 familiariores
2641 4376 2898 4439 caeteris,
2989 4391 3096 4431 non
3157 4375 3509 4430 vendiderint
3571 4386 3774 4432 terram

2189 4480 2345 4519 suam
2376 4464 2686 4534 Pharaoni;
2723 4467 2818 4523 sed
2847 4482 2944 4538 per
2968 4467 3073 4522 hoc
3098 4466 3532 4536 nequioresesse
3556 4469 3770 4526 caeteris

505 4557 801 4622 custodiri,
854 4568 1113 4614 converte
1160 4560 1277 4615 haec
1329 4562 1397 4615 ad
1441 4564 1710 4632 tropicum
1744 4573 1797 4619 et
1830 4564 2081 4636 allegori-
2114 4549 2159 4605 D
2188 4560 2574 4627 ostenduntur,
2610 4560 2700 4630 qui
2728 4576 2827 4629 pro
2855 4560 3023 4615 nimia
3057 4559 3457 4626 familiaritate,
3503 4576 3625 4632 qua:
3648 4570 3770 4618 erat

503 4662 625 4701 cum
659 4662 915 4712 sensum,
964 4665 1125 4718 quem
1175 4651 1415 4720 ipsorum
1463 4654 1813 4709 nihilominus
1848 4660 2083 4727 prophe-

505 4746 679 4792 tarum
716 4740 1059 4795 sermonibus
1096 4740 1409 4797 edocemur.
1456 4741 1608 4799 Unus
1637 4747 1780 4799 enim
1830 4764 1895 4802 ex
1946 4750 2081 4805 duo-

503 4830 674 4884 decim
704 4830 985 4902 pr0phetis
1023 4841 1210 4903 aperte
1241 4842 1295 4888 et
1319 4834 1603 4890 evidenter
1637 4839 1934 4906 spiritalem
1973 4842 2078 4898 dici

502 4918 701 4975 famem
739 4922 885 4976 nudo
931 4937 1182 4977 sermone
1222 4925 1540 4991 pronuntiat
1590 4926 1778 4984 dicens
1818 4930 1865 4963 "
1902 4931 2081 4989 :Ecce

502 5012 611 5067 dies
643 5015 872 5079 veniunt,
915 5015 1037 5067 dicit
1066 5013 1353 5075 Dominus,
1378 5025 1424 5068 et
1448 5019 1685 5072 emittam
1708 5020 1901 5088 {amem
1926 5038 2083 5092 super

501 5112 717 5169 terram,
765 5122 867 5159 non
917 5106 1110 5174 famem
1156 5107 1336 5173 panis,
1374 5125 1539 5179 neque
1566 5111 1709 5164 sitiat
1748 5130 1900 5182 aqum
1929 5154 1942 5176 ,
1988 5116 2079 5169 sed

500 5194 692 5265 [autem
745 5197 999 5250 audiendi
1056 5199 1266 5252 verbum
1324 5199 1556 5254 Domini.
1621 5202 1785 5258 Vides
1835 5220 1956 5275 quae
2007 5206 2078 5261 sit

500 5286 703 5354 fames,
776 5302 898 5356 qua:
952 5291 1161 5346 obtinet
1224 5293 1574 5360 peccatores?
1625 5291 1790 5348 Vides
1841 5308 1961 5362 qua:
2005 5295 2076 5349 sit

567 5398 614 5431 "
649 5398 789 5454 [δεδι.
823 5401 1114 5460 xxxvi.25.
1191 5401 1411 5456 “Prov.
1448 5419 1503 5468 x,
1548 5404 1603 5459 5.

497 5483 617 5533 vut,
666 5470 754 5522 ll.
828 5472 874 5503 θ’
952 5469 1112 5526 Prov.
1146 5487 1227 5539 ιι,
1275 5472 1330 5538 2,
1370 5473 1420 5537 5,
1457 5473 1511 5527 4,

568 5635 671 5703 (ει)
737 5637 902 5703 Abas,
939 5637 1112 5700 Deus;
1138 5645 1193 5690 at
1231 5651 1386 5699 mss.,
1428 5636 1707 5693 Dominus.

569 5706 586 5774 ί
616 5709 714 5769 l0)
760 5708 906 5769 Mss,
942 5705 1187 5760 Corrath.
1238 5706 1398 5769 Editi,
1430 5706 1689 5771 Corrupit.
1729 5708 1893 5764 Paulo
1928 5710 2066 5765 infra

501 5790 608 5850 mss
638 5778 961 5850 ,_Iargicndo
1016 5777 1321 5831 inrlc‘icicns
1367 5776 1535 5844 ﬁeret.
1590 5779 1757 5847 Alias,
1796 5781 2068 5850 largiendo

498 5861 556 5897 ea
587 5848 885 5914 indcﬁcicns
914 5848 1080 5916 ﬁeret.

1679 5404 1725 5475 ξ’
1752 5404 1817 5459 lll
1853 5404 2131 5475 Reg.xvu,
2171 5409 2221 5463 ί.

1590 5474 1605 5504 ¹
1649 5472 1838 5528 Matth.
1900 5472 1956 5538 νζ
2005 5478 2154 5544 4m,
2190 5480 2281 5538 (ΞΩ.

2188 4652 2270 4707 eis
2311 4668 2434 4708 cum
2495 4652 2803 4721 Pharaone,
2852 4653 2990 4709 nihil
3039 4652 3437 4709 immolationis
3477 4655 3771 4724 recipiunt,

2189 4743 2282 4797 sed
2328 4756 2653 4813 permanent
2689 4746 2741 4799 in
2784 4745 2925 4801 mala
2973 4745 3359 4815 possessione,
3405 4754 3460 4800 et
3506 4747 3644 4802 sicut
3684 4747 3770 4802 his

2186 4834 2280 4905 qui
2332 4836 2383 4890 in
2416 4836 2520 4891 fide
2552 4845 2606 4891 et
2656 4838 2948 4892 sanctitate
2994 4837 3376 4906 profecerant,
3418 4837 3553 4893 dicit
3580 4838 3768 4892 Domi-

2189 4943 2290 4983 nus
2319 4928 2341 4959 ³
2374 4941 2390 4981 :
2421 4927 2543 4983 lam
2588 4945 2691 4982 non
2733 4931 2852 4984 dico
2893 4948 2981 4986 eos
3027 4948 3224 4999 servos,
3270 4932 3360 4986 sed
3407 4931 3634 4995 amicos,
3693 4932 3765 4985 ita

2188 5022 2326 5076 dicit
2382 5032 2441 5077 et
2491 5023 2614 5076 istis
2657 5022 2895 5091 Pharao,
2951 5032 3208 5095 tanquam
3251 5024 3345 5095 qui
3393 5025 3458 5079 ad
3495 5039 3765 5079 summum

2186 5111 2409 5182 gradum
2430 5113 2681 5182 nequitias
2696 5125 2751 5169 et
2768 5115 2836 5169 ad
2856 5115 3218 5173 sacerdotium
3238 5114 3557 5185 perditionis
3570 5128 3769 5169 ascen-

2186 5201 2542 5257 derinttlam
2580 5221 2683 5259 non
2712 5206 2832 5258 dico
2872 5222 2957 5259 vos
2995 5221 3191 5270 servos,
3219 5210 3308 5259 sed
3337 5206 3556 5259 amicos.
3599 5202 3765 5259 Deni-

2181 5309 2286 5363 que
2312 5297 2392 5349 vis
2416 5298 2557 5353 scire
2581 5298 2710 5368 quid
2751 5301 2965 5356 intersit
2996 5302 3135 5357 inter
3192 5300 3507 5357 sacerdotes
3556 5297 3650 5352 Dei
3706 5305 3764 5353 et

2300 5409 2453 5486 "Ali:
2479 5413 2609 5483 Reg.
2630 5426 2705 5469 vr.
2726 5413 2843 5469 25.‘
2895 5416 2941 5447 ⁸⁷
2974 5415 3039 5471 IV
3064 5417 3195 5486 Reg.
3226 5415 3408 5486 vu,_l.
3509 5412 3556 5445 ”
3593 5415 3763 5486 Anius

2357 5482 2377 5512 '
2417 5480 2615 5539 Cenes.
2681 5499 2848 5551 vatl,
2908 5486 2980 5539 ‘22
3034 5480 3190 5557 seqq.
3270 5485 3291 5516 ⁸
3327 5483 3484 5541 Joan.
3548 5499 3636 5543 xv,
3670 5480 3759 5536 l5.

2253 5640 2394 5713 (ll)
2450 5642 2622 5714 filius
2675 5643 2834 5714 Ader.
2893 5644 2966 5698 lta
3019 5658 3150 5697 mss.
3215 5656 3455 5714 quorum
3492 5637 3756 5714 ⁸ιιοιιιιιιῌί

2178 5708 2384 5765 habent
2439 5711 2614 5766 Filius
2668 5713 2851 5770 Iader.
2920 5714 3146 5777 Vulgata
3212 5708 3427 5775 Latina,
3480 5708 3755 5765 Beuadab.

2160 5780 2324 5836 .Libri
2361 5782 2491 5836 editi
2522 5782 2794 5851 Origenis,
2826 5784 2969 5853 ﬁlius
2997 5783 3290 5837 Adadeur.
