4132 6454
397 379 495 435 251

1878 370 2201 427 ORICENIS

3546 361 3653 417 259

400 497 713 551 sacerdotes
765 496 1105 550 Pharaonis?
1172 496 1385 552 Pharao
1476 506 1655 551 terras
1728 495 1979 551 concedit
2010 500 2055 554 Α
2090 502 2198 546 tur.
2228 492 2297 545 At
2331 506 2463 546 vero
2491 490 2826 547 lsraeliticus
2872 488 3101 562 populus
3144 486 3370 543 honorat
3396 484 3651 540 det-adem

398 588 775 644 sacerdotibus
797 588 938 653 suis,
968 588 1229 641 Dominus
1254 599 1436 642 autem
1467 587 1845 643 sacerdotibus
1862 587 1974 641 suis

399 691 608 748 partem
642 694 754 734 non
786 679 1038 733 concedit
1068 680 1119 733 in
1165 690 1341 743 terra,
1377 680 1471 733 sed
1500 680 1631 734 dicit
1652 681 1732 734 eis
1758 682 1779 710 ⁸
1810 698 1823 734 :
1860 679 1971 750 Ego

394 786 511 825 sum
546 786 671 837 pars
700 777 893 824 vestra.
959 768 1260 824 Observate
1303 785 1432 839 ergo
1472 771 1562 839 qui
1610 772 1724 825 lucc
1772 770 1973 841 legitis,

396 875 586 914 omnes
615 860 827 915 Domini
865 862 1215 927 sacerdotes,
1246 870 1300 914 et
1338 862 1515 915 uidete
1558 877 1679 931 qua:
1712 863 1784 916 sit
1820 862 1974 916 diﬂ‘e-

399 952 572 1006 rentia
606 952 984 1013 sacerdotum,
1018 966 1084 1004 ne
1116 951 1257 1004 forte
1299 952 1390 1020 qui
1438 960 1644 1020 partem
1689 952 1889 1007 habent
1920 954 1971 1007 in

396 1053 538 1097 terra
617 1054 673 1097 et
702 1045 936 1097 terrenis
966 1044 1204 1098 cultibus
1248 1059 1309 1097 ac
1343 1045 1539 1098 Studiis
1585 1054 1813 1108 vacant,
1864 1062 1969 1101 non

396 1141 509 1187 tam
547 1133 761 1188 Domini
807 1150 972 1204 quam
1026 1135 1329 1191 Pharaonis
1379 1138 1688 1191 sacerdotes
1729 1152 1849 1192 esse
1890 1139 1973 1192 vi-

401 1230 655 1282 deantur.
715 1226 809 1280 llle
854 1235 938 1281 est
994 1228 1137 1280 enim
1167 1227 1256 1295 qui
1309 1228 1424 1282 vult
1479 1230 1792 1284 sacerdotes
1844 1244 1971 1285 suos

396 1318 601 1371 habere
650 1317 1030 1384 possessiones
1076 1327 1361 1383 terrarum,
1426 1327 1480 1373 et
1526 1333 1784 1372 exercere
1832 1321 1969 1389 agri,

396 1423 502 1462 non
564 1408 763 1461 animae
820 1407 1113 1473 culturam,
1163 1411 1275 1463 ruri
1334 1420 1389 1463 et
1433 1426 1538 1463 non
1590 1410 1690 1479 legi
1746 1426 1969 1479 operam

394 1496 550 1555 dare.
580 1496 832 1552 Christus
858 1507 1036 1551 autem
1072 1499 1331 1552 Dominus
1360 1508 1549 1552 noster
1589 1502 1968 1556 sacerdotibus

395 1587 510 1641 suis
558 1588 685 1658 quid
718 1590 977 1657 praecepit
1012 1592 1318 1645 audiamus.
1357 1589 1462 1655 Qui
1502 1607 1603 1644 non
1631 1593 1966 1645 abrenuntia-

395 1681 548 1745 oerit,
590 1680 768 1749 inquit
807 1681 852 1741 ',
912 1683 1151 1735 omnibus
1191 1698 1311 1751 quis
1349 1683 1612 1752 possidet,
1659 1700 1763 1736 non
1804 1693 1970 1751 potest

393 1786 537 1824 meus
571 1786 682 1823 esse
708 1770 1021 1838 discipulus.
1047 1770 1423 1826 Contremisco
1449 1776 1560 1826 haec
1588 1773 1793 1827 dicens.
1822 1773 1971 1828 Meus

2083 582 2437 652 perfectionis
2469 597 2781 637 numerum.
2818 583 3015 638 Decem
3042 582 3185 636 enim
3216 580 3370 635 verba
3406 577 3537 647 lcgis
3564 593 3653 630 ac-

2081 673 2245 741 cepit,
2285 682 2340 727 et
2372 672 2625 740 Decalogi
2656 673 2861 727 virtute
2892 674 3189 727 instructus
3235 672 3413 739 ignota
3454 671 3653 721 mundo

2083 763 2211 817 huic
2239 771 2581 817 sacramenta
2614 763 2799 816 divina
2848 762 3134 832 largitione
3163 760 3422 828 suscepit.
3456 758 3562 811 Sed
3597 768 3653 809 et

2082 854 2136 907 in
2161 853 2309 907 Nom
2337 853 2689 908 Testamento
2724 853 2976 909 similiter
2999 851 3327 907 venerabilis
3353 860 3438 904 est
3468 851 3652 914 decas,

2080 946 2222 1000 sicut
2262 953 2317 1000 et
2346 943 2559 999 fructus
2581 945 2809 1015 spiritus
2849 945 3007 997 denis
3033 942 3319 1012 exponitur
3342 940 3652 1009 germinane

2068 1038 2375 1093 virtutibus
2409 1038 2455 1093 ⁸.
2485 1038 2549 1092 Et
2580 1051 2768 1092 servus
2808 1036 2984 1090 ﬁdelis
3014 1036 3080 1089 de
3125 1034 3507 1104 negotiationis
3540 1047 3651 1084 sua:

2079 1129 2247 1183 lucris
2273 1124 2464 1184 decem
2496 1143 2653 1182 mnas
2674 1126 2835 1182 oll‘ert
2860 1127 3110 1193 Domino,
3147 1136 3200 1180 et
3239 1126 3422 1180 decem
3458 1123 3651 1178 civita-

2083 1230 2199 1273 tum
2245 1220 2447 1290 sccipit
2477 1229 2802 1289 potestatem
2828 1219 2873 1271 ’.
2908 1218 3106 1271 Verum
3134 1218 3260 1285 quia
3292 1229 3431 1269 unus
3461 1225 3651 1268 auctor

2078 1322 2162 1367 est
2185 1313 2452 1375 omnium,
2490 1323 2547 1368 et
2579 1312 2701 1367 finis
2724 1320 2781 1367 et
2817 1311 3031 1365 initium
3056 1307 3167 1379 (ιε)
3213 1322 3351 1361 unus
3375 1315 3456 1361 est
3487 1306 3648 1360 Chri-

2078 1414 2215 1467 stus,
2248 1404 2451 1459 idcirco
2479 1412 2534 1457 et
2564 1401 2791 1473 populus
2828 1401 3068 1456 decimas
3114 1400 3333 1467 quidem
3388 1397 3649 1451 ministris

2077 1507 2134 1551 et
2170 1496 2545 1552 sacerdotibus
2598 1504 2840 1563 praestat,
2894 1491 3250 1563 primogenita
3304 1504 3435 1543 vero
3492 1486 3651 1540 oﬂ‘ert

2076 1589 2439 1659 primogenito
2470 1589 2650 1643 omnis
2691 1596 2976 1650 creaturae,
3025 1594 3082 1639 et
3129 1582 3283 1637 initia
3334 1580 3489 1635 initio
3531 1594 3648 1630 ont-

2078 1682 2266 1747 nium;
2298 1682 2364 1735 de
2396 1696 2502 1745 quo
2546 1681 2809 1749 scriptum
2854 1687 2937 1733 cst
2976 1678 3018 1709 ¹⁰
3072 1695 3086 1731 :
3139 1674 3245 1742 Qui
3286 1684 3361 1728 est
3414 1673 3646 1735 initium,

2077 1774 2450 1841 primogenitus
2496 1772 2663 1825 omnis
2695 1782 2971 1824 creatum.
3004 1767 3138 1822 Vide
3168 1781 3297 1837 ergo
3325 1780 3390 1819 ex
3424 1764 3508 1817 his
3532 1776 3620 1814 om

390 1862 535 1915 ettim
579 1861 755 1929 primo
786 1862 1053 1925 omnium,
1089 1877 1266 1924 meus,
1301 1864 1519 1933 inquam
1550 1904 1565 1927 ,
1608 1865 1723 1932 ipse
1750 1880 1973 1918 accusa-
2008 1850 2049 1905 Β
2077 1864 2239 1917 nibus
2267 1861 2625 1916 diﬂ'erentiam
2650 1861 2828 1930 populi
2859 1860 3236 1930 Egyptiornm
3264 1866 3319 1913 et
3343 1854 3541 1927 populi‘
3568 1853 3645 1907 ls-

390 1961 477 2007 tor
520 1954 746 2018 exsisto,
782 1968 934 2008 meas
995 1956 1486 2009 condemnationes
1532 1954 1744 2024 loquor.
1798 1955 1973 2024 Negat

387 2044 638 2099 Christus
692 2060 851 2100 suum
884 2059 1005 2100 esse
1044 2046 1406 2116 discipulum,
1450 2062 1612 2116 quem
1640 2048 1837 2101 viderit
1871 2048 1971 2101 ali-

388 2134 521 2203 quid
552 2136 945 2202 possidentem,
983 2146 1040 2191 et
1074 2151 1198 2190 eum
1237 2138 1328 2205 qni
1366 2152 1471 2191 non
1499 2138 1970 2192 renuntiatomni-

388 2225 493 2280 bus
524 2240 647 2294 qua:
688 2226 951 2294 possidet.
988 2226 1055 2282 Et
1083 2227 1212 2297 quid
1240 2227 1493 2295 agimus?
1531 2228 1810 2295 Quomodo
1858 2230 1971 2285 haec

389 2325 482 2371 aut
514 2317 620 2384 ipsi
657 2317 905 2388 legimus,
953 2328 1047 2373 aut
1093 2318 1303 2388 populis
1345 2321 1696 2390 exponimus,
1733 2321 1822 2389 qui
1861 2336 1969 2375 non

388 2406 563 2461 solum
589 2421 693 2461 non
710 2408 1155 2463 abrenuntiamus
1181 2408 1265 2463 his
1286 2424 1404 2478 qua:
1428 2410 1789 2479 pOssidetnus,
1806 2410 1896 2463 sed
1915 2419 1971 2463 et

388 2500 674 2569 acquirere
695 2498 945 2553 volumus
969 2515 1029 2554 ea
1054 2515 1176 2569 qua:
1207 2515 1485 2569 nunquam
1510 2500 1799 2553 habuimus
1825 2509 1969 2553 ante-

386 2606 551 2661 quam
599 2590 910 2644 veniremus
949 2590 1015 2644 ad
1051 2590 1369 2646 Christum?
1415 2590 1800 2659 Nunquidnatn
1841 2589 1967 2658 quia

390 2700 488 2739 nos
513 2684 790 2753 redarguit
808 2685 1163 2749 conscientia,
1190 2694 1374 2752 tegere
1396 2694 1446 2738 et
1467 2700 1572 2739 non
1595 2683 1837 2754 proferre
1852 2697 1970 2752 qua!

392 2774 549 2845 105
585 2775 785 2843 scripta
826 2784 952 2829 sunt
998 2774 1324 2843 possumus?
1368 2772 1504 2828 Nolo
1548 2773 1805 2842 duplicati
1853 2774 1969 2827 cri-

386 2866 550 2919 minis
606 2864 719 2919 fleri
769 2881 915 2920 reus.
992 2864 1269 2919 Confiteor
1317 2873 1372 2919 et
1410 2862 1582 2933 palam
1629 2862 1823 2932 populo
1868 2878 1957 2917 au-

393 2957 599 3022 diente,
635 2959 900 3012 confiteor
934 2957 1048 3012 haec
1099 2958 1308 3027 scripta
1360 2969 1483 3009 esse
1519 2955 1776 3009 :etiamsi
1835 2969 1969 3009 non-

395 3046 527 3100 dum
559 3047 811 3117 implesse
841 3063 924 3102 me
961 3047 1107 3101 novi.
1141 3045 1248 3101 Sed
1279 3060 1346 3099 ex
1376 3045 1479 3100 hoc
1504 3044 1698 3100 saltem
1738 3059 1969 3099 commo-

390 3135 488 3190 niti
532 3135 853 3192 festinemus
901 3138 1154 3206 implere,
1184 3135 1507 3190 festinemus
1550 3134 1783 3189 transire
1817 3149 1845 3187 a
1882 3147 1969 3189 ss-

385 3229 702 3284 cerdotibus
729 3229 1054 3291 Pharaonis,
1086 3228 1282 3298 quibus
1311 3236 1528 3282 terrena
1566 3225 1839 3295 possessio
1862 3236 1963 3290 est,

388 3322 456 3376 ad
490 3328 805 3377 sacerdotes
829 3321 1059 3382 Domini,
1091 3321 1290 3390 quibus
1315 3320 1367 3373 in
1402 3331 1544 3374 terra
1571 3335 1698 3388 pars
1728 3334 1832 3373 non
1859 3326 1966 3385 est,

387 3414 586 3484 quibus
647 3414 824 3483 portio
864 3408 1134 3468 Dominus
1182 3422 1291 3469 est.
1326 3411 1473 3466 Talis
1523 3412 1667 3466 enim
1700 3420 1817 3465 erat
1852 3411 1962 3469 ille.

388 3506 483 3576 qui
516 3505 734 3558 dicebat
764 3506 784 3536 ⁸
820 3518 835 3557 :
868 3503 1141 3573 Tanquam
1177 3511 1403 3569 egentes,
1443 3502 1637 3557 multos
1677 3512 1852 3554 autem
1882 3500 1965 3554 lo-

388 3593 734 3663 cupletantes.
770 3591 836 3647 Ut
862 3594 995 3647 nihil
1031 3594 1300 3657 habentes,
1328 3601 1376 3645 et
1412 3593 1588 3645 omnia
1620 3591 1962 3658 possidentes.

389 3684 586 3739 Paulus
617 3685 704 3738 hic
735 3692 815 3737 est
844 3683 935 3754 qui
965 3684 1017 3736 in
1055 3682 1255 3736 talibus
1310 3681 1593 3752 gloriatur.
1645 3681 1739 3736 Vis
1779 3682 1967 3736 audire

389 3776 521 3845 quid
552 3776 715 3831 etiam
770 3774 964 3829 Petrus
1009 3775 1075 3827 de
1127 3774 1306 3842 seipso
1362 3766 1723 3843 pronuntiet?
1772 3774 1967 3828 Audite

393 3882 518 3921 eum
546 3883 669 3920 cum
689 3866 898 3921 Joanne
930 3866 1134 3932 pariter
1152 3864 1497 3932 proﬁtentem
1528 3875 1580 3918 et
1609 3867 1884 3921 dicentem
1907 3867 1965 3921 τε

390 3960 595 4013 Aurum
629 3968 674 4010 et
714 3966 989 4026 argentum
1019 3972 1121 4009 non
1154 3958 1344 4020 habeo,
1380 3958 1468 4011 sed
1500 3959 1639 4026 quod
1671 3958 1837 4011 habeo
1869 3958 1966 4011 hoc

391 4052 487 4105 tibi
542 4053 631 4105 do.
671 4050 737 4105 In
781 4053 990 4106 nomine
1037 4051 1167 4105 Jesu
1197 4051 1399 4106 Christi
1435 4069 1590 4122 surge
1630 4062 1682 4107 et
1728 4055 1963 4109 ambula.

393 4144 556 4198 Vides
593 4144 939 4199 sacerdotum
972 4145 1172 4200 Christi
1206 4146 1445 4208 divitias,
1493 4146 1647 4200 vides
1695 4146 1831 4200 nihil
1870 4147 1965 4200 ha-

392 4236 604 4301 bentes,
636 4246 841 4307 quanta
870 4246 925 4291 et
953 4237 1136 4306 qualia
1175 4236 1504 4307 largiuntur.
1540 4238 1678 4293 Istas
1702 4253 1831 4309 opes
1859 4239 1964 4294 lar-

388 4328 489 4398 giri
517 4343 621 4382 non
649 4336 825 4398 potest
858 4338 1073 4384 terrena
1102 4329 1399 4397 possessio.

458 4419 513 4474 6.
576 4420 914 4475 Contulimus
972 4420 1291 4475 sacerdotes
1352 4421 1743 4488 sacerdotibus,
1771 4440 1952 4491 nunc,

2076 1953 2280 2019 rael,ct
2310 1951 2670 2007 differentiam
2698 1953 3042 2007 sacerdotum
3088 1949 3410 2011 Pharaonis,
3457 1956 3510 2000 et
3563 1961 3648 1999 sa-

2073 2045 2351 2099 cerdotum
2387 2044 2623 2109 Domini,
2653 2054 2708 2097 et
2760 2042 3057 2097 discutiens
3100 2041 3466 2107 temetipsum,
3522 2052 3645 2107 per-

2074 2138 2196 2191 vide
2222 2138 2286 2191 de
2335 2152 2444 2205 quo
2483 2134 2681 2205 populo
2708 2135 2806 2197 sis,
2853 2144 2908 2188 et
2957 2131 3110 2201 cujus
3156 2134 3361 2187 ordinis
3391 2135 3645 2189 sacerdo-

2075 2229 2207 2284 tium
2237 2240 2446 2284 teneas.
2478 2226 2535 2281 Si
2565 2227 2741 2281 adhuc
2802 2224 3118 2281 carnalibus
3154 2224 3402 2280 sensibus
3447 2226 3641 2291 servis,

2071 2320 2118 2377 si
2142 2320 2321 2375 adhuc
2347 2319 2597 2384 quinario
2628 2331 2851 2371 numero
2876 2316 3106 2383 vectigal
3136 2316 3405 2382 exsolvis,
3459 2326 3513 2371 et
3558 2331 3648 2370 re-

2078 2408 2243 2477 spicis
2267 2425 2330 2464 ea
2352 2424 2475 2479 quae
2502 2406 2734 2463 visibilia
2786 2415 2841 2459 et
2882 2406 3201 2476 temporalia
3256 2413 3405 2462 sunt,
3447 2411 3498 2451 ιιι
3536 2417 3640 2451 non

2072 2500 2299 2571 respicis
2333 2515 2395 2555 ea
2427 2514 2546 2567 qua:
2600 2500 2887 2555 invisibilia
2936 2509 2990 2551 et
3020 2511 3221 2551 aeterna
3268 2503 3415 2555 sunt,
3445 2492 3510 2543 de
3546 2490 3643 2545 ΛΞ·-

2070 2600 2234 2663 gypto
2264 2602 2314 2646 te
2343 2593 2540 2663 populo
2570 2606 2691 2648 esse
2717 2606 3001 2662 cognosce.
3043 2590 3099 2644 Si
3141 2604 3269 2643 vero
3314 2585 3641 2652 Dccalogum

2071 2684 2227 2754 legis,
2273 2694 2329 2737 et
2382 2685 2639 2739 decadem
2690 2682 2820 2738 Novi
2865 2681 3224 2742 Testautenti,
3270 2693 3431 2748 quam
3476 2691 3639 2743 supra

2070 2777 2436 2845 exposuimus,
2472 2790 2686 2843 semper
2726 2787 2852 2830 ante
2897 2775 3082 2828 oculos
3129 2774 3321 2835 habes,
3357 2781 3411 2825 et
3454 2776 3521 2823 de
3556 2768 3641 2821 his

2070 2867 2311 2922 decimas
2343 2865 2525 2929 offers,
2572 2876 2627 2921 et
2670 2866 3032 2933 primogenita
3077 2878 3271 2917 sensus
3315 2861 3391 2913 tui
3441 2860 3493 2913 in
3536 2859 3641 2911 lide

2071 2958 2320 3014 immolas
2345 2956 2702 3027 primogenito
2722 2972 2786 3010 ex
2815 2956 3061 3020 mortuis,
3086 2964 3142 3008 et
3165 2953 3318 3006 initia
3349 2962 3438 3004 tua
3471 2949 3641 3003 refers

2072 3050 2142 3105 ad
2172 3049 2387 3104 initium
2415 3048 2682 3111 omnium,
2725 3063 2883 3102 verus
2913 3045 3151 3102 Israelita
3193 3059 3272 3109 es,
3314 3044 3366 3096 in
3398 3058 3505 3111 quo
3544 3040 3643 3094 do-

2072 3140 2154 3195 lus
2180 3158 2284 3195 non
2314 3151 2399 3196 est
2431 3142 2494 3195 “.
2529 3140 2634 3194 Sed
2671 3148 2725 3193 et
2752 3139 3066 3193 sacerdotes
3106 3136 3316 3191 Domini
3352 3136 3395 3189 si
3443 3144 3641 3190 semet-

2074 3234 2218 3303 ipsos
2244 3232 2563 3294 discutiant,
2592 3240 2647 3284 et
2686 3245 2713 3283 a
2749 3228 2978 3283 terrenis
3028 3228 3241 3281 actibus
3269 3225 3421 3279 liheri
3451 3224 3561 3277 sint
3586 3234 3639 3277 et

2069 3325 2414 3396 possessione
2442 3323 2739 3385 mundana,
2762 3336 2890 3376 vere
2916 3329 3139 3387 possunt
3167 3318 3345 3372 dicere
3372 3320 3436 3370 ad
3465 3317 3651 3372 Domi-

2069 3432 2198 3470 num
2220 3417 2261 3447 "
2288 3434 2301 3469 :
2337 3414 2473 3469 Ecce
2498 3429 2591 3466 nos
2628 3413 2925 3467 dimisimus
2957 3412 3152 3476 omnia,
3184 3418 3232 3463 et
3262 3410 3424 3462 secuti
3459 3426 3640 3463 sumus

2068 3519 2161 3573 te;
2188 3518 2353 3576 atque
2379 3507 2570 3560 audire
2593 3506 2662 3561 ab
2686 3520 2766 3565 eo.
2800 3506 2927 3575 quia
2963 3520 3049 3557 vos
3075 3505 3163 3573 qui
3193 3504 3354 3556 secuti
3382 3502 3504 3556 estis
3538 3518 3640 3567 me,

2066 3602 2123 3654 in
2150 3600 2543 3669 regeneratione
2564 3598 2823 3658 omnium,
2848 3612 2964 3649 cum
2991 3596 3182 3648 venerit
3208 3592 3253 3645 Γ
3260 3595 3383 3646 ilius
3412 3594 3641 3645 hominis

2067 3691 2122 3743 in
2151 3705 2307 3759 regno
2330 3704 2446 3750 suo,
2468 3686 2711 3741 sedcbitis
2733 3696 2779 3740 et
2805 3702 2893 3738 vos
2919 3700 3075 3753 super
3099 3684 3375 3737 duodecim
3402 3689 3636 3748 thronos,

2059 3782 2362 3851 judicantes
2389 3779 2665 3833 duodecim
2697 3778 2864 3830 tribus
2894 3776 3085 3829 Israel.

2138 3873 2192 3928 7.
2228 3870 2356 3927 Post
2394 3873 2505 3926 inec
2530 3872 2807 3925 videamus
2833 3870 2961 3937 quid
2994 3868 3127 3923 dicit
3166 3868 3378 3938 Moyses
3407 3886 3422 3922 :
3448 3866 3513 3921 Et
3544 3873 3641 3924 ha-

2068 3964 2270 4028 bitauit,
2302 3965 2475 4032 inquit
2502 3963 2564 4029 ”,
2600 3961 2771 4016 Israel
2796 3963 2849 4013 in
2870 3959 3121 4029 Egypto,
3159 3962 3214 4014 in
3251 3970 3393 4013 terra
3422 3960 3635 4019 συκῆ.

2068 4055 2465 4125 Interpretatur
2528 4064 2708 4109 autem
2762 4053 2967 4105 Gessen
3023 4053 3333 4117 proximitas
3380 4052 3512 4123 (l3),
3558 4054 3641 4107 vel

2067 4146 2461 4217 propinquitas.
2496 4143 2599 4198 Per
2628 4143 2772 4213 quod
2810 4143 3133 4207 ostenditur,
3164 4144 3286 4211 quia
3326 4144 3543 4197 etiamsi
3586 4146 3638 4197 in

2070 4236 2307 4307 Egypto
2356 4235 2559 4289 habitet
2587 4234 2774 4297 Israel,
2815 4248 2921 4286 non
2953 4242 3126 4287 tamen
3154 4233 3310 4300 longe
3332 4245 3416 4287 est
3445 4251 3472 4286 a
3509 4234 3636 4299 Deo,

2068 4330 2162 4383 sed
2187 4330 2468 4396 proximus
2498 4337 2582 4381 est
2611 4328 2659 4380 ei
2696 4336 2749 4380 et
2777 4324 3123 4393 coniunctus,
3153 4326 3294 4381 sicut
3332 4327 3492 4380 etiam
3527 4329 3641 4396 ipse

2068 4420 2199 4474 dicit
2237 4420 2299 4485 “,
2335 4421 2462 4489 quia
2496 4436 2589 4487 ego
2618 4419 2931 4472 descendam
2961 4430 3127 4472 tecum
3161 4419 3216 4472 in
3250 4417 3562 4487 Egyptum,
3592 4429 3637 4471 et

388 4512 433 4566 si
464 4512 695 4577 videtur,
724 4520 780 4566 et
809 4511 1061 4578 populum
1084 4510 1397 4582 [Egyptium
1414 4514 1612 4583 populo
1657 4515 1960 4572 Israelitico

2072 4530 2164 4583 ego
2195 4530 2282 4567 ero
2309 4523 2498 4565 tecum.
2526 4510 2592 4564 Et
2621 4525 2719 4564 nos
2750 4524 2879 4579 ergo
2901 4511 3065 4565 etiam
3103 4512 3147 4565 si
3178 4511 3424 4564 videmur
3467 4511 3517 4564 in
3544 4508 3640 4564 £-

388 4602 755 4656 conferamns.
792 4602 1006 4656 Dicitur
1034 4603 1181 4656 enim
1232 4605 1287 4657 in
1320 4608 1802 4672 consequentibus,
1833 4609 1960 4677 quia

390 4702 509 4760 post
538 4689 733 4745 famem
765 4701 820 4746 et
856 4693 1177 4745 servitutem
1225 4693 1455 4763 populus
1481 4694 1772 4766 Egyptius
1802 4700 1963 4767 quin-

391 4792 473 4836 tas
500 4779 694 4835 oﬂ'erat
740 4782 1036 4838 Pharaoni.
1094 4781 1415 4839 Econtrario
1447 4775 1964 4843 vero'lsracliticus

389 4872 619 4941 populus
644 4875 884 4929 decimas
914 4872 1071 4928 oll'ert
1096 4876 1494 4932 sacerdotibus.
1528 4877 1663 4933 Vide
1690 4890 1744 4933 et
1779 4881 1829 4933 in
1861 4881 1965 4936 hoc

390 4964 729 5033 Scripturam
760 4968 999 5022 divinam
1026 4967 1228 5036 ingenti
1266 4969 1477 5022 ratione
1507 4970 1811 5035 subnixam,
1845 4974 1961 5027 vide

384 5054 705 5129 Egyptium
741 5059 999 5128 populum
1036 5060 1290 5129 quinario
1331 5076 1561 5117 numero
1591 5064 1792 5117 tributa
1824 5080 1959 5133 pen-

383 5152 627 5207 dentem.
648 5150 899 5219 Quinque
924 5152 1069 5207 enim
1096 5168 1289 5208 sensus
1307 5154 1559 5222 corporei
1584 5155 1958 5224 designantur,

386 5245 586 5313 quibus
628 5244 859 5315 populus
888 5245 1126 5301 carnalis
1154 5247 1411 5302 deservit.
1442 5245 1667 5315 Semper
1702 5248 1844 5301 enim
1870 5248 1963 5303 1E-

387 5339 553 5409 gyptii
576 5338 909 5397 ,visibilibus
949 5337 1114 5394 rebus
1159 5347 1214 5393 et
1248 5339 1626 5407 corporalibus
1654 5338 1961 5408 obsequun-

459 5498 479 5528 ⁸
509 5500 670 5553 Num.
696 5513 854 5560 xvnt,
882 5498 973 5552 ‘20.
1050 5498 1069 5528 ⁸
1096 5498 1226 5553 Luc.
1270 5514 1379 5561 xtv,
1416 5500 1503 5552 53.

390 5566 435 5600 ¹⁶
462 5570 670 5623 Coloss.
709 5585 747 5633 ι,
794 5570 881 5625 18.
960 5568 998 5599 ¹¹
1033 5566 1189 5622 Joan.
1222 5584 1260 5635 ι,
1295 5568 1383 5622 47.

368 5705 375 5713 ·
422 5765 436 5807 ι
465 5684 575 5810 (hic)
605 5681 777 5803 hlias,
809 5696 855 5739 ct
890 5688 1030 5757 fons,
1055 5700 1104 5745 et
1132 5690 1356 5751 initium.
1388 5690 1496 5746 Sed
1525 5706 1652 5745 tuss.
1690 5701 1743 5745 ut
1787 5691 1837 5745 in
1863 5707 1957 5747 uo-

386 5768 414 5806 s
445 5770 502 5810 ro
584 5770 619 5809 ι’
644 5770 692 5805 u.

386 5768 502 5810 SU'O
528 5768 692 5810 ιεῑίυ.

1619 5500 1638 5529 ⁸
1670 5500 1705 5553 ΙΙ
1731 5500 1853 5556 Cor.
1892 5517 1966 5559 vt.
1992 5502 2072 5556 l0.

1466 5569 1505 5601 "
1534 5568 1719 5624 Matth.
1755 5588 1866 5636 χιχ,
1896 5573 1984 5636 ‘27,
2022 5574 2112 5629 28.

2066 4613 2287 4674 gyptum
2322 4603 2693 4665 descendisse,
2734 4600 2949 4655 etiamsi
2976 4601 3029 4655 in
3056 4616 3220 4656 carne
3249 4603 3408 4671 positi
3441 4617 3640 4672 agones

2068 4696 2252 4750 mundi
2286 4694 2443 4764 hujus
2469 4702 2523 4747 et
2554 4693 2853 4748 certamina
2884 4692 3240 4757 sustinemus,
3279 4694 3440 4746 etiam
3478 4693 3523 4747 si
3559 4695 3641 4746 in-

2070 4798 2152 4841 ter
2180 4802 2272 4841 eos
2304 4784 2611 4840 habitamus
2636 4784 2730 4854 qui
2763 4783 3077 4837 deserviunt
3125 4782 3418 4850 Pharaoni,
3460 4794 3639 4839 tamen

2067 4880 2114 4932 si
2144 4895 2307 4949 prope
2337 4881 2507 4934 Deum
2535 4880 2727 4942 simus,
2752 4875 2801 4930 si
2830 4875 2883 4929 in
2926 4876 3303 4930 mandatorum
3331 4876 3447 4945 ejus
3472 4878 3641 4931 medi-

2069 4973 2271 5027 tatione
2292 4986 2590 5034 versemur,
2638 4980 2693 5025 et
2720 4978 2988 5039 praecepta
3018 4970 3132 5039 ejus
3172 4984 3238 5023 ac
3276 4968 3478 5035 judicia
3519 4984 3641 5038 per-

2068 5064 2349 5133 quiramus
2392 5062 2539 5132 (hoc
2566 5070 2651 5117 est
2683 5061 2828 5118 enim
2863 5075 3029 5128 prope
3079 5075 3200 5115 esse
3244 5060 3376 5125 Deo,
3428 5075 3641 5129 semper

2069 5171 2189 5222 qua:
2231 5155 2321 5208 Dei
2349 5164 2477 5209 sunt
2505 5154 2765 5225 cogitare,
2794 5169 2914 5223 qua:
2954 5152 3048 5208 Dei
3078 5162 3205 5208 sunt
3246 5168 3491 5223 quturere
3514 5154 3555 5221 ),
3588 5160 3640 5207 et

2073 5247 2215 5301 Deus
2257 5262 2474 5316 semper
2500 5250 2608 5304 erit
2659 5246 2941 5303 nobiscum
2993 5263 3090 5317 per
3135 5244 3321 5303 Jesum
3360 5247 3637 5303 Christum

2162 5511 2180 5539 ⁷
2215 5504 2335 5556 Act.
2356 5501 2510 5563 "1,6.
2587 5501 2608 5531 ⁸
2637 5499 2817 5554 Galat.
2857 5516 2908 5565 v,
2934 5500 3140 5560 2’s.23.
3216 5504 3235 5533 ’
3280 5501 3472 5555 Matth.
3510 5514 3636 5554 xxv.
3682 5545 3693 5554 ς

2199 5573 2239 5603 ¹³
2275 5570 2473 5625 Genes.
2531 5586 2695 5632 vatt.
2752 5571 2842 5626 27.
2923 5572 2964 5601 η
2995 5572 3193 5627 Gencs.
3231 5585 3374 5635 xui,
3408 5572 3459 5624 4.

2136 5692 2248 5755 (l3)
2291 5689 2491 5767 Cessen
2551 5688 2868 5767 proximitas
2896 5762 2902 5768 _
2934 5691 3329 5761 interpretatur
3373 5704 3401 5742 a
3456 5688 3638 5742 radice

2066 5770 2174 5821 v.1:
2213 5770 2455 5823 arcessit,
2494 5770 2948 5825 appropinquavit.
