4132 6478
417 366 522 419 255

1611 364 1676 418 IN
1711 364 2011 422 GENESIM
2042 364 2328 425 llOMlLIA
2362 363 2524 420 XVII.
3573 365 3678 420 ρτςι

414 487 698 541 Dominum
731 495 1000 553 nostrum,
1035 487 1122 542 cui
1152 496 1236 543 est
1259 486 1426 556 gloria
1460 486 1511 541 in
1540 488 1740 543 saecula
1761 488 1981 543 saeculov
2016 497 2059 550 Α
2095 491 2281 543 ltuben
2318 490 2368 542 in
2408 485 2768 542 concubinam
2805 482 2974 553 patris
2999 480 3315 538 eﬂ‘erbuerit
3349 482 3566 538 ﬂamma
3600 486 3673 536 li-

414 589 557 630 t'um.
591 576 782 630 Amen.

962 664 1241 722 HOMlLlA
1274 663 1438 723 XVII.

675 759 750 814 De
792 759 1238 813 benedictionibus
1269 760 1717 826 patriarcharum.

495 852 548 909 1.
581 851 872 906 Sciendum
906 859 988 905 est
1016 850 1214 917 primo,
1242 850 1385 916 quod
1420 850 1472 902 in
1507 850 1735 918 singulis
1763 851 1991 919 quibus-

414 957 518 1008 que
559 941 693 996 locis
728 942 828 995 ~ubi
880 942 1163 1007 Scriptura
1213 940 1281 993 de
1304 940 1605 1013 lduodecim
1659 942 1989 1010 patriarcltis

416 1041 836 1097 commemorat,
880 1032 1049 1085 multa
1100 1032 1168 1085 sit
1211 1032 1262 1085 in
1322 1032 1436 1101 ipsa
1481 1033 1687 1085 ordinis
1744 1034 1991 1087 conscri-

414 1123 597 1191 ptione
630 1123 935 1178 diversitas.
974 1121 1129 1176 Alius
1158 1123 1290 1176 ordo
1323 1132 1407 1176 est
1437 1123 1486 1175 iu
1528 1123 1639 1191 ipsa
1678 1137 1863 1176 eorum
1894 1139 1990 1176 na-

417 1212 628 1265 tivitate
663 1211 1031 1280 conscriptus,
1069 1212 1210 1265 alius
1241 1226 1363 1265 cum
1394 1219 1592 1266 terram
1625 1212 1845 1284 IEgypti
1881 1229 1988 1267 una

414 1318 536 1356 cum
594 1314 753 1372 patre
798 1318 895 1355 suo
940 1301 1100 1358 Israel
1149 1312 1203 1357 et
1241 1303 1429 1358 sobole
1465 1305 1799 1372 posteritatis
1850 1304 1993 1358 refe-

420 1406 614 1448 runtur
653 1395 874 1448 intrare.
916 1395 1065 1450 Alius
1100 1411 1244 1449 nunc
1275 1411 1397 1448 cum
1439 1396 1844 1452 benedictiones
1873 1396 1994 1451 obi-

420 1484 527 1537 turi
568 1485 809 1554 parentis
836 1485 1134 1555 excipiunt,
1165 1487 1305 1540 alius
1335 1504 1455 1540 cum
1478 1502 1709 1555 egressae
1733 1487 1798 1541 de
1825 1486 1995 1557 Egy-

417 1584 511 1643 pto
552 1577 745 1637 tribus.
781 1576 861 1629 vel
908 1591 1029 1631 cum
1098 1578 1150 1631 in
1212 1579 1433 1632 deserto
1490 1591 1992 1633 commemorantur

415 1667 620 1737 aliquid
653 1683 837 1738 agere,
885 1667 970 1721 vcl
1010 1680 1214 1722 terram
1260 1668 1699 1737 repromissionis
1737 1669 1995 1738 ingressa:

413 1761 466 1814 in
502 1771 685 1813 monte
722 1758 891 1813 Gebal
930 1774 1029 1827 pro
1060 1760 1526 1814 benedictionibus
1553 1770 1608 1814 et
1647 1760 1987 1815 maledictio-

2090 580 2311 643 bidinis,
2387 589 2439 631 et
2512 585 2795 647 paternum
2866 575 3215 628 maculaverit
3299 585 3515 644 torum,
3581 578 3676 632 sed

2090 671 2231 740 quod
2264 670 2314 723 in
2362 667 2532 721 initiis
2584 665 2759 719 laudis
2800 664 2849 717 ei
2903 663 3104 732 aliquid
3145 664 3359 717 videtur
3395 663 3674 717 ascribere

2090 760 2316 814 dicens:
2348 757 2427 811 Tu
2461 760 2628 811 virtus
2662 772 2799 820 mea,
2836 755 3044 809 idcirco
3082 754 3140 807 lit
3197 763 3254 807 ut
3310 755 3533 824 gravius
3577 768 3676 807 no-

2094 862 2233 906 tetur
2265 853 2316 904 in
2349 850 2598 913 crimine,
2629 847 2719 917 qui
2779 862 2901 901 cum
2939 847 3112 900 virtus
3142 848 3314 915 patris
3361 846 3671 906 haberetur.

2092 955 2146 999 et
2187 944 2403 997 initium
2466 941 2737 1005 ﬁliorum,
2808 938 3003 993 nesciit
3051 953 3272 992 servare
3318 938 3673 993 reverentiam

2095 1039 2258 1107 patri.
2295 1035 2465 1103 Quale
2497 1044 2583 1089 est
2615 1045 2667 1086 et
2703 1032 2831 1087 illud
2876 1034 3022 1099 quod
3059 1031 3258 1085 dicitur
3302 1046 3398 1100 per
3437 1032 3675 1101 prophe-

2097 1140 2203 1182 tam
2237 1129 2280 1160 ⁸⁸
2318 1145 2332 1179 :
2381 1126 2493 1195 Ego
2527 1134 2575 1179 te
2622 1125 2855 1193 plautavi
2888 1126 3093 1178 vineam
3132 1122 3458 1191 fructiferam
3514 1133 3675 1173 totout

2095 1234 2331 1272 ueracem
2363 1216 2497 1287 (15),
2532 1216 2791 1287 quomodo
2819 1231 3070 1271 conversa
3100 1232 3153 1268 es
3180 1215 3236 1267 in
3267 1214 3675 1267 amaritudinem

2096 1310 2215 1364 vitis
2253 1309 2439 1363 aliena:
2463 1311 2488 1363 2
2524 1308 2832 1364 Secundum
2874 1322 3007 1363 vero
3055 1305 3488 1375 intelligentiam,
3526 1305 3667 1359 vidc-

2101 1409 2188 1453 tur
2219 1399 2348 1454 mihi
2371 1398 2561 1454 Ruben
2580 1400 2777 1468 prioris
2805 1397 2984 1468 populi
3009 1396 3321 1452 Judmorum
3347 1396 3493 1450 ferre
3518 1408 3678 1464 posse

2099 1507 2416 1561 personam,
2454 1491 2545 1560 qui
2583 1502 2641 1545 et
2664 1489 3059 1561 primogenitus
3084 1497 3186 1555 est,
3217 1497 3273 1543 et
3299 1488 3513 1541 initium
3546 1486 3680 1539 lilio—

2101 1599 2220 1637 rum
2257 1584 2393 1637 sicut
2432 1582 2692 1652 propheta
2729 1581 2860 1636 dicit
2900 1581 2943 1613 "
3001 1600 3014 1635 :
3072 1580 3247 1634 Israel
3299 1568 3680 1651 primogenitus

2099 1690 2265 1728 meus.
2313 1672 2496 1727 Primo
2533 1687 2765 1741 namque
2814 1671 2922 1727 illis
2975 1672 3099 1725 data
3154 1680 3281 1725 sunt
3311 1670 3525 1740 eloquia
3559 1668 3676 1722 Dei.

2100 1763 2254 1830 Quod
2293 1772 2471 1816 autem
2497 1762 2665 1816 durus
2696 1760 2858 1815 fuerit
2884 1759 2973 1815 ille
3006 1760 3236 1830 populus
3258 1769 3308 1815 et
3336 1761 3678 1824 temerarius,

411 1851 573 1906 nibus
640 1859 976 1905 statuuntur.
1040 1851 1188 1906 Alius
1244 1854 1407 1906 etiam
1484 1867 1606 1907 cum
1665 1852 1983 1906 divisionem
2022 1834 2066 1890 Β
2100 1855 2399 1925 Scriptura:
2457 1854 2797 1908 denuntiant.
2867 1853 3009 1907 Dicit
3072 1851 3217 1908 enim
3274 1852 3340 1905 de
3413 1851 3517 1905 eis-
3551 1867 3679 1921 pro-

412 1951 573 1996 terrie
615 1941 945 1994 haereditatis
997 1952 1147 1997 sorte
1180 1943 1507 2013 suscipiunt.
1548 1942 1614 1997 Et
1670 1943 1721 1996 in
1778 1951 1985 1996 tantum

408 2040 542 2087 ordo
590 2033 690 2085 iste
736 2034 1003 2098 variatur,
1043 2042 1100 2087 ut
1147 2033 1417 2087 interdum
1463 2033 1681 2103 quidam
1725 2047 1791 2088 es
1836 2034 1986 2102 ipsis,

409 2142 512 2180 nec
547 2124 773 2192 ascripti
824 2126 1173 2179 inveniantur
1222 2128 1274 2180 in
1317 2140 1566 2180 numero.
1598 2124 1752 2192 Quod
1803 2125 1991 2194 utique

412 2228 627 2271 certum
670 2230 753 2273 est
798 2232 907 2272 non
952 2219 1155 2286 absque
1190 2218 1369 2286 aliqua
1415 2218 1625 2272 ratione
1675 2217 1898 2279 variari,
1937 2227 1992 2271 et

411 2321 630 2365 exstare
660 2325 856 2365 causas
886 2308 1215 2378 probabiles,
1251 2308 1446 2378 quibus
1489 2308 1543 2362 in
1585 2308 1692 2362 alio
1733 2307 1849 2361 loco
1876 2306 1989 2371 ille,

408 2402 461 2458 in
514 2403 621 2456 alio
662 2418 790 2457 vero
829 2402 966 2456 alius
1024 2399 1366 2470 praeleratur.
1434 2398 1539 2453 Sed
1602 2400 1667 2454 de
1702 2399 1789 2452 bis
1837 2398 1992 2454 nobis

407 2510 551 2549 nuric
598 2496 929 2563 propositum
988 2508 1093 2546 non
1157 2502 1260 2557 est,
1313 2492 1419 2547 nisi
1473 2508 1536 2547 ea
1598 2492 1988 2558 tantummodo,

404 2594 563 2653 prout
597 2582 737 2636 Deus
778 2585 1009 2649 dederit,
1046 2583 1343 2652 explicare,
1381 2598 1502 2653 qua:
1554 2583 1607 2637 in
1659 2583 1994 2636 benedictio-

404 2675 565 2729 nibus
591 2689 724 2743 quas
759 2676 947 2730 mortis
974 2686 1218 2745 tempore
1248 2691 1276 2728 a
1310 2686 1462 2744 patre
1485 2673 1784 2743 suscipiunt
1812 2672 1991 2727 conti-

408 2766 796 2838 nentur.106
810 2770 936 2834 Quae
951 2769 1167 2837 quidem
1188 2767 1590 2823 henedictioues
1607 2782 1671 2820 ex
1690 2780 1755 2820 eo
1772 2765 1999 2820 fortasse

402 2857 748 2911 solummodo
793 2857 1051 2926 appellari
1085 2867 1397 2927 potuerunt,
1422 2858 1564 2927 quod
1594 2857 1647 2911 in
1688 2856 1999 2911 novissimis

400 2951 606 3005 dicitur
632 2948 675 2980 ¹⁵
698 2966 712 3004 :
735 2947 802 3002 Et
831 2949 941 3002 lucc
971 2949 1174 3002 locutus
1198 2959 1271 3001 est
1300 2951 1374 3001 eis
1400 2959 1549 3017 pater
1565 2964 1743 3001 eorum
1773 2957 1819 3000 et
1849 2947 2002 3001 bene-

400 3042 538 3095 dixit
589 3038 730 3102 illos,
790 3055 1207 3108 unumquemque
1250 3038 1537 3091 secundant
1589 3036 2000 3091 benedictionem

401 3149 554 3188 suam
586 3131 845 3184 benedixit
882 3129 1375 3185 illos.C:eterumin
1397 3128 1567 3182 initiis
1612 3127 1700 3181 ubi
1724 3137 1997 3182 convocat

403 3242 502 3279 eos
523 3235 698 3294 pater,
722 3239 825 3276 non
846 3223 1001 3292 quasi
1026 3224 1089 3276 ad
1120 3221 1551 3275 benedictionem
1580 3230 1866 3284 convocat,
1893 3219 1988 3273 sed

408 3316 483 3369 ita
515 3314 781 3384 scriptum
819 3323 901 3367 est
940 3312 982 3344 ¹⁶
1018 3331 1029 3366 ;
1069 3311 1278 3366 Vocavit
1302 3324 1477 3365 autem
1497 3311 1661 3365 Jacob
1689 3310 1832 3379 ﬁlios
1855 3326 1977 3364 suos

404 3414 458 3461 et
495 3406 627 3459 dixit
660 3422 679 3459 :
714 3405 1114 3475 Congregamini
1144 3416 1199 3458 ut
1233 3403 1538 3456 annuntiem
1576 3403 1717 3457 vobis
1757 3418 1876 3473 qua:
1905 3418 1991 3455 oc-

405 3514 632 3554 cursum
665 3508 786 3551 sunt
810 3498 953 3551 vobis
977 3500 1031 3551 in
1058 3498 1349 3551 novissimis
1378 3497 1582 3550 diebus.
1613 3496 1766 3563 Quod
1802 3496 1989 3563 utique

406 3592 583 3659 magis
623 3591 967 3659 prophetiam
1018 3591 1325 3660 signiﬁcat,
1380 3604 1478 3659 per
1522 3603 1685 3658 quam
1742 3603 1861 3658 quae
1909 3588 1989 3643 eis

414 3695 681 3741 eventura
710 3695 839 3738 sunt
870 3685 1294 3755 praesignantur.
1320 3683 1374 3735 In
1411 3683 1527 3750 ipso
1557 3694 1735 3737 autem
1760 3696 1989 3750 corpore

407 3790 463 3837 et
507 3781 650 3834 serie
703 3779 1018 3843 verborum,
1068 3791 1245 3845 neque
1296 3774 1703 3829 benedictiones
1749 3784 1983 3837 tantum,

411 3888 587 3942 neque
619 3872 922 3927 futurorum
972 3868 1085 3924 sola
1124 3867 1528 3938 praenuntiatio,
1574 3875 1835 3938 quantum
1865 3880 1985 3920 mo-

408 3980 517 4032 res,
547 3962 630 4017 vel
668 3961 1003 4032 propositum
1030 3974 1243 4026 eorum,
1284 3960 1369 4012 vel
1408 3960 1571 4012 etiam
1613 3958 1864 4026 quaedam
1917 3957 1987 4011 ab

405 4058 489 4112 eis
546 4065 699 4125 gesta
758 4053 1075 4107 notabiliter
1126 4059 1449 4120 arguuntur.
1497 4050 1630 4115 Quae
1693 4065 1781 4104 res
1832 4048 1987 4103 nobis

415 4147 764 4218 tripertitam.
802 4154 861 4197 ut
892 4146 944 4197 in
977 4144 1097 4196 aliis
1149 4142 1399 4204 fecimus,
1443 4141 1841 4209 explanationis
1872 4156 1986 4193 ma-

411 4240 602 4293 teriam
634 4235 880 4305 subjicit,
914 4234 986 4287 ita
1021 4243 1078 4287 ut
1108 4233 1511 4287 benedictiones
1535 4232 1775 4285 historia:
1802 4232 1979 4285 locum

409 4338 649 4393 servent,
701 4325 985 4397 prapbetia
1016 4338 1144 4378 vero
1180 4323 1467 4392 mysticum
1513 4329 1676 4387 atque
1719 4320 1986 4388 dogmati-

409 4438 555 4488 cnm,
593 4436 801 4475 morum
841 4417 1117 4486 correptio
1150 4414 1260 4487 (14)
1302 4423 1357 4467 et
1393 4411 1700 4484 obiurgatio
1728 4410 1985 4466 moralem

413 4513 611 4582 dirigat
643 4510 865 4580 stylnm.

482 4600 537 4657 9..
596 4601 799 4661 Ruben,
848 4598 1019 4669 inquit
1062 4598 1126 4661 ¹⁷,
1174 4595 1550 4665 primogenitus
1596 4608 1771 4659 meus,
1827 4593 1988 4645 virtus

411 4711 526 4748 mea
562 4705 607 4746 et
646 4692 853 4745 initium
886 4691 1119 4758 ﬁliorum
1152 4703 1406 4751 meorum,
1462 4687 1625 4737 durus
1674 4684 1729 4736 in
1772 4698 1987 4735 conver—

410 4788 636 4846 satione,
669 4785 834 4837 durus
863 4794 908 4835 et
961 4782 1274 4835 temerarius
1318 4776 1665 4833 contumelias
1708 4775 1980 4844 irrogasti.

419 4876 689 4941 Tanquam
727 4890 863 4944 aqua
895 4888 999 4927 non
1032 4875 1361 4943 eﬂ‘ervescas.
1392 4870 1689 4923 Ascendisti
1728 4869 1867 4922 enim
1891 4884 1984 4921 su—

416 4983 509 5036 per
536 4969 704 5021 cubile
760 4968 923 5037 patris
969 4967 1067 5019 tui.
1131 4964 1210 5017 Tu
1261 4963 1494 5034 polluisti
1546 4970 1720 5014 torum
1780 4960 1871 5012 ubi
1900 4976 1987 5013 as-

411 5059 652 5113 ceitdisti.
692 5056 934 5112 Incestus
964 5055 1188 5108 historia
1229 5054 1501 5106 neminem
1534 5050 1684 5114 latet,
1712 5050 1984 5118 quomodo

488 5152 532 5202 ῖ⁸
562 5172 757 5228 Genes.
794 5184 938 5230 sus,
965 5167 1055 5221 ‘28.
1129 5166 1172 5197 “
1203 5166 1354 5227 ibid.,
1389 5166 1441 5220 l.
1519 5164 1562 5196 "
1590 5164 1786 5221 Gcnes.
1830 5179 1974 5227 xux,
2008 5164 2122 5222 ΞΗ.

412 5238 457 5272 ’³
490 5251 608 5296 Act.
644 5258 737 5307 vn,
775 5241 861 5296 5L
928 5237 982 5270 ‘”
1016 5236 1194 5291 Galat.
1223 5236 1402 5301 ",2?"
1478 5236 1522 5267 ”
1550 5235 1712 5289 lCor.
1750 5248 1843 5297 xv,
1876 5232 1965 5288 47.

484 5428 593 5497 (Η)
628 5427 836 5481 Illorum
869 5431 1145 5492 correptio.
1203 5424 1391 5497 Recte
1412 5437 1602 5497 omnes
1655 5439 1809 5497 mss_.,
1836 5424 1983 5497 male

412 5515 539 5551 vero
563 5493 721 5561 editi,
750 5512 972 5566 quorum
1000 5496 1277 5566 correptio.
1310 5494 1450 5566 Infra
1483 5495 1572 5566 ubi
1604 5510 1733 5566 mss.
1763 5493 1984 5558 habent,

411 5563 785 5689 ireﬂtzi'vescas...
810 5565 1107 5635 efferbuerit
1125 5581 1143 5629 ,'
1175 5582 1225 5619 Ill
1249 5564 1410 5619 editis
1439 5563 1634 5633 legitur
1657 5563 1983 5630 fervescas...

440 5656 491 5688 ει*
531 5649 683 5689 uertt.

440 5638 683 5690 et'buert't.

413 5638 438 5705 ί
485 5707 596 5774 (t5)
634 5707 803 5766 Alias,
832 5705 1078 5774 feracem,
1108 5713 1164 5756 at
1188 5718 1343 5765 mss.,
1374 5718 1607 5774 ueracem
1635 5700 1856 5774 rectius.

515 5771 594 5846 lli)
626 5775 803 5829 Ruben
833 5771 1211 5843 interpretatus
1264 5783 1338 5827 est
1387 5789 1417 5825 a
1469 5772 1779 5841 majoribus,
1842 5771 1981 5826 titius

2047 5238 2093 5267 "‘
2127 5239 2164 5293 ll
2197 5240 2323 5295 Cor.
2358 5258 2434 5308 tv,
2462 5242 2550 5297 16.

2096 1948 2260 2016 pheta
2297 1946 2342 1977 ¹⁰
2382 1961 2397 2009 :
2431 1944 2599 1999 Omne
2648 1945 2790 2013 quod
2820 1945 3056 2015 loquitur
3085 1943 3310 2011 populus
3350 1943 3453 2005 hic,
3488 1943 3680 1994 durum

2094 2050 2193 2092 est.
2228 2038 2295 2092 Et
2331 2038 2527 2092 iterum
2573 2037 2705 2091 alibi
2745 2036 2810 2092 de
2860 2036 2991 2105 ipsis
3036 2035 3238 2090 dicit“
3274 2051 3290 2088 :
3332 2031 3435 2087 Vos
3481 2048 3681 2101 semper

2097 2130 2234 2183 dura
2286 2129 2482 2182 cervice
2515 2138 2562 2181 et
2596 2127 2956 2181 incircumcisi
2990 2127 3166 2181 corde.
3219 2124 3366 2178 Patri
3407 2139 3538 2177 vero
3576 2124 3682 2177 Deo

2099 2220 2361 2291 irrogavit
2396 2219 2645 2287 injurias,
2696 2233 2817 2273 cum
2865 2218 3139 2273 convertit
3173 2216 3239 2270 ad
3280 2231 3400 2270 eum
3436 2217 3681 2281 dorsum,

2099 2321 2155 2368 et
2210 2329 2315 2368 non
2372 2313 2564 2367 faciem
2622 2327 2800 2367 suam.
2860 2309 3063 2365 Torum
3124 2320 3305 2363 autem
3362 2309 3681 2363 concubina

2102 2406 2291 2475 polluit
2327 2420 2485 2473 queui
2547 2404 2812 2467 ascendit,
2853 2403 2906 2458 id
2957 2412 3039 2457 est
3102 2403 3271 2473 legem
3333 2401 3534 2456 veteris
3602 2410 3680 2454 te—

2102 2497 2355 2552 stamenti
2407 2510 2569 2566 quam
2599 2510 2741 2563 smpe
2769 2494 3174 2564 prawaricando
3194 2493 3504 2547 maculavit.
3529 2491 3682 2559 Quod

2104 2598 2284 2643 autem
2349 2589 2403 2642 in
2456 2588 2773 2643 concubina:
2830 2601 3059 2657 persona
3119 2586 3205 2639 lex
3249 2585 3450 2639 veteris
3516 2592 3680 2638 testa-

2106 2681 2272 2736 menti
2318 2693 2573 2748 ponatur,
2610 2677 2809 2732 Paulus
2846 2678 3026 2731 docuit
3072 2676 3259 2730 dicens
3288 2678 3333 2708 “
3365 2691 3378 2727 :
3414 2674 3683 2729 Abraham

2105 2778 2236 2828 duos
2261 2772 2399 2842 ﬁlios
2429 2773 2632 2836 habuit,
2670 2788 2831 2823 unum
2855 2770 2918 2825 de
2948 2769 3169 2835 ancilla,
3217 2778 3267 2823 et
3298 2785 3461 2821 unum
3517 2768 3582 2820 de
3617 2766 3683 2819 li-

2108 2867 2251 2919 bera.
2280 2862 2412 2918 Haec
2433 2872 2607 2916 autem
2638 2870 2757 2914 sunt
2801 2862 2907 2914 duo
2937 2871 3276 2915 testamenta.
3309 2859 3364 2913 In
3399 2874 3504 2927 quo
3536 2859 3683 2926 Agar

2106 2970 2227 3025 qua:
2262 2953 2565 3008 concubina
2604 2950 2724 3015 fuit,
2769 2951 2821 3003 in
2856 2950 3060 3005 veteris
3108 2950 3414 3003 testamenti
3464 2947 3684 3017 ponitur

2110 3056 2259 3118 typo.
2310 3045 2429 3101 Una
2459 3043 2662 3098 etenim
2696 3051 2815 3096 erat
2853 3042 3091 3111 perlecta
3124 3041 3372 3095 columba
3404 3039 3683 3106 genitricis

2111 3154 2239 3197 suae.
2276 3151 2395 3205 quas
2430 3139 2582 3204 virgo
2623 3141 2769 3189 casta
2806 3134 2994 3204 regina
3040 3147 3238 3202 sponso
3293 3131 3402 3201 regi
3442 3129 3682 3184 Ecclesia

2096 3244 2193 3299 per
2223 3228 2573 3297 Evangelium
2602 3225 2850 3296 jungitur
2900 3223 3145 3279 Christo.
3197 3222 3303 3277 Sed
3354 3231 3410 3276 et
3460 3219 3684 3275 moratis

2096 3321 2256 3375 nobis
2288 3321 2340 3374 in
2375 3319 2479 3375 hoc
2512 3318 2584 3372 ita
2616 3315 2945 3371 tractabitur
2974 3314 3145 3369 locus.
3177 3313 3370 3368 Ruben
3402 3314 3681 3381 interpre-

2094 3423 2233 3469 tatus
2281 3422 2367 3467 est
2400 3428 2428 3466 a
2485 3411 2806 3479 majoribus,
2844 3411 2987 3478 ﬁlius
3028 3410 3120 3478 qui
3168 3407 3379 3461 videtur
3407 3404 3541 3477 (16),
3580 3404 3682 3460 hoc

2089 3516 2172 3560 est
2204 3503 2432 3559 visibilis
2480 3512 2534 3556 et
2589 3500 2848 3564 carnalis,
2897 3482 3034 3569 ipse,
3070 3499 3259 3560 credo,
3286 3496 3353 3551 de
3398 3510 3505 3565 quo
3547 3495 3682 3550 dicit

2089 3595 2385 3664 Apostolus
2423 3594 2469 3626 "
2509 3608 2524 3646 :
2564 3590 2780 3645 Primus
2812 3591 2967 3644 homo
3009 3590 3074 3643 de
3130 3598 3273 3643 terra
3320 3601 3575 3641 terrenus.
3615 3584 3681 3639 Et

2090 3686 2215 3740 alibi
2256 3684 2306 3716 “
2337 3703 2352 3739 :
2385 3681 2446 3738 Si
2505 3684 2642 3736 enim
2683 3681 2729 3734 is
2779 3680 2871 3746 qui
2915 3679 3123 3733 videtur
3167 3685 3344 3730 noster
3374 3675 3529 3728 homo
3561 3689 3682 3726 cor-

2088 3781 2369 3846 rumpitur,
2398 3780 2485 3831 sed
2513 3777 2599 3847 qui
2622 3776 2764 3829 intus
2796 3784 2870 3828 est
2902 3782 3217 3833 renovatur;
3247 3769 3390 3822 hunc
3419 3766 3673 3821 eumdem

2094 3869 2185 3938 qui
2211 3868 2427 3923 videtur
2469 3865 2797 3920 exteriorem
2835 3863 3114 3917 hominem
3142 3859 3444 3929 appellans.
3485 3856 3550 3910 Et
3577 3856 3677 3908 ite-

2090 3976 2210 4014 rum
2252 3960 2384 4014 dicit
2418 3959 2486 4021 ”,
2517 3958 2642 4027 quia
2678 3972 2781 4010 non
2816 3957 2986 4022 prima
3015 3953 3155 4025 quod
3190 3950 3430 4021 spiritale
3463 3958 3561 4012 est,
3587 3948 3680 4001 sed

2088 4052 2227 4121 quod
2291 4052 2543 4105 animale.
2586 4049 2769 4103 Primo
2818 4062 2948 4117 ergo
3001 4045 3180 4099 omnis
3241 4044 3400 4097 homo
3462 4041 3514 4094 in
3578 4040 3679 4093 hoc

2091 4141 2296 4195 mundo
2328 4140 2624 4194 carnaliter
2658 4139 2811 4203 vivit,
2855 4146 2908 4190 et
2959 4133 3263 4189 secundum
3301 4146 3526 4186 carnem
3560 4144 3679 4182 mo-

2091 4241 2268 4283 vetur.
2302 4231 2370 4283 Et
2417 4230 2626 4298 primus
2679 4239 2763 4283 est
2799 4225 3036 4281 carnalis
3085 4233 3268 4278 motus
3323 4223 3375 4275 in
3425 4219 3678 4287 concupi-

2090 4323 2296 4377 scentia
2328 4321 2587 4386 libidinis,
2617 4322 2705 4389 qni
2732 4334 2854 4373 cum
2898 4317 3087 4386 prima:
3112 4315 3413 4383 iuventutis
3465 4323 3677 4378 tempus

2091 4412 2389 4477 obsederit,
2422 4413 2616 4465 durum
2646 4419 2701 4465 et
2730 4408 3078 4463 temerarium
3118 4404 3278 4460 simul
3325 4413 3378 4457 et
3411 4402 3674 4458 lascivum

2021 4536 2064 4590 Ι)
2087 4504 2344 4573 juvenem
2391 4503 2588 4570 reddit,
2643 4501 3025 4557 ascendentem
3086 4498 3251 4552 etiam
3294 4511 3458 4565 super
3499 4494 3679 4550 cubile

2097 4594 2288 4666 patris,
2336 4603 2392 4650 et
2438 4594 2763 4665 polluentem
2818 4602 2996 4647 torum
3070 4601 3397 4663 paternum,
3454 4588 3507 4643 id
3566 4598 3672 4652 est,

2100 4687 2263 4740 etiam
2322 4694 2589 4756 prmcepta
2619 4695 2674 4740 et
2692 4684 2910 4740 monita
2963 4680 3229 4738 naturalis
3278 4679 3430 4750 legis,
3466 4694 3585 4749 qua:
3620 4678 3672 4733 in

2095 4778 2252 4833 nobis
2276 4789 2359 4833 est
2388 4788 2442 4834 et
2474 4794 2617 4834 nunc
2659 4787 2918 4849 paternus
2962 4786 3113 4831 torus
3148 4774 3372 4837 dicitur,
3423 4770 3677 4842 praevari-

2091 4881 2330 4927 cantem.
2360 4871 2457 4927 Est
2483 4873 2628 4927 enim
2660 4872 2805 4927 intra
2849 4885 2947 4927 nos
2992 4870 3078 4926 lex
3103 4871 3350 4939 qnazdam
3396 4863 3674 4921 naturalis

2090 4980 2210 5034 qua:
2253 4967 2431 5036 arguit
2497 4979 2935 5035 unumquemque
2985 4971 3326 5032 peccantem,
3373 4969 3428 5013 et
3472 4956 3673 5011 malum

2093 5053 2143 5107 ei
2169 5070 2289 5111 esse
2321 5058 2567 5127 suggerit
2592 5057 2737 5127 quod
2780 5055 3072 5124 delinquit.
3112 5051 3303 5108 Cubile
3357 5064 3486 5120 ergo
3539 5046 3675 5116 legis

2202 5171 2244 5202 ’⁸
2267 5170 2377 5227 Jer.
2424 5189 2486 5235 tt,
2515 5173 2608 5228 2t.
2688 5172 2730 5203 ¹⁹
2761 5172 2929 5225 Exod.
2966 5186 3038 5232 tv,
3060 5169 3152 5225 22.

2624 5242 2670 5274 "
2700 5240 2721 5293 ι
2746 5243 2868 5297 Cor.
2895 5257 2985 5306 xv,
3013 5240 3104 5295 46.

3230 5168 3274 5202 ³ο
3302 5168 3407 5224 lsa.
3433 5182 3550 5232 vin,
3586 5165 3672 5218 12.

2086 5428 2175 5495 qui
2202 5428 2440 5481 videtur.
2478 5425 2742 5481 Nimirum
2783 5441 2809 5477 a
2846 5434 2907 5495 τι
2950 5423 3118 5491 ﬁlius,
3153 5430 3202 5477 et
3236 5429 3349 5479 nm
3385 5416 3675 5495 vidit.__ln-

2084 5486 2165 5549 lira
2195 5507 2356 5551 antea
2384 5496 2542 5558 editi,
2576 5498 2667 5551 sed
2698 5497 2786 5567 qui
2825 5486 2968 5567 iittrtt
3025 5505 3120 5567 est,
3176 5497 3455 5543 renovatur
3516 5486 3674 5566 M337,

2084 5570 2174 5620 sed
2197 5570 2287 5638 qui
2318 5568 2460 5619 intus
2485 5578 2560 5622 est
2586 5560 3098 5638 renouatur.__Panlo
3130 5570 3250 5638 post
3296 5572 3455 5617 mss.,
3480 5568 3530 5609 et
3564 5560 3674 5638 pri.

2086 5625 2311 5691 mus'est
2355 5638 2588 5692 carnalis
2617 5648 2805 5691 motus.
2840 5633 3008 5697 Alias,
3054 5639 3099 5683 et
3129 5625 3278 5699 prius
3310 5638 3385 5680 est
3428 5625 3670 5683 carnalis

2086 5717 2277 5762 motus.
2314 5714 2319 5717 '
