4132 6476
459 399 568 456 253

1935 397 2259 457 ORIGENIS

3627 393 3736 451 258

463 518 624 588 hujus
651 524 900 580 temerat,
929 530 992 570 ae
1023 515 1205 570 sedem
1252 513 1450 568 secreti
1497 511 1614 581 ejus
1641 511 1895 577 maculat,
1957 514 2046 585 qui
2080 518 2126 573 Α
2157 509 2482 566 maledictus
2514 507 2686 576 furor,
2724 509 2856 578 quia
2889 507 3218 564 temerarius
3267 517 3369 572 est,
3399 517 3456 562 et
3497 506 3575 561 ira
3618 508 3741 561 illo-

464 622 706 682 praeceps
733 617 785 662 et
817 608 1047 662 infrenis
1085 606 1258 662 fertur
1279 608 1345 661 ad
1381 607 1534 660 vitia.

535 702 588 754 ὅ.
616 697 827 753 Simeon
847 709 892 750 et
913 697 1033 752 Levi
1051 699 1248 767 fratres
1264 700 1593 769 perfecerunt
1619 699 1950 766 iniquitatem
1968 712 2053 750 vo-

463 791 686 844 luntatis
709 807 838 845 suta.
871 790 935 844 In
965 792 1245 847 consilium
1269 809 1449 845 eorum
1479 810 1577 845 non
1605 793 1831 845 introeat
1867 791 2050 844 animo

462 895 666 947 mea,et
692 889 744 938 in
773 887 995 940 consilio
1021 903 1200 940 eorum
1224 901 1324 938 non
1353 885 1654 937 innituntur
1677 884 1872 937 riscera
1897 899 2010 935 mea
2030 924 2044 946 ,

463 980 712 1046 quoniam
739 981 790 1030 in
817 981 897 1029 ira
921 995 1016 1029 sua
1043 977 1346 1029 occiderunt
1373 977 1631 1039 homines,
1658 985 1703 1027 et
1731 976 1785 1027 in
1837 976 2049 1042 cupidi-

462 1081 568 1121 tate
603 1087 699 1121 sua
747 1075 1194 1123 subnervaverunt
1264 1076 1499 1122 taurum.
1541 1066 1858 1122 Maledictus
1903 1069 2055 1134 furor

463 1178 667 1224 eorum,
729 1164 854 1228 quia
919 1163 1232 1216 temerarius
1295 1170 1395 1227 est,
1445 1174 1491 1214 et
1534 1163 1616 1214 ira
1664 1162 1880 1214 illorum
1923 1162 2048 1231 quia

464 1254 720 1307 indurata
756 1265 854 1310 est.
907 1255 1149 1309 Dividam
1195 1254 1313 1308 illos
1363 1255 1416 1308 in
1452 1253 1641 1320 Iacob,
1681 1265 1727 1307 et
1757 1256 2050 1322 dispergant

466 1346 589 1397 illos
638 1345 691 1397 in
725 1344 898 1399 Israel
938 1345 1007 1402 ".
1060 1344 1330 1411 Quantum
1383 1345 1600 1413 quidem
1658 1345 1724 1396 ad
1771 1345 2052 1398 historiam

469 1437 734 1505 pertinet,
766 1437 982 1490 videtur
1021 1437 1150 1490 illud
1189 1451 1375 1490 eorum
1420 1437 1644 1506 culpare
1678 1438 2053 1504 commissum,

465 1528 610 1597 quod
647 1529 865 1582 Emmor
891 1529 1060 1582 lilium
1087 1528 1331 1593 Sichcm,
1357 1529 1446 1598 qui
1475 1539 1594 1596 post
1638 1530 1842 1583 sororis
1867 1546 2052 1582 eorum

467 1619 820 1673 concubitum
860 1619 1080 1672 familia!
1132 1618 1294 1673 Israel
1335 1621 1580 1673 voluerat
1611 1622 1833 1684 sociari,
1869 1621 2055 1675 lrand'e

469 1721 525 1765 et
560 1711 1026 1766 circutnventione
1069 1712 1414 1781 jugularunt,
1473 1722 1635 1778 atque
1684 1729 1878 1768 omnes
1937 1713 2057 1780 ejus

471 1805 696 1873 populos
731 1814 1112 1872 peremerunt;
1159 1805 1374 1872 quando
1403 1815 1456 1858 et
1485 1805 1702 1858 dicebat
1747 1806 1826 1859 eis
1889 1806 2054 1860 Israel

475 1907 630 1963 pater
676 1912 902 1958 eorum,
955 1897 1079 1964 quia
1139 1896 1383 1950 odibilem
1453 1914 1532 1950 me
1589 1898 1788 1965 fecistis
1842 1899 1896 1952 in
1956 1901 2055 1951 Itoc

470 1986 667 2038 mundo
693 1986 773 2049 ’⁷;
809 1985 1157 2041 maledicutm
1194 2002 1384 2041 eorum
1439 1988 1606 2042 furori
1650 1990 2057 2058 temeritatique

472 2076 836 2144 imprecatur,
871 2088 926 2132 et
965 2079 1282 2133 dividendus
1331 2093 1424 2133 eos
1463 2095 1560 2149 per
1591 2080 1846 2148 populum
1891 2080 2055 2136 Israel

470 2181 842 2240 protestatur;
893 2185 1082 2243 utpore
1137 2191 1205 2229 ex
1257 2173 1388 2243 ipsis
1429 2175 1624 2231 levitas
1652 2186 1705 2230 et
1747 2179 2060 2234 sacerdotes

468 2263 704 2327 futuros,
739 2266 827 2334 qui
868 2277 1015 2320 sorte
1044 2274 1245 2320 terram
1284 2267 1560 2336 propriam
1591 2283 1696 2321 non
1728 2269 2058 2326 habuerunt.

470 2353 748 2424 Spiritalis
771 2367 950 2412 autem
975 2358 1146 2413 dehis
1169 2360 1481 2428 explanatio
1507 2359 1631 2413 talis
1657 2361 1788 2414 mihi
1811 2361 2057 2431 quzedam

467 2462 628 2518 posse
648 2449 860 2504 videtur
880 2460 1000 2520 apta
1011 2452 1074 2516 ri,
1095 2454 1236 2521 quod
1259 2451 1479 2508 Simeon
1497 2463 1548 2506 et
1565 2452 1719 2520 Levi,
1739 2453 2057 2510 Scribarum

469 2550 523 2592 et
546 2538 946 2596 Pharismorum
983 2542 1194 2598 Iudaici
1227 2543 1407 2613 populi
1440 2545 1652 2613 possint
1688 2547 1835 2600 ferre
1873 2561 2062 2614 perso-

474 2649 619 2697 nam,
654 2635 721 2688 de
770 2635 967 2702 quibus
997 2636 1199 2690 dictum
1233 2646 1319 2691 est
1362 2637 1407 2669 ’⁸
1441 2654 1454 2690 :
1485 2636 1780 2692 Consilium
1829 2637 2062 2702 fecerunt

472 2723 678 2780 Scriba:
697 2735 744 2780 et
779 2725 1035 2780 Pharisa'i
1058 2737 1113 2780 ut
1133 2728 1315 2782 Iesum
1343 2736 1595 2793 tenerent,
1617 2729 1683 2782 de
1711 2745 1818 2796 quo
1836 2728 2063 2783 consilio

471 2812 604 2871 dicit
639 2827 866 2872 sanctus
893 2820 983 2888 qui
1018 2830 1196 2874 mente
1228 2819 1396 2874 Deum
1427 2821 1644 2874 videbat
1691 2823 1734 2853 ²⁹
1769 2839 1782 2875 :
1820 2820 1886 2875 In
1935 2837 2065 2874 con-

469 2908 649 2962 silium
675 2924 855 2960 eorum
886 2926 987 2962 non
1015 2910 1242 2963 introeat
1269 2908 1448 2963 anima
1474 2926 1608 2965 mea.
1633 2909 1810 2965 Falsis
1835 2910 2064 2966 teSIibus

474 2999 735 3056 adhibitis
767 3000 924 3070 107
948 2999 1601 3056 comiemnabantlesum.
1625 2999 1770 3065 Non,
1793 3001 1990 3071 inquit,
2009 3002 2064 3055 in

473 3092 693 3146 consilio
717 3109 895 3146 eorum
924 3094 1222 3146 innituntur
1252 3093 1450 3147 viscera
1496 3111 1635 3149 mea.
1675 3093 1791 3150 Non
1834 3095 1926 3149 tibi
1961 3096 2064 3151 hoc

2157 619 2300 668 rum,
2331 603 2458 670 quia
2484 601 2732 656 indurata
2752 611 2856 660 est.
2893 601 3140 656 Dividam
3183 600 3305 654 illos
3346 601 3398 654 in
3441 597 3642 662 .lncob,
3686 611 3735 654 et

2153 696 2452 764 dispergam
2481 710 2567 748 eos
2585 697 2641 748 in
2674 692 2868 748 Israel.
2901 695 3203 749 Videndum
3244 704 3328 750 est
3371 707 3439 747 ne
3487 693 3626 744 forte
3654 691 3738 744 di-

2154 789 2292 842 visio
2327 789 2426 842 ista
2459 803 2579 858 quae
2639 789 2725 842 hic
2773 798 3258 847 commemoratur,
3295 787 3414 840 talis
3452 787 3520 839 sit
3557 783 3739 854 qualis

2154 893 2208 937 et
2247 883 2334 935 illa
2367 882 2432 935 de
2466 897 2571 948 qua
2642 881 2694 934 in
2752 879 3043 947 Evangelio
3089 880 3293 933 dicitur
3329 877 3394 944 “,
3449 879 3572 946 quia
3611 893 3736 929 eum

2155 977 2365 1028 Venerit
2406 975 2659 1028 dominus
2687 974 2829 1024 Servi
2866 973 3029 1037 illius,
3068 972 3262 1024 dividet
3315 987 3457 1035 eum,
3497 983 3735 1037 portent-

2157 1083 2254 1138 que
2279 1066 2420 1162 illiqs
2453 1083 2570 1119 cum
2597 1065 2894 1133 inﬁdelibus
2929 1074 3103 1132 ponet,
3136 1064 3216 1116 vel
3253 1073 3422 1126 certe,
3461 1073 3515 1114 ut
3552 1062 3736 1113 audivi

2157 1152 2446 1224 quemdam
2493 1172 2559 1210 ex
2606 1155 2814 1208 sanctis
2867 1154 3122 1207 Pttll‘lillls
3169 1154 3555 1213 disserentem,
3609 1152 3736 1219 quia

2159 1248 2353 1302 divisio
2381 1249 2541 1301 simul
2577 1257 2631 1302 et
2670 1249 2938 1316 dispersio
2976 1245 3311 1304 nominatur,
3349 1261 3444 1313 pro
3492 1261 3557 1298 eo
3598 1243 3739 1310 quod

2159 1339 2400 1393 nonnulli
2433 1355 2498 1393 ex
2534 1339 2666 1409 ipsis
2700 1340 2927 1393 Domino
2951 1339 3327 1398 crediderunt,
3364 1349 3417 1392 et
3452 1338 3540 1392 alii
3572 1339 3620 1390 in
3661 1337 3743 1390 in-

2161 1432 2421 1485 fidelitate
2455 1442 2903 1502 permanserunt,
2960 1433 3118 1486 divisi
3163 1433 3418 1486 dicantur
3461 1432 3512 1484 hi
3558 1431 3647 1500 qui
3675 1430 3743 1483 ab

2160 1525 2242 1578 eis
2269 1535 2614 1592 separantur,
2649 1535 2705 1579 et
2731 1527 2952 1580 veniunt
2990 1527 3055 1579 ad
3091 1527 3274 1589 fidem,
3322 1535 3378 1580 et
3422 1524 3650 1592 dispersi
3690 1524 3740 1576 hi

2159 1633 2390 1687 quorum
2421 1620 2593 1688 patria
2626 1620 2934 1689 temploque
2988 1635 3084 1690 per
3118 1620 3305 1674 urbem
3353 1627 3511 1672 terrae
3561 1618 3741 1670 incre-

2161 1711 2346 1764 dulum
2408 1710 2744 1780 dispergitur
2808 1727 2981 1781 genus
3055 1710 3190 1782 (Π).
3268 1709 3496 1764 Videtur
3546 1720 3599 1763 et
3650 1723 3745 1777 per

2166 1803 2314 1872 ipsos
2349 1803 2656 1872 tripartitns
2687 1804 2792 1858 iste
2821 1815 2999 1858 motus
3035 1803 3205 1857 totius
3239 1799 3742 1869 aninuedesignari.

2088 1873 2130 1928 Β
2160 1895 2216 1949 1η
2254 1895 2450 1966 quibus
2505 1895 2694 1950 Ruben
2733 1908 2917 1951 servat
2955 1897 3183 1965 primam
3240 1905 3423 1949 notam
3458 1894 3746 1959 sanguinis

2159 2002 2281 2042 Cum
2314 1986 2518 2040 macula
2549 1987 2727 2040 ell'usi.
2762 1987 3064 2042 Secundam
3097 1988 3199 2040 ira!
3245 1985 3324 2038 vel
3367 1984 3574 2039 furoris
3617 1999 3744 2054 spe-

2159 2081 2300 2136 ciem
2343 2088 2491 2134 tenet
2537 2082 2779 2142 Simeon,
2826 2082 2917 2150 qui
2951 2092 3004 2135 ct
3035 2079 3148 2149 ipse
3177 2095 3241 2131 ex
3281 2078 3481 2132 furor-is
3509 2076 3624 2144 ejus
3651 2076 3746 2130 dc-

2163 2183 2502 2227 tnOnstratur
2533 2173 2854 2242 opprobrio.
2883 2171 3126 2227 Tertiam
3176 2173 3409 2226 formam
3465 2179 3643 2223 motus
3674 2169 3751 2222 ira

2161 2265 2503 2320 rationabilis
2541 2274 2686 2319 tenet
2715 2263 2864 2327 Levi,
2897 2265 3095 2334 quippe
3123 2263 3210 2318 cui
3242 2263 3406 2317 etiam
3436 2262 3606 2330 legem
3639 2275 3752 2315 ser-

2162 2373 2294 2412 vare
2324 2359 2647 2429 permissum
2679 2367 2784 2412 est.
2823 2355 2929 2411 llas
2971 2371 3104 2423 ergo
3147 2366 3258 2410 tres
3291 2355 3504 2424 species
3533 2353 3749 2408 videtur

2163 2451 2294 2505 mihi
2322 2451 2503 2504 omnis
2527 2465 2695 2519 prope
2729 2450 2909 2503 anima
2937 2464 3060 2517 quze
3101 2448 3154 2501 in
3186 2449 3328 2502 hunc
3366 2447 3625 2501 mundum
3657 2460 3751 2501 ve-

2164 2540 2246 2596 nit
2297 2540 2492 2610 primis
2556 2539 2797 2594 motibus
2854 2539 3198 2608 culpabiliter
3237 2553 3420 2608 agere,
3465 2551 3752 2606 usquequo

2163 2643 2514 2703 peccatorum
2547 2632 2696 2686 vitiis
2721 2641 3056 2700 praegravata
3085 2640 3141 2684 et
3187 2630 3454 2686 malorum
3493 2631 3754 2686 societate

2166 2725 2330 2792 fessa,
2357 2728 2423 2780 ad
2451 2726 2627 2780 locum
2651 2727 2828 2795 possit
2870 2723 3209 2793 paenitentiae
3239 2724 3548 2794 pervenire.
3579 2720 3754 2778 Judas

2164 2816 2309 2871 enim
2354 2823 2474 2886 post
2522 2816 2636 2870 hinc
2689 2817 2961 2884 sequitur,
3011 2814 3105 2882 qui
3157 2823 3354 2884 purgat
3386 2811 3751 2868 confessionis

2165 2917 2411 2980 peccata,
2465 2909 2590 2978 quia
2645 2906 2816 2962 Judas
2866 2907 3130 2977 confessio
3186 2907 3586 2978 interpretatur
3634 2905 3750 2976 (£8)

2167 2997 2350 3068 lingua
2385 2997 2634 3054 Hebraaa.

2238 3091 2292 3145 4.
2330 3091 2418 3146 Ait
2455 3106 2586 3161 ergo
2613 3093 2658 3126 ³³⁵
2692 3111 2705 3148 :
2736 3089 2906 3152 Iuda,
2954 3100 3002 3144 te
3049 3089 3351 3144 collaudent
3403 3089 3598 3160 fratres
3648 3089 3750 3154 tui,

474 3185 688 3240 videtur
715 3186 895 3240 dicere
919 3186 966 3217 ³⁸
999 3204 1012 3240 :
1052 3184 1287 3240 Mundus
1312 3203 1408 3256 ego
1438 3203 1554 3241 sum
1587 3204 1618 3240 a
1653 3188 1911 3258 sanguine
1927 3189 2063 3256 justi
2091 3213 2134 3271 ο
2169 3202 2356 3239 manus
2389 3195 2497 3240 tua:
2523 3201 2683 3255 super
2752 3186 2970 3238 dorsum
3012 3183 3347 3236 inimicorum
3381 3193 3617 3236 tuorum.
3651 3182 3757 3238 Po-

474 3278 659 3345 hujus.
693 3284 922 3332 nmndus
949 3293 1048 3346 ego
1079 3294 1198 3333 sum
1228 3294 1258 3332 a
1289 3279 1563 3334 sententia
1597 3295 1763 3349 quant
1799 3279 2056 3336 decerni-

473 3369 544 3424 tis
583 3371 842 3423 adversus
890 3370 1264 3425 innocentem?
1299 3371 1438 3436 Quia
1470 3372 1527 3425 in
1568 3371 1650 3425 ira
1684 3389 1807 3439 sua,
1865 3374 2062 3442 inquit,

472 3461 778 3514 occiderunt
806 3463 1063 3525 homines,
1103 3473 1151 3516 et
1195 3463 1252 3516 in
1301 3464 1597 3526 cupiditate
1631 3480 1730 3517 sua
1773 3465 2068 3520 subnerva-

473 3561 656 3604 verunt
687 3562 921 3606 taurum.
954 3552 1204 3620 Requiro
1242 3569 1382 3622 quos
1430 3554 1684 3610 homines
1713 3555 2065 3620 occiderunt,

475 3656 599 3698 cum
656 3655 864 3697 certum
917 3645 985 3698 sit
1023 3651 1151 3697 ante
1182 3643 1489 3712 passionem
1532 3644 1746 3699 Domini
1793 3632 2065 3700 neminem

477 3733 818 3788 credentium
872 3750 991 3790 esse
1044 3735 1292 3803 punitum
1323 3776 1337 3798 ,
1389 3735 1494 3789 nisi
1555 3736 1696 3791 forte
1748 3737 1874 3807 quis
1931 3737 2067 3807 ipsis

479 3823 721 3877 ascribat
751 3826 913 3878 etiam
961 3827 1279 3894 sanguinem
1328 3826 1766 3894 prophetarum;
1813 3829 1968 3894 quia,
2009 3837 2066 3883 ut

478 3913 611 3965 dicit
668 3913 929 3968 Dominus
987 3915 1054 3981 δι,
1091 3917 1406 3985 asanguine
1441 3915 1572 3971 Abel
1600 3916 1734 3983 justi
1790 3933 1964 3988 usque
1998 3919 2066 3973 ad

480 4007 799 4074 sanguinem
835 4007 1114 4061 Zacharias
1138 4009 1317 4062 omnis
1345 4008 1436 4077 qui
1463 4006 1671 4063 eil'usus
1719 4017 1805 4064 est
1846 4009 2070 4080 sanguis

472 4097 746 4166 j'tstorum
784 4099 851 4152 ab
895 4100 1008 4168 ipsa
1056 4100 1407 4170 generatione
1458 4099 1792 4169 requiratur.
1849 4102 1955 4157 Sed
1987 4103 2071 4156 vi-

482 4187 705 4243 deamus
746 4206 812 4244 ne
860 4189 996 4246 forte
1035 4199 1081 4248 et
1121 4191 1244 4246 illos
1288 4193 1538 4249 homines
1580 4194 1889 4250 occiderint
1928 4210 2070 4264 quos

481 4295 869 4351 persuaserunt
907 4287 1148 4342 clamare
1179 4289 1223 4320 ”
1259 4307 1272 4344 :
1311 4287 1544 4359 Sanguis
1590 4290 1738 4344 illius
1776 4306 1937 4360 super
1972 4306 2068 4344 nos

477 4387 527 4429 et
557 4394 715 4446 super
748 4379 885 4448 ﬁlios
922 4391 1148 4435 nostros.
1181 4381 1248 4435 Et
1286 4385 1338 4436 in
1362 4386 1659 4454 cupiditate
1703 4401 1802 4438 sua
1846 4384 2070 4438 subner-

480 4479 725 4522 uaverunt
758 4479 986 4524 taurum.
1025 4471 1266 4526 Taurum
1304 4475 1566 4544 appellari
1624 4474 1816 4529 Filium
1854 4475 1945 4529 Dei
1988 4473 2070 4528 le-

2171 3287 2277 3332 test
2309 3278 2414 3332 hoc
2466 3277 2552 3332 vel
2598 3277 2664 3330 ad
2718 3290 2898 3346 Ipsum
2946 3271 3163 3338 ludam,
3209 3274 3290 3328 vel
3343 3276 3409 3328 ad
3443 3289 3536 3328 eos
3561 3275 3651 3343 qni
3689 3289 3754 3328 ex

2170 3371 2340 3440 ipsius
2365 3369 2618 3424 videntur
2646 3384 2770 3423 esse
2803 3369 3071 3438 progenie
3114 3366 3334 3428 referri,
3374 3367 3466 3432 qui
3523 3381 3752 3435 regnum

2169 3463 2345 3531 gentis
2379 3461 2523 3515 illius
2571 3462 3016 3516 administramus
3056 3459 3408 3514 inimicorum
3453 3468 3608 3527 terga
3658 3457 3756 3512 do-

2171 3561 2444 3610 muerant.
2485 3552 2591 3608 Sed
2625 3553 2755 3608 etin
2789 3553 3010 3609 Christo
3067 3560 3441 3622 competenter
3489 3551 3758 3620 accipitur

2174 3646 2267 3715 qui
2302 3661 2329 3699 a
2362 3645 2625 3700 fratribus
2652 3644 2787 3708 suis,
2837 3645 2888 3698 id
2928 3654 3009 3699 est
3053 3644 3121 3699 ab
3164 3645 3433 3713 apostolis
3465 3661 3602 3713 quos
3634 3640 3756 3714 ipse

2172 3738 2372 3794 fratres
2399 3739 2450 3792 in
2485 3737 2782 3809 Evangelio
2805 3738 3128 3800 nominavit,
3163 3738 3359 3791 merito
3387 3737 3758 3792 collaudatur:

2173 3828 2378 3884 inimici
2418 3843 2546 3884 vero
2580 3828 2699 3894 ejus
2721 3843 2888 3897 super
2923 3844 3157 3897 quorum
3195 3828 3359 3882 dorsa
3409 3844 3602 3883 manus
3642 3828 3757 3896 ejus

2171 3931 2277 3987 est,
2311 3922 2383 3976 illi
2411 3922 2786 3990 intelliguntur
2813 3937 2950 3991 quos
2971 3919 3134 3975 Pater
3167 3921 3441 3988 promittit
3467 3922 3566 3975 sub
3594 3922 3758 3989 pedes

2172 4015 2289 4084 ejus
2320 4030 2380 4070 se
2407 4017 2732 4085 positurum,
2770 4015 2960 4069 dicens
2992 4013 3038 4044 ³⁸
3076 4034 3086 4068 :
3128 4012 3319 4067 Sedea
3359 4013 3563 4066 dextris
3604 4015 3756 4076 meis,

2173 4111 2336 4162 donec
2385 4125 2578 4176 ponam
2617 4106 2860 4162 inimicos
2908 4115 3028 4160 tuos
3068 4107 3164 4159 sub
3195 4107 3417 4174 pedibus
3453 4108 3582 4163 tuis.
3619 4109 3759 4162 Sunt

2172 4214 2306 4271 ergo
2341 4199 2571 4262 inimici,
2605 4198 2778 4253 donec
2840 4197 3106 4253 increduli
3147 4207 3274 4252 sunt
3310 4210 3365 4253 et
3405 4200 3671 4261 infideles,
3705 4207 3760 4252 et

2176 4296 2297 4350 ideo
2328 4293 2616 4348 caeduntur
2650 4291 2704 4346 in
2757 4301 2912 4360 tergo
2969 4291 3060 4360 qui
3105 4300 3456 4362 posteaquam
3505 4291 3756 4346 conversi

2175 4383 2381 4438 fuerint
2433 4380 2742 4436 eﬂiciuntnr
2783 4381 3004 4448 fratres,
3040 4393 3095 4436 et
3139 4382 3457 4437 collatulaut
3504 4398 3626 4436 eum
3657 4382 3750 4452 qui

2174 4488 2268 4528 eos
2299 4474 2352 4527 in
2378 4473 2720 4541 adoptionem
2757 4469 2935 4526 Patris
2971 4483 3195 4527 vocatos
3235 4473 3336 4527 sibi
3371 4484 3424 4528 et
3446 4473 3758 4527 cobmredes

420 4609 424 4613 .
482 4559 660 4625 gimus
697 4560 749 4612 in
791 4560 1198 4629 Scripturarmn
1225 4563 1436 4634 figuris,
1487 4566 1746 4620 nimirum
1798 4566 1852 4619 iu
1897 4565 2068 4618 Evan—
2096 4553 2145 4610 D
2175 4561 2304 4616 fecit
2334 4573 2387 4616 ct
2414 4561 2631 4615 fratres.
2671 4560 2815 4616 Bene
2853 4572 3036 4617 autem
3071 4573 3224 4633 terga
3251 4563 3593 4618 inimicorum
3625 4563 3756 4616 (aedi

481 4648 738 4718 gelio,nhi
768 4652 1026 4720 scriptum
1059 4663 1239 4707 estex
1277 4669 1509 4723 persona
1555 4657 1647 4710 filii
1694 4657 1934 4712 senioris
1981 4655 2068 4708 di-

481 4742 655 4794 centis
689 4741 754 4794 ad
793 4753 996 4810 patrem
1025 4743 1069 4775 ³³
1105 4763 1117 4798 :
1153 4744 1268 4815 Ego
1289 4764 1495 4817 semper
1522 4758 1694 4803 tecum
1716 4749 1817 4817 fui,
1842 4756 1889 4800 et
1919 4762 2068 4799 man-

482 4833 662 4885 datum
693 4842 838 4886 tuum
866 4852 1130 4906 nunquam
1156 4839 1439 4907 prtcterivi,
1475 4850 1520 4893 et
1556 4855 1822 4909 nunquam
1869 4837 2062 4891 dedisti

483 4923 611 4974 mihi
636 4925 842 4978 [nedum
874 4937 928 4979 ut
955 4943 1072 4980 cum
1101 4929 1286 4983 amicis
1316 4933 1443 4984 meis
1483 4933 1747 4997 epularer.
1801 4928 1931 4982 Cum
1966 4945 2065 4982 au-

481 5024 584 5066 tem
618 5017 749 5067 venit
787 5016 929 5083 ﬁlius
956 5026 1078 5071 tuus
1106 5019 1192 5072 hic
1229 5021 1440 5090 junior,
1467 5022 1557 5091 qui
1603 5020 1911 5086 dilapidauit
1952 5034 2070 5072 om-

411 5155 416 5158 .
483 5120 600 5158 nem
632 5107 978 5162 substantiam
1010 5129 1182 5176 suam,
1211 5113 1454 5166 occidisti
1499 5114 1546 5167 ei
1588 5112 1809 5166 ritulum
1849 5114 2069 5182 sagina-

482 5207 617 5255 tum.
645 5200 809 5253 Istum
842 5215 970 5270 ergo
997 5212 1209 5257 taurum
1244 5205 1358 5259 sive
1396 5206 1625 5258 vitulum
1673 5202 1908 5257 consilio
1965 5216 2066 5257 suo

485 5285 693 5342 Scriba;
729 5297 785 5343 et
812 5287 1073 5346 Pharisaei
1104 5295 1471 5350 subnervasse
1494 5295 1791 5358 dicuntur;
1832 5308 2064 5362 quorum

557 5427 603 5458 "
650 5429 848 5487 ches.
893 5449 1035 5496 sus,
1095 5433 1150 5497 5,
1210 5435 1265 5498 6,
1315 5435 1367 5500 7,
1416 5435 1468 5490 8.

485 5510 656 5560 mvu,
681 5500 772 5557 ⁸24.
850 5505 893 5535 ²¹
924 5503 1106 5557 Matth.
1137 5520 1292 5558 χχιιι.
1322 5505 1411 5560 55.
1487 5505 1529 5535 ³¹
1556 5504 1740 5558 Matth.
1775 5521 1940 5562 xxvtt.
1969 5504 2060 5557 25.

484 5564 538 5621 8.
619 5570 662 5600 ³⁸
695 5573 839 5627 Psal.
876 5588 992 5640 clx,
1033 5574 1088 5628 2.
1167 5575 1208 5606 ³⁷
1239 5574 1438 5630 Jerem.
1469 5590 1532 5641 tt,
1570 5573 1660 5629 27.

561 5690 673 5759 (l7)
698 5693 868 5751 Alias.
901 5711 1122 5760 quorum
1174 5693 1349 5761 patria
1405 5702 1676 5763 totumque
1727 5709 1818 5760 per
1869 5693 2063 5747 orbem.

491 5759 559 5814 At
599 5777 727 5813 mss.
765 5773 816 5812 ut
850 5759 1122 5819 innoSIro
1155 5759 1325 5820 textu.

568 5833 678 5900 με)
710 5833 876 5884 .ltttlna
930 5834 1202 5889 eottfessio
1253 5837 1628 5903 interpretatur
1665 5852 1691 5888 a
1756 5834 1931 5890 radice
1975 5842 2069 5891 .‘f‘l’

1547 5435 1592 5467 ’⁷
1618 5434 1812 5489 Cenes.
1845 5449 2031 5497 rxxtv,
2061 5433 2150 5490 50.
2225 5433 2271 5466 ³⁸
2302 5433 2487 5488 Matth.
2526 5449 2672 5488 xxvi.

1556 5504 1740 5558 Matth.
1775 5521 1940 5562 xxv".
1969 5504 2060 5557 25.
2141 5503 2188 5535 ³³
2220 5504 2349 5561 Luc.
2370 5521 2460 5569 XV,
2493 5505 2580 5571 ‘29,
2608 5504 2697 5558 δυ.

1737 5575 1782 5606 ³⁸
1809 5575 2006 5631 Genes.
2038 5590 2185 5639 χιιι,
2214 5575 2268 5629 8.

2176 4653 2314 4706 dixit
2340 4668 2370 4706 a
2397 4652 2638 4706 Christo.
2675 4653 2877 4709 Omnes
2911 4655 3059 4708 enim
3101 4658 3194 4724 qui
3249 4655 3557 4709 adorabant
3594 4655 3757 4717 idola,

2179 4755 2326 4814 terga
2365 4742 2568 4798 dabant
2595 4743 2701 4798 Deo
2728 4762 2741 4799 :
2767 4749 2910 4800 sicut
2942 4757 2998 4801 et
3019 4761 3116 4814 per
3148 4747 3464 4816 prophetam
3501 4747 3760 4801 Dominus

2172 4836 2468 4902 exprobrat
2499 4835 2684 4889 dicens
2716 4834 2759 4865 ³⁷
2792 4853 2805 4889 :
2840 4834 2945 4900 Qui
2982 4846 3346 4890 converterunt
3389 4839 3460 4889 ad
3487 4853 3566 4890 me
3601 4839 3762 4890 dorsa

2170 4941 2268 4980 sua
2298 4938 2346 4979 et
2374 4943 2476 4978 non
2513 4925 2723 4995 faciem.
2762 4925 2886 4981 Hinc
2926 4942 3058 4996 ergo
3089 4930 3250 4982 dorsa
3291 4929 3470 4992 caalit,
3517 4939 3574 4982 ut
3620 4945 3758 4984 cono

2173 5020 2317 5072 versi
2355 5019 2648 5088 aliquando
2672 5029 2820 5090 terga
2851 5019 2984 5074 dent
3007 5021 3190 5084 idolis,
3225 5030 3279 5074 et
3324 5019 3519 5074 faciem
3543 5030 3759 5090 erigant

2178 5111 2244 5164 ad
2277 5111 2465 5174 Deum,
2513 5121 2566 5165 et
2603 5111 2813 5165 faciant
2871 5112 2974 5164 hoc
3003 5114 3146 5181 quod
3198 5111 3250 5164 in
3295 5112 3762 5181 consequentibus

2177 5202 2442 5271 scriptum
2473 5213 2557 5258 est
2596 5203 2642 5234 "
2673 5220 2686 5256 :
2719 5203 2783 5257 Et
2814 5205 3034 5258 adorent
3067 5211 3114 5256 te
3135 5203 3236 5269 ﬁlii
3265 5205 3436 5270 patris
3475 5204 3572 5257 tui.
3611 5203 3761 5258 Tunc

2172 5293 2316 5346 enim
2341 5308 2463 5348 eum
2497 5295 2750 5357 adorant,
2789 5311 2914 5350 cum
2965 5295 3058 5349 lilii
3093 5292 3274 5348 Patris
3314 5295 3520 5350 fuerint
3559 5294 3759 5361 effecti,

2225 5433 2271 5466 ³⁸
2302 5433 2487 5488 Matth.
2526 5449 2672 5488 nvi.
2705 5433 2758 5487 ει.
2841 5434 2890 5466 ⁸⁹
2917 5433 3115 5488 Genes.
3159 5447 3307 5488 χιιι.
3336 5433 3392 5485 6.
3497 5434 3544 5466 ³⁸
3566 5433 3760 5488 Matth.

3305 5504 3350 5535 ³³
3370 5502 3569 5558 Cenes.
3600 5519 3744 5561 χιιι.

2841 5434 2890 5466 ⁸⁹
2917 5433 3115 5490 Genes.
3159 5447 3307 5498 ms,
3336 5431 3392 5485 6.

2774 5505 2818 5536 ⁸³
2850 5505 2980 5560 Luc.
3003 5519 3105 5569 xtl,
3138 5503 3230 5559 4‘5.

2179 5710 2300 5758 qum.
2339 5694 2390 5746 in
2433 5693 2614 5760 lliphil
2650 5702 2808 5748 sonat
2853 5692 3109 5761 confiteri.
3162 5690 3304 5745 Infra
3346 5689 3758 5758 editi,Regnum

2179 5768 2342 5834 g-wtis
2376 5765 2518 5817 illius
2552 5766 2930 5818 ministrantes.
2967 5763 3120 5825 Mss,
3157 5762 3609 5814 administrant“.
