4132 6472
409 352 517 408 ξδ’

1625 358 1688 412 IN
1730 355 2029 413 GENESIM
2065 355 2348 412 llOMlLlA
2387 354 2547 410 XVII.

3559 363 3663 419 353

415 480 469 522 et
500 468 759 540 Spiritum
799 470 1100 537 adoptionis
1128 474 1459 543 acceperint,
1493 475 1543 529 in
1576 492 1683 546 quo
1709 476 1941 531 clamem
1969 493 1983 530 :
2016 479 2059 534 A
2090 475 2411 529 ostenditur.
2453 473 2558 529 Sed
2592 476 2869 530 videatnu;
2917 493 3085 545 quare
3118 489 3171 531 ut
3215 479 3297 532 leo
3325 491 3378 532 ct
3419 489 3475 531 nt
3510 495 3665 535 catu-

414 560 558 613 Abba
606 570 750 628 pater
789 560 850 611 ³⁹.
885 559 1051 613 Nemo
1091 562 1235 614 enim
1287 564 1419 616 dicit
1473 563 1755 620 Dominum
1804 566 1985 619 Iesum

412 652 517 706 uisi
551 653 605 703 iu
644 650 847 719 Spiritu
888 662 1070 703 sancto
1104 652 1175 706 ⁵ο.
1227 652 1329 706 Iste
1363 670 1545 709 sermo
1590 659 1748 723 paulo
1801 659 1989 711 durius

419 745 650 797 rel'ertur
675 744 741 797 ad
774 741 989 805 Judam,
1023 744 1123 798 nisi
1164 745 1388 799 abusive
1439 748 1686 801 dicamus
1730 750 1988 805 adoratos

414 851 535 889 esse
564 836 716 905 quasi
758 850 908 904 reges
942 852 969 888 a
1026 836 1284 890 fratribus
1321 839 1452 900 suis,
1491 842 1542 892 id
1589 850 1671 895 cst
1708 856 1737 894 a
1776 844 1987 897 caeteris

414 928 828 989 c0utrihulibus.
859 929 998 981 ﬁlios
1023 926 1200 981 Juda.‘

484 1018 535 1072 5.
572 1018 791 1072 Catulus
822 1020 986 1073 leonis
1016 1018 1184 1082 Juda,
1217 1019 1279 1072 de
1310 1023 1543 1089 germine
1564 1023 1677 1091 ejus
1704 1026 1939 1079 ascendit
1966 1043 1985 1080 :

417 1114 667 1163 recubans
702 1109 945 1162 dormisti
984 1110 1115 1161 sicut
1155 1108 1256 1173 leo,
1291 1124 1336 1163 et
1367 1114 1501 1165 sicut
1558 1115 1764 1169 catulus
1796 1117 1984 1173 leonis.

418 1201 551 1265 Quis
577 1202 848 1255 suscitabit
886 1218 1004 1253 eum
1052 1200 1128 1255 “'2
1177 1200 1229 1253 lu
1285 1203 1366 1255 his
1407 1205 1688 1259 versiculis
1730 1224 1833 1259 non
1873 1207 1984 1274 jam

415 1293 817 1356 concludimur,
853 1294 947 1348 sed
980 1308 1118 1360 pene
1159 1296 1498 1350 excludimur
1531 1316 1543 1350 :
1580 1315 1702 1350 nam
1747 1300 1984 1352 catulum

416 1384 587 1438 leonis
613 1386 657 1439 si
690 1400 951 1453 ponamus
974 1384 1164 1438 Judatu
1192 1388 1297 1441 dici
1330 1403 1487 1456 posse
1516 1404 1613 1456 pro
1640 1391 1839 1443 virtute
1869 1391 1984 1444 hel-

417 1480 579 1542 laudi.
613 1481 887 1548 quomodo
916 1482 1208 1549 exponitur
1230 1483 1370 1549 quod
1412 1483 1476 1535 de
1500 1484 1743 1550 germine
1772 1482 1887 1550 ejus
1914 1485 1989 1536 di-

418 1572 561 1625 citur
593 1571 938 1625 ascendisse?
960 1571 1193 1626 Germen
1218 1583 1403 1627 autem
1434 1573 1521 1625 hic
1559 1573 1609 1625 in
1650 1574 1837 1628 Graeco
1862 1572 1988 1643 βλα-

414 1663 537 1724 στός
568 1663 767 1715 dicitur
796 1660 933 1730 (l9),
975 1660 1115 1726 quod
1145 1661 1320 1730 magis
1357 1662 1641 1730 virgultum
1682 1663 1760 1716 vel
1807 1679 1987 1716 ramus

413 1756 615 1810 rectius
672 1756 1084 1821 interpretatur,
1129 1754 1219 1823 qui
1264 1754 1332 1808 de
1388 1755 1574 1808 radice
1625 1755 1983 1825 repullulare,

409 1846 495 1901 vel
524 1850 589 1901 de
624 1848 742 1915 ipso
776 1847 972 1899 robore
1010 1848 1221 1900 arboris
1248 1847 1405 1901 solet.
1441 1846 1518 1900 Es
1569 1863 1675 1916 quo
1709 1863 1839 1919 ergo
1876 1849 1987 1901 vir-

409 1937 577 2007 gulto,
609 1936 690 1988 vel
724 1952 787 1990 ex
815 1953 921 2005 quo
982 1954 1127 1990 ramo
1177 1935 1342 1991 Judas
1381 1940 1690 1993 aseendisse
1736 1939 1985 1994 dicitur?

411 2028 492 2083 vel
518 2028 786 2097 quomodo
817 2031 1137 2083 recumbens
1164 2030 1433 2085 dormisse
1462 2041 1522 2083 ut
1554 2031 1635 2085 leo
1668 2042 1719 2086 et
1751 2043 1809 2085 ιιι
1839 2040 1987 2087 calu-

410 2122 493 2174 lus
524 2121 715 2182 leonis,
740 2122 813 2173 ita
848 2130 905 2173 ut
935 2133 1212 2191 quieratur
1235 2127 1356 2191 quis
1394 2138 1517 2176 eum
1557 2126 1816 2179 suscitet?
1864 2126 1983 2181 Nisi

411 2212 551 2265 forte
598 2212 792 2281 aliquis
844 2213 949 2265 vim
1002 2213 1207 2268 faciens
1262 2214 1392 2270 velit
1456 2215 1527 2269 ita
1559 2231 1878 2272 asseverare
1912 2234 1980 2274 ex

408 2305 649 2371 germine
698 2306 1031 2373 processisse
1080 2305 1301 2370 Judam,
1360 2307 1409 2360 id
1462 2317 1567 2371 est,
1621 2316 1677 2362 ut
1733 2311 1982 2377 superius

407 2397 663 2462 dixituus,
708 2398 790 2451 vel
835 2416 898 2453 ex
935 2399 1201 2468 virgulto,
1246 2399 1325 2451 vel
1358 2414 1420 2453 ex
1471 2415 1662 2466 ramo;
1718 2402 1863 2469 quod
1918 2402 1982 2456 de

408 2484 523 2553 ipsa
558 2487 724 2555 patris
755 2486 1071 2541 fortitudine
1098 2498 1152 2541 et
1184 2489 1383 2541 virtute
1410 2487 1701 2557 significet.
1735 2489 1824 2555 qui
1865 2488 1981 2542 vir-

411 2580 543 2631 tutis
572 2581 903 2634 eniiﬁdentia
959 2582 1200 2643 recubet,
1249 2588 1303 2634 et
1338 2580 1641 2649 requiescat
1684 2590 1739 2635 ut
1786 2580 1873 2635 leo
1925 2589 1979 2635 et

405 2682 463 2722 ut
493 2672 703 2745 catulus
728 2672 923 2736 leonis,
959 2688 1056 2728 nec
1090 2687 1212 2727 eum
1240 2685 1408 2725 ausus
1455 2671 1656 2741 aliquis
1696 2682 1766 2726 snt
1800 2674 1979 2727 susci-

407 2770 545 2829 tare;
575 2764 697 2816 dum
727 2778 824 2831 pro
856 2765 1230 2835 magnitudine
1260 2763 1460 2817 virium
1494 2774 1548 2817 et
1572 2764 1814 2833 potentia
1863 2764 1981 2817 hel-

407 2854 639 2909 latorum
688 2857 957 2911 suscitare
1006 2872 1131 2911 eum
1173 2856 1352 2910 nullus
1408 2859 1608 2911 audeat
1665 2860 1730 2911 ad
1771 2857 1976 2927 praalia.

407 2944 510 2999 Sed
538 2946 703 2998 multo
734 2946 1147 3001 convenientius
1177 2945 1453 3013 aptabitur
1478 2945 1603 3000 huic
1641 2945 1761 3001 loco
1795 2948 1986 3018 mysti-

405 3051 466 3088 ca
493 3036 782 3101 expositio,
837 3036 997 3105 108
1040 3038 1092 3090 in
1126 3052 1230 3105 qua
1260 3037 1471 3091 catulus
1511 3038 1682 3091 leonis
1728 3037 1979 3093 Christus

2092 565 2173 618 lus
2205 567 2375 619 leonis
2410 566 2633 621 dormit.
2686 569 2761 623 De
2820 571 2984 623 catuli
3033 571 3250 639 quidem
3313 588 3505 625 somno
3548 573 3660 638 jam

2089 656 2340 723 superius
2371 655 2575 710 dictum
2612 667 2699 710 est
2742 660 2883 728 quod
2934 659 3090 713 valde
3133 662 3521 716 convenienter
3567 678 3663 732 ap-

2092 754 2237 798 tatur
2269 746 2323 799 in
2352 745 2589 812 Christo,
2622 750 2711 816 qui
2746 749 2920 803 tribus
2964 750 3155 804 diebus
3182 760 3236 804 et
3264 752 3436 806 tribus
3480 755 3664 807 nocti-

2089 835 2193 888 bus
2233 836 2285 888 in
2332 837 2498 891 corde
2521 847 2677 891 terra:
2726 839 2968 907 sepultus
3010 854 3266 894 somnum
3314 842 3506 897 mortis
3555 842 3666 898 im-

2089 926 2275 995 plevit.
2309 927 2380 983 Ut
2413 929 2494 982 leo
2518 940 2699 983 autem
2738 932 2839 985 hoc
2888 934 3048 989 modo
3080 935 3277 989 debere
3312 936 3534 1004 intelligi
3565 952 3657 989 ar-

2088 1016 2264 1071 bitror
2312 1018 2452 1072 Mors
2473 1019 2675 1074 Christi
2720 1024 3001 1092 Oppressio
3036 1035 3089 1078 et
3133 1026 3437 1094 triumphus
3462 1028 3665 1081 daemo-

2090 1123 2217 1161 num
2264 1109 2386 1162 fuit.
2420 1111 2644 1166 Omnem
2692 1130 2928 1183 namque
2958 1118 3193 1185 praedam
3254 1133 3412 1187 quam
3450 1118 3532 1172 leo
3566 1119 3658 1173 ille

2090 1206 2399 1257 contrarius
2441 1204 2718 1260 invaserat
2751 1216 3030 1273 prostrato
3069 1208 3287 1263 homine
3322 1221 3375 1263 et
3426 1210 3664 1279 dejeeto,

2091 1294 2179 1347 hic
2208 1294 2294 1348 leo
2330 1296 2657 1366 iutcrripuit.
2698 1299 2937 1368 Denique
2965 1300 3180 1354 rediens
3213 1303 3280 1353 ab
3328 1301 3517 1355 inferis
3547 1299 3662 1373 (2‘2)

2088 1394 2141 1436 et
2190 1386 2475 1439 ascendens
2516 1389 2569 1441 in
2623 1386 2811 1452 altum,
2866 1389 3126 1457 captivam
3175 1390 3329 1443 duxit
3381 1393 3663 1457 captivita-

2090 1482 2189 1548 teqt
2231 1473 2295 1527 “.
2328 1475 2440 1529 Hoc
2466 1491 2596 1543 ergo
2620 1478 2779 1531 modo
2801 1488 2853 1531 et
2882 1478 2935 1532 itt
2964 1494 3156 1534 somno
3181 1497 3281 1535 suo
3306 1482 3388 1536 leo
3416 1482 3518 1537 fuit
3552 1483 3665 1537 vin-

2089 1580 2218 1618 cens
2270 1568 2449 1620 omnia
2515 1579 2571 1622 et
2624 1570 2920 1635 debellans,
2971 1583 3025 1627 et
3088 1576 3358 1628 destruxit
3407 1592 3527 1629 cum
3567 1577 3662 1646 qui

2089 1654 2327 1710 habebat
2357 1646 2549 1711 moriis
2593 1658 2899 1727 imperium.
2939 1672 2992 1715 et
3034 1664 3181 1715 velut
3224 1666 3441 1719 catulus
3492 1667 3666 1722 le0nis

2090 1747 2178 1801 die
2218 1750 2377 1802 tertia
2413 1750 2734 1804 suscitatur.
2788 1751 2919 1816 Quis
2958 1756 3232 1807 suscitabit
3284 1758 3444 1810 eunt?
3495 1756 3663 1813 Recte

2093 1840 2246 1906 quasi
2280 1840 2604 1909 inquirentis
2633 1845 2909 1913 prophetae
2951 1860 3237 1913 personam
3279 1863 3396 1914 qum
3431 1852 3662 1903 suscita-

2088 1931 2157 1985 rit
2188 1931 2463 1987 Christum
2502 1949 2682 1988 sermo
2709 1936 3002 2005 siguilirat.
3051 1937 3186 2003 Quia
3215 1939 3509 2005 Apostolus
3548 1941 3665 2008 qui-

2084 2026 2205 2078 dem
2242 2025 2374 2079 dicit
2399 2026 2468 2088 ⁸³,
2498 2027 2621 2095 quia
2659 2026 2799 2081 Deus
2842 2029 2931 2096 qui
2960 2032 3236 2082 artaci-avi!
3284 2046 3405 2083 eum
3438 2049 3467 2084 a
3517 2048 3660 2084 tuor-

2086 2117 2210 2180 tuis,
2255 2119 2529 2171 suscitabit
2573 2128 2619 2171 et
2662 2119 2907 2171 mortalia
2962 2136 3185 2186 corpora
3229 2130 3396 2174 vestra
3449 2132 3666 2191 propter

2084 2210 2467 2265 inhabitantem
2534 2214 2779 2280 spiritum
2865 2213 2979 2281 ejus
3028 2216 3081 2267 in
3129 2217 3292 2268 vobis.
3353 2215 3418 2270 Et
3468 2218 3662 2272 iterum

2085 2299 2335 2355 Christus
2389 2303 2518 2356 dicit
2566 2303 2617 2354 in
2687 2303 2992 2368 Evange'iis
3029 2304 3127 2358 “z
3177 2302 3375 2358 Solvite
3412 2309 3662 2372 templum

2083 2392 2201 2458 hoc,
2252 2402 2299 2444 et
2343 2409 2435 2460 ego
2480 2393 2533 2445 in
2577 2393 2745 2445 (ribus
2801 2395 2987 2448 diebus
3035 2400 3297 2449 suscitabo
3336 2397 3468 2449 illud
3509 2412 3526 2450 :
3569 2399 3667 2451 hoc

2084 2491 2260 2535 autem
2290 2482 2492 2535 dicebat
2525 2485 2588 2535 de
2609 2482 2802 2553 templo
2829 2485 3070 2552 corporis
3099 2487 3200 2538 sui.
3248 2487 3384 2552 Quia
3425 2502 3553 2555 ergo
3606 2497 3667 2542 et

2085 2573 2200 2641 ipse
2252 2586 2308 2626 se
2339 2574 2471 2629 dicit
2538 2575 2807 2630 suscitare
2848 2577 3105 2642 templum
3187 2593 3366 2643 suum,
3419 2590 3472 2633 et
3523 2580 3665 2633 Deus

2087 2664 2236 2718 illum
2300 2665 2501 2719 dicitur
2538 2666 2865 2730 suscitasse,
2918 2681 3065 2723 recte
3115 2669 3378 2739 pr0plteta
3441 2680 3666 2738 stupore

2089 2764 2250 2808 tautae
2281 2756 2461 2811 Patris
2515 2766 2568 2810 ct
2617 2756 2741 2811 Filii
2779 2758 3000 2813 unitatis
3044 2771 3206 2827 atque
3262 2760 3666 2816 iudisrretionis

2086 2846 2346 2899 attonitus
2372 2848 2447 2900 ait
2477 2866 2489 2900 :
2521 2848 2650 2912 Quis
2677 2850 2946 2903 suscitabit
2977 2865 3094 2902 eum
3123 2850 3274 2921 (25)?

2157 2936 2210 2989 6.
2243 2935 2365 2989 Non
2408 2938 2613 3006 deﬁciet
2656 2943 2894 3008 princeps
2944 2956 3010 2994 ex
3053 2940 3221 3007 Juda,
3263 2960 3424 3011 neque
3455 2946 3567 2999 dux
3596 2946 3664 3000 a'e

2087 3028 2373 3099 femoribus
2434 3028 2546 3097 ejus
2595 3046 2858 3100 usquequo
2921 3031 3126 3084 veniant
3167 3049 3227 3085 ea
3278 3052 3395 3103 qua:
3434 3040 3662 3102 reposita

407 3140 514 3178 non
563 3126 738 3179 solum
782 3129 1009 3195 tropice,
1055 3142 1250 3181 verum
1299 3129 1463 3182 etiam
1501 3129 1719 3198 physice
1748 3129 1859 3199 (20)
1889 3133 1982 3185 de-
2009 3155 2051 3210 C
2087 3128 2207 3172 sunt
2231 3122 2277 3173 ei
2309 3119 2444 3188 (9.4),
2476 3120 2575 3177 vel,
2617 3130 2675 3172 ut
2721 3122 2770 3173 in
2819 3120 2937 3175 aliis
2974 3122 3376 3191 exemplaribus
3408 3126 3666 3193 habetur,

408 3217 651 3284 signatur
684 3232 700 3271 :
734 3231 854 3269 nam
902 3215 1256 3287 Physiologus
1302 3218 1370 3271 de
1415 3218 1595 3271 catulo
1657 3218 1828 3273 leonis
1862 3220 1977 3275 haec

409 3306 597 3359 scribit
652 3306 793 3374 quod
843 3321 962 3360 cum
1016 3307 1183 3360 fuerit
1247 3317 1413 3361 natus
1465 3308 1641 3362 tribus
1699 3309 1892 3364 diebus
1922 3320 1977 3366 et

411 3397 582 3451 tribus
611 3399 859 3452 noctibus
880 3398 1136 3461 dormiat,
1167 3408 1277 3452 tum
1309 3400 1504 3454 deinde
1541 3400 1712 3468 patris
1753 3400 1976 3456 fremitu

410 3488 487 3539 vel
522 3489 694 3556 rugitu
732 3498 985 3557 tanquam
1013 3491 1365 3545 tremefactus
1400 3492 1599 3546 cubilis
1626 3492 1777 3547 locus
1802 3494 1979 3548 susci-

409 3588 483 3633 tet
500 3582 738 3635 catulum
765 3582 1143 3636 dormientem.
1178 3582 1281 3636 lste
1316 3584 1530 3639 catulus
1558 3599 1689 3653 ergo
1722 3586 1976 3639 ascendit

404 3684 469 3723 ex
500 3670 786 3737 germine:
823 3686 889 3725 ex
923 3672 1130 3741 virgine
1179 3674 1323 3727 enim
1374 3684 1534 3727 natus
1592 3685 1696 3729 est.
1747 3674 1862 3729 Non
1908 3691 1973 3731 ex

405 3766 626 3827 semine,
665 3766 755 3820 sed
792 3780 855 3819 ex
899 3766 1105 3835 virgine
1142 3767 1348 3836 absque
1402 3767 1693 3821 concubitu
1745 3768 1873 3831 viri,
1924 3775 1977 3820 et

403 3862 608 3927 absque
649 3859 859 3912 semine
902 3858 1137 3912 naturali
1199 3860 1448 3913 nascitur
1506 3859 1780 3926 Christus,
1829 3861 1974 3914 velut

406 3951 694 4020 virgultum
744 3952 858 4005 sive
910 3966 1114 4004 ramus.
1158 3950 1212 4004 In
1259 3966 1364 4019 quo
1428 3951 1879 4007 manifestissime
1923 3963 1977 4007 et

405 4046 601 4098 veritas
631 4042 813 4097 carnis
859 4054 1152 4110 assumpta:
1202 4058 1265 4097 ex
1312 4043 1522 4111 virgine
1577 4046 1887 4098 declaratur
1917 4046 1973 4098 itt

405 4149 561 4187 Sacro
596 4142 784 4187 Sancto
812 4132 1079 4201 germine,
1098 4143 1152 4185 et
1176 4148 1203 4184 a
1227 4134 1479 4200 contagio
1515 4133 1735 4186 humani
1764 4142 1819 4186 et
1849 4148 1974 4186 car-

408 4227 548 4280 nalis
582 4227 807 4280 sctninis
841 4233 1133 4277 excusatur
1177 4222 1312 4292 (2|).
1364 4221 1687 4276 Recumbens
1733 4223 1977 4277 dormisti

405 4322 534 4372 sirut
565 4319 666 4381 leo,
696 4328 743 4370 et
774 4319 909 4370 sicut
935 4315 1140 4368 catulus
1179 4315 1366 4369 leonis.
1400 4313 1836 4368 Manifestissime
1887 4329 1977 4366 re-

405 4410 656 4462 cubuisse
714 4416 769 4461 et
818 4407 1086 4460 dormisse
1128 4404 1335 4458 dictum
1384 4404 1451 4456 de
1486 4402 1744 4472 passione
1788 4400 1981 4455 mortis

476 4531 517 4562 ³³
554 4532 710 4583 Rom.
747 4542 863 4590 vm,
905 4527 992 4581 15.
1113 4522 1197 4576 “’l
1230 4523 1356 4578 Cor.
1393 4539 1491 4588 xu,
1524 4523 1578 4576 5.

408 4602 491 4655 l9.
593 4602 637 4632 ’³
676 4600 872 4655 Cenes.
912 4611 1057 4661 ttth,
1092 4594 1179 4649 l0.
1271 4594 1317 4625 “
1362 4594 1485 4651 Aut.
1517 4594 1613 4648 lib.
1642 4608 1754 4657 xw,
1785 4608 1903 4660 cap.
1934 4590 1988 4644 ‘2.

1653 4520 1695 4553 “
1711 4518 2067 4585 Genes.xr.tx,
2084 4518 2133 4576 9.

2084 3210 2255 3262 veniat
2292 3212 2336 3262 is
2376 3213 2459 3262 cui
2506 3211 2789 3276 repositum
2836 3222 2931 3278 est,
2972 3224 3018 3266 et
3067 3215 3177 3275 ipse
3209 3217 3304 3267 erit
3346 3221 3663 3282 exspectatio

2081 3302 2309 3370 gentium
2332 3300 2395 3354 ".
2420 3300 2515 3354 llic
2555 3302 2702 3356 locus
2739 3303 3020 3356 manifeste
3049 3306 3285 3357 refertur
3310 3306 3373 3357 ad
3400 3305 3590 3361 Jttduut
3641 3324 3657 3362 :

2084 3402 2291 3445 constat
2325 3393 2469 3446 enim
2509 3407 2680 3462 usque
2710 3394 2777 3447 ad
2817 3395 3153 3449 nativitatem
3185 3394 3386 3451 Christi
3422 3414 3527 3452 non
3567 3398 3661 3454 de-

2084 3482 2279 3539 fecisse
2326 3487 2595 3557 principes
2649 3504 2713 3541 ex
2755 3497 2955 3558 genere
3002 3485 3175 3553 Judze,
3226 3506 3326 3545 nec
3377 3492 3541 3545 duces
3593 3495 3661 3550 de

2087 3577 2380 3632 leuioribus
2405 3579 2710 3649 cjususque
2755 3580 2821 3633 ad
2863 3579 3131 3634 Herodem
3192 3597 3394 3650 regem,
3438 3586 3529 3654 qui
3571 3602 3659 3641 se-

2086 3666 2319 3723 cuudum
2346 3668 2585 3724 historia:
2634 3671 2792 3724 fidem
2841 3670 3000 3738 quam
3039 3668 3303 3741 Iosephus
3356 3676 3543 3729 scribit
3589 3677 3658 3743 “,

2087 3764 2388 3832 alienigena
2447 3762 2632 3824 fuisse,
2677 3772 2731 3817 et
2778 3778 2874 3833 per
2919 3763 3273 3818 ambitionem
3326 3765 3379 3818 in
3436 3772 3656 3837 regnum

2085 3853 2389 3909 Jtltitl‘Ol‘Ullt
2440 3856 2639 3909 dicitur
2694 3855 3013 3924 irrepsisse;
3054 3859 3240 3911 statim
3280 3874 3408 3928 ergo
3455 3869 3511 3912 ut
3553 3861 3657 3915 hoc.

2084 3944 2285 4001 factum
2339 3933 2442 4010 est,
2490 3956 2543 4001 et
2595 3955 2652 4000 ut
2683 3947 2882 4001 defecit
2926 3950 3031 4002 dux
3061 3950 3126 4004 de
3156 3950 3446 4006 femoribus
3486 3952 3659 4019 Jttdzc,

2087 4035 2304 4090 advenit
2360 4036 2448 4090 ille
2497 4038 2581 4090 cui
2634 4047 2751 4091 erat
2808 4053 3033 4107 regnum
3083 4042 3397 4109 repositum.
3448 4044 3502 4096 lu
3551 4059 3663 4113 quo

2086 4130 2356 4195 quomodo
2408 4139 2593 4194 gentes
2617 4137 2857 4195 sperent,
2901 4129 3175 4199 Evangelii
3212 4134 3341 4187 lides
3377 4144 3430 4186 et
3469 4135 3661 4191 Eccle-

2088 4218 2286 4271 siaruut
2306 4218 2464 4270 docet
2492 4219 2829 4285 propagatio.
2865 4216 3122 4286 Reposita
3176 4235 3355 4275 autem
3405 4225 3664 4280 dicuntur

2088 4322 2150 4361 ea
2187 4323 2306 4375 qua:
2332 4321 2636 4375 opportuno
2681 4318 2921 4377 tempore
2968 4310 3286 4377 proferenda
3324 4324 3469 4366 sunt.
3502 4314 3660 4370 Sicut

2087 4412 2143 4452 et
2168 4398 2416 4452 Christus
2445 4397 2498 4450 in
2543 4397 2702 4449 finem
2751 4396 3068 4451 saaculorum
3106 4399 3391 4454 advenisse
3436 4402 3659 4472 dicier,

2209 4517 2253 4549 ⁸⁹
2281 4516 2478 4585 Ephes.
2505 4530 2578 4579 tv,
2616 4515 2669 4569 5.
2747 4514 2790 4546 ⁸³
2815 4514 2972 4570 Rom.
3011 4532 3091 4581 ιιι,
3126 4518 3211 4572 Η.

3316 4518 3361 4550 ⁸⁵
3400 4518 3557 4575 Joau.
3589 4538 3658 4592 tt,

414 4688 427 4705 ’
478 4717 916 4790 (19)-Βλαστός
993 4714 1207 4768 dicitur.
1282 4712 1373 4768 Sic
1442 4726 1572 4766 mss.
1645 4709 1793 4764 Libri
1848 4725 1977 4763 vero

2086 4706 2360 4776 Trypltmte
2400 4688 2528 4753 illuil
2645 4700 2933 4790 ἁπέκῗιται
2964 4772 2976 4790 Ι
3002 4718 3357 4790 veram.esse-
3586 4710 3663 4765 ιθ,

406 4792 557 4847 ezllli,

480 4850 796 4930 (20)'Alias,
832 4857 1091 4923 tropicus,
1139 4869 1313 4930 verum
1351 4851 1821 4930 etiam__p_ltysicus.
1872 4850 1979 4904 Sed

412 4923 540 4984 IIISS.
572 4923 632 4983 ut
670 4930 727 5001 in
761 4923 1348 5001 nostro‘textuLRaulo
1377 4935 1497 5001 post
1523 4923 1681 5001 iidem
1710 4937 1820 5001 mss
1851 4961 1864 4981 ,
1887 4938 1982 5000 pa-

412 5000 504 5049 nis
523 4999 735 5066 fremitu
760 4996 835 5050 vel
861 4996 1036 5065 rugitu
1054 5010 1075 5049 :
1097 4994 1249 5059 editi,
1271 4994 1641 5062 patrisgemitu
1663 4994 1736 5044 vel
1756 4994 1980 5059 mugitu.

480 5082 592 5155 (21)
624 5079 946 5155 Excusatur.
983 5079 1073 5132 Sic
1105 5078 1236 5132 libb.
1268 5077 1482 5155 editiet
1519 5090 1682 5133 tuss.;
1728 5074 1881 5155 inihi
1905 5082 1984 5127 ta.

412 5169 531 5207 men
573 5147 865 5205 admodum
920 5158 1168 5216 suspecta
1222 5158 1303 5201 est
1344 5147 1444 5200 ista
1492 5161 1619 5209 vox,
1668 5154 1973 5207 excusatur,

412 5239 507 5289 pro
533 5238 634 5288 qua
672 5220 874 5285 malim,
911 5218 1229 5274 excluditur.

482 5285 595 5360 (2:?)
630 5290 797 5350 Alias,
820 5292 1011 5360 quique
1053 5293 1255 5341 rediens
1284 5286 1346 5337 ab
1370 5285 1579 5360 inferis.

482 5298 571 5357 (2:!
630 5298 797 5350 Alias,
820 5298 1011 5360 quique
1053 5298 1255 5341 rediens
1284 5298 1346 5337 ttD
1375 5298 1579 5353 tuleris.

481 5298 595 5433 ($3;
630 5361 721 5413 Sic
748 5374 875 5412 mss.
898 5360 1101 5433 rectius
1125 5373 1285 5433 quam
1316 5357 1450 5433 editi
1469 5356 1521 5407 iu
1542 5354 1737 5424 quibus
1765 5352 1978 5425 legitur,

413 5426 669 5488 attonitus
690 5438 784 5486 est.
820 5430 936 5496 quis
964 5429 1234 5482 suscitavit
1271 5442 1387 5479 eum
1424 5426 1451 5478 2

483 5517 598 5587 (24)
641 5514 862 5587 Veniant
889 5531 949 5567 ea
979 5530 1097 5587 qua:
1146 5515 1385 5587 reposita
1414 5519 1537 5587 sunt
1583 5511 1654 5587 ei,
1700 5510 1804 5571 vel,
1834 5519 1893 5587 ut
1926 5510 1978 5562 iu

416 5581 532 5641 aliis
554 5581 955 5651 exemplaribus
984 5581 1231 5646 habetur,
1275 5583 1443 5635 veniat
1485 5582 1655 5651 isrcui
1694 5581 1977 5651 repositum

416 5670 510 5711 est.
558 5642 728 5709 Prior'
758 5654 938 5717 lectio,
983 5653 1050 5705 τὰ
1105 5642 1442 5722 ἀποκείμενα
1496 5648 1684 5722 αὐτῷ,
1713 5642 1891 5722 Altera
1936 5642 1981 5714 ᾧ

418 5727 716 5780 ἀπόκειται.
760 5725 941 5781 Sancti
976 5722 1159 5776 Patres
1184 5718 1341 5775 modo
1370 5721 1536 5783 illaut,
1566 5718 1722 5773 modo
1754 5718 1978 5772 alteram

421 5798 701 5853 adhibent.
731 5794 1017 5852 Contendit
1058 5802 1234 5847 autem
1258 5789 1501 5845 Justinus
1536 5792 1588 5845 in
1618 5788 1834 5858 Dialvgo
1864 5803 1978 5839 cum

592 4788 739 4858 βαῖον
767 4792 981 4858 dicitur.

2085 4771 2467 4845 ctioneut,non
2490 4784 2669 4822 autem
2689 4771 2758 4823 τὰ
2781 4772 3119 4842 ἀποκείμενα
3149 4774 3317 4845 αὐτῷ.
3341 4775 3396 4828 lu
3432 4776 3660 4835 ΙΙυΙπειτο

2085 4860 2315 4913 habetur
2365 4838 2511 4913 τήνω
2551 4864 2649 4913 N3?
2689 4863 2743 4911 ν)
2782 4865 2854 4918 'm
2915 4838 3178 4923 iisque/tuo
3232 4838 3403 4911 veniat
3456 4859 3657 4920 Scltilo.

2085 4929 2445 4996 Hieronymus
2495 4928 2655 4996 vertit
2701 4928 2863 4977 donec
2904 4929 3069 4996 veniat
3108 4927 3198 4995 qui
3238 4928 3519 4984 mittendus
3553 4944 3653 4989 est.

2085 5012 2250 5085 Quasi
2291 4991 2512 5085 legisset
2560 4991 2747 5070 Πὺνιῃ,
2796 5010 2875 5061 vel
2936 4991 3127 5085 (ι’)ἰΰξ
3155 5014 3413 5079 deceptus
3462 5014 3658 5085 simili-

2091 5082 2277 5135 tudine
2313 5081 2633 5139 litterarum,
2671 5090 2711 5135 Π
2746 5087 2800 5130 et
2839 5089 2899 5137 Π.
2949 5080 3207 5135 Vitiosaut
3254 5094 3433 5136 autem
3489 5083 3660 5142 luisse

2089 5147 2402 5219 Hieronymi
2442 5146 2727 5201 lectionem
2760 5148 2883 5201 inde
2912 5158 3080 5216 patet,
3132 5155 3272 5220 quod
3316 5164 3531 5220 Veteres
3572 5157 3657 5206 in-

2082 5244 2347 5303 terpretes
2415 5229 2767 5299 Septuaginta
2821 5238 2877 5284 et
2923 5232 3115 5301 Aquila
3156 5219 3293 5288 non
3355 5219 3505 5295 ιὺνω
3562 5237 3656 5290 sed

2264 5315 2511 5380 legerint.
2563 5312 2756 5384 Aquila
2807 5299 3043 5383 vertit
3082 5316 3388 5378 ἀπόκειται,
3432 5317 3658 5384 Septua-

2082 5389 2229 5454 ginta
2289 5383 2359 5437 τὰ
2415 5382 2755 5452 ἀποκείμενα
2806 5384 2974 5454 αὐτῷ,
3018 5382 3177 5455 quasi
3232 5402 3299 5440 ex
3349 5396 3430 5455 ut,
3476 5382 3525 5440 id
3571 5398 3660 5442 est

2084 5451 2189 5532 cui,
2221 5469 2324 5532 vel,
2368 5483 2505 5537 quia,
2556 5451 2839 5538 Spectato}
2873 5451 2936 5522 ut
2978 5451 3151 5538 vocali
3182 5485 3230 5531 ι,
3263 5477 3318 5521 et
3357 5451 3429 5525 η’)
3456 5469 3527 5531 ei,
3557 5484 3654 5538 po-

2085 5553 2189 5605 sito
2226 5562 2264 5609 Π
2298 5535 2393 5618 pro
2421 5559 2443 5607 Ἰ
2468 5591 2481 5616 ,
2524 5565 2720 5618 nempe
2767 5535 2837 5609 :15
2891 5568 2986 5620 pro
3028 5535 3113 5615 1'7;
3150 5561 3277 5604 sunt
3315 5550 3460 5605 enim
3514 5535 3660 5607 litte-

2086 5652 2156 5688 ra:
2199 5632 2605 5702 permutabiles.
2666 5633 2986 5687 Dividebant
3034 5635 3216 5702 itaque
3273 5648 3458 5687 Vocem
3509 5620 3659 5696 rbtm

2088 5720 2137 5771 in
2175 5700 2248 5775 se;
2283 5726 2332 5771 ει
2364 5700 2434 5774 τ-ιι)
2469 5732 2585 5783 quis
2613 5715 2682 5778 ei,
2706 5715 2878 5783 suppl.
2917 5700 3140 5773 reposita
3164 5728 3298 5771 sunt.
3338 5716 3429 5770 Sic
3455 5717 3659 5777 Ezech.

2090 5806 2176 5841 xu
2216 5803 2227 5838 :
2266 5787 2435 5839 Donec
2487 5786 2649 5838 veniat
2685 5786 2765 5836 cui
2792 5796 2861 5838 cst
2886 5787 3165 5855 judicium.
