4132 6410
498 372 600 426 239

1966 367 2284 427 ORIGENIS

3635 385 3738 436 2(ἰο

492 510 614 548 cum
646 493 776 546 dicit
815 490 1096 559 Apostolus
1128 489 1169 519 “’
1206 506 1220 542 :
1262 488 1394 542 Ecce
1422 506 1557 542 nunc
1578 499 1780 555 tempus
1821 498 2062 556 accepta-
2092 494 2140 549 Α
2168 489 2297 543 illud
2332 490 2545 544 videtur
2579 492 2885 557 ostendere,
2936 497 3078 563 quod
3117 495 3316 549 Christi
3360 497 3412 550 in
3452 513 3615 552 carne
3644 516 3741 568 po-

494 585 613 648 bile,
651 583 852 637 scilicet
890 582 957 634 ad
999 581 1229 633 salutem
1288 582 1541 646 gentibus
1590 580 1945 633 inferendam.
2000 576 2058 631 Si

494 692 623 729 vero
645 675 766 743 quis
798 673 847 725 iu
875 674 1122 727 ontnibus
1149 672 1333 739 cupiat
1374 686 1592 724 cursum
1646 674 1929 738 utriusque
1962 683 2061 721 ex-

492 767 776 835 positionis
812 778 1017 832 aptare,
1069 774 1247 831 potest
1290 774 1619 830 extorquere
1670 761 1940 823 fortassis,
2004 770 2061 812 ut

492 858 654 911 etiam
689 857 755 909 de
782 856 997 910 Christo
1024 856 1134 908 haec
1155 856 1258 909 hoc
1291 856 1448 907 modo
1473 855 1757 906 videantur
1787 851 2013 920 intelligi
2042 872 2055 905 :

491 951 612 1018 quia
650 966 755 1003 non
801 948 1003 1015 deﬁciet
1037 954 1277 1015 princeps
1318 963 1382 999 ex
1416 944 1583 1008 Juda,
1636 946 1685 998 id
1725 954 1810 998 est
1839 944 1927 997 hic
1969 943 2059 1011 qui

490 1051 611 1110 post
674 1041 1124 1095 resurrectionem
1185 1038 1301 1104 ejus
1369 1037 1739 1091 Ecclesiarum
1804 1036 2057 1105 princeps

487 1130 790 1185 ordinatur.
822 1126 888 1181 Et
918 1129 1027 1181 dua:
1055 1130 1119 1182 de
1148 1127 1428 1194 femoribus
1458 1128 1591 1194 ejus.
1650 1126 1824 1180 Duces
1846 1142 2060 1195 quoque

488 1221 919 1274 Christianorum
951 1222 1015 1274 de
1051 1222 1348 1273 femoribus
1372 1219 1573 1273 Christi
1606 1220 1708 1272 hoc
1762 1220 1920 1271 modo
1959 1235 2056 1272 ex-

486 1321 669 1379 p0net.
705 1311 939 1365 Membra
973 1312 1173 1365 Christi
1205 1326 1324 1365 esse
1359 1311 1487 1365 dicit
1513 1310 1803 1379 Apostolus
1834 1310 1879 1342 ⁸⁸
1928 1310 2056 1363 [ideo

488 1402 591 1456 lem
647 1403 897 1470 populum
944 1402 1060 1455 sine
1104 1399 1263 1453 dubio
1311 1401 1629 1469 spiritaliter
1679 1400 2052 1469 intelligenda.

488 1494 719 1550 l’uSSnnt
765 1510 892 1563 ergo
932 1502 985 1547 ct
1025 1494 1230 1549 femora
1269 1493 1385 1561 ejus
1419 1492 1741 1561 'spiritaliter
1786 1493 2053 1548 intellecta

488 1588 731 1640 indicare
772 1601 865 1639 eos
912 1586 1003 1655 qui
1051 1600 1147 1653 pro
1194 1585 1449 1639 firmitate
1492 1585 1603 1653 (25')
1650 1596 1703 1638 et
1750 1586 2052 1640 constantia

487 1675 815 1730 fortitudinis
847 1691 1008 1730 omne
1027 1690 1223 1744 corpus
1254 1674 1509 1730 Ecclesia:
1533 1685 1841 1730 sustentare
1875 1678 2055 1731 viden-

484 1777 573 1821 tur
600 1778 653 1820 et
681 1766 839 1821 ferre.
892 1764 985 1819 Vel
1038 1767 1161 1835 quia
1224 1766 1449 1820 humani
1508 1767 1739 1820 seminis
1795 1767 2049 1821 indicium

483 1859 619 1912 solet
650 1859 700 1910 in
730 1857 993 1911 femorum
1024 1856 1387 1924 appellatione
1413 1856 1718 1923 figuraliter
1747 1857 1876 1922 dici,
1912 1859 2052 1925 apud
2089 1835 2127 1888 Β

483 1965 580 2004 nos
612 1960 791 2003 autem
824 1951 914 2018 qui
945 1949 1201 2012 seminat,
1228 1950 1449 2003 verbum
1482 1950 1753 2012 seminat;
1799 1958 2055 2016 poterunt

481 2057 610 2109 ergo
644 2043 733 2110 qui
777 2042 1135 2097 ministerium
1172 2040 1323 2095 verbi
1364 2039 1620 2093 Ecclesiae
1661 2038 1943 2103 exhibent,
1988 2040 2055 2096 de

481 2133 683 2187 Christi
711 2132 1003 2186 femoribus
1034 2131 1259 2199 intelligi
1304 2131 1468 2184 duces
1510 2145 1793 2198 usquequo
1836 2131 2053 2186 veniant

480 2242 601 2294 qua:
635 2225 866 2292 reposita
894 2234 1039 2278 sunt.
1076 2224 1140 2277 Et
1177 2223 1450 2276 videbitur
1490 2221 1562 2275 ita
1603 2237 1760 2285 posse
1806 2221 2049 2292 intelligi,

482 2317 622 2384 quod
650 2330 822 2385 usque
865 2316 932 2369 ad
960 2314 1483 2369 consummationem
1539 2314 1721 2368 saeculi
1783 2329 1889 2368 non
1922 2314 2051 2369 dce-

482 2418 607 2460 rnnt
673 2406 759 2460 isti
811 2408 998 2467 duces,
1041 2406 1210 2459 donec
1273 2406 1581 2459 veniantea
1642 2421 1761 2475 qua:
1818 2406 2049 2473 reposita

478 2507 624 2559 Slllll,
655 2512 772 2567 quae
802 2497 1126 2566 praeparavit
1156 2498 1295 2551 Deus
1323 2496 1406 2551 his
1432 2497 1521 2565 qui
1555 2496 1778 2565 diligunt
1804 2512 1948 2551 eum.
1980 2494 2049 2549 Et

478 2593 585 2657 ipse
616 2593 713 2643 erit
741 2591 1059 2657 exspectatio
1105 2592 1358 2658 gentium.
1393 2589 1443 2642 in
1479 2589 1566 2642 die
1607 2589 1813 2643 scilicet
1836 2588 2047 2658 judicii,

476 2697 597 2733 cum
626 2695 814 2733 omnes
847 2690 1035 2747 gentos
1070 2689 1125 2734 et
1169 2679 1346 2749 populi
1397 2680 1672 2734 Christum
1717 2682 1957 2750 judicent
1994 2683 2046 2738 in

478 2786 674 2839 pavore
727 2772 911 2824 cordis
961 2781 1015 2824 et
1059 2781 1293 2826 tremore
1357 2772 1702 2828 conscientiae
1760 2784 2043 2843 exspecta-

473 2865 627 2918 bunt.

544 2956 594 3009 7.
640 2956 877 3024 Alligaus
939 2955 1007 3008 ad
1058 2954 1213 3008 vitem
1264 2954 1467 3022 pullum
1504 2970 1678 3021 suum,
1730 2966 1777 3011 et
1814 2957 1886 3011 ad
1924 2957 2044 3027 pal-

470 3048 648 3099 mitem
689 3048 894 3099 asiuam
953 3061 1104 3099 suam
1138 3046 1203 3098 ".
1241 3045 1354 3099 Hoc
1389 3048 1453 3100 de
1482 3047 1703 3101 Christo
1743 3058 1797 3102 et
1828 3050 2045 3118 proprie

466 3151 526 3191 et
562 3138 907 3207 singulariter
928 3137 1125 3191 dicitur
1154 3154 1167 3189 :
1197 3136 1312 3206 ipse
1346 3138 1485 3191 enim
1518 3137 1762 3207 alligavit
1786 3140 1853 3192 ad
1880 3140 2040 3193 vitem

469 3222 667 3291 pullum
704 3239 858 3278 suum
882 3223 972 3294 qui
1008 3223 1148 3277 dixit
1172 3224 1260 3278 ”:
1298 3223 1407 3295 Ego
1445 3242 1562 3280 sunt
1613 3227 1733 3280 vitis
1782 3244 1923 3283 vera.
1960 3228 2039 3282 Ad

470 3316 610 3368 hanc
629 3329 761 3367 vero
793 3315 956 3369 vitem
988 3313 1186 3383 pullttm
1211 3330 1368 3369 sumu
1392 3316 1632 3386 alligavit
1665 3327 1721 3372 et
1751 3318 1815 3373 ad
1843 3320 2039 3388 palmi-

467 3416 575 3461 tem
608 3407 813 3460 asinam
842 3422 1017 3464 suam.
1046 3407 1229 3462 Pullus
1264 3417 1350 3463 est
1378 3424 1444 3464 ex
1479 3409 1730 3478 gentibus
1778 3412 2028 3479 populus,

465 3499 553 3550 cui
590 3498 774 3565 utique
802 3511 1075 3566 nunquam
1108 3498 1284 3553 adhuc
1322 3500 1453 3568 legis
1482 3514 1618 3554 onus
1651 3499 1828 3554 fuerat
1859 3503 2036 3570 impo-

467 3590 655 3650 situm,
691 3598 746 3641 et
773 3604 937 3656 super
968 3603 1132 3657 quem
1162 3603 1318 3642 nemo
1342 3590 1443 3643 nisi
1478 3590 1586 3658 ipse
1612 3589 1861 3645 Christus
1897 3593 2041 3646 inse-

465 3682 639 3733 derat.
662 3678 844 3733 Pullus
871 3694 998 3733 vero
1018 3680 1189 3732 asina:
1215 3690 1342 3733 sunt
1368 3679 1422 3733 hi
1446 3680 1537 3749 qui
1560 3681 1622 3735 de
1642 3682 1820 3750 priore
1845 3683 2041 3750 p0pnlo

463 3773 557 3840 qui
592 3787 732 3825 nunc
769 3772 819 3824 in
852 3772 1023 3841 figura
1058 3771 1222 3824 asina:
1251 3772 1583 3835 nominatur,
1618 3772 1778 3826 electi
1817 3780 1944 3827 sunt
1974 3772 2038 3826 ad

466 3864 628 3933 109
652 3864 900 3926 salutem,
926 3864 990 3917 de
1011 3863 1204 3931 quibus
1242 3864 1503 3931 propheta
1530 3865 1661 3919 dicit
1684 3862 1728 3895 "
1762 3881 1775 3916 :
1813 3861 1871 3917 Si
1914 3863 2034 3932 {ue-

466 3956 568 4007 rint
621 3955 721 4022 ﬁlii
775 3952 944 4007 Israel
990 3952 1143 4021 quasi
1167 3969 1330 4005 arena
1377 3954 1580 4017 maris,
1614 3954 1829 4025 reliqua:
1878 3957 2038 4011 salvae

460 4046 607 4114 ﬁent.
637 4044 859 4115 Abjecta
890 4060 1020 4113 ergo
1057 4045 1210 4098 asina
1250 4058 1369 4113 qua:
1408 4060 1548 4099 onus
1592 4045 1725 4114 legis
1757 4047 1807 4100 in
1844 4047 2035 4103 inlide-

460 4138 617 4193 litate
644 4148 859 4206 portare
891 4135 1103 4199 maluit,
1133 4134 1310 4204 pullus
1336 4150 1402 4189 ex
1444 4137 1554 4205 ipsa
1598 4147 1757 4192 natus
1797 4139 2034 4209 eligitur,

458 4231 513 4285 id
540 4241 621 4285 est
663 4229 909 4284 novellus
948 4242 1014 4281 ex
1066 4240 1249 4283 vetere
1279 4243 1376 4296 per
1428 4226 1585 4281 fidem
1633 4228 1864 4298 p0pnlus
1894 4231 2035 4285 asci-

458 4323 652 4385 scitur,
703 4335 768 4374 ac
814 4318 1011 4390 populo
1046 4334 1110 4372 ex
1142 4320 1391 4389 gentibus
1445 4318 1709 4373 sociatur.
1742 4318 1875 4373 Vitis
1903 4337 2032 4391 ergo

454 4414 706 4467 Christus
740 4426 806 4465 ex
834 4426 896 4465 ea
940 4421 1092 4481 parte
1142 4411 1363 4477 dicitur,
1401 4426 1508 4478 qua
1566 4420 1817 4465 naturam
1842 4429 2029 4466 susce-

2167 580 2255 633 siti
2293 589 2440 649 gesta
2477 581 2528 634 in
2556 582 2670 650 ipso
2703 584 2987 638 credentes
3020 585 3321 639 imitantur.
3362 586 3572 643 Palmes
3611 605 3739 643 vero

2168 669 2296 722 illud
2318 670 2667 739 intelligitur,
2699 672 2840 739 quod
2866 671 3069 740 palmes
3096 675 3275 728 arbori
3310 678 3652 730 connectitur
3685 686 3741 731 ct

2164 760 2523 815 continuatur
2556 776 2584 813 a
2618 761 2791 829 lapsu,
2825 777 2931 831 quo
2967 762 3295 817 adminiculo
3348 763 3516 819 fretus
3551 777 3740 822 ventos

2164 862 2228 903 ac
2263 848 2506 903 turbines
2530 850 2832 904 contemnit
2877 861 2931 905 et
2964 852 3190 920 respuit,
3227 852 3528 909 futurorum
3564 856 3736 912 bono-

2165 954 2283 992 ruu;
2316 939 2519 994 indicat
2544 954 2694 1009 spem
2731 960 2748 1005 ;
2781 942 2906 1010 quia
2952 941 3133 997 fideles
3164 943 3365 1012 quique
3411 962 3515 999 non
3561 949 3733 1002 solum

2165 1030 2215 1083 in
2248 1030 2333 1084 his
2378 1047 2499 1100 qua:
2558 1044 2775 1102 gerunt,
2828 1035 2922 1089 sed
2955 1044 3006 1089 et
3054 1035 3106 1088 in
3146 1036 3231 1090 his
3273 1052 3394 1105 quae
3441 1051 3740 1107 sperantet

2162 1122 2407 1185 credunt,
2442 1122 2676 1178 futuram
2734 1127 3254 1183 consummationem
3307 1130 3497 1186 salutis
3545 1148 3736 1200 exspe-

2161 1225 2333 1268 ctant.
2366 1214 2423 1269 In
2453 1232 2560 1285 quo
2609 1219 2760 1286 quasi
2812 1220 2878 1273 ad
2932 1223 3222 1290 quamdam
3258 1228 3529 1293 patientiae
3574 1229 3738 1281 arbo-

2162 1323 2271 1361 rem
2298 1323 2391 1376 spe
2422 1308 2593 1376 juncli
2639 1321 2693 1365 et
2746 1312 3089 1382 confirmati,
3125 1318 3480 1371 tentatiouum
3522 1320 3734 1387 procel-

2160 1397 2239 1452 las
2276 1414 2337 1453 ac
2392 1401 2636 1457 turbines
2678 1402 2880 1467 ferunt,
2909 1409 3052 1474 quod
3095 1407 3162 1461 de
3192 1408 3458 1463 bistoriali
3483 1409 3617 1465 Jttd‘t
3645 1412 3733 1466 in-

2160 1491 2444 1556 terpretari
2477 1491 2617 1544 nulla
2643 1492 2774 1547 mihi
2813 1495 2951 1549 ratio
2978 1497 3193 1552 videtur
3214 1514 3372 1564 posse
3394 1502 3733 1568 permittere,

2156 1577 2260 1631 nisi
2308 1577 2549 1634 Jtttlaicis
2594 1580 2788 1637 fabulis
2836 1598 3160 1654 aunueutes,
3199 1598 3447 1658 putemus
3473 1592 3544 1645 ita
3576 1608 3735 1661 posse

2156 1671 2409 1741 intelligi,
2451 1688 2548 1741 pro
2586 1690 2652 1729 eo
2685 1676 2827 1744 quod
2874 1680 3060 1733 dicunt
3106 1694 3313 1750 partem
3348 1685 3517 1741 tribus
3559 1685 3730 1751 Judte,

2157 1774 2316 1827 quam
2368 1762 2418 1814 in
2476 1771 2636 1817 terra:
2681 1766 2993 1822 haereditate
3043 1772 3305 1840 suscepit,
3334 1774 3406 1826 ita
3476 1774 3730 1830 refertam

2161 1868 2281 1907 esse
2306 1854 2498 1921 vineis,
2535 1866 2593 1909 ut
2626 1867 2884 1929 tanquam
2914 1862 3058 1916 nullo
3090 1862 3311 1919 alterius
3338 1868 3551 1936 generis
3583 1869 3732 1923 exsi-

2160 1952 2337 1998 stente
2364 1946 2598 2015 virgulto
2649 1958 2792 2004 tanta
2839 1953 2967 2008 vitis
3022 1969 3142 2009 esse
3178 1958 3331 2025 copia
3380 1958 3643 2024 videatur,
3676 1974 3734 2015 nt

2160 2052 2230 2091 ne
2258 2038 2456 2091 animal
2492 2040 2707 2107 quidem
2740 2042 2990 2114 alligandi
3017 2047 3084 2100 ad
3125 2047 3269 2102 aliud
3319 2065 3489 2119 genus
3520 2052 3731 2109 arboris

2159 2128 2317 2181 detur
2348 2130 2596 2185 facultas.
2633 2132 2738 2187 Sed
2771 2134 2906 2201 hasc,
2931 2145 2989 2190 ut
3018 2139 3274 2205 diximus,
3298 2136 3522 2196 Iudaica
3559 2146 3731 2213 magis

2159 2231 2466 2277 commenta
2526 2226 2851 2281 videbuntur
2892 2245 2905 2281 :
2955 2231 3109 2284 nobis
3156 2241 3336 2285 autem
3380 2237 3623 2305 mystica,
3675 2249 3731 2293 et

2159 2316 2278 2386 plus
2327 2318 2491 2372 etiam
2529 2320 2573 2372 si
2602 2318 2713 2373 sola
2744 2322 2835 2385 sit,
2862 2321 3033 2391 placet
3056 2324 3340 2393 expositio.

2227 2495 2277 2552 8.
2317 2495 2537 2549 Lavabit
2562 2498 2614 2550 in
2642 2497 2756 2551 vino
2780 2497 2965 2552 stolam
3000 2516 3169 2556 suam.
3191 2510 3237 2554 et
3264 2502 3317 2555 in
3340 2504 3593 2572 sanguine
3616 2522 3727 2559 urit?

2156 2589 2403 2641 amictum
2432 2606 2588 2642 suum
2606 2590 2673 2642 ".
2715 2590 3052 2645 Videbuntur
3085 2602 3139 2645 et
3184 2594 3298 2648 huic
3346 2606 3603 2663 quantum
3658 2600 3724 2650 ad

2157 2673 2468 2728 historicam
2503 2676 2894 2745 expositionem
2922 2695 3107 2748 agrum
3134 2680 3368 2737 fertilem
3408 2686 3533 2746 vite,
3561 2686 3727 2757 ὑπερ-

2155 2762 2383 2828 δολικῶς
2412 2766 2521 2821 vini
2558 2766 2940 2824 abundantiam
2990 2771 3316 2840 significare.
3350 2773 3457 2828 Sed
3488 2776 3723 2831 nobilio-

2155 2869 2268 2908 rem
2304 2871 2520 2911 sensnm
2546 2858 2769 2926 mystica
2797 2862 3044 2927 producit
3070 2864 3336 2932 expositio
3364 2877 3569 2922 nostra.
3590 2867 3720 2921 Nam

2154 2947 2291 3001 stola
2324 2945 2527 3002 Christi
2555 2963 2676 3017 qua:
2721 2948 2932 3004 lavatur
2961 2953 3012 3004 in
3076 2954 3223 3021 vino,
3266 2957 3457 3010 merito
3484 2957 3602 3026 ejus
3641 2959 3721 3013 in-

2155 3038 2413 3104 telligitnr
2469 3037 2734 3103 Ecclesia,
2772 3057 2933 3110 quam
2969 3043 3084 3112 ipse
3116 3047 3395 3100 mandavit
3448 3048 3549 3102 sibi
3595 3065 3721 3102 sau-

2152 3128 2314 3198 gttinc
2346 3143 2464 3195 suo,
2500 3146 2603 3184 non
2660 3132 2949 3185 habentem
2992 3135 3251 3187 maculam
3294 3146 3385 3189 aut
3412 3152 3596 3203 rugam
3628 3138 3673 3170 ⁸³
3702 3156 3715 3192 :

2149 3217 2270 3271 Non
2302 3220 2457 3278 enim,
2497 3220 2670 3288 inquit
2690 3220 2979 3289 Apostolus
3009 3222 3077 3286 “,
3108 3234 3341 3292 argento,
3374 3226 3597 3279 velauro
3632 3246 3717 3281 re-

2142 3310 2338 3376 dempti
2364 3310 2506 3373 euis,
2533 3311 2622 3363 sed
2644 3314 2870 3378 pretioso
2890 3314 3144 3382 sanguine
3164 3312 3435 3383 Unigeniti
3457 3334 3484 3371 a
3520 3318 3644 3372 Deo.
3663 3319 3716 3373 ltt

2143 3398 2305 3465 hujus
2334 3399 2477 3451 enim
2510 3400 2786 3469 sanguinis
2829 3401 2975 3465 vino,
3009 3402 3061 3455 id
3106 3413 3187 3456 est
3236 3404 3453 3459 lavacro
3495 3422 3717 3475 regene-

2144 3490 2370 3543 rationis
2395 3505 2423 3543 a
2456 3488 2674 3545 Christo
2711 3490 2926 3545 lavatur
2981 3490 3246 3546 Ecclesia.
3305 3494 3716 3564 Couscpelimnr

2141 3579 2288 3632 enim
2323 3594 2417 3647 per
2446 3580 2773 3650 baptismum
2809 3583 2858 3635 in
2904 3592 3135 3637 mortem
3172 3585 3238 3648 ",
3272 3592 3327 3638 et
3358 3585 3410 3638 in
3454 3588 3716 3658 sanguine

2145 3669 2332 3737 ipsius,
2363 3671 2411 3724 Id
2451 3682 2533 3726 est
2558 3671 2620 3740 in
2675 3682 2847 3727 morte
2886 3673 3054 3743 ipsius
3094 3675 3463 3745 baptizamur.
3502 3678 3555 3730 ln
3589 3693 3715 3733 sau-

2142 3762 2305 3831 guine
2331 3771 2507 3817 autem
2539 3779 2655 3817 uva:
2682 3765 2951 3832 quomodo
2980 3766 3235 3819 amictum
3261 3781 3417 3820 suum
3448 3767 3597 3829 lavit,
3635 3770 3714 3821 vi-

2141 3854 2372 3907 dendum
2406 3864 2509 3910 est.
2561 3856 2807 3909 Amictus
2838 3857 3195 3926 proltinquior
3231 3859 3474 3926 qutedam
3510 3861 3587 3913 vt-l
3621 3877 3709 3913 sc-

2141 3947 2340 4000 crctior
2368 3946 2581 4013 corpori
2644 3950 2811 4000 vestis
2860 3948 3074 4001 videtur
3102 3964 3219 4003 esse
3252 3964 3412 4017 quam
3449 3953 3607 4006 stola.
3645 3952 3708 4006 lli

2137 4052 2266 4104 ergo
2298 4039 2385 4107 qui
2414 4038 2560 4106 prius
2584 4051 2678 4107 per
2722 4036 2995 4092 lavacrum
3025 4040 3115 4094 loti
3149 4040 3284 4095 stola
3330 4041 3447 4109 eius
3493 4042 3709 4097 fuerant

2137 4124 2333 4190 effecti,
2390 4138 2736 4197 posteaquam
2775 4130 2840 4181 ad
2872 4140 3272 4185 sacratnentum
3292 4134 3567 4200 sanguinis
3596 4151 3709 4187 uiue

2136 4231 2530 4286 pervenerunt,
2558 4218 2639 4273 vel
2674 4220 2947 4275 interioris
2998 4224 3241 4293 mysterii
3289 4226 3708 4294 secretiorisque

2138 4308 2264 4363 facti
2299 4318 2427 4362 sunt
2478 4311 2787 4380 participes,
2836 4312 3071 4367 amictus
3101 4314 3219 4381 ejus
3267 4328 3387 4367 esse
3429 4316 3704 4369 dicuntur.

2133 4400 2368 4454 Lavatur
2411 4404 2552 4455 enim
2584 4412 2638 4456 et
2671 4404 2723 4455 in
2770 4417 2887 4456 uva:
2922 4404 3188 4473 sanguine
3228 4406 3429 4473 anima,
3461 4422 3581 4460 cum
3615 4424 3705 4461 sa-

455 4506 533 4573 ρει
569 4506 882 4569 humanam,
910 4505 976 4557 ad
1009 4518 1169 4578 (Nam
1200 4502 1345 4556 Deus
1382 4500 1612 4556 Verbum
1642 4518 1795 4556 suum
1824 4505 2024 4574 pullum
2061 4518 2104 4571 ο
2132 4492 2393 4546 cramenti
2426 4493 2584 4560 hujus
2634 4493 2859 4561 cmperit
2906 4508 3097 4561 capere
3153 4495 3442 4550 rationem.
3508 4496 3700 4566 Agnita

455 4590 641 4659 alligat
675 4606 689 4642 :
729 4588 780 4641 id
830 4596 916 4641 est
964 4587 1220 4656 populum
1255 4601 1411 4639 suum
1447 4585 1747 4657 conjungit,
1773 4597 1825 4640 et
1859 4591 2031 4643 sociat

455 4682 505 4735 ei
554 4676 960 4735 conversationi
1014 4688 1176 4744 quam
1232 4674 1346 4743 ipse
1392 4675 1572 4743 exegit
1626 4676 1678 4728 in
1736 4690 1934 4739 carne;
1972 4684 2032 4728 ut

455 4770 756 4824 imitatione
779 4766 969 4837 ipsius,
994 4764 1189 4834 pullus,
1212 4765 1301 4833 qui
1347 4765 1412 4816 ad
1444 4765 1618 4830 ipsqu
1650 4765 1900 4832 alligatus
1922 4776 2028 4829 est,

452 4859 715 4915 efﬁciatur
739 4874 862 4913 cum
897 4857 988 4911 illo
1013 4864 1068 4909 et
1115 4852 1253 4908 ﬁlius
1285 4852 1403 4917 Dei,
1430 4863 1486 4906 et
1534 4854 1772 4907 cobacres
1801 4853 2020 4908 Christi.

450 4954 731 5011 Palmitem
757 4965 887 5004 vero
911 4950 978 5004 de
1001 4947 1182 5019 quoin
1211 4944 1379 4999 initiis
1409 4944 1536 5013 quid
1560 4944 1891 5014 significaret
1918 4959 2021 4998 non

447 5044 798 5115 exposuimus
832 5040 945 5113 (26)
971 5081 986 5105 ,
1022 5037 1325 5108 intelligere
1373 5050 1659 5104 Possumus
1692 5036 1794 5089 hoc
1841 5037 2018 5089 modo.

452 5139 607 5195 Fides
630 5150 748 5206 qua!
772 5132 824 5187 in
847 5132 1066 5187 Christo
1113 5139 1218 5194 εει,
1251 5138 1307 5182 et
1335 5126 1617 5195 praesentis
1635 5126 1758 5178 vita:
1777 5126 2017 5195 regulam

446 5236 615 5292 tenet,
645 5233 700 5279 et
747 5224 942 5279 futura:
995 5219 1109 5290 spei
1164 5217 1413 5271 fiduciam
1454 5224 1695 5284 praestat.
1730 5212 1868 5267 Vitis
1888 5230 2017 5283 ergo

521 5413 556 5442 ⁸⁷
591 5412 629 5465 ll
665 5410 791 5465 Cor.
824 5423 899 5471 vt,
925 5407 979 5459 2.
1054 5407 1097 5436 ³⁸
1131 5403 1146 5455 ι
1207 5403 1333 5455 Cor.
1377 5414 1428 5452 v1
1459 5440 1472 5462 ,
1500 5401 1597 5471 715.
1622 5436 1633 5439 ς
1662 5401 1717 5471 7”
1749 5402 1947 5455 Cenes.
2009 5417 2153 5464 xux,
2193 5403 2276 5455 ll.

2134 4595 2367 4648 namque
2405 4589 2460 4635 et
2501 4581 2769 4635 intellecta
2808 4582 3009 4636 virtute
3058 4584 3339 4653 sanguinis
3384 4583 3543 4640 Verbi
3584 4586 3701 4649 Dei,

2131 4678 2335 4737 quanto
2358 4669 2614 4736 capacior
2642 4668 2829 4724 eﬂecta
2874 4668 3039 4725 fuerit
3082 4674 3284 4739 anima,
3317 4683 3468 4730 tanto
3516 4676 3701 4744 purior

2135 4760 2189 4812 fit
2230 4769 2285 4812 et
2336 4758 2544 4812 lavatur
2581 4762 2821 4829 quotidie
2866 4763 2931 4814 ad
2979 4763 3219 4817 scientiae
3264 4764 3563 4834 profectum
3592 4808 3605 4831 ,
3647 4776 3703 4819 et

2126 4850 2363 4921 jungens
2392 4868 2451 4906 se
2508 4854 2616 4907 Deo
2660 4870 2766 4909 non
2824 4856 3000 4910 solum
3056 4858 3290 4913 amictus
3333 4860 3475 4928 ejus,
3507 4875 3697 4915 verum

2130 4944 2289 4996 etiam
2323 4960 2459 4998 unus
2480 4945 2590 5015 jam
2621 4961 2743 5001 cum
2786 4947 2904 5017 ipso
2930 4949 3152 5019 spiritus
3180 4950 3289 5005 fiet.
3313 4949 3449 5007 Huic
3477 4963 3699 5009 contra—

2131 5033 2243 5088 rius
2274 5046 2394 5090 erat
2419 5038 2653 5093 amictus
2677 5038 2765 5093 ille
2790 5040 2965 5108 populi
3003 5039 3191 5107 Israel,
3225 5042 3275 5095 in
3309 5058 3413 5110 quo
3436 5053 3492 5097 ut
3521 5046 3697 5113 gentis

2130 5123 2517 5192 impudicitiam
2553 5126 2881 5196 designaret,
2931 5144 3034 5183 non
3078 5139 3185 5182 tant
3230 5132 3488 5185 amictutn
3532 5149 3695 5202 quam

2130 5216 2566 5283 praecinctorium
2608 5219 2926 5274 nominavit.
2962 5218 3113 5285 Quod
3156 5220 3419 5278 .leremias
3461 5225 3699 5279 circum-

2354 5404 2574 5460 “Joan.
2610 5419 2696 5469 xv,
2737 5406 2787 5459 l.
2861 5406 2904 5437 ἰ
2940 5406 3039 5460 lsa.
3074 5407 3255 5473 x,22;
3293 5407 3448 5462 Rom.
3490 5420 3565 5467 ιι,
3598 5404 3688 5458 27.

441 5484 489 5518 “
525 5482 718 5536 Colles.
755 5470 905 5542 thx,
948 5478 1033 5531 ll.
1113 5476 1159 5507 ⁸³
1186 5474 1382 5542 Ephes.
1413 5487 1467 5534 v,
1491 5470 1579 5523 Ἦ.
1658 5470 1703 5501 ⁸⁸
1734 5472 1747 5524 l
1789 5472 1931 5525 Petr.
1959 5486 1996 5534 ι,
2032 5475 2043 5526 1

2190 5474 2235 5503 ⁵³
2267 5472 2420 5527 Rom.
2450 5490 2521 5538 vr,
2544 5475 2595 5526 4.

518 5649 630 5721 (25)
666 5650 948 5727 Sic_mss.,
985 5650 1295 5727 aliusve-ro,
1335 5646 1569 5726 ﬁdelium
1605 5647 2003 5727 papulunt-sine

443 5723 600 5773 dubio
642 5721 971 5789 intelligendo
1015 5720 1329 5789 spiritaliter
1354 5720 1593 5785 judicare
1655 5734 1739 5770 eos
1787 5720 1873 5780 qui
1910 5733 2002 5783 pro

442 5794 705 5845 ἠϊιιιυαιε.

2183 5646 2295 5715 (~36)
2340 5647 2489 5713 illss.,
2526 5663 2625 5701 non
2672 5644 3026 5711 exposuimus.
3069 5644 3218 5699 Alias
3245 5643 3392 5698 deest
3421 5639 3685 5713 particula

2114 5734 2173 5769 ηδ
2185 5735 2236 5768 η.
