4132 6444
455 400 553 457 261

1644 379 1708 433 lN
1749 368 2049 433 GENESIM
2080 367 2366 423 HOMILIA
2402 341 2563 418 xvn.

3606 354 3715 407 26‘2

458 520 591 574 dare
629 513 827 569 lumbis
854 510 988 573 suis,
1021 518 1071 562 et
1108 505 1325 559 auferre
1370 515 1582 562 rursus,
1620 509 1781 566 atque
1810 496 1862 547 in
1917 491 2023 544 Eu—
2055 487 2101 542 Α
2130 483 2301 552 Super
2324 496 2417 536 eos
2444 481 2536 550 qui
2566 480 2705 534 lacte
2724 477 2961 541 aluntur,
2984 476 3172 531 dentes
3186 472 3302 541 ejus
3325 481 3449 527 sunt
3477 468 3716 526 candidi.

457 612 683 680 phraten
710 604 929 673 jnbetur
967 600 1299 654 abscondere
1326 596 1395 647 “.

527 702 578 756 9.
623 696 867 763 Grati/ici
892 692 1029 746 oculi
1062 691 1175 757 ejus
1207 705 1238 741 a
1282 686 1421 747 vino,
1444 692 1490 735 et
1518 683 1694 734 dentes
1734 678 1848 747 ejus
1897 674 2031 726 lacte

460 790 787 847 candidiores
818 788 886 845 ⁸⁷.
945 786 1108 839 Vides
1164 778 1431 850 quowodo
1481 772 1817 829 historialem
1874 765 2033 820 intel-

461 887 655 940 lectum
695 898 820 953 erga
856 880 1016 933 finem
1058 872 1329 943 praecipue
1386 875 1629 936 amputat
1659 874 1712 918 et
1744 860 2033 916 abscindit.

463 979 518 1031 Si
559 977 701 1032 enim
750 973 926 1027 adhuc
970 964 1361 1023 contentiosius
1394 967 1615 1031 agentes
1667 956 1849 1009 dicere
1903 951 2036 1004 veli-

462 1085 602 1132 mus,
658 1066 784 1136 quia
827 1060 1056 1133 gratitici
1095 1064 1221 1111 sunt
1264 1054 1404 1109 oculi
1457 1051 1607 1105 Judae
1637 1063 1703 1103 ex
1751 1048 1898 1107 vino,
1937 1056 2037 1112 pro

466 1134 822 1222 abundantia,
848 1164 905 1208 ut
933 1166 1096 1220 supra
1143 1147 1406 1211 diximus,
1436 1142 1571 1205 viui,
1603 1150 1658 1194 et
1708 1134 2036 1193 abundantia

468 1254 784 1322 poculorum
824 1264 839 1301 :
883 1247 1010 1316 quid
1042 1246 1108 1300 dc
1155 1241 1400 1297 candidis
1448 1237 1699 1292 dentibus
1740 1230 2040 1301 responde-

468 1348 668 1410 bimus,
709 1350 764 1397 et
795 1337 1041 1410 qualitati
1092 1332 1249 1389 lactis
1289 1329 1566 1401 prmiatis?
1606 1326 1663 1380 lu
1695 1339 1802 1392 quo
1844 1322 2041 1375 adver-

467 1452 583 1493 sum
619 1436 904 1489 veritatem
954 1429 1298 1498 impudenter
1338 1437 1445 1477 non
1486 1429 1572 1476 est
1624 1417 1915 1486 agendum,
1946 1411 2041 1467 sed

469 1526 864 1596 interruptione
928 1520 1300 1590 intelligentia!
1369 1510 1667 1570 historialis
1714 1505 1924 1563 exclusi
1976 1504 2042 1556 ad

464 1617 760 1690 spiritualis
783 1611 1138 1682 expositionis
1163 1607 1410 1662 ordinem
1435 1602 1742 1656 redeamus.
1777 1592 2042 1661 Gratiﬁci,

466 1688 657 1779 inquit,
684 1706 823 1761 oculi
853 1704 969 1773 ejus
999 1720 1030 1755 a
1058 1701 1198 1755 vina.
1232 1694 1494 1764 Superius
1525 1688 1865 1744 ostendimus
1913 1698 2045 1753 apo-

465 1776 659 1857 stolica
717 1797 1040 1850 auctoritate
1065 1790 1112 1822 ⁵⁸
1148 1790 1390 1841 membra
1433 1782 1634 1838 Christi
1692 1777 1798 1833 dici
1850 1776 2040 1846 dignos
2071 1823 2115 1877 Β

464 1905 708 1962 quosque
734 1885 993 1947 fidelium,
1026 1889 1080 1935 et
1133 1880 1345 1933 diversa
1403 1872 1752 1942 singulariter
1796 1868 2038 1922 membra

467 1979 758 2040 nominari.
791 1992 886 2046 pro
910 1990 974 2029 eo
1015 1972 1156 2042 quod
1210 1968 1579 2038 unusquisque
1603 1962 1747 2017 omni
1780 1958 2042 2014 Ecclesia:

467 2072 679 2141 corpori
711 2067 961 2138 dependit
982 2064 1237 2119 ofﬁcium.
1265 2058 1593 2115 Eruntenim
1626 2053 1785 2123 pedes
1814 2048 2040 2114 Christi,

469 2139 578 2234 qui
601 2170 828 2216 currunt
866 2158 932 2210 ad
988 2152 1287 2209 faciendam
1335 2163 1523 2219 pacem
1545 2189 1559 2213 ,
1593 2146 1682 2212 qui
1713 2151 1946 2214 pergunt
1972 2139 2042 2193 ad

469 2229 892 2309 subveniendum
941 2247 1025 2300 bis
1073 2243 1165 2313 qui
1210 2241 1261 2295 in
1306 2239 1629 2294 necessitate
1667 2243 1797 2289 sunt
1855 2229 2039 2301 positi.

471 2345 637 2397 Erunt
661 2353 851 2394 manus
876 2334 1104 2397 Christi,
1135 2346 1255 2402 qum
1279 2330 1344 2384 ad
1385 2326 1817 2384 misericordiam
1848 2331 2045 2376 exten-

467 2436 691 2499 duntur,
723 2446 845 2500 qua;
871 2426 1130 2483 auxilium
1179 2421 1543 2492 indigentibus
1575 2418 1773 2476 ferunt,
1802 2430 1924 2485 quae
1960 2413 2045 2467 in-

468 2528 664 2581 validis
709 2525 778 2579 ad
816 2520 1200 2577 adminiculum
1236 2514 1604 2585 porriguntur.
1638 2509 1729 2564 Sic
1777 2516 1940 2563 erunt
1988 2513 2045 2559 et

468 2621 607 2675 oculi
636 2618 858 2683 Christi,
889 2617 979 2686 qui
1029 2611 1268 2669 scientia:
1316 2609 1495 2661 lumen
1536 2605 1789 2660 universo
1826 2598 2046 2669 "corpori

472 2720 747 2782 praestant.
784 2708 936 2764 Sicut
980 2707 1031 2761 in
1074 2702 1364 2773 Evangelio
1413 2698 1672 2767 scriptum
1712 2703 1797 2749 est
1816 2692 1862 2725 ³³
1892 2709 1906 2746 :
1941 2689 2049 2743 Lu-

471 2822 628 2860 cerna
675 2804 909 2872 corporis
956 2798 1033 2852 tui
1083 2808 1156 2851 est
1196 2794 1380 2848 oculus
1429 2801 1571 2845 tuus.
1620 2784 1866 2844 Gratifici
1915 2796 2044 2851 ergo

471 2908 597 2951 sunt
619 2894 759 2949 oculi
802 2892 892 2946 isti
924 2909 940 2944 :
972 2903 1152 2944 sermo
1186 2884 1328 2940 enim
1365 2881 1610 2938 scientia»
1650 2878 1762 2933 sale
1798 2874 2047 2930 conditus

475 2996 559 3040 est
583 2986 650 3048 “,
687 2988 745 3036 ut
776 2984 865 3037 det
915 2978 1143 3047 gratiam
1196 2973 1559 3030 audientibus.
1606 2968 1723 3024 Non
1772 2981 1903 3037 ergo
1953 2979 2049 3034 per

480 3080 581 3133 hoc
606 3077 778 3130 solum
816 3072 1092 3143 gratificus
1125 3069 1352 3132 dicitur,
1388 3067 1513 3135 quia
1550 3063 1792 3119 scientia:
1832 3074 2048 3116 sermo-

477 3184 599 3223 nem
628 3166 920 3225 ministrat,
953 3160 1209 3229 sedquod
1242 3158 1402 3212 habet
1434 3156 1487 3210 in
1520 3170 1599 3217 se,
1633 3152 1860 3224 gratiam
1895 3149 2045 3203 facit.
2077 3147 2121 3206 (ἶ
2155 3144 2217 3229 f3

481 3258 581 3313 His
605 3258 763 3317 enim,
798 3253 976 3322 inquit
1007 3251 1234 3320 Sapiens
1262 3250 1330 3313 “,
1359 3247 1579 3310 auditis,
1603 3245 1810 3315 sapiens
1838 3243 2049 3309 sapien-

481 3351 587 3403 tior
606 3351 728 3402 erit.
752 3344 996 3403 Gratifici
1046 3356 1175 3412 ergo
1210 3350 1336 3396 sunt
1375 3338 1515 3394 oculi
1541 3338 1656 3407 ejus
1684 3352 1714 3391 a
1746 3336 1891 3397 vino,
1920 3335 2049 3402 quia

482 3443 614 3498 nihil
643 3452 725 3497 est
754 3452 1017 3509 aquarum
1044 3437 1096 3490 in
1133 3435 1297 3489 verbo
1335 3432 1596 3493 scientiae,
1636 3428 1770 3484 nihil
1800 3426 2049 3490 fluidum,

483 3534 613 3588 nihil
640 3532 923 3601 frigidum,
958 3528 1050 3583 sed
1084 3527 1267 3581 vinmn
1288 3526 1432 3595 quod
1471 3522 1707 3577 laetificat
1740 3535 1836 3575 cor
1876 3516 2053 3573 homi-

483 3625 588 3685 nis,
612 3635 666 3679 et
693 3622 837 3692 quod
884 3618 1186 3674 infunditur
1217 3615 1528 3671 vulneribus
1572 3614 1718 3669 illius
1767 3612 1859 3683 qui
1915 3610 2054 3665 inci-

482 3719 560 3771 dit
595 3717 649 3772 in
690 3715 934 3769 latrones
961 3712 1027 3779 θ’,
1058 3725 1167 3781 quo
1199 3708 1411 3764 scilicet
1451 3706 1783 3761 audientium
1828 3703 2053 3757 vulnera

481 3817 826 3880 peccatorum
852 3821 958 3860 non
983 3804 1156 3860 solum
1187 3799 1291 3857 olei
1338 3800 1560 3853 lenitate
1594 3797 1935 3865 mitigentur,
1961 3809 2054 3849 ve-

485 3914 601 3953 rum
629 3898 794 3952 etiam
824 3897 937 3951 vini
971 3895 1290 3950 austeritate
1328 3899 1649 3961 purgentur.
1691 3888 1759 3941 Et
1805 3887 1922 3957 quis
1953 3896 2051 3950 est,

485 3992 661 4060 inquit
693 3988 979 4058 Apostolus
1000 3988 1067 4051 ⁸³,
1097 3987 1186 4056 qui
1217 4001 1297 4039 me
1324 3983 1555 4050 laetiﬁcat
1575 4020 1591 4046 ,
1615 3979 1718 4033 nisi
1746 3979 1831 4048 qui
1857 3976 2055 4030 contri-

456 4160 459 4161 ν
484 4094 657 4136 statur
688 4095 751 4133 ex
778 4094 857 4131 me
919 4073 1228 4132 “YCandidi
1255 4076 1430 4129 dentes
1464 4073 1579 4141 ejus
1626 4086 1783 4139 super
1810 4068 1911 4121 lac.
1944 4067 2057 4120 Sae-

487 4175 608 4243 pius
640 4174 708 4226 de
737 4169 1099 4225 membrorum
1128 4164 1334 4222 Christi
1358 4164 1548 4219 ordine
1585 4171 1638 4217 et
1684 4162 1893 4215 ratione
1941 4158 2053 4226 jam

486 4268 742 4328 diximus,
783 4263 942 4333 110
988 4270 1043 4316 et
1080 4261 1270 4313 eadem
1320 4255 1657 4324 frequentius
1688 4254 1742 4308 in
1788 4252 1869 4306 eis
1920 4249 2058 4304 locis

489 4370 734 4433 repetere
770 4358 1063 4413 absurdum
1091 4353 1325 4408 videtur.
1368 4351 1566 4403 Dentes
1590 4362 1720 4416 ergo
1742 4344 1860 4410 eius
1899 4356 2062 4409 super

491 4453 573 4507 Iac
599 4449 813 4505 candidi
847 4454 1009 4501 erunt
1055 4443 1131 4508 hi,
1170 4442 1259 4511 qui
1294 4440 1491 4494 fortem
1524 4445 1580 4493 et
1618 4436 1852 4491 solidum
1881 4433 2057 4487 cibum

492 4544 640 4600 verbi
704 4542 793 4596 Dei
843 4540 1100 4594 mandere
1145 4545 1202 4592 et
1255 4534 1623 4590 comminuere
1670 4530 1739 4583 ad
1794 4538 2060 4580 summam

492 4637 847 4693 subtilitatem
879 4631 1131 4687 dentibus
1159 4637 1383 4699 possunt
1403 4642 1418 4691 ;
1438 4624 1504 4679 de
1544 4623 1739 4693 quibus
1761 4619 1891 4673 dicit
1921 4617 2066 4685 Apo-

492 4729 663 4784 stolus
689 4727 742 4781 in
768 4725 1000 4793 Epistola
1021 4723 1085 4775 ad
1115 4721 1368 4776 Hebraeos
1393 4718 1439 4751 ”
1465 4736 1480 4770 :
1508 4714 1865 4782 Perfectorum
1893 4718 2067 4761 autem

492 4833 566 4877 est
588 4821 731 4875 cibus
768 4818 990 4881 solidus,
1018 4814 1109 4885 qui
1136 4830 1228 4882 pro
1258 4808 1607 4880 possibilitate
1645 4803 1884 4859 sumendi
1918 4814 2067 4853 exer-

495 4917 678 4969 citatos
700 4912 887 4965 habent
910 4925 1091 4962 sensus
1135 4906 1204 4959 ad
1247 4903 1611 4957 discretionem
1655 4900 1780 4950 boni
1825 4902 1873 4948 et
1912 4892 2065 4946 mali.

501 5005 575 5060 De
605 4999 937 5072 imperfectis
984 5006 1161 5051 autem
1202 4990 1501 5048 Corinthiis
1532 4988 1644 5058 (27)
1671 4985 1719 5018 “
1747 4983 1883 5037 dicit
1916 4996 1929 5032 :
1961 4977 2067 5072 Lac

500 5090 639 5144 vobis
660 5096 841 5157 potum
871 5084 1012 5146 dedi,
1035 5097 1138 5134 nan
1166 5093 1357 5142 escam,
1380 5077 1612 5128 nondum
1637 5072 1775 5124 enim
1795 5064 2066 5136 poteratis.
2106 5108 2115 5115 .

570 5265 615 5298 ⁸⁸
649 5263 760 5319 Jer.
795 5279 835 5318 ι.
948 5259 991 5290 ⁵⁷
1019 5257 1214 5313 Cenes.
1245 5267 1391 5317 xmx,
1420 5248 1508 5305 12.
1578 5244 1710 5319 __“_l
1732 5242 1857 5297 Cor.
1881 5256 1956 5303 vn,
1983 5237 2068 5291 15.

649 5298 760 5319 σε..
796 5298 835 5318 ι.
1023 5298 1214 5313 νηπίη.
1425 5298 1508 5305 ___
1947 5298 1955 5303 _

502 5338 547 5368 "
578 5338 708 5390 Luc.
750 5350 805 5398 x,
859 5330 949 5385 54.
1028 5330 1072 5360 ⁸³
1101 5327 1295 5398 ΙΙγΟο-ιε.
1335 5298 1394 5382 Il:
1441 5320 1495 5372 9..
1540 5316 1621 5398 ’ξι
1654 5314 1857 5398 Cenes.
1892 5324 2053 5398 κως..

2151 5342 2159 5359 .
2234 5302 2280 5333 ⁸⁸
2311 5298 2475 5357 Hebr.
2526 5308 2576 5357 v,

505 5409 551 5441 ⁸⁸
986 5398 1078 5452 20.
1101 5376 1488 5453 ηθῖγιλιιεξκν,
1534 5386 1623 5441 10.
1702 5384 1746 5414 ⁷ο
1777 5383 1877 5438 lsa.
1916 5396 2005 5443 ις,
2035 5376 2125 5430 ii.

575 5564 688 5638 (Ξῖ)
733 5561 904 5626 Alias,
930 5552 1297 5623 semiperfectis
1329 5557 1503 5603 autem
1548 5537 1861 5597 Corinthiis.

2133 574 2183 629 id
2218 573 2398 637 est,hi
2447 573 2535 642 qui
2579 573 2879 640 perfectum
2935 569 3116 624 cibum
3168 580 3361 634 capere
3405 572 3628 633 possunt
3662 569 3719 615 et

2133 666 2439 727 comedere,
2468 680 2631 732 super
2664 663 2782 716 illos
2807 670 2931 715 sunt
2962 661 3052 731 qui
3086 669 3339 725 tanquam
3371 654 3574 724 parvuli
3617 653 3714 705 ad~

2136 756 2242 809 huc
2265 754 2405 808 lacte
2440 754 2699 823 indigent.
2736 751 2975 819 Denique
3009 762 3060 805 et
3085 751 3137 804 in
3183 750 3329 817 lege,
3362 762 3425 800 ea
3472 746 3718 798 animau-

2138 850 2208 901 tia
2245 862 2364 917 qua:
2399 848 2689 911 ruminant,
2728 852 2783 899 et
2838 854 3109 912 sumptum
3165 840 3345 895 cibum
3408 838 3475 891 ad
3524 838 3714 889 dentes

2138 940 2318 993 denuo
2393 946 2696 1001 revocant,
2744 949 2904 1003 quem
2969 932 3244 987 subtiliter
3299 928 3716 994 minutatimque

2138 1028 2522 1085 sustentationi
2582 1026 2693 1099 (ξ’-8)
2744 1027 2987 1095 corporis
3034 1026 3273 1084 tradunt,
3331 1021 3527 1074 munda
3593 1031 3718 1071 esse

2140 1120 2397 1174 animalia
2435 1119 2806 1188 designantur.
2835 1113 3128 1183 Aptissima
3157 1125 3289 1167 sane
3318 1109 3480 1163 etiam
3526 1105 3719 1161 caudi-

2141 1213 2238 1269 dos
2266 1213 2457 1267 dentes
2482 1210 2598 1278 ejus
2629 1207 2783 1264 dicit.
2806 1206 3004 1261 Omnes
3025 1206 3173 1259 enim
3203 1203 3293 1272 qui
3322 1199 3544 1271 perfecti
3569 1207 3719 1262 sunt,

2140 1316 2196 1361 et
2228 1309 2317 1374 qui
2356 1303 2761 1371 Scripturarum
2798 1299 2949 1353 cibos
2981 1296 3157 1364 dignis
3196 1304 3249 1349 et
3286 1290 3720 1361 competentibus

2146 1392 2684 1463 interpretationibus
2735 1389 3090 1458 explanantes
3143 1385 3391 1441 subtilem
3436 1395 3491 1437 et
3544 1383 3722 1435 minu-

2147 1496 2257 1542 tum
2308 1484 2674 1545 intellectum,
2723 1482 2811 1549 qui
2865 1477 3163 1548 Spiritualis
3209 1477 3429 1538 dicitur,
3461 1471 3721 1525 Ecclesia!

2147 1575 2363 1644 corpori
2398 1571 2833 1632 subministrant,
2862 1566 3075 1622 candidi
3113 1567 3306 1620 debent
3337 1578 3456 1617 esse
3501 1572 3553 1616 et
3577 1560 3721 1629 puri,

2147 1678 2308 1735 atque
2328 1666 2394 1718 ab
2418 1664 2565 1719 omni
2607 1662 2746 1715 malo
2780 1660 2955 1724 liberi,
2998 1674 3065 1713 ne
3096 1657 3233 1713 forte
3278 1656 3487 1710 dicatur
3520 1653 3600 1707 eis
3626 1652 3669 1683 ⁵⁷
3706 1671 3720 1705 :

2153 1757 2254 1824 Qui
2290 1757 2425 1810 alios
2448 1753 2850 1823 doces,teipsum
2877 1766 2981 1804 non
3026 1750 3200 1801 doces.
3237 1746 3431 1799 Verum
3466 1744 3723 1812 quoniam

2146 1852 2329 1907 divina
2356 1848 2641 1916 Scriptura
2697 1858 2802 1897 non
2845 1841 3017 1897 solum
3053 1849 3518 1893 sacramentorum
3565 1836 3726 1891 debet

2144 1941 2431 2000 scientiam
2480 1938 2784 1999 continere,
2814 1949 3000 1989 verum
3034 1933 3196 1985 etiam
3246 1943 3425 1983 mores
3468 1934 3725 1996 gestaque

2148 2034 2450 2091 informare
2501 2029 2824 2085 discentium
2863 2044 2878 2094 ;
2916 2025 2995 2079 sic
3036 2023 3180 2078 enim
3221 2028 3276 2074 et
3320 2015 3595 2084 Sapientia
3632 2028 3731 2083 per

2146 2129 2491 2185 Salomouem
2524 2123 2656 2177 dicit
2677 2120 2723 2153 ⁸⁸
2752 2136 2765 2172 :
2804 2116 3051 2172 Describe
3088 2116 3197 2167 htec
3231 2111 3323 2165 tibi
3365 2108 3648 2177 dupliciter
3678 2116 3729 2160 ct

2147 2220 2429 2289 tripliciter
2458 2217 2516 2269 in
2542 2214 2700 2268 corde
2723 2223 2836 2273 tuo,
2867 2221 2921 2265 et
2947 2222 3072 2262 arca
3107 2220 3228 2274 quzc
3260 2200 3677 2257 construebatur
3698 2214 3727 2250 a

2147 2311 2282 2374 Noe,
2317 2309 2647 2363 bicamerata
2699 2312 2752 2357 et
2795 2300 3147 2354 tricamerata
3199 2291 3315 2347 fieri
3342 2290 3565 2357 iubetur
3595 2303 3610 2351 ;
3643 2300 3734 2340 co-

2149 2416 2343 2457 nemur
2364 2411 2417 2454 et
2456 2410 2554 2452 nos
2580 2400 2932 2464 posteaquam
2954 2385 3240 2457 dupliciter
3276 2383 3412 2449 ista,
3446 2386 3606 2450 prout
3629 2389 3733 2447 po-

2150 2495 2351 2550 tuimus
2385 2482 2617 2552 Sentire,
2639 2482 3050 2553 descripsimus,
3101 2479 3153 2533 id
3189 2485 3274 2532 est
3303 2474 3598 2530 secundum
3647 2470 3724 2527 hi-

2150 2586 2379 2645 storiam
2423 2590 2482 2638 et
2514 2579 2808 2636 secundum
2856 2571 3146 2642 mysticum
3176 2566 3539 2629 intellectum,
3587 2576 3732 2618 nunc

2150 2680 2204 2735 in
2229 2684 2492 2748 quantum
2524 2669 2771 2739 recipere
2799 2666 2950 2721 locus
2970 2667 3173 2733 potest,
3202 2659 3365 2713 etiam
3390 2652 3648 2710 moralem
3678 2653 3730 2706 in

2150 2783 2214 2825 eo
2246 2741 2521 2821 discutere
2564 2771 2877 2815 sermonem
2915 2770 2929 2808 :
2963 2763 3021 2806 ut
3073 2749 3413 2818 Scripturam
3475 2741 3732 2808 studiosi,

2152 2872 2259 2912 non
2306 2854 2477 2911 solum
2515 2848 2651 2924 quid
2682 2849 2734 2902 in
2763 2845 2917 2911 aliis,
2981 2840 3067 2895 vel
3109 2839 3179 2893 ab
3220 2836 3342 2892 aliis
3390 2842 3597 2904 gestum
3635 2832 3737 2896 sit,

2151 2950 2245 3006 sed
2270 2949 2437 3003 etiam
2473 2946 2575 3017 ipsi
2612 2946 2753 2998 intra
2787 2944 2845 2995 se
2873 2933 3002 3009 quid
3035 2944 3226 3002 gerere
3245 2928 3481 2982 debeant
3509 2926 3743 2979 docean-

2154 3049 2262 3098 tur.
2284 3038 2452 3094 Judas
2488 3014 2752 3103 confessio
2777 3030 3191 3098 interpretatur.
3218 3017 3319 3089 Qui
3354 3030 3482 3090 ergo
3506 3014 3586 3069 vel
3619 3027 3741 3080 pec-

2225 3137 2275 3181 ta
2311 3140 2408 3181 sua
2436 3122 2721 3179 confessus
2764 3114 3141 3187 paenitentiam
3170 3111 3325 3181 gerit,
3348 3110 3436 3163 vel
3463 3108 3739 3161 Christum

2158 3220 2212 3274 in
2254 3216 2634 3287 persecutione
2683 3223 2865 3265 coram
2910 3202 3226 3261 hominibus
3264 3200 3576 3263 confitetur,
3621 3196 3739 3251 col-

2160 3310 2413 3365 laudatur
2439 3321 2468 3358 a
2500 3301 2766 3357 fratribus
2796 3298 2930 3354 suis.
2958 3293 3172 3349 Laetitia
3203 3291 3349 3346 enim
3399 3300 3446 3344 et
3480 3288 3735 3361 gaudium

2159 3413 2233 3457 est
2264 3397 2461 3470 angelis
2493 3397 2550 3451 in
2590 3391 2719 3449 ctelo
2764 3404 2922 3457 super
2950 3402 3055 3440 uno
3083 3392 3357 3454 peccatore
3381 3378 3741 3450 paenitentiam

2159 3468 2348 3565 agente
2365 3491 2431 3543 ”.
2460 3488 2544 3543 Ab
2574 3486 2707 3555 ipsis
2749 3495 2879 3553 ergo
2911 3489 3167 3547 tanquam
3200 3490 3230 3529 a
3262 3473 3523 3528 fratribus
3552 3468 3743 3541 (unius

2161 3562 2365 3641 etenim
2394 3590 2449 3636 et
2474 3576 2751 3636 Creatoris
2795 3585 2849 3629 et
2878 3571 3057 3627 Patris
3106 3567 3203 3623 filii
3242 3574 3370 3622 sunt
3410 3574 3464 3620 et
3491 3562 3740 3618 homines

2160 3686 2216 3735 et
2258 3672 2460 3745 angeli)
2512 3668 2910 3726 collaudantur.
2956 3663 3155 3719 Verum
3213 3658 3257 3713 is
3305 3656 3397 3727 qui
3447 3654 3742 3711 conﬁtetur

2162 3744 2454 3826 Dominum
2477 3762 2681 3826 Jesum,
2707 3758 2831 3829 quia
2858 3755 2914 3811 in
2948 3754 3155 3824 Spiritu
3196 3756 3388 3806 sancto
3428 3744 3738 3807 conﬁtetur,

2165 3875 2361 3918 manus
2416 3856 2537 3927 ejus
2579 3866 2744 3920 super
2773 3850 2994 3904 dorsum
3043 3842 3385 3899 inimicorum
3414 3835 3741 3891 efficiuntur.

2164 3954 2264 4021 Qui
2297 3950 2443 4006 enim
2485 3956 2613 4000 ante
2650 3939 2975 3997 exhibuerat
2998 3932 3239 3989 membra
3276 3944 3371 3984 sua
3410 3926 3618 3981 servire
3640 3922 3745 3977 ini-

2164 4014 2361 4115 quitati
2420 4040 2487 4093 ad
2524 4033 2889 4103 iniquitatem,
2925 4039 3072 4081 nunc
3123 4036 3188 4077 ea
3236 4019 3500 4074 exhibens
3535 4014 3746 4068 servire

2158 4103 2385 4207 iustitiae
2415 4130 2471 4184 in
2513 4120 3029 4180 sanctiticationem,
3055 4114 3170 4182 jam
3203 4109 3524 4179 fugientium
3549 4120 3607 4159 se
3634 4103 3741 4156 iui-

2167 4200 2431 4282 micorum
2464 4230 2710 4278 suorum,
2740 4211 2791 4266 id
2824 4214 2907 4262 est
2932 4206 3261 4264 daemonum,
3305 4208 3454 4263 terga
3483 4200 3645 4249 vexat
3689 4203 3746 4246 et.

2169 4315 2347 4372 caedit.
2398 4310 2489 4365 Sic
2522 4307 2665 4363 enim
2697 4308 2905 4370 pugnat
2944 4310 3051 4349 non
3100 4290 3253 4361 quasi
3286 4301 3463 4340 aerem
3510 4284 3745 4344 candens,

2172 4409 2264 4463 sed
2302 4405 2576 4459 daemones
2618 4395 2809 4464 fugans
2837 4386 3077 4457 :quique
3112 4383 3181 4436 oh
3229 4377 3426 4431 nimios
3473 4372 3749 4444 profectus

2093 4478 2139 4534 θ
2168 4495 2427 4555 velutDei
2451 4492 2563 4562 jam
2594 4490 2647 4544 in
2681 4501 2738 4541 se
2771 4476 3120 4553 participium
3155 4471 3360 4525 habens
3393 4467 3558 4519 etiam
3611 4464 3747 4516 ado-

2163 4592 2271 4649 rari
2308 4588 2507 4644 dicitur
2530 4599 2560 4637 a
2593 4579 2718 4635 liliis
2737 4573 2913 4632 Patris
2935 4569 3042 4624 sui.
3070 4565 3244 4621 Filios
3260 4559 3440 4615 Patris
3471 4557 3553 4612 sui
3584 4557 3742 4624 quasi

2162 4688 2215 4742 in
2257 4679 2451 4738 morali
2484 4677 2603 4732 loco
2637 4680 2926 4742 possumus
2954 4657 3253 4725 intelligere
3299 4648 3523 4703 minoris
3568 4644 3750 4702 meriti

2163 4740 2370 4837 fideles,
2399 4770 2491 4842 qui
2537 4768 2592 4822 in
2624 4740 2691 4819 eo
2720 4760 2956 4828 majores
3002 4760 3248 4821 quosque
3289 4750 3345 4797 et
3396 4740 3751 4812 perfectiores

2162 4859 2573 4932 adoraut,quod
2613 4870 2799 4911 eorum
2829 4861 2994 4919 opera
3040 4837 3272 4896 humiles
3301 4848 3364 4887 ac
3394 4828 3625 4898 subjecti
3656 4843 3748 4880 ve-

2175 4920 2518 5016 nerantur-et
2551 4949 2772 5004 laudant
2803 4962 2818 4998 :
2847 4939 2989 4995 unde
3025 4933 3089 4987 ad
3119 4926 3412 5007 Ecclesiam
3443 4922 3638 4974 dicitur
3659 4920 3709 4952 ἀ
3738 4940 3752 4976 ε

2178 5052 2487 5110 Adorabunt
2531 5043 2748 5111 vestigia
2774 5036 2961 5108 pedum
2999 5039 3233 5083 tuorum.

3366 5195 3408 5227 “
3436 5192 3594 5244 Prov.
3623 5203 3663 5249 ι,
3698 5186 3753 5241 5.

2181 5233 2228 5266 ”
2260 5229 2545 5285 Mattb.vl,
2574 5219 2665 5275 22.
2781 5215 2824 5245 ‘°
2846 5208 3053 5265 Coloss.
3100 5220 3174 5267 tv,
3206 5200 3258 5253 6.
3366 5200 3408 5227 “'
3436 5200 3594 5244 Prov.
3623 5203 3663 5249 ι,
3698 5200 3753 5241 5.

2234 5302 2280 5322 ι.
2311 5298 2453 5322 ΠΛ...
2526 5308 2554 5322 .,
2626 5287 2691 5322 ιι
2791 5280 3025 5322 «σιηηιν
3062 5290 3141 5322 ιιι.
3193 5272 3246 5322 2.
3322 5267 3363 5297 ⁸⁷
3396 5259 3754 5322 Ιὶυιιι.ιι,21.

2626 5287 2714 5342 Μ.
2791 5285 2835 5315 ⁸⁸
2863 5280 3028 5335 lCor.
3062 5290 3141 5336 ιιι,
3193 5272 3246 5324 2.

2252 5520 2365 5595 (28)
2413 5519 2583 5582 Alias,
2614 5509 2876 5567 subtiliter
2907 5502 3222 5557 minutatum
3253 5479 3656 5543 sustentationi.
