4132 6438
371 399 483 459 265

1817 388 1883 446 ΙΝ
1915 386 2224 446 EXODUM.

3520 395 3624 449 966

365 517 480 572 θεῖν
507 514 669 571 αὑτοῦ
706 513 783 588 τῷ
823 515 1154 588 βουλήματι;
1194 512 1350 584 δῆλον
1377 513 1484 585 γάρ
1517 510 1600 566 ὅτι
1648 510 1722 582 μὴ
1769 509 1943 580 βουλο-

2049 506 2378 574 morigerum
2421 502 2622 560 habere
2661 501 2930 559 mandatis
2976 505 3092 561 suis
3138 505 3479 565 Pharaonem
3509 513 3625 567 baut.

368 609 534 680 μένου
564 607 882 678 πειθόμενον
906 605 1045 678 ἔχειν
1071 604 1180 677 (50)
1203 598 1291 669 οἷς
1329 603 1663 674 προστάσσει
1705 600 1796 653 τὸν
1839 601 1946 652 Φα-

369 695 484 770 ραὼ
504 695 677 750 ταῦτα
705 697 852 750 δοκεῖ
879 695 1134 763 λέγεσθαι
1173 694 1245 747 τά
1286 695 1523 765 ῥήματα.
1582 693 1706 754 Τοῖς
1741 690 1797 744 δὲ
1852 708 1947 743 πι-

370 787 580 840 στεύειν
626 787 1000 858 νομιζομένοις
1023 785 1290 856 διαφωνία
1317 786 1415 855 ούχ
1461 787 1494 856 ἡ
1524 783 1762 854 τυχοῦσα
1783 781 1948 852 γεγέ-

367 896 542 949 νηται,
597 878 686 932 διὰ
741 878 835 931 τό·
868 896 888 929 ι
941 877 1271 949 Ἐσκλήρυνε
1326 876 1530 947 Κύριος
1580 875 1678 945 τὴν
1719 873 1947 944 καρδίαν

366 969 598 1043 Φαραώο
643 990 661 1023 ι
704 972 752 1024 οἱ
805 970 904 1042 μὲν
961 970 1070 1040 γὰρ
1112 969 1424 1041 πειθόμενοι
1475 969 1548 1040 μὴ
1590 967 1747 1022 ἀλλον
1803 961 1945 1032 εἶναι

367 1063 498 1117 Θεὸν
543 1062 694 1135 παρὰ
731 1063 822 1117 τὸν
869 1063 1198 1135 δημιουργὸν
1245 1062 1533 1135 φρονοῦσιν
1559 1061 1635 1124 ὼς
1665 1061 1774 1134 ἄρα
1806 1061 1950 1114 κατά

366 1158 753 1231 ἀποκλήρωσιν
784 1159 812 1210 ὁ
837 1159 968 1223 Θεὸς
999 1160 1058 1212 ὃν
1077 1158 1216 1211 θέλει
1255 1158 1412 1222 ἐλεεῖ,
1445 1157 1504 1210 ὃν
1536 1157 1591 1210 δὲ
1613 1156 1756 1209 θέλει
1787 1155 1950 1226 σκλη-

370 1251 537 1322 ρύνει,
587 1250 765 1303 αἰτίαν
793 1251 892 1303 οὐκ
935 1250 1151 1320 ἔχοντος
1180 1247 1295 1315 τοῦ,
1333 1248 1483 1302 τόνδε
1520 1247 1618 1318 μὲν
1660 1246 1946 1312 ἐλεεῖσθαι,

365 1343 514 1396 τόνδε
543 1341 600 1393 δὲ
636 1341 1032 1413 σκληρύνεσθαι
1073 1342 1164 1395 ὑπ’
1199 1341 1384 1396 αὐτοῦ.
1414 1342 1632 1410 Ἔτεροι
1658 1340 1712 1393 δὲ
1745 1339 1950 1409 βέλτιον

367 1436 517 1508 παρά
541 1436 762 1499 τούτους
787 1436 1096 1507 φερόμενοι,
1127 1435 1260 1505 φασδ⁴
1282 1434 1450 1488 πολλὰ
1479 1435 1575 1488 καὶ
1598 1434 1730 1488 ἄλλα
1752 1430 1951 1503 κεκρύ-

367 1527 494 1598 φθαι
526 1529 624 1599 τῆς
656 1529 879 1599 Γραφῆς
904 1529 1087 1590 αὐτοῖς
1109 1529 1378 1598 νοήματα,
1418 1526 1510 1579 καὶ
1530 1527 1589 1578 οὐ
1617 1524 1765 1596 παρά
1794 1524 1952 1576 τοῦτο

364 1620 463 1688 τῆς
484 1617 667 1688 ὑγιοῦς
699 1618 930 1680 πίστεως
950 1617 1248 1688 τρέπεσθαι
1270 1634 1283 1646 ·
1313 1616 1370 1668 ἓν
1392 1615 1448 1667 δὲ
1473 1615 1582 1668 τῶν
1599 1616 1951 1684 ἀποκεκρυμ-

371 1710 544 1779 μένων
581 1706 719 1762 εἶναι
770 1709 864 1762 καὶ
906 1709 996 1763 τὸν
1046 1709 1175 1780 περὶ¹
1208 1706 1410 1779 ταύτης
1446 1708 1544 1778 τῆς
1587 1707 1804 1778 γραφῆς
1838 1705 1949 1776 (51)

368 1802 496 1871 ὑγιῆ
519 1802 696 1870 λόγον.
729 1804 791 1856 Οἱ
845 1802 900 1854 δὲ
940 1801 1125 1872 ἓτερον
1168 1800 1289 1854 θεὸν
1327 1801 1628 1870 φάσκοντες
1673 1799 1820 1872 παρά
1861 1799 1949 1852 τὸν

367 1891 720 1962 δημιουργὸν,
755 1891 960 1944 δίκαιον
987 1893 1083 1962 μὲν
1120 1891 1283 1945 αὑτὸν
1321 1887 1458 1944 εἶναι
1483 1890 1694 1943 θέλουσι
1723 1891 1816 1943 καὶ
1847 1890 1948 1943 οὐκ

371 1983 592 2051 ἀγαθὸν,
627 1983 830 2054 σφόδρα
878 1983 1160 2047 ἰδιωτικῶς
1188 1983 1303 2055 ἃμα
1340 1983 1432 2036 καὶ
1456 1981 1667 2045 ἀσεϐῶς
1699 1981 1947 2053 ἐνεχθέν-

368 2093 479 2139 τες,
538 2076 596 2128 ὲν
650 2074 726 2145 τῷ
771 2075 1023 2146 χωρίζειν
1071 2074 1418 2147 δικαιοσύνην
1467 2073 1825 2144 ἀγαθότητος,
1852 2073 1947 2126 καὶ

369 2165 579 2219 οἴεσθαι
607 2166 688 2219 ὄτι
714 2163 824 2220 οἷόν
843 2166 903 2219 τέ
942 2167 1056 2220 ἐστι
1085 2166 1426 2236 δικαιοσύνην
1452 2162 1591 2219 εἶναι
1620 2163 1676 2219 ἐν
1709 2182 1813 2218 τινι
1843 2182 1949 2235 χω-

370 2257 454 2326 ρἰς
478 2256 812 2329 ἀγαθότητος
844 2258 1076 2330 (52),κα“ι
1105 2257 1416 2329 ἀγαθότητα
1438 2257 1560 2330 δίχα
1581 2256 1946 2327 δικαιοσύνης·

364 2347 514 2418 ὅμως
545 2347 732 2401 δὲκαὶ
768 2347 927 2401 τοῦτο
961 2348 1210 2417 λέγοντες
1249 2349 1470 2403 ἐναντία
1511 2351 1577 2420 τῇ
1613 2348 1718 2420 ἰδίᾳ
1743 2348 1946 2416 ὑπολή-

363 2441 454 2510 ψει
500 2443 628 2514 περὶ
660 2441 865 2494 δικαίου
907 2441 1221 2512 προσίενται
1269 2440 1426 2506 Θεοῦ,
1483 2439 1804 2512 σκληρύνειν
1850 2438 1946 2510 τὴν

365 2531 590 2604 καρδίαν
642 2533 859 2605 Φαραὼ,
919 2534 1014 2588 καὶ
1059 2532 1259 2604 ἀπειθῆ
1307 2533 1476 2606 αὐτὴν
1517 2531 1947 2596 κατασκευάζειν

365 2624 561 2695 ἑαυτῷ.
594 2625 657 2678 Εἰ
681 2629 789 2698 γὰρ
814 2627 842 2678 ό
871 2625 931 2680 τὸ
953 2627 1072 2680 κατ’
1105 2625 1262 2692 ἀξίαν
1294 2624 1586 2695 ἀπονέμων
1615 2623 1832 2693 ἑκάστῳ
1869 2623 1946 2676 δί-

366 2733 540 2782 καιος,
570 2717 663 2770 καὶ
695 2717 802 2771 ἀπὸ
841 2717 943 2788 τῆς
969 2717 1176 2772 ἑαυτῶν
1212 2717 1391 2781 αἰτίας
1420 2715 1722 2788 κρείττοσιν
1755 2714 1788 2786 ἢ
1833 2714 1946 2786 χεί-

369 2826 489 2880 ροσι
529 2811 917 2882 γεγενημένοις
950 2809 1234 2874 ἀποδιδοὺς
1271 2801 1346 2863 ὧν
1379 2809 1686 2881 ἐπιτήδειον
1715 2806 1946 2861 ἕκαστον

365 2901 652 2972 τυγχάνειν
675 2903 980 2968 ἐπίσταται,
1004 2901 1120 2966 πῶς
1154 2901 1380 2965 δίκαιος,
1407 2900 1436 2953 ὁ
1467 2899 1740 2971 ἁμαρτίας
1766 2897 1946 2970 χείρο-

366 3011 455 3058 νος
497 2995 670 3057 αἴτιος
728 2994 1016 3064 γενόμενος
1063 2991 1142 3062 τῷ
1192 2990 1424 3064 Φαραώ;
1471 2991 1566 3045 καὶ
1612 2992 1712 3062 οὐχ
1759 2989 1946 3055 ἁπλῶς

368 3084 559 3148 αἴτιος,
596 3083 706 3137 ἀλλ’
741 3084 862 3136 ὅσον
894 3084 1002 3152 (55)
1033 3083 1117 3150 ἐφ’
1142 3076 1220 3145 οἷς
1247 3085 1444 3134 ἐκεῖνοι
1485 3081 1791 3146 ἐξεδέξαντο
1823 3099 1949 3136 συν-

367 3174 606 3245 εργήσας
659 3173 738 3235 εἰς
778 3172 839 3225 τὸ
865 3169 1116 3240 γενέσθαι
1157 3170 1317 3222 αὑτὸν
1347 3168 1694 3224 ἀδικώτατον.
1714 3172 1828 3223 Ἐπ’
1859 3173 1948 3224 ού-

369 3260 456 3313 δὲν
483 3262 592 3330 γάρ
622 3259 984 3330 ἀναφέροντες
1015 3257 1162 3324 ἀξιον
1191 3257 1564 3329 προαιρέσεως
1592 3259 1800 3312 δικαίου
1826 3259 1946 3313 θεοῦ

368 3349 468 3421 τὴν
522 3351 847 3423 σκλήρυνσιν
879 3351 977 3421 τῆς
1008 3350 1233 3422 καρδίας
1276 3349 1495 3422 Φαραὼ,
1531 3350 1631 3405 οὐκ
1677 3347 1775 3404 οἷδ’
1799 3352 1949 3417 ὅπως

369 3441 573 3496 δίκαιον
605 3442 744 3506 θεὸν,
778 3442 878 3496 κᾶν
912 3442 1162 3515 καθάπερ
1192 3442 1464 3514 διηγεῖσθε
1492 3442 1807 3514 βούλωνται,
1841 3463 1945 3498 πα-

370 3534 636 3606 ραστῆσαι
665 3534 916 3588 δύνανται
945 3534 1034 3589 τὸν
1067 3534 1436 3610 σκληρύνοντα
1461 3535 1558 3608 τὴν
1589 3536 1815 3607 καρδίαν
1838 3539 1948 3591 Φα-

367 3626 483 3699 ραώ
505 3644 518 3657 °
557 3627 680 3680 ὅθεν
714 3627 962 3681 θλιπτέον
988 3627 1186 3691 αὐτοὺς
1215 3628 1272 3681 ὲν
1297 3631 1410 3692 τοῖς
1436 3629 1577 3682 κατά
1601 3629 1692 3682 τὸν
1723 3629 1946 3701 προκεί-

368 3737 527 3790 μενον
567 3719 750 3785 τόπον,
788 3721 934 3784 ὅπως
978 3721 1096 3792 ἤτοι
1137 3723 1528 3792 παραστήσωσι
1568 3720 1686 3784 πῶς
1735 3721 1942 3786 δίκαιος

365 3811 675 3883 σκληρύνει,
704 3812 736 3882 ἢ
768 3812 1112 3883 τολμήσωσιν
1134 3814 1330 3877 εἰπεῖν,
1359 3812 1439 3866 ὅτι
1465 3814 1585 3866 ἐπεὶ
1623 3813 1936 3885 σκληρύνει,

364 3903 600 3974 πονηρὸς
625 3903 1040 3974 ὁΔημιουργόςο
1085 3903 1118 3974 ἢ
1157 3903 1290 3973 μήτε
1333 3901 1692 3972 εὐποροῦντες
1725 3903 1940 3956 ἀποδεί-

366 3993 498 4059 ξεων
531 3995 667 4067 πρὸς
712 3997 772 4049 τὸ
814 3997 905 4050 τὸν
941 3997 1148 4050 δίκαιον
1180 3996 1566 4067 σκληρυντικὸν
1605 3992 1742 4048 εἷναί
1772 4012 1934 4060 τινος,

367 4090 505 4161 μήτε
535 4088 838 4160 τολμῶντες
870 4089 930 4142 τὸ
976 4090 1066 4142 ἐπὶ
1101 4089 1349 4142 τοσοῦτον
1395 4089 1589 4152 ἀσεϐὲς
1637 4088 1747 4160 (54)
1780 4088 1942 4160 προέ-

369 4177 489 4232 σθαι
507 4179 742 4250 περὶτοῦ
773 4179 1058 4240 κτίσαντος
1076 4177 1150 4240 ὡς
1173 4176 1430 4248 πονηροῦ,
1453 4175 1837 4246 καταφύγωσιν
1854 4175 1945 4228 ἐπὶ

365 4269 555 4344 ἑτέραν
591 4271 728 4332 ὁδὸν,
773 4269 1101 4341 ὲξηγητικὴν
1136 4269 1252 4334 τοῦ,
1290 4288 1308 4320 ι
1355 4269 1684 4340 Ἐσκλήρυνε
1735 4270 1944 4340 Κύριος,

365 4362 465 4436 τὴν
498 4365 724 4437 καρδίαν
750 4363 969 4436 Φαραὼ,
1009 4383 1028 4416 ι
1068 4361 1404 4426 ἀποστάντες
1433 4361 1526 4415 τοῦ
1558 4364 1621 4415 ὲκ
1659 4360 1752 4415 τοῦ
1793 4361 1943 4432 νομί-

2051 614 2175 654 esse
2215 598 2401 653 verba.
2429 595 2502 653 lis
2535 608 2721 652 autem
2753 598 2841 669 qui
2874 601 3098 654 credere
3120 609 3397 668 putantur,
3423 619 3528 658 non
3549 604 3629 658 le-

2050 692 2131 744 vis
2161 689 2530 744 controversia
2561 690 2808 744 exoritur
2843 705 2907 744 ex
2947 691 3031 746 his
3070 693 3254 748 verbis
3285 708 3299 746 :
3341 713 3360 746 ι
3395 695 3623 751 ΙιιιΙιιιιιο

2049 783 2126 835 vit
2157 782 2420 836 Dominus
2471 796 2567 838 cor
2615 781 2935 839 Pharaonis.
2985 803 3003 836 ι
3040 784 3142 851 Qui
3199 787 3341 840 enim
3395 792 3626 845 credun‘;

2052 873 2217 928 Deum
2260 890 2364 929 non
2399 873 2560 928 alium
2607 890 2728 930 esse
2757 892 2916 944 quam
2976 877 3160 932 tuundi
3191 880 3460 948 Opiﬁcem,
3500 897 3622 936 sen-

2053 967 2192 1021 tiunt
2221 968 2384 1022 Deum
2420 967 2664 1035 fortuito,
2697 969 2850 1037 cujus
2885 971 3011 1036 vult,
3059 973 3331 1037 misereri,
3358 984 3412 1028 et
3456 991 3620 1044 quem

2051 1059 2184 1122 vult,
2222 1059 2499 1126 indurare,
2539 1076 2661 1115 cum
2693 1077 2855 1116 causa
2895 1064 3038 1117 nulla
3075 1064 3168 1126 sit.
3202 1081 3300 1119 cur
3342 1066 3501 1133 hujus
3527 1069 3627 1122 mi-

2053 1161 2320 1217 sereatur,
2360 1152 2502 1208 alius
2553 1155 2620 1207 ab
2652 1169 2717 1209 eo
2751 1155 3062 1214 induretnr.
3090 1157 3194 1211 Alii
3228 1159 3319 1227 qui
3358 1161 3624 1227 potiorem

2052 1245 2377 1297 sententiam
2412 1254 2738 1314 sequuntur,
2773 1247 2873 1301 alia
2909 1248 3076 1303 multa
3117 1248 3414 1319 Scripturte
3465 1249 3624 1322 112

2052 1351 2213 1390 sensa
2247 1335 2350 1390 sibi
2381 1335 2700 1391 abscondita
2751 1353 2872 1394 esse
2907 1339 3133 1407 dicunt;
3196 1356 3296 1395 nec
3333 1357 3392 1396 se
3433 1343 3554 1397 ideo
3593 1358 3625 1396 a

2052 1442 2200 1484 recta
2235 1431 2341 1484 ﬁde
2373 1433 2542 1486 averti
2579 1450 2592 1487 :
2621 1449 2785 1487 unum
2821 1449 2951 1489 vero
2987 1451 3051 1490 ex
3080 1438 3372 1492 reconditis
3392 1452 3510 1494 esse
3533 1455 3625 1494 sa-

2054 1536 2177 1575 nam
2213 1521 2377 1589 hujus
2418 1522 2521 1577 loci
2579 1525 3110 1594 interpretationem.
3174 1526 3342 1595 Tertii
3403 1531 3622 1598 quidam

2054 1612 2218 1666 alium
2254 1627 2374 1666 esse
2402 1613 2570 1667 Deum
2601 1617 2668 1668 ab
2693 1615 2904 1684 opiﬁce,
2942 1627 2995 1671 et
3025 1617 3231 1684 justum
3269 1636 3388 1676 esse
3416 1623 3622 1690 volunt,

2055 1705 2148 1759 sed
2179 1719 2283 1760 non
2318 1706 2542 1770 bonum,
2580 1707 2742 1762 stulte
2774 1707 2826 1761 id
2855 1709 3069 1775 quidem
3101 1719 3156 1764 ct
3185 1711 3364 1779 impie,
3391 1729 3511 1768 cum
3539 1715 3626 1783 ju—

2054 1797 2258 1851 stitiam
2304 1812 2334 1850 a
2375 1797 2619 1853 bonitate
2671 1808 2945 1869 separant,
2979 1812 3034 1855 et
3072 1811 3262 1871 putant
3303 1804 3414 1859 ﬁeri
3468 1821 3626 1874 posse

2055 1897 2112 1942 ttt
2143 1888 2266 1957 quis
2297 1888 2566 1958 justitiam
2597 1891 2796 1946 habeat
2823 1892 2941 1947 sine
2968 1893 3209 1948 bonitate
3235 1905 3284 1949 et
3328 1897 3624 1953 bonitatem

2052 1979 2173 2034 sine
2197 1981 2444 2048 justitia;
2471 1981 2562 2050 qui
2589 1984 2686 2035 etsi
2720 1981 2824 2037 hoc
2854 1983 3059 2048 dicunt,
3089 1985 3327 2054 opinioni
3360 2003 3470 2042 suae
3498 2005 3626 2044 con-

2055 2073 2220 2126 traria
2263 2073 2331 2126 de
2372 2072 2523 2141 justo
2567 2071 2677 2126 Deo
2727 2074 3040 2140 admittunt,
3077 2078 3331 2131 nimirum
3369 2079 3627 2134 indurare

2053 2166 2227 2236 ipsum
2261 2179 2357 2218 cor
2380 2164 2702 2229 Pharaonis,
2729 2174 2783 2219 et
2821 2165 2954 2220 illud
3001 2169 3105 2223 sibi
3143 2169 3325 2224 facere
3373 2171 3621 2227 immori-

2051 2271 2259 2327 gerum.
2293 2255 2350 2311 Si
2374 2257 2516 2311 enim
2548 2257 2594 2312 is
2620 2266 2705 2312 est
2735 2256 2933 2325 justus,
2966 2261 3055 2329 qui
3085 2275 3182 2329 pro
3215 2262 3474 2332 dignitate
3504 2266 3626 2320 nni-

2050 2347 2248 2416 cuique
2281 2345 2494 2411 tribuit,
2534 2355 2585 2401 et
2624 2346 2707 2413 iis,
2757 2348 2848 2416 qui
2879 2362 2945 2403 ex
2993 2364 3052 2403 se
3083 2351 3332 2407 meliores
3361 2355 3443 2408 vel
3477 2355 3625 2411 dete-

2051 2440 2228 2494 riores
2253 2440 2548 2504 evaserint,
2584 2439 2759 2493 reddit
2781 2455 2902 2508 quae
2939 2442 3230 2510 unicuique
3258 2445 3495 2514 ipsorum
3528 2463 3624 2501 n0-

2052 2530 2270 2584 vitesse
2301 2531 2496 2585 idonea
2537 2546 2550 2583 :
2590 2530 2860 2597 quomodo
2889 2531 3068 2601 justus
3094 2541 3195 2591 est.
3233 2535 3324 2604 qui
3360 2538 3625 2605 gravioris

2049 2620 2256 2692 peccati
2292 2636 2452 2677 causa
2501 2619 2772 2676 Pharaoni
2817 2622 2956 2677 fuit?
3006 2625 3109 2678 Sed
3146 2641 3249 2680 non
3305 2627 3625 2698 simpliciter

2055 2724 2240 2776 causa,
2271 2711 2362 2764 sed
2396 2711 2450 2764 in
2476 2719 2737 2781 quantum
2769 2726 2829 2765 ea
2871 2727 2991 2782 quae
3036 2713 3110 2767 illi
3147 2728 3498 2786 susceperunt
3529 2720 3624 2772 ad-

2043 2800 2204 2871 juvit,
2235 2812 2292 2857 ut
2330 2802 2485 2858 ﬁeret
2518 2805 2632 2872 ipse
2665 2803 3057 2872 injustissimus
3093 2820 3108 2860 :
3143 2810 3236 2876 qui
3280 2812 3423 2864 enim
3467 2812 3624 2864 indu—

2049 2896 2319 2950 rationem
2375 2895 2556 2950 cordis
2613 2893 2915 2951 Pharaonis
2975 2897 3043 2951 ad
3098 2899 3300 2953 nullum
3376 2901 3622 2957 referunt

2050 2984 2268 3054 dignam
2312 2982 2459 3052 justo
2508 2983 2622 3037 Deo
2663 2985 3021 3048 voluntatem,
3069 2988 3249 3042 nescio
3304 3005 3411 3059 quo
3463 3003 3622 3061 pacto

2044 3073 2251 3144 justum
2293 3075 2484 3138 Deum,
2531 3073 2633 3128 etsi
2683 3083 2740 3128 ut
2795 3076 3066 3144 exponitis
3094 3079 3282 3144 velint,
3333 3083 3623 3138 ostendere

1976 3201 2022 3262 ο
2054 3165 2286 3262 possint,
2308 3165 2408 3262 qui
2443 3163 2788 3262 induret-cor
2829 3166 3152 3262 Pharaonis.
3183 3171 3360 3237 Quare
3392 3175 3620 3244 urgendi

2053 3264 2183 3311 sunt
2219 3255 2272 3308 in
2308 3255 2376 3309 iis
2409 3270 2530 3325 quae
2555 3256 2621 3310 ad
2663 3255 2811 3311 hunc
2845 3255 3024 3312 locum
3061 3257 3288 3328 faciunt,
3327 3272 3385 3316 ut
3420 3265 3501 3319 vel
3527 3281 3624 3320 cx-

2049 3347 2254 3419 plicent
2278 3347 2549 3417 quomodo
2572 3347 2750 3418 justus
2780 3349 3020 3417 induret,
3047 3351 3129 3407 vel
3153 3354 3336 3409 dicere
3366 3355 3621 3426 audeant,

2047 3439 2173 3509 quia
2227 3438 2463 3503 indurat,
2511 3437 2711 3493 malum
2747 3455 2869 3494 esse
2911 3443 3203 3512 Opilicem;
3250 3445 3334 3500 vel
3374 3462 3496 3502 cum
3529 3448 3626 3504 de-

2049 3537 2367 3583 monstrare
2418 3544 2524 3583 non
2565 3530 2776 3598 possint
2813 3529 3020 3599 justum
3071 3536 3306 3606 aliquem
3344 3538 3620 3608 indurare,

2048 3633 2148 3673 nec
2171 3633 2236 3673 eo
2266 3619 2562 3689 procedere
2591 3620 2847 3686 audeant,
2881 3631 2938 3678 ut
2975 3623 3235 3694 Opiticem
3273 3629 3471 3682 malum
3504 3646 3623 3686 esse

2047 3711 2254 3775 dicant,
2297 3712 2364 3766 ad
2396 3712 2558 3767 aliam
2591 3713 2731 3768 viam
2766 3716 3106 3786 confugiant,
3153 3733 3256 3788 qua
3299 3721 3573 3790 explicent
3603 3736 3618 3774 :

2052 3821 2071 3855 ι
2109 3802 2388 3857 lnduravit
2416 3801 2679 3859 Dominus
2714 3819 2807 3860 cor
2837 3805 3172 3876 Pharaonis;
3212 3827 3231 3862 ι
3281 3818 3334 3863 et
3367 3811 3624 3868 desinant

2047 3914 2110 3953 ex
2139 3913 2205 3954 eo
2235 3899 2377 3968 quod
2405 3901 2572 3956 verba
2612 3900 2921 3968 intelligere
2949 3917 3006 3956 se
3035 3912 3248 3972 putant,
3279 3907 3524 3976 proprias
3555 3910 3624 3965 de

2041 3990 2190 4060 justo
2218 3992 2327 4045 Deo
2382 3993 2688 4048 sententias
2737 3993 2944 4048 tollere.
2981 3994 3246 4065 Denique,
3280 4001 3526 4069 quisquis
3554 4001 3624 4056 sit

2048 4081 2210 4150 hujus
2232 4082 2506 4137 sermonis
2544 4097 2758 4149 sensus,
2796 4084 3046 4155 ignorare
3074 4101 3130 4141 se
3165 4087 3459 4144 fateantur.
3497 4091 3623 4146 Haec

2054 4173 2220 4242 igitur
2263 4174 2328 4228 de
2379 4173 2490 4228 Deo
2539 4173 2590 4228 itt
2645 4175 2923 4243 proposita
2975 4177 3282 4244 quaestione
3307 4193 3405 4248 per
3439 4191 3622 4250 partes

2051 4265 2162 4320 sint
2190 4265 2474 4336 inquisita.
2525 4266 2792 4333 Quoniam
2851 4269 3147 4322 autem-ad
3193 4268 3372 4322 locum
3414 4272 3479 4326 de
3523 4289 3621 4326 na-

2053 4366 2194 4422 tura,
2231 4356 2266 4411 ii
2299 4356 2389 4425 qui
2420 4355 2628 4426 aliquos
2651 4356 2966 4411 existimant
2991 4357 3041 4412 in
3069 4358 3428 4430 perditionem
3457 4373 3509 4418 et
3541 4365 3624 4420 itt-

436 4575 547 4648 (50)
574 4577 953 4648 Βουλομένου
986 4576 1339 4648 πειςιθόοιιενοιρ
1366 4573 1550 4648 ἔχειν,
1579 4579 1697 4648 _e_lc._
1729 4571 1821 4626 Sic
1854 4584 1939 4625 re-

2051 4583 2205 4648 num,
2234 4566 2437 4648 justum
2467 4566 2620 4648 illud,
2659 4566 2876 4648 tertium
2933 4568 3132 4648 malum
3187 4583 3308 4648 esse
3359 4571 3617 4648 tingebat.

367 4642 453 4701 cle
483 4642 681 4702 habent
711 4642 1020 4701 I’itilocaliw
1051 4642 1452 4712 manuscriptae,
1495 4645 1544 4696 in
1579 4642 1730 4712 libris
1760 4648 1941 4695 autem

370 4727 526 4771 antea
562 4719 724 4772 editis
755 4734 852 4786 pro
881 4716 1206 4788 βουλομένου
1258 4711 1453 4788 legitur
1494 4711 1836 4788 βουλόμενος,
1888 4719 1943 4788 et

368 4788 590 4854 insuper
622 4780 818 4843 tlesuht
849 4780 962 4843 haec
984 4780 1150 4842 verba
1183 4800 1197 4837 :
1235 4783 1408 4838 ταῦτα
1424 4780 1569 4837 δοκεῖ
1592 4780 1842 4852 λέγεσθαι
1874 4780 1943 4836 τά

371 4857 895 4997 ρήἓδῆῖαῇίιὶίοεαίῖη
929 4926 1092 4997 edita,
1130 4928 1259 4997 περὶ
1287 4923 1458 4997 αύτῆς
1490 4924 1590 4997 τῆς
1622 4921 1860 4997 γραφῆς.

444 4993 554 5067 (5‘2)
580 4999 688 5052 Kal
730 4998 958 5052 οἴεσθαι
997 4996 1086 5049 ὅτι
1126 4993 1256 5050 οἶόν
1277 4995 1340 5049 τέ
1369 4993 1500 5067 ἐστ-ι
1545 4993 1939 5067 δικαιοσύνην

367 5061 622 5121 εἶναι’ἐν
670 5085 786 5122 τινι
813 5067 991 5137 χωρὶς
1019 5064 1575 5137 ἀγαθότητοςηιιςῐιο
1620 5063 1937 5117 desideran—

372 5147 459 5190 tur
495 5139 544 5191 in
577 5139 728 5193 libris
765 5134 920 5193 antea
951 5134 1130 5200 editis,
1163 5137 1254 5190 sed
1283 5134 1596 5202 supplentur
1634 5149 1664 5186 e
1697 5145 1826 5202 mss.

440 5207 551 5278 (3'5)
575 5209 788 5275 Αἲτιος,
819 5209 953 5262 ἀλλ’
983 5206 1153 5273 ὅσον,
1193 5215 1300 5259 etc.
1329 5201 1477 5258 Alias
1516 5205 1688 5267 deest,
1738 5201 1932 5264 αἴτιος,

367 5280 510 5347 quod
537 5281 828 5332 restituunt
858 5279 1072 5347 codices
1101 5292 1229 5332 mss.

440 5349 550 5416 (55)
605 5347 769 5412 Μήτε
805 5346 1136 5416 τολμῶντες
1181 5345 1249 5399 τὸ
1310 5342 1739 5416 ἑπὶίτοσοῦτον
1767 5341 1932 5416 ’ἀσε-

370 5411 490 5484 δ’ἐξ,
525 5411 630 5473 etc.
669 5411 759 5471 Sic
795 5411 940 5472 recte
975 5411 1173 5470 habent
1219 5431 1346 5469 mss.
1385 5415 1520 5468 Male
1544 5423 1722 5484 autem
1759 5411 1936 5484 Philo-

369 5481 506 5558 cqlio
528 5489 694 5553 edita,
731 5489 867 5558 μήτε
909 5486 1210 5558 τολμῶντες
1252 5485 1311 5538 τὸ
1344 5487 1434 5538 ἐπὶ
1462 5482 1728 5537 τοσούτων
1768 5481 1934 5558 προέ-

371 5557 514 5621 σθαι,
548 5569 652 5613 etc.
696 5552 895 5612 S'cr'i'nit
939 5552 1266 5625 Epiphanius
1318 5558 1512 5609 haeres.
1536 5569 1688 5625 aut,
1720 5567 1840 5618 cap.
1875 5552 1929 5614 5,

371 5626 424 5690 ϐ,
452 5630 506 5694 7,
550 5629 636 5694 l3,
671 5639 866 5694 praeter
896 5629 999 5680 duo
1026 5624 1108 5677 illa
1147 5627 1427 5694 principia.
1457 5624 1707 5691 opilicem
1737 5636 1932 5694 nempe

366 5693 699 5765 judicemc’t
749 5698 952 5765 justum
1020 5705 1073 5748 et
1109 5693 1344 5765 lienuth
1383 5694 1588 5758 Deum,
1637 5693 1857 5765 tertium
1899 5705 1926 5742 a

373 5760 641 5822 Harrione
675 5760 840 5821 fuisse
898 5767 1196 5826 inductum,
1246 5764 1441 5816 malum
1491 5777 1708 5831 nempe,
1741 5760 1848 5831 qui
1877 5771 1932 5812 et

371 5838 635 5900 diabolus.
675 5837 858 5892 Trium
900 5852 1029 5905 ergo
1051 5850 1271 5888 suorum
1304 5830 1687 5902 principiorum
1718 5835 1819 5888 hoc
1841 5830 1930 5886 bo.

725 5935 996 5996 PATBOL.
1041 5930 1156 5992 Gn.
1207 5927 1344 5991 ΧΠ.

2049 4635 2590 4710 AuctordialogiDe
2620 4639 2914 4710 orthodoxa
2960 4640 3066 4704 ﬁde
3112 4642 3376 4710 quosdam
3427 4635 3620 4696 scribit

2053 4723 2083 4761 e
2117 4707 2406 4782 Marcionis
2437 4707 2619 4782 schola
2666 4710 2766 4782 tria
2800 4709 2911 4763 haec
2966 4707 3169 4782 ponere
3211 4711 3505 4782 principia;
3544 4713 3614 4767 ita

2050 4786 2108 4831 ttt
2135 4777 2461 4848 principium
2493 4779 2691 4848 bonum
2721 4777 2922 4846 justum
2956 4795 3058 4833 tton
3092 4777 3450 4848 sit;'justn'm
3486 4782 3612 4836 item

2048 4847 2154 4919 non
2183 4848 2256 4902 sit
2288 4850 2486 4902 bonum
2512 4863 2528 4910 ;
2563 4847 2760 4919 malum
2789 4849 3103 4919 nccjustum
3135 4847 3350 4913 sit,’nec.
3376 4852 3572 4906 bonum
3599 4869 3616 4904 :

2049 4918 2184 4973 alios
2215 4932 2343 4972 vero
2385 4933 2451 4972 ex
2480 4917 2669 4970 eadem
2720 4917 2915 4971 schola
2956 4921 3062 4973 duo
3106 4929 3342 4986 tantum,
3391 4930 3449 4974 nt
3493 4936 3618 4976 mox

2049 4988 2410 5051 ostendimus,
2444 4996 2682 5056 statuere
2715 4987 3004 5056 principia,
3044 4991 3242 5043 bonum
3293 5000 3348 5046 et
3390 4991 3614 5046 malum.

2049 5057 2325 5111 Christum
2357 5064 2535 5127 autem
2567 5055 2760 5127 opilice
2790 5068 2974 5111 natum
3003 5061 3221 5127 quidam
3249 5075 3280 5114 e
3325 5059 3617 5116 Marcioni-

2047 5129 2151 5198 tis;
2194 5127 2284 5180 alii
2330 5142 2396 5180 ex
2434 5125 2718 5198 illiskmalo
2743 5125 3080 5198 prOgettiltut‘t
3115 5145 3234 5183 eum
3279 5131 3612 5186 statuebant.

2043 5194 2100 5248 ld
2138 5205 2507 5252 commentum
2543 5194 3014 5264 Syrino'cuidam,
3042 5214 3147 5252 non
3182 5199 3464 5265 Mareioui,
3500 5200 3611 5252 Eu-

2043 5269 2254 5320 sebium
2288 5266 2606 5331 ascripsisse
2654 5274 2884 5319 testatur
2937 5279 3129 5322 auctor
3163 5267 3538 5322 I’ra’destinuli
3583 5284 3611 5320 :t

2046 5335 2338 5391 Sirtnnndo
2376 5336 2502 5388 editi
2559 5335 2658 5388 ιιι».
2709 5351 2725 5388 ι
2784 5339 2974 5390 haeres.
3006 5339 3096 5391 Ἡ.
3131 5339 3196 5393 At
3245 5338 3612 5392 Tertullianus

2044 5406 2187 5461 lib.t
2241 5407 2360 5474 adp.
2405 5403 2750 5470 Mat-(tionem,
2781 5422 2900 5469 cap.
2941 5410 2995 5471 6,
3048 5409 3155 5461 duo
3197 5408 3460 5462 duntaxat
3517 5421 3612 5474 po-
3657 5419 3665 5426 '

2041 5467 2392 5548 suisseiillum
2442 5475 2704 5548 principia
2739 5467 2947 5530 asserit
2984 5467 3002 5529 ἐ
3042 5494 3059 5526 ι
3103 5478 3380 5548 Alioquin,
3413 5467 3611 5544 inquit,

2037 5549 2169 5601 certi
2197 5545 2528 5600 Mareionem
2554 5545 2796 5612 dispares
2817 5547 2944 5600 deos
2971 5545 3302 5602 constituere
3327 5565 3340 5613 ;
3378 5548 3613 5600 alterum

2027 5615 2290 5683 judicetn,
2321 5615 2515 5676 ferum.
2541 5615 2977 5681 bellipotentetn;
3007 5616 3232 5668 alterunt
3265 5618 3468 5676 tuiteut,
3501 5617 3614 5684 pla-

2033 5687 2239 5758 cidum,
2309 5693 2363 5740 et
2415 5687 2785 5740 tantummodo
2829 5686 3024 5740 bonum
3071 5695 3231 5754 atque
3259 5686 3543 5758 optimum.
3585 5701 3606 5736 ι

2033 5757 2296 5815 ΙΙυετιυε.

3629 5857 3642 5888 1

3247 5899 3286 5957 9
