4132 6414
476 387 582 443 ειη

1891 386 2052 443 ΟΜΟ
2079 385 2261 441 ENES

3643 387 3745 445 ἓΰὸ

479 511 699 563 teritum
733 521 852 562 esse
895 509 1093 574 factos,
1128 506 1239 561 hrcc
1295 510 1457 562 etiam
1511 509 1808 573 adducunt,
1841 511 2056 578 prohari

2173 510 2282 571 ζειν
2332 511 2397 561 τὰ
2433 509 2573 561 κατὰ
2618 510 2713 572 τὰς
2760 509 2930 572 λέξεις
2983 510 3142 566 νοεῖν,
3176 508 3273 569 τὰς
3322 506 3457 571 ίόίας
3507 508 3752 578 ἀναιρεῖν

480 601 802 654 sententiam
830 599 986 669 113
1022 613 1172 653 suam
1199 599 1266 653 iis
1285 600 1494 653 verbis:
1527 619 1543 651 ι
1582 600 1859 654 Induravit
1880 599 2064 655 DoIIri-

479 709 583 746 I:us
615 706 709 744 cor
739 689 1078 755 Pharaonis;
1118 708 1135 741 ι
1179 705 1276 758 age
1306 701 1359 744 ct
1391 690 1458 745 de
1489 693 1571 746 his
1603 693 1736 747 istos
1766 696 2063 763 lnterroge-

481 801 620 839 Inus.
661 785 761 849 Qui
796 785 1050 837 conditus
1090 791 1172 836 est
1209 782 1259 833 in
1296 783 1598 846 interitum,
1641 782 1775 837 nihil
1824 799 2061 852 unquam

479 878 604 930 honi
659 878 835 930 facere
871 884 1069 944 potest,
1123 889 1244 928 cum
1281 875 1378 942 ipsi
1437 874 1504 926 ad
1551 875 1774 928 honesta
1821 876 2063 929 tendenti

479 980 670 1023 natura
705 968 817 1036 ipsa
865 975 1149 1034 repugnet.
1197 965 1335 1032 Quid
1369 980 1499 1034 ergo
1541 981 1675 1034 opus
1703 973 1784 1021 est
1812 965 2060 1021 Pharao-

481 1076 622 1121 nem,
657 1059 846 1122 ﬁlium,
876 1068 933 1111 ut
959 1058 1157 1121 dicitis,
1193 1059 1464 1122 interitus,
1499 1074 1527 1111 a
1564 1059 1672 1113 Deo
1699 1058 1962 1123 indurari,
1996 1074 2065 1113 ne

481 1152 736 1220 populum
769 1151 1045 1204 dimittat?
1074 1151 1116 1204 si
1164 1151 1308 1204 enim
1335 1167 1438 1204 non
1471 1152 1611 1205 l'orct
1653 1151 1954 1216 induratus,
1979 1151 2064 1204 di-

481 1249 740 1300 misisset.
807 1249 885 1301 De
945 1249 1035 1302 illo
1090 1251 1252 1317 igitur
1283 1250 1395 1301 hoe‘
1439 1249 1596 1300 modo
1647 1248 2057 1313 respondeant:

481 1342 610 1406 quid
639 1339 853 1393 fecisset
878 1342 1112 1404 Pharao,
1145 1342 1243 1396 nisi
1273 1340 1464 1395 fuisset
1485 1340 1808 1393 induratus?
1834 1337 1888 1391 Si
1911 1338 2060 1392 enim

482 1433 777 1486 dimisisset
810 1451 912 1486 non
945 1433 1245 1496 induratus,
1276 1447 1382 1486 non
1417 1439 1529 1486 erat
1567 1429 1787 1500 perditae
1817 1438 2058 1489 naturm;

482 1534 532 1574 at
568 1523 609 1576 si
653 1540 761 1576 non
803 1525 1121 1591 dimisisset,
1170 1525 1303 1577 nihil
1344 1537 1564 1577 necesse
1597 1533 1716 1574 erat
1768 1521 1940 1589 ipsius
1969 1535 2064 1572 cor

484 1616 720 1668 indm-ari
750 1630 764 1670 :
800 1631 898 1670 nec
926 1618 1070 1669 enim
1091 1617 1409 1679 dimisisset,
1429 1615 1594 1668 etiam
1617 1628 1722 1668 non
1752 1613 2058 1666 induratus.

483 1709 727 1772 Quanam
784 1718 961 1760 autem
1009 1709 1223 1764 actione
1270 1719 1322 1763 et
1356 1707 1406 1761 vi
1448 1708 1497 1760 in
1547 1705 1899 1776 principalem
1946 1708 2062 1772 ejus

483 1799 792 1851 facultatem
816 1798 989 1866 ipsum
1019 1797 1334 1852 induravit?
1354 1809 1410 1852 et
1447 1800 1720 1868 quomodo
1748 1814 1871 1853 eum
1899 1813 2062 1852 accn-

481 1899 584 1952 sat,
619 1891 805 1944 dicens
835 1905 847 1941 :
880 1910 896 1940 ι
935 1891 1069 1957 Quia
1099 1907 1202 1944 non
1237 1892 1586 1960 obtempcras
1620 1891 1772 1956 mihi,
1809 1905 1938 1944 ecce
1963 1904 2062 1959 ego

483 1983 806 2035 interﬁciant
851 1983 1031 2036 omnia
1082 1982 1444 2052 primogenita
1487 1992 1600 2045 tua,
1653 1992 1707 2034 et
1738 1991 2064 2050 cognoscent

480 2091 672 2129 manes
722 2074 985 2144 lEgyptii,
1035 2075 1160 2144 quia
1210 2090 1307 2145 ego
1354 2091 1472 2130 sum
1514 2073 1806 2141 Dominus;
1848 2094 1865 2127 ι
1910 2077 2062 2144 quasi

482 2178 793 2238 propterea,
856 2183 975 2237 quae
1023 2177 1283 2236 putantur
1328 2181 1583 2221 :crmnna:
1617 2167 1686 2220 iis
1729 2167 2060 2236 inﬁigantur,

484 2267 539 2310 nt
569 2257 733 2310 Deum
768 2267 1120 2327 cognoscant.
1147 2258 1322 2327 Atque
1363 2259 1414 2312 in
1445 2258 1599 2313 libris
1632 2257 2063 2313 Machalxcorum

483 2349 665 2404 simile
711 2351 838 2417 quid
870 2351 1065 2403 dicitur
1109 2349 1154 2380 ⁷⁸
1190 2367 1202 2403 :
1242 2368 1259 2399 ι
1294 2350 1568 2405 Adhortor
1616 2366 1834 2416 omnes,
1869 2351 1965 2421 qui
1998 2352 2065 2405 li-

485 2445 642 2496 lirum
675 2443 818 2496 hunc
852 2441 1057 2510 legunt,
1093 2458 1160 2497 nc
1195 2443 1433 2496 animum
1470 2444 1797 2499 contrahant
1847 2455 2067 2515 propter

483 2532 863 2587 calamitates:
911 2534 1004 2586 sed
1033 2533 1349 2588 existiment
1381 2549 1443 2586 ea
1485 2549 1604 2603 qua:
1627 2533 1907 2598 eveniunt,
1960 2549 2064 2588 non

485 2625 550 2677 ad
592 2624 841 2686 exitium,
873 2623 965 2678 sed
1005 2627 1056 2675 in
1094 2623 1436 2691 disciplinam
1471 2625 1688 2694 generis
1715 2626 1879 2680 nostri
1899 2640 2018 2680 csse
2049 2642 2064 2678 :

484 2734 612 2772 nam
647 2718 737 2773 ditt
781 2734 886 2772 non
919 2718 1150 2786 relinqui
1185 2718 1402 2786 impios,
1431 2720 1522 2772 sed
1565 2718 1748 2772 statim
1785 2718 1836 2772 in
1883 2731 2070 2787 [Iunias

485 2811 750 2874 incidere,
805 2812 983 2880 magni
1043 2822 1126 2866 cst
1184 2810 1431 2865 beneﬁcii
1493 2817 1893 2880 argumentum.
1952 2809 2066 2864 Non

485 2903 628 2957 enim
667 2913 724 2956 ut
757 2904 807 2957 in
839 2903 962 2957 aliis
995 2904 1250 2972 gentibus
1281 2913 1559 2972 exspectat
1584 2902 1857 2956 sustinens
1891 2902 2071 2955 Domi-

489 3012 612 3059 nus,
651 3005 708 3050 ut
738 2994 970 3065 denique
991 2993 1483 3064 dimissiSpcccatis
1508 2995 1768 3061 ipsorum,
1798 3009 1892 3048 eos
1921 3003 2068 3064 post-

487 3105 553 3144 ea
610 3090 931 3154 ulciscatur,
984 3090 1053 3142 ita
1088 3097 1140 3144 et
1179 3089 1243 3141 de
1294 3088 1448 3140 nobis
1480 3087 1692 3147 statuit,
1722 3087 1811 3154 qni
1846 3087 2071 3140 calami-

2170 603 2298 671 περὶ
2349 599 2559 654 δικαίου
2619 599 2743 652 Οεοῦ
2795 602 3029 670 νοήσεις.
3082 601 3153 652 Τὸ
3202 601 3257 653 δὲ
3291 601 3616 657 τελευταῖον.
3651 600 3753 656 κᾶν

2169 693 2393 762 ἀπορεῖν
2437 693 2466 745 ὃ
2507 709 2556 745 τι
2603 693 2732 746 ποτέ
2783 694 2811 745 ό
2864 693 3018 760 λόγος
3077 693 3353 767 ὑποϐἀλλη
3409 695 3750 766 ὁμολογήσω-

2170 800 2252 835 σιν
2285 783 2414 852 (35)'
2445 782 2612 836 ταῦτα
2653 785 2750 854 μὲν
2782 779 2873 836 οῦν
2899 785 3222 855 ἐσπαράχΟω
3243 786 3601 856 ἐξεταζόμενα
3625 788 3757 855 περὶ

2166 872 2302 926 Θεοῦ
2367 875 2425 926 ἐν
2485 874 2564 944 τῷ
2640 876 2994 946 προκειμένῳ
3049 877 3413 948 προϐλήματι.
3480 879 3632 932 Ἐπεὶ
3694 879 3754 934 δέ

2168 967 2248 1028 εἰς
2274 966 2362 1018 τὸν
2402 968 2529 1038 περὶ
2578 966 2792 1036 φύσεως
2837 969 3002 1021 τόπον
3035 968 3144 1038 (36)
3187 970 3236 1022 οἱ
3280 969 3753 1041 ὑπολαμϐάνοντές

2166 1073 2319 1120 τινας
2364 1058 2429 1110 ἐκ
2474 1058 2571 1127 τῆς
2620 1059 2966 1128 κατασκευῆς
3027 1060 3112 1112 ἐπ’
3160 1061 3404 1132 ἀπωλείᾳ
3449 1061 3752 1132 γεγονέναι,

2174 1148 2269 1200 καὶ
2331 1148 2502 1201 ταῦτα
2569 1149 2813 1220 φέρουσι,
2877 1149 3125 1217 λέγοντες
3168 1151 3460 1221 δηλοῦσθαι
3513 1153 3542 1206 δ
3603 1153 3750 1208 διδά.⁸

2169 1257 2357 1295 σκουσι
2391 1241 2478 1294 διά
2511 1241 2604 1294 τοῦ
2644 1260 2660 1292 ι
2701 1241 3063 1312 ἐσκληρύνθαι
3097 1243 3202 1296 ὑπὸ
3235 1245 3438 1314 Κυρίου
3476 1245 3576 1315 τὴν
3615 1263 3751 1318 καρ-

2165 1333 2285 1386 δίαν
2341 1332 2568 1404 Φαραὼ,
2601 1351 2619 1384 ι
2676 1334 2809 1405 φέρε
2848 1333 3020 1386 ταῦτα
3063 1334 3242 1387 αὐτῶν
3271 1334 3762 1406 πυνθανώμεοα“’0

2165 1427 2251 1479 ἐπ’
2291 1426 2534 1496 ἀπωλείᾳ
2573 1425 2831 1489 κτισϐεὶς,
2873 1428 2972 1480 οὐκ
3020 1427 3086 1480 ἀν
3135 1444 3261 1480 ποτε
3293 1428 3519 1498 ποιῆσαί
3558 1447 3610 1481 τι
3643 1429 3752 1482 τῶν

2164 1519 2490 1590 κρειττόνων
2515 1518 2758 1583 δύναιτο,
2778 1519 2946 1590 αὐτῆς
2970 1518 3068 1590 τῆς
3103 1520 3516 1592 ἐνυπαρχούσης
3539 1513 3752 1591 (ῥύσεως

2165 1610 2634 1682 ἀντιπραττούσης
2681 1609 2830 1681 αύτῷ
2864 1612 2998 1682 πρὸς
3048 1611 3116 1663 τὰ
3155 1612 3312 1665 καλά.
3346 1613 3440 1676 Τίς
3476 1609 3567 1667 οὖν
3597 1613 3753 1684 χρεία

2164 1706 2254 1758 τὸν
2300 1705 2519 1778 Φαραὼ,
2570 1706 2864 1769 ἀπωλείας,
2915 1706 2990 1769 ῶς
3039 1723 3194 1775 φατε,
3229 1706 3341 1759 υἱον
3394 1708 3753 1777 τυγχάνοντα,

2172 1797 2574 1868 σκληρύνεσοαι
2622 1798 2726 1850 ὑπὸ
2759 1797 2853 1851 τοῦ
2891 1797 3048 1861 Θεοῦ,
3082 1799 3168 1851 ἵνα
3205 1799 3278 1869 μὴ
3315 1800 3610 1872 ἀποστείλῃ
3663 1801 3753 1854 τὸν

2166 1890 2326 1953 Mdv;
2365 1891 2426 1942 Ei
2460 1889 2570 1961 γὰρ
2597 1890 2669 1960 μὴ
2704 1889 3082 1961 ἐσκληρύνετο,
3114 1889 3430 1944 ἀπέστειλεν
3467 1892 3552 1945 ἀν.
3602 1893 3754 1945 Ἀπο-

2166 1982 2537 2053 κρινέσοωσαν
2572 1982 2637 2053 δὴ
2665 1982 2793 2052 περὶ
2829 1981 3018 2034 τούτου
3051 1982 3320 2051 λέγοντες,
3355 1985 3408 2038 τί
3437 1983 3502 2037 ἂν
3533 1985 3754 2056 ἐποίησε

2165 2071 2364 2141 Φαραὼ
2410 2072 2460 2122 εί
2515 2069 2591 2143 μὴ
2621 2072 2996 2142 ἐσκληρύνοη;
3038 2073 3099 2126 Ei
3137 2074 3236 2142 μὲν
3281 2073 3390 2145 γὰρ
3423 2074 3626 2128 ἀπέλυε
3679 2077 3755 2148 μὴ

2169 2164 2540 2234 σκληρυνοεὶς,
2565 2165 2683 2234 ούχὶ
2717 2164 2932 2233 φύσεως
2965 2165 3342 2237 ἀπολλυμένης
3372 2163 3458 2237 ἦν·
3495 2169 3544 2220 εί
3579 2167 3634 2220 δὲ
3681 2170 3755 2241 μὴ

2168 2252 2394 2315 ἀπέλυε,
2441 2252 2700 2324 περισσὸν
2749 2253 2808 2306 τὸ
2850 2253 3246 2327 σκληρύνεσθαι
3281 2256 3445 2308 αὑτοῦ
3499 2258 3596 2328 τὴν
3631 2275 3758 2329 καρ-

2167 2347 2304 2408 δίαν,
2343 2346 2543 2416 όμοίως
2575 2347 2682 2417 γὰρ
2707 2347 2804 2399 οὐκ
2839 2347 3036 2400 ἀπέλυε
3060 2348 3152 2401 καὶ
3185 2349 3258 2419 μὴ
3293 2349 3664 2418 σκληρυνθείς.
3691 2351 3757 2403 Τί

2166 2438 2223 2492 δὲ
2255 2438 2494 2510 ἐνεργῶν
2514 2440 2542 2492 ὁ
2571 2439 2704 2503 Θεὸς
2740 2439 2868 2510 περὶ
2909 2440 2969 2492 τὸ
3000 2441 3326 2512 ἡγεμονικὸν
3362 2443 3526 2496 αὑτοῦ
3560 2443 3755 2513 ἐσκλή-

2170 2547 2330 2602 ρυνεν
2364 2531 2562 2595 αὑτόν;
2589 2531 2680 2584 καὶ
2711 2531 2827 2594 πῶς
2859 2531 3018 2586 αὑτὸν
3057 2535 3295 2586 αἰτιᾶται
3334 2534 3529 2602 λέγων,
3562 2553 3580 2584 ι
3616 2534 3757 2587 Ἀνθ⁹

2169 2618 2247 2676 ὧν
2281 2622 2526 2686 ἀπειθεῖς
2583 2640 2692 2693 μοι,
2739 2623 2847 2676 ίδοὺ
2883 2623 2994 2692 ἐγὼ
3022 2625 3304 2678 ἀποκτενῶ
3339 2626 3406 2679 τὰ
3441 2627 3762 2698 πρωτότοκά

2172 2738 2287 2783 σου,
2323 2721 2416 2772 καὶ
2459 2717 2757 2787 γνώσονται
2787 2720 2918 2792 γὰρ,
2962 2720 3116 2790 φησι,
3154 2721 3351 2785 πάντες
3394 2723 3442 2773 οἱ
3478 2722 3760 2790 Αἰγύπτιοι

2169 2811 2250 2862 ὅτι
2310 2810 2420 2879 ἐγὼ
2451 2811 2509 2864 δέ
2538 2811 2652 2880 εἰμι
2685 2811 2907 2882 Κύριος⁸
2951 2830 2969 2863 ι
3007 2811 3081 2876 ὡς
3114 2812 3199 2866 διὰ
3230 2812 3386 2865 τοῦτο
3419 2814 3526 2866 τῶν
3551 2815 3762 2885 νομιζο-

2175 2903 2348 2973 μένων
2377 2902 2624 2974 χαλεπῶν
2659 2905 3014 2974 ἐπαγομένων
3061 2905 3268 2968 αὐτοῖς,
3323 2906 3407 2958 ἵνα
3443 2907 3611 2974 γνῶσι
3672 2907 3762 2961 τὸν

2172 2995 2328 3048 Θεόν.
2373 2995 2461 3046 Ἑν
2481 2993 2538 3047 δέ
2571 2997 2680 3057 τοῖς
2713 2996 3131 3059 Μακκαϐαῖκοῖς
3161 2997 3403 3051 τοιοῦτόν
3437 3017 3489 3052 τι
3523 2999 3758 3069 λέγεται·

2179 3105 2196 3137 ι
2234 3086 2547 3156 Παρακαλῶ
2580 3089 2705 3150 τοὺς
2751 3088 3176 3159 ἐντυγχάνοντας
3204 3089 3329 3159 τῇδε
3371 3092 3436 3160 τῇ
3478 3090 3662 3162 βίὸλῳ,
3686 3092 3762 3165 μὴ

487 3194 597 3239 tate
647 3183 899 3253 pupulum
962 3197 1118 3236 suunI
1171 3181 1429 3234 erudiens
1474 3195 1577 3234 non
1622 3179 1896 3248 relinquit.
1937 3197 1954 3231 ι
2011 3178 2066 3233 Si

2176 3184 2556 3240 συστέλλεσθαι
2583 3185 2669 3239 διὰ
2698 3187 2794 3250 τὰς
2828 3186 3136 3258 συμφορὰς,
3162 3185 3402 3255 νομίζειν
3427 3185 3481 3239 δὲ
3507 3187 3573 3240 τὰ
3614 3188 3763 3256 γινό-

485 3280 628 3331 enim
661 3279 712 3330 in
755 3291 940 3345 pceuas
975 3285 1196 3345 propter
1227 3284 1444 3342 peccata
1489 3273 1732 3328 incidere
1767 3274 1941 3344 magni
1987 3284 2070 3327 est

497 3370 744 3425 beneﬁcii
779 3377 1173 3438 argumentum,
1204 3366 1420 3421 Pharao
1451 3383 1691 3436 quoque,
1723 3366 1814 3436 qui
1848 3377 1962 3435 post
1991 3367 2072 3419 in-

487 3465 739 3516 duratum
804 3477 898 3515 eor
931 3475 1090 3514 suum
1144 3458 1464 3527 objurgatur
1497 3468 1551 3512 et
1579 3474 1682 3511 una
1712 3474 1836 3512 cum
1876 3456 2072 3527 populo

490 3571 587 3608 suo
617 3555 857 3624 punitur,
887 3553 1004 3605 vide
1035 3567 1161 3604 IIIIIII
1185 3551 1352 3615 iuste,
1378 3559 1540 3618 atque
1568 3549 1636 3602 ob
1670 3549 1948 3619 proprium
1980 3549 2072 3602 de-

492 3647 676 3700 lictum
707 3646 1042 3713 vituperetur
1067 3652 1121 3697 ct
1153 3643 1434 3712 puniatur.
1473 3641 1639 3694 David
1674 3651 1879 3704 autem,
1914 3649 2075 3709 prout

489 3751 699 3806 tempus
740 3737 1020 3806 pascebat,
1060 3733 1150 3788 Dei
1186 3733 1366 3786 factus
1400 3731 1670 3796 imitator,
1707 3731 1771 3784 de
1799 3729 1936 3785 Joab
1970 3729 2073 3785 Sa-

491 3830 689 3884 lomoni
739 3829 961 3882 mandat
993 3827 1068 3881 uti
1103 3842 1227 3882 eum
1275 3833 1497 3896 propter
1527 3823 1728 3879 caedem
1758 3821 1945 3878 Abner
1977 3823 2073 3877 ﬁlii

491 3920 599 3974 Ner
617 3928 670 3972 ct
695 3929 911 3988 propter
927 3917 1121 3972 delicta
1146 3917 1456 3971 interﬁciat.
1478 3913 1682 3969 Deinde
1706 3912 2070 3983 subiungit":

495 4033 513 4065 ι
545 4013 609 4066 Ει
641 4012 877 4067 dedoces
905 4023 1071 4064 canos
1112 4007 1228 4076 ejus
1255 4009 1308 4062 in
1356 4020 1487 4076 pace
1522 4006 1587 4059 ad
1627 4005 1848 4059 inferos.
1885 4025 1902 4057 ι
1940 4005 2072 4060 Pero

491 4107 737 4174 spicuum
796 4118 926 4158 vero
972 4116 1073 4169 est,
1131 4114 1188 4157 III
1235 4101 1394 4156 nobis
1433 4097 1692 4155 llebrmus
1723 4099 2070 4164 renuntiavit,

488 4215 639 4264 eum,
684 4197 826 4269 quod
875 4197 1034 4250 fuerit
1083 4196 1407 4265 castigatus,
1441 4194 1494 4246 in
1524 4205 1655 4260 pace
1685 4186 2070 4254 dormiturum,

491 4308 596 4346 non
641 4289 753 4358 jam
802 4288 980 4341 debita
1015 4287 1090 4341 illi
1141 4299 1302 4354 paena
1352 4294 1406 4336 et
1443 4290 1738 4344 tormento,
1790 4289 2073 4350 propterea

488 4383 632 4452 quod
660 4380 710 4435 id
752 4378 862 4449 jam
899 4378 1223 4446 susceperit,
1271 4384 1561 4443 postquam
1587 4386 1655 4427 ex
1694 4373 1799 4427 hac
1834 4372 1942 4425 vita
1973 4371 2076 4425 dis-

491 4473 740 4527 cesserit.
770 4471 860 4523 Sic
884 4469 1050 4524 etiam
1083 4483 1178 4521 nos
1211 4468 1385 4519 minas
1418 4479 1608 4518 omnes
1644 4463 1946 4533 accipimus
2006 4477 2073 4516 ex

2176 3296 2310 3348 μενα
2353 3277 2427 3349 μὴ
2461 3279 2595 3349 πρὸς
2629 3277 2870 3351 ὄλερρον,
2916 3277 3052 3330 ἀλλά
3087 3275 3220 3348 πρὸς
3269 3276 3516 3330 παιδείαν
3549 3278 3642 3330 τοῦ
3672 3277 3765 3348 γέ-

2174 3385 2295 3429 νους
2325 3367 2480 3436 ἡμῶν
2511 3362 2667 3428 εἶναι’
2707 3367 2798 3419 καὶ
2831 3367 2938 3438 γὰρ
2971 3366 3030 3418 τὸ
3057 3366 3130 3437 μὴ
3151 3365 3315 3419 πολὺν
3349 3367 3538 3437 χρόνον
3570 3368 3764 3421 ἐᾶσθαι

2177 3455 2596 3519 δυσσεϐοῦντας,
2648 3456 2763 3510 ἀλλ’
2821 3456 3024 3520 εὐθέως
3062 3457 3412 3527 περιπίπτειν
3447 3459 3760 3527 ἐπιτιμίοις,

2179 3547 2420 3617 μεγάλης
2467 3545 2784 3618 εὐεργεσίας
2814 3547 2930 3601 ἐστὶ
2980 3549 3222 3618 σημεῖον·
3263 3548 3324 3600 ού
3355 3548 3464 3619 γὰρ
3513 3548 3759 3618 καθάπερ

2175 3637 2268 3690 ἐπὶ
2294 3637 2399 3690 τῶν
2439 3636 2613 3691 ἄλλων
2630 3637 2798 3690 ἐονῶν
2823 3637 3082 3707 ἀναμένει
3114 3638 3481 3710 μακροθυμῶν
3514 3641 3539 3692 ὁ
3559 3638 3764 3693 Δεσπό-

2175 3745 2295 3798 της,
2326 3727 2401 3791 ὡς
2432 3731 2511 3792 είς
2548 3729 2700 3792 τέλος
2738 3729 3046 3799 ἀφειμένων
3081 3729 3189 3798 (37)
3247 3729 3424 3782 αὐτῶν
3453 3729 3560 3782 τῶν
3588 3732 3764 3800 ἀμαρ-

2174 3820 2458 3892 τημάτων,
2481 3802 2703 3892 ὓστερον
2735 3823 2930 3884 αὐτοὺς
2966 3822 3177 3893 ἐκδικῇ·
3217 3821 3359 3874 οὕτω
3393 3823 3486 3876 καὶ
3519 3824 3602 3892 ἐφ’
3633 3825 3763 3892 ἡμῖν

2175 3914 2380 3986 ἔκρινε,
2407 3915 2674 3967 παιδεύων
2696 3915 2749 3967 δέ
2773 3913 2908 3983 μετά
2926 3916 3228 3985 συμφορᾶς,
3264 3915 3363 3968 οὐκ
3382 3916 3764 3984 ἐγκαταλείπει

2174 4009 2268 4060 τὸν
2301 4007 2492 4060 ἑαυτοῦ
2544 4007 2688 4061 λαόν.
2743 4027 2760 4058 ι
2797 4008 2858 4060 Εί
2887 4006 2997 4078 γὰρ
3030 4007 3090 4058 τὸ
3121 4007 3436 4060 ἐπιπίπτειν
3469 4007 3763 4078 ἐπιτιμίοις

2173 4098 2264 4154 διὰ
2307 4100 2376 4154 τὰ
2423 4101 2817 4173 ἁμαρτήματα,
2864 4099 3106 4170 μεγάλης
3157 4099 3475 4170 εὐεργεσίας
3520 4101 3638 4154 ἐστὶ
3669 4118 3764 4171 ση-

2179 4190 2351 4261 μεῖον,
2381 4189 2784 4261 ἐπιτιμώμενος
2818 4189 2910 4242 καὶ
2935 4189 2963 4240 ὁ
2988 4186 3184 4260 Φαραὼ
3210 4190 3347 4259 μετά
3375 4192 3435 4244 τὺ
3467 4192 3765 4262 ἐσκληρύν-

2177 4279 2268 4334 θαι
2290 4279 2455 4334 αὑτοῦ
2485 4280 2583 4351 τὴν
2617 4279 2864 4350 καρδίαν,
2889 4277 2984 4331 καὶ
3018 4276 3380 4349 κολαζόμενος
3420 4281 3536 4350 ἀμα
3554 4280 3629 4350 τῷ
3652 4280 3767 4350 λαῷ

2176 4372 2364 4437 αὐτοῦ,
2391 4374 2495 4444 ὅρα
2523 4375 2571 4425 εἰ
2599 4371 2674 4442 μὴ
2701 4371 2760 4424 οὑ
2783 4372 2958 4442 μάτην
2979 4370 3377 4442 ἐπιτετίμηται,
3405 4373 3539 4443 μηδὲ
3570 4374 3660 4426 ἐπὶ
3688 4373 3766 4444 τῷ

2181 4463 2294 4535 ἰδίῳ
2342 4463 2498 4534 κακῷ
2538 4463 2667 4531 (58).
2719 4463 2896 4514 Οἱονεὶ
2927 4461 2984 4514 δὲ
3027 4460 3162 4516 Θεοῦ
3197 4463 3438 4534 μιμητὴς
3481 4465 3766 4536 γινόμενος

491 4565 662 4618 sacris
691 4559 1012 4628 Scripturis,
1043 4568 1097 4612 et
1123 4572 1189 4611 ex
1226 4556 1276 4608 vi
1311 4569 1374 4608 ac
1402 4554 1720 4623 Operatione
1750 4553 2066 4622 magnitudi-

2185 4555 2326 4608 κατά
2364 4554 2424 4606 τὸ
2452 4551 2741 4606 ἐπιϐάλλον
2771 4553 2882 4615 τοῖς
2933 4552 3145 4621 καιροῖς
3176 4553 3204 4604 ὁ
3232 4549 3414 4616 Δαυῖδ,
3463 4554 3759 4608 ἐντέλλεται

563 4736 610 4766 τ’
638 4735 677 4789 ll
711 4732 878 4786 Macc.
909 4747 980 4794 τι,
1032 4731 1096 4782 12
1139 4739 1191 4782 et
1223 4742 1340 4796 seq.
1427 4727 1472 4757 ⁷³
1507 4722 1569 4778 Ill
1612 4725 1746 4795 Reg.
1790 4742 1848 4790 II,
1881 4724 1932 4780 6.

568 4902 677 4973 (35’)
719 4901 921 4957 Philoc.
955 4917 1078 4966 nm,
1105 4899 1509 4971 ὁμολογήσωσι.
1551 4896 1710 4950 Libb.
1743 4894 1897 4958 editi,
1939 4896 2070 4964 ὁμο-

486 4975 800 5043 λογήσουτμ

565 5038 676 5113 (56)
715 5043 874 5096 Ἐπεὶ
902 5042 970 5094 δὲ
999 5045 1085 5107 εὶς
1115 5040 1222 5094 τὸν
1259 5039 1392 5106 περὶ
1427 5038 1666 5114 φύσεως
1698 5038 1936 5114 eddom.
1963 5043 2071 5114 etc.

494 5103 865 5168 Valentiniani
921 5103 1217 5179 eorumque
1259 5103 1632 5170 consectanei,
1678 5121 1823 5179 _cum_
1865 5103 2069 5179 triplex

495 5188 770 5240 hominum
803 5199 968 5251 genus
997 5173 1320 5255 statuerent,
1355 5175 1762 5255 πνευματικῶν,
1797 5173 2070 5255 ψυχικῶν,

493 5270 544 5308 et
587 5248 819 5318 ύλικῶν,
833 5269 925 5307 seu
958 5250 1177 5322 χοῖκῶν,
1210 5260 1511 5318 postremos
1543 5248 1662 5301 illos
1697 5248 1760 5298 ad
1797 5248 2074 5322 interitum

492 5326 663 5379 fat-tos
690 5344 716 5376 ιι
751 5315 876 5382 Deo,
907 5315 1028 5375 boni
1051 5315 1343 5392 quidquam
1375 5335 1532 5392 agere
1559 5333 1661 5392 non
1697 5330 1853 5392 posse
1884 5315 2074 5392 decer-

494 5397 712 5449 nebant.
753 5395 882 5447 Vide
911 5408 1006 5445 nos
1045 5383 1110 5444 a'd
1142 5383 1434 5444 ﬂammant:
1467 5391 1521 5442 in
1571 5387 1760 5440 Matth.
1797 5399 1930 5446 vaI,
1972 5383 2065 5446 ει.

495 5477 544 5516 et
581 5469 633 5516 in
659 5467 816 5518 Joun.
853 5479 926 5524 tv,
956 5462 1043 5522 46,
1083 5473 1211 5515 tom.
1255 5474 1412 5521 XVIII,
1442 5467 1497 5511 et
1535 5457 1588 5508 in
1617 5457 1780 5510 Joan.
1818 5469 1931 5515 \‘III,
1978 5455 2068 5524 4],

497 5546 630 5590 tom.
663 5551 795 5586 χχιι.
831 5522 1108 5587 Videndus
1147 5546 1361 5600 quoque
1406 5529 1670 5600 Origenes
1700 5536 1939 5600 _tom._tll
1987 5522 2061 5600 _De

495 5605 789 5671 principiis,
819 5620 934 5672 cap.
979 5605 1026 5665 l,
1060 5593 1658 5672 ul'i'qtnifcuutptefere
1700 5596 1784 5672 hic
1815 5593 2063 5672 disserit,

498 5663 844 5725 continentur
885 5663 913 5726 ’;
961 5663 1022 5724 ριν
1051 5663 1238 5725 humil.
1282 5670 1313 5722 6
1345 5670 1394 5720 in
1435 5667 1687 5726 Exod.,ct
1719 5663 1906 5718 homil.
1944 5663 1978 5715 2
2009 5664 2063 5716 in

496 5740 720 5804 Jerenn,
784 5743 870 5794 ubi
924 5741 1132 5794 Manum
1192 5739 1442 5801 Origenis
1485 5748 1644 5790 :etate
1694 5733 2060 5802 posteriorem

499 5811 785 5880 perstringi
832 5810 964 5866 falso
1010 5810 1386 5863 (ieIIebt‘at‘dus
1428 5806 1778 5867 cxistimmit,
1813 5815 1865 5856 et
1912 5804 2005 5857 lib.
2049 5817 2062 5853 I

2182 4892 2323 4961 Περὶ
2351 4885 2575 4960 ἀρχῶν.
2613 4901 2734 4954 cap.
2763 4886 2870 4961 ﬁet
2897 4885 2950 4948 8,
2983 4893 3034 4938 et
3067 4883 3155 4937 ιιι».
3199 4896 3385 4961 ιιηεςιρ.
3426 4880 3764 4961 5,.e_t_tract.

2181 4949 2342 5016 55'in
2387 4949 2609 5020 Itium,
2658 4949 2712 5012 et
2762 4957 2857 5010 lib.
2909 4971 2937 5006 ν
2985 4966 3167 5007 contra
3222 4951 3449 5006 Celsum.
3491 4949 3763 5009 Videndus

2181 5033 2310 5087 item
2351 5032 2587 5085 lreuseus
2635 5027 2728 5080 lib.
2770 5042 2808 5090 I,
2837 5041 2960 5094 cap.
3001 5025 3018 5077 l
3054 5042 3068 5088 ;
3117 5033 3170 5077 et
3220 5020 3752 5094 Tertulliamis‘ndr.

2193 5101 2487 5162 Valentia.
2524 5109 2575 5153 et
2611 5089 2943 5166 Epiphanius
2969 5096 3168 5166 lia-res.
3192 5107 3343 5166 xxx],
3367 5091 3569 5166 c_ap.A7_.
3594 5089 3764 5166 Porro

2181 5174 2237 5227 in
2264 5189 2384 5228 eam
2408 5161 2668 5223 videntur
2699 5161 2899 5220 inducti
2944 5165 3266 5219 sententiam
3298 5161 3662 5216 Valentiniani
3691 5175 3766 5215 ei

2184 5241 2203 5295 l
2236 5243 2391 5298 Joan.
2424 5257 2506 5303 III,
2545 5240 2599 5299 9,
2637 5239 2721 5296 10.
2749 5249 2804 5289 et
2837 5241 2848 5287 Ι
2878 5235 3037 5288 .loau.
3071 5249 3125 5296 ν,
3157 5234 3210 5293 4,
3260 5233 3347 5293 l8,
3395 5239 3451 5284 et
3490 5229 3641 5284 Iuda:
3676 5230 3761 5284 l9.

2182 5312 2548 5367 Prteluseraut
2577 5307 2708 5372 Ipsis
2737 5307 2900 5382 Stoici
2956 5303 3132 5382 simile
3165 5303 3765 5382 quidpropuﬁuap'les;

2183 5398 2322 5451 quos
2378 5368 2661 5449 eleganter
2691 5377 2937 5432 confutat
2979 5375 3168 5430 Cicero
3186 5368 3254 5427 ἰιι
3300 5373 3438 5426 libro
3492 5369 3562 5422 De
3597 5368 3762 5423 Fato.

2185 5453 2569 5593 migras"
2748 5517 2828 5593 είς
2883 5513 3038 5593 τέλος
3091 5512 3424 5584 ἀφειμένων.
3466 5505 3762 5562 I’hilocalin

2179 5585 2450 5652 ριίίὶιινίὒς
2481 5590 2561 5652 εἰς
2590 5585 3129 5661 τέλ95,ἀφιεμένω)¹τ.
3510 5647 3524 5661 .
3577 5643 3603 5659 ι.

2251 5642 2364 5742 (333')
2393 5642 2647 5728 M'SS.;"G(Z)
2684 5642 2798 5728 ἰδίῳ
2825 5642 3009 5726 κακῷ.
3050 5650 3241 5710 Libelli
3283 5649 3438 5716 editi,
3465 5643 3614 5720 αὐτῷ
3645 5642 3764 5718 ἰδίῳ

2176 5750 2355 5801 κακῳ.
