  <div class='ocr_page' id='page_1' title='image "/cluster/home/n/w/nwhite01/storage/ocr_20150623/12:no.2/coo.31924054873074/148.png"; bbox 0 0 4132 6424; ppageno 0'>
   <div class='ocr_carea' id='block_1_1' title="bbox 391 390 495 446">
    <p class='ocr_par' dir='ltr' id='par_1_1' title="bbox 391 390 495 446">
     <span class='ocr_line' id='line_1_1' title="bbox 391 390 495 446; baseline 0.038 -3"><span class='ocrx_word' id='word_1_1' title='bbox 391 390 495 446; x_wconf 74' lang='grc'><strong>269</strong></span> 
     </span>
    </p>
   </div>
   <div class='ocr_carea' id='block_1_2' title="bbox 1806 388 2217 446">
    <p class='ocr_par' dir='ltr' id='par_1_2' title="bbox 1806 388 2217 446">
     <span class='ocr_line' id='line_1_2' title="bbox 1806 388 2217 446; baseline 0.005 -2"><span class='ocrx_word' id='word_1_2' title='bbox 1806 390 1873 444; x_wconf 78' lang='grc' dir='ltr'>ιΝ</span> <span class='ocrx_word' id='word_1_3' title='bbox 1906 388 2217 446; x_wconf 79' lang='lat' dir='ltr'><strong>EXODUM.</strong></span> 
     </span>
    </p>
   </div>
   <div class='ocr_carea' id='block_1_3' title="bbox 3545 392 3648 444">
    <p class='ocr_par' dir='ltr' id='par_1_3' title="bbox 3545 392 3648 444">
     <span class='ocr_line' id='line_1_3' title="bbox 3545 392 3648 444; baseline -0.029 0"><span class='ocrx_word' id='word_1_4' title='bbox 3545 392 3648 444; x_wconf 73' lang='lat'><strong>9.70</strong></span> 
     </span>
    </p>
   </div>
   <div class='ocr_carea' id='block_1_4' title="bbox 392 502 1972 576">
    <p class='ocr_par' dir='ltr' id='par_1_4' title="bbox 392 502 1972 576">
     <span class='ocr_line' id='line_1_4' title="bbox 392 502 1972 576; baseline 0.001 -20"><span class='ocrx_word' id='word_1_5' title='bbox 392 503 523 576; x_wconf 75' lang='grc' dir='ltr'>περὶ</span> <span class='ocrx_word' id='word_1_6' title='bbox 551 502 643 557; x_wconf 81' lang='grc' dir='ltr'><strong>τοῦ</strong></span> <span class='ocrx_word' id='word_1_7' title='bbox 692 503 846 557; x_wconf 68' lang='grc' dir='ltr'>Ἰωόιϐ</span> <span class='ocrx_word' id='word_1_8' title='bbox 887 504 967 576; x_wconf 81' lang='grc' dir='ltr'>τῷ</span> <span class='ocrx_word' id='word_1_9' title='bbox 997 505 1301 574; x_wconf 84' lang='grc' dir='ltr'>Σολομῶντι</span> <span class='ocrx_word' id='word_1_10' title='bbox 1334 507 1556 560; x_wconf 83' lang='grc' dir='ltr'>κολάσαι</span> <span class='ocrx_word' id='word_1_11' title='bbox 1591 506 1750 560; x_wconf 72' lang='grc' dir='ltr'>αὑτὸν</span> <span class='ocrx_word' id='word_1_12' title='bbox 1783 507 1869 561; x_wconf 68' lang='grc' dir='ltr'>διὰ</span> <span class='ocrx_word' id='word_1_13' title='bbox 1905 507 1972 559; x_wconf 82' lang='grc' dir='ltr'>τὰ</span> 
     </span>
    </p>
   </div>
   <div class='ocr_carea' id='block_1_5' title="bbox 2076 502 3646 576">
    <p class='ocr_par' dir='ltr' id='par_1_5' title="bbox 2079 502 3646 574">
     <span class='ocr_line' id='line_1_5' title="bbox 2079 502 3646 574; baseline 0.001 -15"><span class='ocrx_word' id='word_1_14' title='bbox 2079 505 2185 569; x_wconf 90' lang='lat' dir='ltr'><strong>nis,</strong></span> <span class='ocrx_word' id='word_1_15' title='bbox 2210 502 2368 574; x_wconf 66' lang='grc'><strong>114.</strong></span> <span class='ocrx_word' id='word_1_16' title='bbox 2395 511 2445 557; x_wconf 89' lang='lat' dir='ltr'><strong>et</strong></span> <span class='ocrx_word' id='word_1_17' title='bbox 2471 503 2658 558; x_wconf 98' lang='lat' dir='ltr'><strong>ordine</strong></span> <span class='ocrx_word' id='word_1_18' title='bbox 2679 503 3013 573; x_wconf 86' lang='lat' dir='ltr'><strong>Opificiorum</strong></span> <span class='ocrx_word' id='word_1_19' title='bbox 3045 503 3155 568; x_wconf 83' lang='lat' dir='ltr'><strong>Dei,</strong></span> <span class='ocrx_word' id='word_1_20' title='bbox 3186 505 3276 572; x_wconf 85' lang='lat' dir='ltr'><strong>qui</strong></span> <span class='ocrx_word' id='word_1_21' title='bbox 3297 507 3646 572; x_wconf 82' lang='lat' dir='ltr'><strong>aspectabilia</strong></span> 
     </span>
    </p>
   </div>
   <div class='ocr_carea' id='block_1_6' title="bbox 390 597 1970 672">
    <p class='ocr_par' dir='ltr' id='par_1_6' title="bbox 390 597 1970 672">
     <span class='ocr_line' id='line_1_6' title="bbox 390 597 1970 672; baseline 0.003 -24"><span class='ocrx_word' id='word_1_22' title='bbox 390 597 754 669; x_wconf 80' lang='grc' dir='ltr'><strong>ἡμαρτημένα</strong></span> <span class='ocrx_word' id='word_1_23' title='bbox 789 599 868 661; x_wconf 86' lang='grc' dir='ltr'><strong>είς</strong></span> <span class='ocrx_word' id='word_1_24' title='bbox 913 598 1160 669; x_wconf 76' lang='grc' dir='ltr'>Ἀϐενὴρ,</span> <span class='ocrx_word' id='word_1_25' title='bbox 1197 598 1311 652; x_wconf 80' lang='grc' dir='ltr'>υἱὸν</span> <span class='ocrx_word' id='word_1_26' title='bbox 1357 599 1497 672; x_wconf 81' lang='grc' dir='ltr'>Νὴρ,</span> <span class='ocrx_word' id='word_1_27' title='bbox 1530 599 1623 653; x_wconf 72' lang='grc' dir='ltr'><strong>καὶ</strong></span> <span class='ocrx_word' id='word_1_28' title='bbox 1656 600 1970 654; x_wconf 81' lang='grc' dir='ltr'>ἀποκτεῖναι</span> 
     </span>
    </p>
   </div>
   <div class='ocr_carea' id='block_1_7' title="bbox 390 685 1971 764">
    <p class='ocr_par' dir='ltr' id='par_1_7' title="bbox 390 685 1971 764">
     <span class='ocr_line' id='line_1_7' title="bbox 390 685 1971 764; baseline 0.005 -24"><span class='ocrx_word' id='word_1_29' title='bbox 390 687 478 741; x_wconf 66' lang='grc' dir='ltr'><strong>διὰ</strong></span> <span class='ocrx_word' id='word_1_30' title='bbox 498 688 566 740; x_wconf 77' lang='grc' dir='ltr'>τὰ</span> <span class='ocrx_word' id='word_1_31' title='bbox 585 689 945 758; x_wconf 84' lang='grc' dir='ltr'>ἐπταισμένα,</span> <span class='ocrx_word' id='word_1_32' title='bbox 977 685 1094 743; x_wconf 71' lang='grc' dir='ltr'>εἶτα</span> <span class='ocrx_word' id='word_1_33' title='bbox 1117 690 1387 761; x_wconf 71' lang='grc' dir='ltr'>ἐπιφέρειν</span> <span class='ocrx_word' id='word_1_34' title='bbox 1414 711 1431 742; x_wconf 79' lang='grc' dir='ltr'><strong>ι</strong></span> <span class='ocrx_word' id='word_1_35' title='bbox 1456 692 1564 744; x_wconf 75' lang='grc' dir='ltr'>Καὶ</span> <span class='ocrx_word' id='word_1_36' title='bbox 1591 692 1846 757; x_wconf 83' lang='grc' dir='ltr'><strong>κατάξεις</strong></span> <span class='ocrx_word' id='word_1_37' title='bbox 1863 693 1971 764; x_wconf 81' lang='grc'><strong>(59)</strong></span> 
     </span>
    </p>
   </div>
   <div class='ocr_carea' id='block_1_8' title="bbox 391 778 1969 854">
    <p class='ocr_par' dir='ltr' id='par_1_8' title="bbox 391 778 1969 854">
     <span class='ocr_line' id='line_1_8' title="bbox 391 778 1969 854; baseline 0.003 -21"><span class='ocrx_word' id='word_1_38' title='bbox 391 778 554 833; x_wconf 76' lang='grc' dir='ltr'>αὑτοῦ</span> <span class='ocrx_word' id='word_1_39' title='bbox 577 778 672 849; x_wconf 82' lang='grc' dir='ltr'>τὴν</span> <span class='ocrx_word' id='word_1_40' title='bbox 706 779 892 833; x_wconf 80' lang='grc' dir='ltr'>πολιὰν</span> <span class='ocrx_word' id='word_1_41' title='bbox 926 783 982 834; x_wconf 90' lang='grc' dir='ltr'><strong>ἐν</strong></span> <span class='ocrx_word' id='word_1_42' title='bbox 1013 782 1203 852; x_wconf 81' lang='grc' dir='ltr'><strong>εἰρήνῃ</strong></span> <span class='ocrx_word' id='word_1_43' title='bbox 1239 785 1319 846; x_wconf 89' lang='grc' dir='ltr'><strong>είς</strong></span> <span class='ocrx_word' id='word_1_44' title='bbox 1337 782 1481 853; x_wconf 76' lang='grc' dir='ltr'>ᾅδου.</span> <span class='ocrx_word' id='word_1_45' title='bbox 1526 803 1543 834; x_wconf 79' lang='grc' dir='ltr'><strong>ι</strong></span> <span class='ocrx_word' id='word_1_46' title='bbox 1578 784 1748 854; x_wconf 83' lang='grc' dir='ltr'>Δῆλον</span> <span class='ocrx_word' id='word_1_47' title='bbox 1779 784 1835 838; x_wconf 86' lang='grc' dir='ltr'>δὲ</span> <span class='ocrx_word' id='word_1_48' title='bbox 1867 786 1969 849; x_wconf 80' lang='grc' dir='ltr'>ὅτι,</span> 
     </span>
    </p>
   </div>
   <div class='ocr_carea' id='block_1_9' title="bbox 391 869 1971 943">
    <p class='ocr_par' dir='ltr' id='par_1_9' title="bbox 391 869 1971 943">
     <span class='ocr_line' id='line_1_9' title="bbox 391 869 1971 943; baseline 0.005 -22"><span class='ocrx_word' id='word_1_49' title='bbox 391 869 465 932; x_wconf 85' lang='grc' dir='ltr'>ὡς</span> <span class='ocrx_word' id='word_1_50' title='bbox 503 869 593 922; x_wconf 65' lang='grc' dir='ltr'><strong>καὶ¹</strong></span> <span class='ocrx_word' id='word_1_51' title='bbox 624 872 651 924; x_wconf 85' lang='grc' dir='ltr'>ὁ</span> <span class='ocrx_word' id='word_1_52' title='bbox 699 869 945 940; x_wconf 78' lang='grc' dir='ltr'>Ἐϐραῖος</span> <span class='ocrx_word' id='word_1_53' title='bbox 976 873 1108 942; x_wconf 81' lang='grc' dir='ltr'>ἡμῖν</span> <span class='ocrx_word' id='word_1_54' title='bbox 1126 873 1450 943; x_wconf 87' lang='grc' dir='ltr'>ἀπήγγειλε,</span> <span class='ocrx_word' id='word_1_55' title='bbox 1487 875 1546 928; x_wconf 84' lang='grc' dir='ltr'><strong>τὸ</strong></span> <span class='ocrx_word' id='word_1_56' title='bbox 1574 876 1662 928; x_wconf 81' lang='grc' dir='ltr'><strong>διὰ</strong></span> <span class='ocrx_word' id='word_1_57' title='bbox 1682 875 1776 928; x_wconf 89' lang='grc' dir='ltr'><strong>τοῦ</strong></span> <span class='ocrx_word' id='word_1_58' title='bbox 1810 877 1971 930; x_wconf 80' lang='grc' dir='ltr'>κολα-</span> 
     </span>
    </p>
   </div>
   <div class='ocr_carea' id='block_1_10' title="bbox 393 959 1972 1038">
    <p class='ocr_par' dir='ltr' id='par_1_10' title="bbox 393 959 1972 1038">
     <span class='ocr_line' id='line_1_10' title="bbox 393 959 1972 1038; baseline 0.006 -26"><span class='ocrx_word' id='word_1_59' title='bbox 393 959 586 1031; x_wconf 87' lang='grc' dir='ltr'>σθῆναι</span> <span class='ocrx_word' id='word_1_60' title='bbox 605 962 764 1016; x_wconf 76' lang='grc' dir='ltr'>αὐτὸν</span> <span class='ocrx_word' id='word_1_61' title='bbox 794 965 850 1016; x_wconf 89' lang='grc' dir='ltr'><strong>ἐν</strong></span> <span class='ocrx_word' id='word_1_62' title='bbox 881 965 1073 1036; x_wconf 76' lang='grc' dir='ltr'>εἰρήνῃ</span> <span class='ocrx_word' id='word_1_63' title='bbox 1109 965 1563 1037; x_wconf 81' lang='grc' dir='ltr'>κοιμηθήσεσθαι,</span> <span class='ocrx_word' id='word_1_64' title='bbox 1591 969 1690 1020; x_wconf 83' lang='grc' dir='ltr'><strong>οῦκ</strong></span> <span class='ocrx_word' id='word_1_65' title='bbox 1723 967 1802 1022; x_wconf 76' lang='grc' dir='ltr'><strong>ἔτι</strong></span> <span class='ocrx_word' id='word_1_66' title='bbox 1821 968 1972 1038; x_wconf 76' lang='grc' dir='ltr'>ὀφει-</span> 
     </span>
    </p>
   </div>
   <div class='ocr_carea' id='block_1_11' title="bbox 391 1048 1974 1124">
    <p class='ocr_par' dir='ltr' id='par_1_11' title="bbox 391 1048 1974 1124">
     <span class='ocr_line' id='line_1_11' title="bbox 391 1048 1974 1124; baseline 0.004 -22"><span class='ocrx_word' id='word_1_67' title='bbox 391 1048 624 1122; x_wconf 57' lang='grc' dir='ltr'>λομένης</span> <span class='ocrx_word' id='word_1_68' title='bbox 655 1051 802 1122; x_wconf 83' lang='grc' dir='ltr'><strong>αῦτῴ</strong></span> <span class='ocrx_word' id='word_1_69' title='bbox 841 1053 1114 1115; x_wconf 81' lang='grc' dir='ltr'><strong>κολάσεως</strong></span> <span class='ocrx_word' id='word_1_70' title='bbox 1152 1055 1245 1107; x_wconf 73' lang='grc' dir='ltr'><strong>καὶ</strong></span> <span class='ocrx_word' id='word_1_71' title='bbox 1281 1054 1536 1124; x_wconf 75' lang='grc' dir='ltr'>βασάνου,</span> <span class='ocrx_word' id='word_1_72' title='bbox 1572 1055 1659 1109; x_wconf 80' lang='grc' dir='ltr'>διὰ</span> <span class='ocrx_word' id='word_1_73' title='bbox 1691 1056 1752 1108; x_wconf 83' lang='grc' dir='ltr'>τὺ</span> <span class='ocrx_word' id='word_1_74' title='bbox 1790 1055 1974 1109; x_wconf 89' lang='grc' dir='ltr'>ἐντεῦ-</span> 
     </span>
    </p>
   </div>
   <div class='ocr_carea' id='block_1_12' title="bbox 391 1140 1975 1218">
    <p class='ocr_par' dir='ltr' id='par_1_12' title="bbox 391 1140 1975 1218">
     <span class='ocr_line' id='line_1_12' title="bbox 391 1140 1975 1218; baseline 0.005 -25"><span class='ocrx_word' id='word_1_75' title='bbox 391 1140 480 1194; x_wconf 89' lang='grc' dir='ltr'><strong>θεν</strong></span> <span class='ocrx_word' id='word_1_76' title='bbox 512 1143 612 1214; x_wconf 72' lang='grc' dir='ltr'>ἤδη</span> <span class='ocrx_word' id='word_1_77' title='bbox 648 1144 1006 1214; x_wconf 80' lang='grc' dir='ltr'><strong>ἀπειληφέναι</strong></span> <span class='ocrx_word' id='word_1_78' title='bbox 1040 1145 1220 1209; x_wconf 80' lang='grc' dir='ltr'>αὑτὸν,</span> <span class='ocrx_word' id='word_1_79' title='bbox 1259 1145 1396 1216; x_wconf 77' lang='grc' dir='ltr'>μετὰ</span> <span class='ocrx_word' id='word_1_80' title='bbox 1418 1146 1516 1218; x_wconf 77' lang='grc' dir='ltr'><strong>τὴν</strong></span> <span class='ocrx_word' id='word_1_81' title='bbox 1537 1147 1784 1201; x_wconf 90' lang='grc' dir='ltr'>ἐντεῦθεν</span> <span class='ocrx_word' id='word_1_82' title='bbox 1803 1148 1975 1201; x_wconf 82' lang='grc' dir='ltr'>ἀπαλ-</span> 
     </span>
    </p>
   </div>
   <div class='ocr_carea' id='block_1_13' title="bbox 390 1232 1973 1309">
    <p class='ocr_par' dir='ltr' id='par_1_13' title="bbox 390 1232 1973 1309">
     <span class='ocr_line' id='line_1_13' title="bbox 390 1232 1973 1309; baseline 0.004 -24"><span class='ocrx_word' id='word_1_83' title='bbox 390 1232 582 1304; x_wconf 79' lang='grc' dir='ltr'>λαγήν.</span> <span class='ocrx_word' id='word_1_84' title='bbox 617 1234 772 1288; x_wconf 87' lang='grc' dir='ltr'>Οῦτω</span> <span class='ocrx_word' id='word_1_85' title='bbox 796 1236 838 1288; x_wconf 88' lang='grc' dir='ltr'>δ’</span> <span class='ocrx_word' id='word_1_86' title='bbox 863 1237 1022 1306; x_wconf 78' lang='grc' dir='ltr'>ἡμεῖς</span> <span class='ocrx_word' id='word_1_87' title='bbox 1043 1237 1136 1290; x_wconf 82' lang='grc' dir='ltr'><strong>καὶ</strong></span> <span class='ocrx_word' id='word_1_88' title='bbox 1172 1239 1350 1292; x_wconf 82' lang='grc' dir='ltr'>πᾶσαν</span> <span class='ocrx_word' id='word_1_89' title='bbox 1380 1239 1631 1309; x_wconf 82' lang='grc' dir='ltr'>ἀπειλὴν,</span> <span class='ocrx_word' id='word_1_90' title='bbox 1656 1239 1764 1292; x_wconf 83' lang='grc' dir='ltr'><strong>ἀπό</strong></span> <span class='ocrx_word' id='word_1_91' title='bbox 1781 1257 1839 1293; x_wconf 89' lang='grc' dir='ltr'><strong>τε</strong></span> <span class='ocrx_word' id='word_1_92' title='bbox 1865 1238 1973 1292; x_wconf 84' lang='grc' dir='ltr'><strong>τῶν</strong></span> 
     </span>
    </p>
   </div>
   <div class='ocr_carea' id='block_1_14' title="bbox 393 1327 1976 1402">
    <p class='ocr_par' dir='ltr' id='par_1_14' title="bbox 393 1327 1976 1402">
     <span class='ocr_line' id='line_1_14' title="bbox 393 1327 1976 1402; baseline 0.003 -24"><span class='ocrx_word' id='word_1_93' title='bbox 393 1327 554 1399; x_wconf 73' lang='grc' dir='ltr'>ἱερῶν</span> <span class='ocrx_word' id='word_1_94' title='bbox 599 1327 852 1398; x_wconf 86' lang='grc' dir='ltr'>Γραφῶν,</span> <span class='ocrx_word' id='word_1_95' title='bbox 885 1329 979 1382; x_wconf 76' lang='grc' dir='ltr'>καὶ</span> <span class='ocrx_word' id='word_1_96' title='bbox 1012 1331 1118 1384; x_wconf 87' lang='grc' dir='ltr'><strong>άπὸ</strong></span> <span class='ocrx_word' id='word_1_97' title='bbox 1150 1332 1246 1400; x_wconf 89' lang='grc' dir='ltr'><strong>τῆς</strong></span> <span class='ocrx_word' id='word_1_98' title='bbox 1289 1331 1568 1401; x_wconf 76' lang='grc' dir='ltr'>ἐνεργείας</span> <span class='ocrx_word' id='word_1_99' title='bbox 1613 1333 1710 1402; x_wconf 87' lang='grc' dir='ltr'><strong>τῆς</strong></span> <span class='ocrx_word' id='word_1_100' title='bbox 1739 1332 1878 1385; x_wconf 81' lang='grc' dir='ltr'>κατὰ</span> <span class='ocrx_word' id='word_1_101' title='bbox 1915 1330 1976 1384; x_wconf 84' lang='grc' dir='ltr'><strong>τὸ</strong></span> 
     </span>
    </p>
   </div>
   <div class='ocr_carea' id='block_1_15' title="bbox 395 1417 1974 1493">
    <p class='ocr_par' dir='ltr' id='par_1_15' title="bbox 395 1417 1974 1493">
     <span class='ocr_line' id='line_1_15' title="bbox 395 1417 1974 1493; baseline 0.002 -23"><span class='ocrx_word' id='word_1_102' title='bbox 395 1417 646 1490; x_wconf 81' lang='grc' dir='ltr'>μέγεθος,</span> <span class='ocrx_word' id='word_1_103' title='bbox 683 1419 774 1473; x_wconf 75' lang='grc' dir='ltr'><strong>καὶ</strong></span> <span class='ocrx_word' id='word_1_104' title='bbox 802 1419 1004 1486; x_wconf 76' lang='grc' dir='ltr'>τάξεως</span> <span class='ocrx_word' id='word_1_105' title='bbox 1024 1420 1131 1474; x_wconf 82' lang='grc' dir='ltr'><strong>τῶν</strong></span> <span class='ocrx_word' id='word_1_106' title='bbox 1147 1421 1209 1492; x_wconf 83' lang='grc' dir='ltr'><strong>δη</strong></span> <span class='ocrx_word' id='word_1_107' title='bbox 1220 1439 1449 1492; x_wconf 86' lang='grc' dir='ltr'>μιουργη</span> <span class='ocrx_word' id='word_1_108' title='bbox 1459 1424 1643 1492; x_wconf 85' lang='grc' dir='ltr'>μάτων</span> <span class='ocrx_word' id='word_1_109' title='bbox 1670 1423 1974 1493; x_wconf 66' lang='grc' dir='ltr'>παραδεχός</span> 
     </span>
    </p>
   </div>
   <div class='ocr_carea' id='block_1_16' title="bbox 394 1508 1974 1579">
    <p class='ocr_par' dir='ltr' id='par_1_16' title="bbox 394 1508 1974 1579">
     <span class='ocr_line' id='line_1_16' title="bbox 394 1508 1974 1579; baseline 0.002 -19"><span class='ocrx_word' id='word_1_110' title='bbox 394 1509 532 1578; x_wconf 86' lang='grc' dir='ltr'>μεθα</span> <span class='ocrx_word' id='word_1_111' title='bbox 560 1508 693 1561; x_wconf 93' lang='grc' dir='ltr'>Θεοῦ</span> <span class='ocrx_word' id='word_1_112' title='bbox 727 1508 820 1563; x_wconf 91' lang='grc' dir='ltr'><strong>τοῦ</strong></span> <span class='ocrx_word' id='word_1_113' title='bbox 852 1509 1135 1572; x_wconf 81' lang='grc' dir='ltr'>κτίσαντος</span> <span class='ocrx_word' id='word_1_114' title='bbox 1181 1509 1249 1562; x_wconf 79' lang='grc' dir='ltr'><strong>τὰ</strong></span> <span class='ocrx_word' id='word_1_115' title='bbox 1295 1509 1624 1578; x_wconf 84' lang='grc' dir='ltr'>βλεπόμενα,</span> <span class='ocrx_word' id='word_1_116' title='bbox 1660 1509 1752 1562; x_wconf 82' lang='grc' dir='ltr'><strong>καὶ</strong></span> <span class='ocrx_word' id='word_1_117' title='bbox 1798 1510 1864 1563; x_wconf 73' lang='grc' dir='ltr'>τὰ</span> <span class='ocrx_word' id='word_1_118' title='bbox 1901 1508 1974 1579; x_wconf 83' lang='grc' dir='ltr'>μὴ</span> 
     </span>
    </p>
   </div>
   <div class='ocr_carea' id='block_1_17' title="bbox 393 1597 1976 1670">
    <p class='ocr_par' dir='ltr' id='par_1_17' title="bbox 393 1597 1976 1670">
     <span class='ocr_line' id='line_1_17' title="bbox 393 1597 1976 1670; baseline 0.001 -20"><span class='ocrx_word' id='word_1_119' title='bbox 393 1597 717 1670; x_wconf 79' lang='grc' dir='ltr'>βλεπόμενα,</span> <span class='ocrx_word' id='word_1_120' title='bbox 770 1599 839 1652; x_wconf 77' lang='grc' dir='ltr'>τὰ</span> <span class='ocrx_word' id='word_1_121' title='bbox 890 1600 1219 1670; x_wconf 87' lang='grc' dir='ltr'>πρόσκαιρα,</span> <span class='ocrx_word' id='word_1_122' title='bbox 1269 1598 1463 1655; x_wconf 75' lang='grc' dir='ltr'>καὶτὰ</span> <span class='ocrx_word' id='word_1_123' title='bbox 1495 1598 1708 1663; x_wconf 80' lang='grc' dir='ltr'>αἰώνια,</span> <span class='ocrx_word' id='word_1_124' title='bbox 1749 1600 1824 1662; x_wconf 84' lang='grc' dir='ltr'>ὡς</span> <span class='ocrx_word' id='word_1_125' title='bbox 1858 1599 1976 1663; x_wconf 83' lang='grc' dir='ltr'>ἐνὸς</span> 
     </span>
    </p>
   </div>
   <div class='ocr_carea' id='block_1_18' title="bbox 390 1689 1974 1763">
    <p class='ocr_par' dir='ltr' id='par_1_18' title="bbox 390 1689 1974 1763">
     <span class='ocr_line' id='line_1_18' title="bbox 390 1689 1974 1763; baseline 0.001 -20"><span class='ocrx_word' id='word_1_126' title='bbox 390 1689 541 1754; x_wconf 77' lang='grc' dir='ltr'>ὄντος</span> <span class='ocrx_word' id='word_1_127' title='bbox 571 1692 666 1744; x_wconf 74' lang='grc' dir='ltr'>καὶ</span> <span class='ocrx_word' id='word_1_128' title='bbox 690 1691 782 1744; x_wconf 90' lang='grc' dir='ltr'><strong>τοῦ</strong></span> <span class='ocrx_word' id='word_1_129' title='bbox 801 1690 964 1743; x_wconf 82' lang='grc' dir='ltr'>αὐτοῦ</span> <span class='ocrx_word' id='word_1_130' title='bbox 995 1690 1136 1744; x_wconf 84' lang='grc' dir='ltr'>κατὰ</span> <span class='ocrx_word' id='word_1_131' title='bbox 1165 1691 1340 1744; x_wconf 84' lang='grc' dir='ltr'>πάντα</span> <span class='ocrx_word' id='word_1_132' title='bbox 1360 1689 1436 1760; x_wconf 83' lang='grc' dir='ltr'>τῷ</span> <span class='ocrx_word' id='word_1_133' title='bbox 1453 1690 1631 1762; x_wconf 77' lang='grc' dir='ltr'>Πατρὶ</span> <span class='ocrx_word' id='word_1_134' title='bbox 1654 1691 1746 1746; x_wconf 89' lang='grc' dir='ltr'><strong>τοῦ</strong></span> <span class='ocrx_word' id='word_1_135' title='bbox 1771 1692 1974 1763; x_wconf 79' lang='grc' dir='ltr'><strong>Κυρίου</strong></span> 
     </span>
    </p>
   </div>
   <div class='ocr_carea' id='block_1_19' title="bbox 391 1779 1975 1852">
    <p class='ocr_par' dir='ltr' id='par_1_19' title="bbox 391 1779 1975 1852">
     <span class='ocr_line' id='line_1_19' title="bbox 391 1779 1975 1852; baseline 0.001 -18"><span class='ocrx_word' id='word_1_136' title='bbox 391 1783 486 1835; x_wconf 69' lang='grc' dir='ltr'><strong>καὶ</strong></span> <span class='ocrx_word' id='word_1_137' title='bbox 519 1782 768 1852; x_wconf 79' lang='grc' dir='ltr'>Σωτῆρος</span> <span class='ocrx_word' id='word_1_138' title='bbox 791 1780 950 1851; x_wconf 84' lang='grc' dir='ltr'>ἡμῶν</span> <span class='ocrx_word' id='word_1_139' title='bbox 977 1779 1187 1851; x_wconf 82' lang='grc' dir='ltr'>ἀγαθῷ,</span> <span class='ocrx_word' id='word_1_140' title='bbox 1211 1781 1304 1834; x_wconf 76' lang='grc' dir='ltr'>καὶ</span> <span class='ocrx_word' id='word_1_141' title='bbox 1336 1780 1547 1852; x_wconf 85' lang='grc' dir='ltr'>δικαίῳ,</span> <span class='ocrx_word' id='word_1_142' title='bbox 1572 1781 1665 1836; x_wconf 61' lang='grc' dir='ltr'><strong>καλ⁵</strong></span> <span class='ocrx_word' id='word_1_143' title='bbox 1683 1781 1849 1852; x_wconf 83' lang='grc' dir='ltr'>σοφῷ,</span> <span class='ocrx_word' id='word_1_144' title='bbox 1881 1783 1975 1837; x_wconf 77' lang='grc' dir='ltr'>καὶ</span> 
     </span>
    </p>
   </div>
   <div class='ocr_carea' id='block_1_20' title="bbox 2075 594 3650 666">
    <p class='ocr_par' dir='ltr' id='par_1_20' title="bbox 2075 594 3650 666">
     <span class='ocr_line' id='line_1_20' title="bbox 2075 594 3650 666; baseline 0.002 -17"><span class='ocrx_word' id='word_1_145' title='bbox 2075 605 2129 649; x_wconf 93' lang='lat' dir='ltr'><strong>et</strong></span> <span class='ocrx_word' id='word_1_146' title='bbox 2161 609 2280 664; x_wconf 72' lang='lat' dir='ltr'><strong>qum</strong></span> <span class='ocrx_word' id='word_1_147' title='bbox 2310 609 2416 649; x_wconf 91' lang='lat' dir='ltr'><strong>non</strong></span> <span class='ocrx_word' id='word_1_148' title='bbox 2445 594 2696 648; x_wconf 84' lang='lat' dir='ltr'><strong>videnlur</strong></span> <span class='ocrx_word' id='word_1_149' title='bbox 2738 595 3018 660; x_wconf 92' lang='lat' dir='ltr'><strong>condidit;</strong></span> <span class='ocrx_word' id='word_1_150' title='bbox 3053 597 3375 666; x_wconf 89' lang='lat' dir='ltr'><strong>temporaria</strong></span> <span class='ocrx_word' id='word_1_151' title='bbox 3411 599 3538 652; x_wconf 87' lang='lat' dir='ltr'><strong>item</strong></span> <span class='ocrx_word' id='word_1_152' title='bbox 3595 611 3650 652; x_wconf 88' lang='lat' dir='ltr'><strong>et</strong></span> 
     </span>
    </p>
   </div>
   <div class='ocr_carea' id='block_1_21' title="bbox 2073 683 3648 758">
    <p class='ocr_par' dir='ltr' id='par_1_21' title="bbox 2073 683 3648 758">
     <span class='ocr_line' id='line_1_21' title="bbox 2073 683 3648 758; baseline 0.003 -22"><span class='ocrx_word' id='word_1_153' title='bbox 2073 692 2306 747; x_wconf 63' lang='lat' dir='ltr'><strong>aeterna;</strong></span> <span class='ocrx_word' id='word_1_154' title='bbox 2341 692 2398 736; x_wconf 90' lang='lat' dir='ltr'><strong>ut</strong></span> <span class='ocrx_word' id='word_1_155' title='bbox 2447 683 2538 753; x_wconf 93' lang='lat' dir='ltr'><strong>qui</strong></span> <span class='ocrx_word' id='word_1_156' title='bbox 2587 699 2724 738; x_wconf 88' lang='lat' dir='ltr'><strong>unus</strong></span> <span class='ocrx_word' id='word_1_157' title='bbox 2764 692 2818 738; x_wconf 86' lang='lat' dir='ltr'><strong>et</strong></span> <span class='ocrx_word' id='word_1_158' title='bbox 2856 684 2997 738; x_wconf 91' lang='lat' dir='ltr'><strong>idem</strong></span> <span class='ocrx_word' id='word_1_159' title='bbox 3026 685 3097 737; x_wconf 88' lang='lat' dir='ltr'><strong>sit</strong></span> <span class='ocrx_word' id='word_1_160' title='bbox 3133 686 3183 738; x_wconf 90' lang='lat' dir='ltr'><strong>in</strong></span> <span class='ocrx_word' id='word_1_161' title='bbox 3227 686 3500 748; x_wconf 88' lang='lat' dir='ltr'><strong>omnibus.</strong></span> <span class='ocrx_word' id='word_1_162' title='bbox 3555 690 3648 758; x_wconf 91' lang='lat' dir='ltr'><strong>qui</strong></span> 
     </span>
    </p>
   </div>
   <div class='ocr_carea' id='block_1_22' title="bbox 2075 773 3646 846">
    <p class='ocr_par' dir='ltr' id='par_1_22' title="bbox 2075 773 3646 846">
     <span class='ocr_line' id='line_1_22' title="bbox 2075 773 3646 846; baseline 0.002 -16"><span class='ocrx_word' id='word_1_163' title='bbox 2075 774 2234 830; x_wconf 84' lang='lat' dir='ltr'><strong>Pater</strong></span> <span class='ocrx_word' id='word_1_164' title='bbox 2265 775 2472 829; x_wconf 85' lang='lat' dir='ltr'><strong>Domini</strong></span> <span class='ocrx_word' id='word_1_165' title='bbox 2507 783 2560 828; x_wconf 90' lang='lat' dir='ltr'><strong>et</strong></span> <span class='ocrx_word' id='word_1_166' title='bbox 2595 773 2902 830; x_wconf 87' lang='lat' dir='ltr'><strong>Servatoris</strong></span> <span class='ocrx_word' id='word_1_167' title='bbox 2933 776 3102 830; x_wconf 81' lang='lat' dir='ltr'><strong>nOstri</strong></span> <span class='ocrx_word' id='word_1_168' title='bbox 3136 776 3329 840; x_wconf 88' lang='lat' dir='ltr'><strong>bonus,</strong></span> <span class='ocrx_word' id='word_1_169' title='bbox 3365 788 3419 831; x_wconf 88' lang='lat' dir='ltr'><strong>et</strong></span> <span class='ocrx_word' id='word_1_170' title='bbox 3444 777 3646 846; x_wconf 88' lang='lat' dir='ltr'><strong>justus,</strong></span> 
     </span>
    </p>
   </div>
   <div class='ocr_carea' id='block_1_23' title="bbox 2074 867 3650 936">
    <p class='ocr_par' dir='ltr' id='par_1_23' title="bbox 2074 867 3650 936">
     <span class='ocr_line' id='line_1_23' title="bbox 2074 867 3650 936; baseline 0.002 -15"><span class='ocrx_word' id='word_1_171' title='bbox 2074 877 2130 922; x_wconf 90' lang='lat' dir='ltr'><strong>et</strong></span> <span class='ocrx_word' id='word_1_172' title='bbox 2154 867 2400 936; x_wconf 86' lang='lat' dir='ltr'><strong>sapiens;</strong></span> <span class='ocrx_word' id='word_1_173' title='bbox 2425 875 2480 920; x_wconf 89' lang='lat' dir='ltr'><strong>et</strong></span> <span class='ocrx_word' id='word_1_174' title='bbox 2519 868 2586 919; x_wconf 87' lang='lat' dir='ltr'><strong>ad</strong></span> <span class='ocrx_word' id='word_1_175' title='bbox 2625 880 2746 918; x_wconf 90' lang='lat' dir='ltr'><strong>eum</strong></span> <span class='ocrx_word' id='word_1_176' title='bbox 2778 881 2998 934; x_wconf 85' lang='lat' dir='ltr'><strong>scopum</strong></span> <span class='ocrx_word' id='word_1_177' title='bbox 3028 867 3336 934; x_wconf 83' lang='lat' dir='ltr'><strong>Seripturas</strong></span> <span class='ocrx_word' id='word_1_178' title='bbox 3379 868 3650 924; x_wconf 83' lang='lat' dir='ltr'><strong>deducere</strong></span> 
     </span>
    </p>
   </div>
   <div class='ocr_carea' id='block_1_24' title="bbox 2075 958 3649 1026">
    <p class='ocr_par' dir='ltr' id='par_1_24' title="bbox 2075 958 3649 1026">
     <span class='ocr_line' id='line_1_24' title="bbox 2075 958 3649 1026; baseline -0.001 -12"><span class='ocrx_word' id='word_1_179' title='bbox 2075 959 2322 1023; x_wconf 89' lang='lat' dir='ltr'><strong>nitimur,</strong></span> <span class='ocrx_word' id='word_1_180' title='bbox 2357 968 2414 1011; x_wconf 92' lang='lat' dir='ltr'><strong>ut</strong></span> <span class='ocrx_word' id='word_1_181' title='bbox 2459 959 2812 1012; x_wconf 73' lang='lat' dir='ltr'><strong>ostendamus</strong></span> <span class='ocrx_word' id='word_1_182' title='bbox 2856 958 3036 1013; x_wconf 82' lang='lat' dir='ltr'><strong>omnia</strong></span> <span class='ocrx_word' id='word_1_183' title='bbox 3093 973 3214 1012; x_wconf 91' lang='lat' dir='ltr'><strong>esse</strong></span> <span class='ocrx_word' id='word_1_184' title='bbox 3261 960 3384 1013; x_wconf 90' lang='lat' dir='ltr'><strong>boni</strong></span> <span class='ocrx_word' id='word_1_185' title='bbox 3429 961 3544 1026; x_wconf 86' lang='lat' dir='ltr'><strong>Dei,</strong></span> <span class='ocrx_word' id='word_1_186' title='bbox 3596 971 3649 1014; x_wconf 89' lang='lat' dir='ltr'><strong>et</strong></span> 
     </span>
    </p>
   </div>
   <div class='ocr_carea' id='block_1_25' title="bbox 2070 1046 3650 1117">
    <p class='ocr_par' dir='ltr' id='par_1_25' title="bbox 2070 1046 3650 1117">
     <span class='ocr_line' id='line_1_25' title="bbox 2070 1046 3650 1117; baseline 0.003 -17"><span class='ocrx_word' id='word_1_187' title='bbox 2070 1048 2226 1117; x_wconf 80' lang='lat' dir='ltr'><strong>justi,</strong></span> <span class='ocrx_word' id='word_1_188' title='bbox 2260 1055 2312 1102; x_wconf 90' lang='lat' dir='ltr'><strong>et</strong></span> <span class='ocrx_word' id='word_1_189' title='bbox 2340 1046 2619 1114; x_wconf 90' lang='lat' dir='ltr'><strong>sapientis,</strong></span> <span class='ocrx_word' id='word_1_190' title='bbox 2650 1061 2748 1100; x_wconf 92' lang='lat' dir='ltr'><strong>nec</strong></span> <span class='ocrx_word' id='word_1_191' title='bbox 2782 1047 2832 1100; x_wconf 92' lang='lat' dir='ltr'><strong>in</strong></span> <span class='ocrx_word' id='word_1_192' title='bbox 2869 1048 3320 1117; x_wconf 85' lang='lat' dir='ltr'><strong>minimaquidem</strong></span> <span class='ocrx_word' id='word_1_193' title='bbox 3357 1064 3434 1111; x_wconf 90' lang='lat' dir='ltr'><strong>re.</strong></span> <span class='ocrx_word' id='word_1_194' title='bbox 3475 1060 3650 1104; x_wconf 70' lang='lat' dir='ltr'><strong>attenr</strong></span> 
     </span>
    </p>
   </div>
   <div class='ocr_carea' id='block_1_26' title="bbox 2079 1139 3648 1208">
    <p class='ocr_par' dir='ltr' id='par_1_26' title="bbox 2079 1139 3648 1208">
     <span class='ocr_line' id='line_1_26' title="bbox 2079 1139 3648 1208; baseline 0.003 -15"><span class='ocrx_word' id='word_1_195' title='bbox 2079 1141 2216 1194; x_wconf 91' lang='lat' dir='ltr'><strong>tiset</strong></span> <span class='ocrx_word' id='word_1_196' title='bbox 2254 1139 2608 1206; x_wconf 88' lang='lat' dir='ltr'><strong>prudentibus</strong></span> <span class='ocrx_word' id='word_1_197' title='bbox 2641 1153 2830 1192; x_wconf 88' lang='lat' dir='ltr'><strong>errare</strong></span> <span class='ocrx_word' id='word_1_198' title='bbox 2875 1139 3177 1197; x_wconf 81' lang='lat' dir='ltr'><strong>videamur.</strong></span> <span class='ocrx_word' id='word_1_199' title='bbox 3217 1140 3296 1194; x_wconf 86' lang='lat' dir='ltr'><strong>Ad</strong></span> <span class='ocrx_word' id='word_1_200' title='bbox 3336 1140 3387 1194; x_wconf 92' lang='lat' dir='ltr'><strong>id</strong></span> <span class='ocrx_word' id='word_1_201' title='bbox 3443 1150 3648 1208; x_wconf 85' lang='lat' dir='ltr'><strong>autem,</strong></span> 
     </span>
    </p>
   </div>
   <div class='ocr_carea' id='block_1_27' title="bbox 2077 1228 3649 1301">
    <p class='ocr_par' dir='ltr' id='par_1_27' title="bbox 2077 1228 3649 1301">
     <span class='ocr_line' id='line_1_27' title="bbox 2077 1228 3649 1301; baseline 0.001 -17"><span class='ocrx_word' id='word_1_202' title='bbox 2077 1238 2135 1284; x_wconf 88' lang='lat' dir='ltr'><strong>ut</strong></span> <span class='ocrx_word' id='word_1_203' title='bbox 2162 1231 2279 1301; x_wconf 83' lang='lat' dir='ltr'><strong>ejus</strong></span> <span class='ocrx_word' id='word_1_204' title='bbox 2300 1231 2549 1292; x_wconf 73' lang='lat' dir='ltr'><strong>bonitati,</strong></span> <span class='ocrx_word' id='word_1_205' title='bbox 2565 1228 2791 1296; x_wconf 76' lang='lat' dir='ltr'><strong>justitire</strong></span> <span class='ocrx_word' id='word_1_206' title='bbox 2809 1238 2864 1282; x_wconf 90' lang='lat' dir='ltr'><strong>et</strong></span> <span class='ocrx_word' id='word_1_207' title='bbox 2903 1231 3204 1299; x_wconf 66' lang='lat' dir='ltr'><strong>sapientiae,</strong></span> <span class='ocrx_word' id='word_1_208' title='bbox 3235 1247 3354 1298; x_wconf 77' lang='lat' dir='ltr'><strong>qute</strong></span> <span class='ocrx_word' id='word_1_209' title='bbox 3372 1232 3649 1294; x_wconf 81' lang='lat' dir='ltr'><strong>dicuntur,</strong></span> 
     </span>
    </p>
   </div>
   <div class='ocr_carea' id='block_1_28' title="bbox 2077 1320 3654 1392">
    <p class='ocr_par' dir='ltr' id='par_1_28' title="bbox 2077 1320 3654 1392">
     <span class='ocr_line' id='line_1_28' title="bbox 2077 1320 3654 1392; baseline 0.001 -17"><span class='ocrx_word' id='word_1_210' title='bbox 2077 1329 2400 1390; x_wconf 81' lang='lat' dir='ltr'><strong>congruant,</strong></span> <span class='ocrx_word' id='word_1_211' title='bbox 2435 1320 2541 1376; x_wconf 92' lang='lat' dir='ltr'><strong>Deo</strong></span> <span class='ocrx_word' id='word_1_212' title='bbox 2571 1321 2862 1374; x_wconf 87' lang='lat' dir='ltr'><strong>Servatore</strong></span> <span class='ocrx_word' id='word_1_213' title='bbox 2903 1336 3039 1390; x_wconf 91' lang='lat' dir='ltr'><strong>opus</strong></span> <span class='ocrx_word' id='word_1_214' title='bbox 3076 1321 3357 1376; x_wconf 81' lang='lat' dir='ltr'><strong>habemus.</strong></span> <span class='ocrx_word' id='word_1_215' title='bbox 3395 1323 3518 1378; x_wconf 77' lang='lat' dir='ltr'><strong>lltee</strong></span> <span class='ocrx_word' id='word_1_216' title='bbox 3559 1324 3654 1392; x_wconf 79' lang='lat' dir='ltr'><strong>igi-</strong></span> 
     </span>
    </p>
   </div>
   <div class='ocr_carea' id='block_1_29' title="bbox 2079 1412 3654 1470">
    <p class='ocr_par' dir='ltr' id='par_1_29' title="bbox 2079 1412 3654 1470">
     <span class='ocr_line' id='line_1_29' title="bbox 2079 1412 3654 1470; baseline 0.001 -5"><span class='ocrx_word' id='word_1_217' title='bbox 2079 1419 2167 1465; x_wconf 92' lang='lat' dir='ltr'><strong>tur</strong></span> <span class='ocrx_word' id='word_1_218' title='bbox 2207 1414 2274 1467; x_wconf 91' lang='lat' dir='ltr'><strong>de</strong></span> <span class='ocrx_word' id='word_1_219' title='bbox 2322 1413 2388 1466; x_wconf 92' lang='lat' dir='ltr'><strong>iis</strong></span> <span class='ocrx_word' id='word_1_220' title='bbox 2441 1412 2663 1468; x_wconf 77' lang='lat' dir='ltr'><strong>verbis:</strong></span> <span class='ocrx_word' id='word_1_221' title='bbox 2701 1431 2720 1464; x_wconf 78' lang='grc' dir='ltr'><strong>ι</strong></span> <span class='ocrx_word' id='word_1_222' title='bbox 2755 1413 3031 1467; x_wconf 88' lang='lat' dir='ltr'><strong>induravit</strong></span> <span class='ocrx_word' id='word_1_223' title='bbox 3082 1413 3339 1469; x_wconf 91' lang='lat' dir='ltr'><strong>Dominus</strong></span> <span class='ocrx_word' id='word_1_224' title='bbox 3378 1416 3518 1470; x_wconf 88' lang='lat' dir='ltr'><strong>Deus</strong></span> <span class='ocrx_word' id='word_1_225' title='bbox 3557 1431 3654 1469; x_wconf 89' lang='lat' dir='ltr'><strong>cor</strong></span> 
     </span>
    </p>
   </div>
   <div class='ocr_carea' id='block_1_30' title="bbox 2077 1502 3652 1568">
    <p class='ocr_par' dir='ltr' id='par_1_30' title="bbox 2077 1502 3652 1568">
     <span class='ocr_line' id='line_1_30' title="bbox 2077 1502 3652 1568; baseline 0.002 -12"><span class='ocrx_word' id='word_1_226' title='bbox 2077 1502 2398 1568; x_wconf 87' lang='lat' dir='ltr'><strong>Pharaonis,</strong></span> <span class='ocrx_word' id='word_1_227' title='bbox 2435 1523 2452 1556; x_wconf 74' lang='grc' dir='ltr'><strong>ι</strong></span> <span class='ocrx_word' id='word_1_228' title='bbox 2488 1505 2886 1559; x_wconf 82' lang='lat' dir='ltr'><strong>existimamus.</strong></span> <span class='ocrx_word' id='word_1_229' title='bbox 2923 1504 3164 1560; x_wconf 85' lang='lat' dir='ltr'><strong>Medicus</strong></span> <span class='ocrx_word' id='word_1_230' title='bbox 3198 1514 3280 1562; x_wconf 84' lang='lat' dir='ltr'><strong>est</strong></span> <span class='ocrx_word' id='word_1_231' title='bbox 3309 1509 3504 1561; x_wconf 81' lang='lat' dir='ltr'><strong>animae</strong></span> <span class='ocrx_word' id='word_1_232' title='bbox 3529 1522 3652 1559; x_wconf 86' lang='lat' dir='ltr'><strong>vcr-</strong></span> 
     </span>
    </p>
   </div>
   <div class='ocr_carea' id='block_1_31' title="bbox 2081 1595 3654 1667">
    <p class='ocr_par' dir='ltr' id='par_1_31' title="bbox 2081 1595 3654 1667">
     <span class='ocr_line' id='line_1_31' title="bbox 2081 1595 3654 1667; baseline 0.002 -18"><span class='ocrx_word' id='word_1_233' title='bbox 2081 1595 2208 1649; x_wconf 83' lang='lat' dir='ltr'><strong>bum</strong></span> <span class='ocrx_word' id='word_1_234' title='bbox 2250 1596 2366 1658; x_wconf 75' lang='lat' dir='ltr'><strong>Dei,</strong></span> <span class='ocrx_word' id='word_1_235' title='bbox 2417 1596 2672 1650; x_wconf 82' lang='lat' dir='ltr'><strong>remediis</strong></span> <span class='ocrx_word' id='word_1_236' title='bbox 2697 1597 2862 1650; x_wconf 88' lang='lat' dir='ltr'><strong>variis</strong></span> <span class='ocrx_word' id='word_1_237' title='bbox 2897 1606 2949 1651; x_wconf 88' lang='lat' dir='ltr'><strong>et</strong></span> <span class='ocrx_word' id='word_1_238' title='bbox 2974 1597 3264 1652; x_wconf 88' lang='lat' dir='ltr'><strong>admodum</strong></span> <span class='ocrx_word' id='word_1_239' title='bbox 3319 1599 3654 1667; x_wconf 84' lang='lat' dir='ltr'><strong>tempestivis</strong></span> 
     </span>
    </p>
   </div>
   <div class='ocr_carea' id='block_1_32' title="bbox 2079 1687 3653 1757">
    <p class='ocr_par' dir='ltr' id='par_1_32' title="bbox 2079 1687 3653 1757">
     <span class='ocr_line' id='line_1_32' title="bbox 2079 1687 3653 1757; baseline 0.001 -17"><span class='ocrx_word' id='word_1_240' title='bbox 2079 1695 2130 1740; x_wconf 84' lang='lat' dir='ltr'><strong>et</strong></span> <span class='ocrx_word' id='word_1_241' title='bbox 2157 1701 2278 1756; x_wconf 73' lang='lat' dir='ltr'><strong>qua:</strong></span> <span class='ocrx_word' id='word_1_242' title='bbox 2310 1689 2528 1757; x_wconf 74' lang='lat' dir='ltr'><strong>aegrotis</strong></span> <span class='ocrx_word' id='word_1_243' title='bbox 2577 1687 2811 1741; x_wconf 79' lang='lat' dir='ltr'><strong>maxime</strong></span> <span class='ocrx_word' id='word_1_244' title='bbox 2853 1698 3177 1756; x_wconf 84' lang='lat' dir='ltr'><strong>congruunt,</strong></span> <span class='ocrx_word' id='word_1_245' title='bbox 3209 1689 3414 1754; x_wconf 87' lang='lat' dir='ltr'><strong>utitur;</strong></span> <span class='ocrx_word' id='word_1_246' title='bbox 3460 1690 3653 1743; x_wconf 87' lang='lat' dir='ltr'><strong>horum</strong></span> 
     </span>
    </p>
   </div>
   <div class='ocr_carea' id='block_1_33' title="bbox 2080 1779 3652 1850">
    <p class='ocr_par' dir='ltr' id='par_1_33' title="bbox 2080 1779 3652 1850">
     <span class='ocr_line' id='line_1_33' title="bbox 2080 1779 3652 1850; baseline 0 -17"><span class='ocrx_word' id='word_1_247' title='bbox 2080 1781 2180 1834; x_wconf 87' lang='lat' dir='ltr'><strong>alia</strong></span> <span class='ocrx_word' id='word_1_248' title='bbox 2205 1781 2347 1850; x_wconf 87' lang='lat' dir='ltr'><strong>plus,</strong></span> <span class='ocrx_word' id='word_1_249' title='bbox 2381 1781 2487 1836; x_wconf 87' lang='lat' dir='ltr'><strong>alia</strong></span> <span class='ocrx_word' id='word_1_250' title='bbox 2511 1781 2690 1835; x_wconf 89' lang='lat' dir='ltr'><strong>minus</strong></span> <span class='ocrx_word' id='word_1_251' title='bbox 2717 1779 2922 1833; x_wconf 89' lang='lat' dir='ltr'><strong>laboris</strong></span> <span class='ocrx_word' id='word_1_252' title='bbox 2945 1788 2998 1834; x_wconf 87' lang='lat' dir='ltr'><strong>et</strong></span> <span class='ocrx_word' id='word_1_253' title='bbox 3022 1779 3284 1835; x_wconf 73' lang='lat' dir='ltr'><strong>molestia:</strong></span> <span class='ocrx_word' id='word_1_254' title='bbox 3310 1781 3377 1836; x_wconf 89' lang='lat' dir='ltr'><strong>iis</strong></span> <span class='ocrx_word' id='word_1_255' title='bbox 3398 1780 3652 1842; x_wconf 68' lang='lat' dir='ltr'><strong>afferunt,</strong></span> 
     </span>
    </p>
   </div>
   <div class='ocr_carea' id='block_1_34' title="bbox 324 1869 1972 1942">
    <p class='ocr_par' dir='ltr' id='par_1_34' title="bbox 324 1872 1972 1942">
     <span class='ocr_line' id='line_1_34' title="bbox 324 1872 1972 1942; baseline 0.002 -17"><span class='ocrx_word' id='word_1_256' title='bbox 324 1905 328 1908; x_wconf 94' lang='lat'><strong><em>-</em></strong></span> <span class='ocrx_word' id='word_1_257' title='bbox 392 1874 486 1926; x_wconf 78' lang='grc' dir='ltr'>ἐπὶ</span> <span class='ocrx_word' id='word_1_258' title='bbox 513 1873 602 1925; x_wconf 75' lang='grc' dir='ltr'>τὸν</span> <span class='ocrx_word' id='word_1_259' title='bbox 637 1873 836 1926; x_wconf 71' lang='grc' dir='ltr'>σκοπὸν</span> <span class='ocrx_word' id='word_1_260' title='bbox 873 1874 1079 1926; x_wconf 89' lang='grc' dir='ltr'>ἐκεῖνον</span> <span class='ocrx_word' id='word_1_261' title='bbox 1114 1872 1212 1935; x_wconf 80' lang='grc' dir='ltr'><strong>τὰς</strong></span> <span class='ocrx_word' id='word_1_262' title='bbox 1252 1873 1289 1924; x_wconf 91' lang='grc' dir='ltr'><strong>Γ</strong></span> <span class='ocrx_word' id='word_1_263' title='bbox 1296 1872 1472 1942; x_wconf 75' lang='grc' dir='ltr'>ραφάς</span> <span class='ocrx_word' id='word_1_264' title='bbox 1505 1874 1658 1941; x_wconf 85' lang='grc' dir='ltr'>ἄγειν</span> <span class='ocrx_word' id='word_1_265' title='bbox 1711 1875 1972 1942; x_wconf 81' lang='grc' dir='ltr'>ἀγωνιζό-</span> 
     </span>
    </p>
   </div>
   <div class='ocr_carea' id='block_1_35' title="bbox 2076 1869 3657 1942">
    <p class='ocr_par' dir='ltr' id='par_1_35' title="bbox 2079 1869 3657 1941">
     <span class='ocr_line' id='line_1_35' title="bbox 2079 1869 3657 1941; baseline 0 -16"><span class='ocrx_word' id='word_1_266' title='bbox 2079 1873 2171 1941; x_wconf 90' lang='lat' dir='ltr'><strong>qui</strong></span> <span class='ocrx_word' id='word_1_267' title='bbox 2193 1881 2472 1928; x_wconf 81' lang='lat' dir='ltr'><strong>curantur.</strong></span> <span class='ocrx_word' id='word_1_268' title='bbox 2495 1871 2733 1926; x_wconf 80' lang='lat' dir='ltr'><strong>Rursum</strong></span> <span class='ocrx_word' id='word_1_269' title='bbox 2753 1870 2990 1926; x_wconf 88' lang='lat' dir='ltr'><strong>remedia</strong></span> <span class='ocrx_word' id='word_1_270' title='bbox 3015 1869 3286 1924; x_wconf 89' lang='lat' dir='ltr'><strong>interdum</strong></span> <span class='ocrx_word' id='word_1_271' title='bbox 3310 1872 3393 1925; x_wconf 89' lang='lat' dir='ltr'><strong>dis</strong></span> <span class='ocrx_word' id='word_1_272' title='bbox 3409 1881 3657 1926; x_wconf 71' lang='lat' dir='ltr'><strong>~entance</strong></span> 
     </span>
    </p>
   </div>
   <div class='ocr_carea' id='block_1_36' title="bbox 399 1961 1972 2034">
    <p class='ocr_par' dir='ltr' id='par_1_36' title="bbox 399 1961 1972 2034">
     <span class='ocr_line' id='line_1_36' title="bbox 399 1961 1972 2034; baseline 0.003 -19"><span class='ocrx_word' id='word_1_273' title='bbox 399 1963 557 2034; x_wconf 87' lang='grc' dir='ltr'>μεθα,</span> <span class='ocrx_word' id='word_1_274' title='bbox 594 1962 688 2014; x_wconf 89' lang='grc' dir='ltr'><strong>τοῦ</strong></span> <span class='ocrx_word' id='word_1_275' title='bbox 723 1962 821 2033; x_wconf 80' lang='grc' dir='ltr'><strong>μὲν</strong></span> <span class='ocrx_word' id='word_1_276' title='bbox 837 1962 1109 2017; x_wconf 85' lang='grc' dir='ltr'>δεικνύναι</span> <span class='ocrx_word' id='word_1_277' title='bbox 1141 1963 1315 2017; x_wconf 84' lang='grc' dir='ltr'>πάντα</span> <span class='ocrx_word' id='word_1_278' title='bbox 1341 1961 1545 2031; x_wconf 80' lang='grc' dir='ltr'>ἀγαθοῦ</span> <span class='ocrx_word' id='word_1_279' title='bbox 1577 1962 1732 2028; x_wconf 85' lang='grc' dir='ltr'>Θεοῦ,</span> <span class='ocrx_word' id='word_1_280' title='bbox 1765 1967 1858 2019; x_wconf 70' lang='grc' dir='ltr'><strong>καὶ</strong></span> <span class='ocrx_word' id='word_1_281' title='bbox 1887 1983 1972 2019; x_wconf 90' lang='grc' dir='ltr'>σο-</span> 
     </span>
    </p>
   </div>
   <div class='ocr_carea' id='block_1_37' title="bbox 394 2053 1974 2125">
    <p class='ocr_par' dir='ltr' id='par_1_37' title="bbox 394 2053 1974 2125">
     <span class='ocr_line' id='line_1_37' title="bbox 394 2053 1974 2125; baseline 0.002 -19"><span class='ocrx_word' id='word_1_282' title='bbox 394 2053 516 2121; x_wconf 72' lang='grc' dir='ltr'>φοῦ,</span> <span class='ocrx_word' id='word_1_283' title='bbox 553 2054 646 2107; x_wconf 77' lang='grc' dir='ltr'>καὶ</span> <span class='ocrx_word' id='word_1_284' title='bbox 681 2053 908 2118; x_wconf 83' lang='grc' dir='ltr'>δικαίου,</span> <span class='ocrx_word' id='word_1_285' title='bbox 955 2053 1075 2106; x_wconf 78' lang='grc' dir='ltr'>οὐδὲ</span> <span class='ocrx_word' id='word_1_286' title='bbox 1111 2053 1251 2106; x_wconf 85' lang='grc' dir='ltr'>κατὰ</span> <span class='ocrx_word' id='word_1_287' title='bbox 1285 2054 1346 2106; x_wconf 82' lang='grc' dir='ltr'>τὸ</span> <span class='ocrx_word' id='word_1_288' title='bbox 1388 2054 1549 2124; x_wconf 76' lang='grc' dir='ltr'>τυχὸν</span> <span class='ocrx_word' id='word_1_289' title='bbox 1584 2055 1974 2125; x_wconf 84' lang='grc' dir='ltr'>ὑπονοηθέντες</span> 
     </span>
    </p>
   </div>
   <div class='ocr_carea' id='block_1_38' title="bbox 391 2141 1974 2218">
    <p class='ocr_par' dir='ltr' id='par_1_38' title="bbox 391 2141 1974 2218">
     <span class='ocr_line' id='line_1_38' title="bbox 391 2141 1974 2218; baseline 0.003 -22"><span class='ocrx_word' id='word_1_290' title='bbox 391 2141 457 2196; x_wconf 85' lang='grc' dir='ltr'>ἂν</span> <span class='ocrx_word' id='word_1_291' title='bbox 490 2146 602 2208; x_wconf 87' lang='grc' dir='ltr'>τοῖς</span> <span class='ocrx_word' id='word_1_292' title='bbox 632 2161 692 2212; x_wconf 90' lang='grc' dir='ltr'><strong>γε</strong></span> <span class='ocrx_word' id='word_1_293' title='bbox 711 2144 832 2197; x_wconf 88' lang='grc' dir='ltr'>νοῦν</span> <span class='ocrx_word' id='word_1_294' title='bbox 862 2144 1074 2214; x_wconf 80' lang='grc' dir='ltr'>ἔχουσιν</span> <span class='ocrx_word' id='word_1_295' title='bbox 1091 2145 1440 2197; x_wconf 78' lang='grc' dir='ltr'>ἀποπίπτεινο</span> <span class='ocrx_word' id='word_1_296' title='bbox 1470 2144 1610 2200; x_wconf 75' lang='grc' dir='ltr'>κατὰ</span> <span class='ocrx_word' id='word_1_297' title='bbox 1636 2145 1691 2198; x_wconf 83' lang='grc' dir='ltr'><strong>δέ</strong></span> <span class='ocrx_word' id='word_1_298' title='bbox 1718 2145 1775 2198; x_wconf 78' lang='grc' dir='ltr'>τὸ</span> <span class='ocrx_word' id='word_1_299' title='bbox 1806 2147 1974 2218; x_wconf 87' lang='grc' dir='ltr'>ἐφαρ-</span> 
     </span>
    </p>
   </div>
   <div class='ocr_carea' id='block_1_39' title="bbox 395 2233 1970 2310">
    <p class='ocr_par' dir='ltr' id='par_1_39' title="bbox 395 2233 1970 2310">
     <span class='ocr_line' id='line_1_39' title="bbox 395 2233 1970 2310; baseline 0.003 -23"><span class='ocrx_word' id='word_1_300' title='bbox 395 2233 603 2304; x_wconf 75' lang='grc' dir='ltr'>μόζειν,</span> <span class='ocrx_word' id='word_1_301' title='bbox 640 2236 672 2306; x_wconf 82' lang='grc' dir='ltr'>ἦ</span> <span class='ocrx_word' id='word_1_302' title='bbox 711 2237 808 2308; x_wconf 84' lang='grc' dir='ltr'>μὴ,</span> <span class='ocrx_word' id='word_1_303' title='bbox 844 2239 909 2308; x_wconf 81' lang='grc' dir='ltr'>τῇ</span> <span class='ocrx_word' id='word_1_304' title='bbox 948 2235 1244 2306; x_wconf 83' lang='grc' dir='ltr'>άγαθότητι</span> <span class='ocrx_word' id='word_1_305' title='bbox 1287 2235 1476 2298; x_wconf 78' lang='grc' dir='ltr'>αὑτοῦ,</span> <span class='ocrx_word' id='word_1_306' title='bbox 1513 2238 1606 2290; x_wconf 75' lang='grc' dir='ltr'>καὶ</span> <span class='ocrx_word' id='word_1_307' title='bbox 1639 2237 1970 2310; x_wconf 75' lang='grc' dir='ltr'>δικαιοσύνῃ,</span> 
     </span>
    </p>
   </div>
   <div class='ocr_carea' id='block_1_40' title="bbox 391 2327 1969 2402">
    <p class='ocr_par' dir='ltr' id='par_1_40' title="bbox 391 2327 1969 2402">
     <span class='ocr_line' id='line_1_40' title="bbox 391 2327 1969 2402; baseline 0.002 -22"><span class='ocrx_word' id='word_1_308' title='bbox 391 2327 484 2380; x_wconf 77' lang='grc' dir='ltr'><strong>καὶ</strong></span> <span class='ocrx_word' id='word_1_309' title='bbox 536 2329 697 2399; x_wconf 82' lang='grc' dir='ltr'>σοφίᾳ</span> <span class='ocrx_word' id='word_1_310' title='bbox 751 2331 817 2384; x_wconf 75' lang='grc' dir='ltr'><strong>τά</strong></span> <span class='ocrx_word' id='word_1_311' title='bbox 857 2329 1148 2400; x_wconf 84' lang='grc' dir='ltr'>λεγόμενα,</span> <span class='ocrx_word' id='word_1_312' title='bbox 1202 2328 1336 2382; x_wconf 83' lang='grc' dir='ltr'>Θεοῦ</span> <span class='ocrx_word' id='word_1_313' title='bbox 1407 2330 1650 2401; x_wconf 88' lang='grc' dir='ltr'>σωτῆρος</span> <span class='ocrx_word' id='word_1_314' title='bbox 1706 2331 1969 2402; x_wconf 85' lang='grc' dir='ltr'>δεόμενοι.</span> 
     </span>
    </p>
   </div>
   <div class='ocr_carea' id='block_1_41' title="bbox 389 2419 1974 2495">
    <p class='ocr_par' dir='ltr' id='par_1_41' title="bbox 389 2419 1974 2495">
     <span class='ocr_line' id='line_1_41' title="bbox 389 2419 1974 2495; baseline 0.002 -23"><span class='ocrx_word' id='word_1_315' title='bbox 389 2419 624 2475; x_wconf 86' lang='grc' dir='ltr'>Τοιαῦτα</span> <span class='ocrx_word' id='word_1_316' title='bbox 661 2421 840 2474; x_wconf 84' lang='grc' dir='ltr'>τοίνυν</span> <span class='ocrx_word' id='word_1_317' title='bbox 868 2421 961 2474; x_wconf 73' lang='grc' dir='ltr'>καὶ</span> <span class='ocrx_word' id='word_1_318' title='bbox 987 2420 1114 2491; x_wconf 82' lang='grc' dir='ltr'><strong>περὶ</strong></span> <span class='ocrx_word' id='word_1_319' title='bbox 1138 2420 1282 2474; x_wconf 82' lang='grc' dir='ltr'>τοῦ⁶ι</span> <span class='ocrx_word' id='word_1_320' title='bbox 1340 2420 1668 2493; x_wconf 81' lang='grc' dir='ltr'>Ἔσκλήρυνε</span> <span class='ocrx_word' id='word_1_321' title='bbox 1710 2421 1913 2495; x_wconf 79' lang='grc' dir='ltr'>Κύριος</span> <span class='ocrx_word' id='word_1_322' title='bbox 1945 2423 1974 2475; x_wconf 84' lang='grc' dir='ltr'>ὁ</span> 
     </span>
    </p>
   </div>
   <div class='ocr_carea' id='block_1_42' title="bbox 389 2511 1973 2585">
    <p class='ocr_par' dir='ltr' id='par_1_42' title="bbox 389 2511 1973 2585">
     <span class='ocr_line' id='line_1_42' title="bbox 389 2511 1973 2585; baseline 0.002 -20"><span class='ocrx_word' id='word_1_323' title='bbox 389 2511 519 2576; x_wconf 80' lang='grc' dir='ltr'>Θεὸς</span> <span class='ocrx_word' id='word_1_324' title='bbox 543 2512 641 2584; x_wconf 86' lang='grc' dir='ltr'>τὴν</span> <span class='ocrx_word' id='word_1_325' title='bbox 674 2513 899 2585; x_wconf 80' lang='grc' dir='ltr'>καρδίαν</span> <span class='ocrx_word' id='word_1_326' title='bbox 931 2512 1149 2585; x_wconf 82' lang='grc' dir='ltr'>Φαραὼ,</span> <span class='ocrx_word' id='word_1_327' title='bbox 1179 2533 1196 2565; x_wconf 77' lang='grc' dir='ltr'><strong>ι</strong></span> <span class='ocrx_word' id='word_1_328' title='bbox 1232 2512 1584 2583; x_wconf 81' lang='grc' dir='ltr'>ὑπονοοῦμεν.</span> <span class='ocrx_word' id='word_1_329' title='bbox 1627 2514 1829 2584; x_wconf 87' lang='grc' dir='ltr'>Ἰατρός</span> <span class='ocrx_word' id='word_1_330' title='bbox 1857 2515 1973 2568; x_wconf 81' lang='grc' dir='ltr'>ἐστι</span> 
     </span>
    </p>
   </div>
   <div class='ocr_carea' id='block_1_43' title="bbox 389 2600 1974 2677">
    <p class='ocr_par' dir='ltr' id='par_1_43' title="bbox 389 2600 1974 2677">
     <span class='ocr_line' id='line_1_43' title="bbox 389 2600 1974 2677; baseline 0.003 -24"><span class='ocrx_word' id='word_1_331' title='bbox 389 2600 566 2672; x_wconf 73' lang='grc' dir='ltr'>ψυχῆς</span> <span class='ocrx_word' id='word_1_332' title='bbox 598 2603 626 2654; x_wconf 88' lang='grc' dir='ltr'>ὁ</span> <span class='ocrx_word' id='word_1_333' title='bbox 659 2602 812 2670; x_wconf 84' lang='grc' dir='ltr'>λόγος</span> <span class='ocrx_word' id='word_1_334' title='bbox 847 2601 942 2655; x_wconf 86' lang='grc' dir='ltr'><strong>τοῦ</strong></span> <span class='ocrx_word' id='word_1_335' title='bbox 976 2602 1132 2665; x_wconf 88' lang='grc' dir='ltr'>Θεοῦ,</span> <span class='ocrx_word' id='word_1_336' title='bbox 1177 2602 1316 2666; x_wconf 81' lang='grc' dir='ltr'>ὁδοῖς</span> <span class='ocrx_word' id='word_1_337' title='bbox 1363 2602 1658 2677; x_wconf 78' lang='grc' dir='ltr'>θεραπείας</span> <span class='ocrx_word' id='word_1_338' title='bbox 1693 2601 1974 2674; x_wconf 82' lang='grc' dir='ltr'>χρώμενος</span> 
     </span>
    </p>
   </div>
   <div class='ocr_carea' id='block_1_44' title="bbox 390 2693 1974 2766">
    <p class='ocr_par' dir='ltr' id='par_1_44' title="bbox 390 2693 1974 2766">
     <span class='ocr_line' id='line_1_44' title="bbox 390 2693 1974 2766; baseline 0.003 -20"><span class='ocrx_word' id='word_1_339' title='bbox 390 2693 807 2758; x_wconf 86' lang='grc' dir='ltr'>ποικιλωτάταις</span> <span class='ocrx_word' id='word_1_340' title='bbox 840 2693 932 2748; x_wconf 79' lang='grc' dir='ltr'><strong>καὶ</strong></span> <span class='ocrx_word' id='word_1_341' title='bbox 965 2693 1252 2765; x_wconf 86' lang='grc' dir='ltr'>ἁρμοδίαις</span> <span class='ocrx_word' id='word_1_342' title='bbox 1286 2693 1423 2764; x_wconf 84' lang='grc' dir='ltr'>πρὸς</span> <span class='ocrx_word' id='word_1_343' title='bbox 1461 2695 1585 2757; x_wconf 82' lang='grc' dir='ltr'>τοὺς</span> <span class='ocrx_word' id='word_1_344' title='bbox 1607 2693 1792 2759; x_wconf 83' lang='grc' dir='ltr'>κακῶς</span> <span class='ocrx_word' id='word_1_345' title='bbox 1821 2693 1974 2766; x_wconf 76' lang='grc' dir='ltr'>έχον-</span> 
     </span>
    </p>
   </div>
   <div class='ocr_carea' id='block_1_45' title="bbox 388 2785 1974 2864">
    <p class='ocr_par' dir='ltr' id='par_1_45' title="bbox 388 2785 1974 2864">
     <span class='ocr_line' id='line_1_45' title="bbox 388 2785 1974 2864; baseline -0.001 -24"><span class='ocrx_word' id='word_1_346' title='bbox 388 2803 486 2848; x_wconf 86' lang='grc' dir='ltr'><strong>τας</strong></span> <span class='ocrx_word' id='word_1_347' title='bbox 511 2787 604 2840; x_wconf 75' lang='grc' dir='ltr'><strong>καὶ</strong></span> <span class='ocrx_word' id='word_1_348' title='bbox 636 2786 1118 2860; x_wconf 85' lang='grc' dir='ltr'>ὲπικαιριωτάταις</span> <span class='ocrx_word' id='word_1_349' title='bbox 1155 2786 1287 2853; x_wconf 71' lang='grc'><strong>(40)’</strong></span> <span class='ocrx_word' id='word_1_350' title='bbox 1311 2785 1421 2844; x_wconf 83' lang='grc' dir='ltr'><strong>τῶν</strong></span> <span class='ocrx_word' id='word_1_351' title='bbox 1459 2786 1516 2840; x_wconf 85' lang='grc' dir='ltr'>δὲ</span> <span class='ocrx_word' id='word_1_352' title='bbox 1552 2787 1650 2857; x_wconf 91' lang='grc' dir='ltr'><strong>τῆς</strong></span> <span class='ocrx_word' id='word_1_353' title='bbox 1682 2786 1974 2864; x_wconf 87' lang='grc' dir='ltr'>θεραπείας</span> 
     </span>
    </p>
   </div>
   <div class='ocr_carea' id='block_1_46' title="bbox 388 2876 1976 2950">
    <p class='ocr_par' dir='ltr' id='par_1_46' title="bbox 388 2876 1976 2950">
     <span class='ocr_line' id='line_1_46' title="bbox 388 2876 1976 2950; baseline 0.003 -20"><span class='ocrx_word' id='word_1_354' title='bbox 388 2876 544 2942; x_wconf 84' lang='grc' dir='ltr'>ὁδῶν,</span> <span class='ocrx_word' id='word_1_355' title='bbox 581 2879 639 2932; x_wconf 77' lang='grc' dir='ltr'>αἱ</span> <span class='ocrx_word' id='word_1_356' title='bbox 674 2878 772 2950; x_wconf 90' lang='grc' dir='ltr'><strong>μέν</strong></span> <span class='ocrx_word' id='word_1_357' title='bbox 804 2881 942 2932; x_wconf 79' lang='grc' dir='ltr'>εἰσιν</span> <span class='ocrx_word' id='word_1_358' title='bbox 973 2879 1065 2932; x_wconf 74' lang='grc' dir='ltr'>ἐπὶ</span> <span class='ocrx_word' id='word_1_359' title='bbox 1101 2878 1304 2943; x_wconf 87' lang='grc' dir='ltr'>πλεῖον,</span> <span class='ocrx_word' id='word_1_360' title='bbox 1342 2879 1398 2932; x_wconf 89' lang='grc' dir='ltr'>αἱ</span> <span class='ocrx_word' id='word_1_361' title='bbox 1427 2877 1484 2932; x_wconf 81' lang='grc' dir='ltr'>δὲ</span> <span class='ocrx_word' id='word_1_362' title='bbox 1518 2878 1602 2930; x_wconf 84' lang='grc' dir='ltr'>ἐπ’</span> <span class='ocrx_word' id='word_1_363' title='bbox 1628 2877 1848 2933; x_wconf 73' lang='grc' dir='ltr'>ἔλαττον</span> <span class='ocrx_word' id='word_1_364' title='bbox 1879 2881 1976 2934; x_wconf 83' lang='grc' dir='ltr'>πό-</span> 
     </span>
    </p>
   </div>
   <div class='ocr_carea' id='block_1_47' title="bbox 390 2968 1974 3041">
    <p class='ocr_par' dir='ltr' id='par_1_47' title="bbox 390 2968 1974 3041">
     <span class='ocr_line' id='line_1_47' title="bbox 390 2968 1974 3041; baseline 0 -17"><span class='ocrx_word' id='word_1_365' title='bbox 390 2987 512 3034; x_wconf 90' lang='grc' dir='ltr'>νους</span> <span class='ocrx_word' id='word_1_366' title='bbox 543 2971 638 3024; x_wconf 76' lang='grc' dir='ltr'><strong>καὶ</strong></span> <span class='ocrx_word' id='word_1_367' title='bbox 668 2969 937 3040; x_wconf 83' lang='grc' dir='ltr'>βασάνους</span> <span class='ocrx_word' id='word_1_368' title='bbox 966 2969 1294 3040; x_wconf 83' lang='grc' dir='ltr'>ἐμποιοῦσαι</span> <span class='ocrx_word' id='word_1_369' title='bbox 1323 2972 1436 3032; x_wconf 87' lang='grc' dir='ltr'>τοῖς</span> <span class='ocrx_word' id='word_1_370' title='bbox 1468 2971 1548 3032; x_wconf 86' lang='grc' dir='ltr'><strong>είς</strong></span> <span class='ocrx_word' id='word_1_371' title='bbox 1594 2968 1736 3024; x_wconf 85' lang='grc' dir='ltr'>ἴασιν</span> <span class='ocrx_word' id='word_1_372' title='bbox 1771 2971 1974 3041; x_wconf 82' lang='grc' dir='ltr'>ἀγομέ-</span> 
     </span>
    </p>
   </div>
   <div class='ocr_carea' id='block_1_48' title="bbox 389 3057 1977 3131">
    <p class='ocr_par' dir='ltr' id='par_1_48' title="bbox 389 3057 1977 3131">
     <span class='ocr_line' id='line_1_48' title="bbox 389 3057 1977 3131; baseline -0.001 -15"><span class='ocrx_word' id='word_1_373' title='bbox 389 3077 521 3124; x_wconf 83' lang='grc' dir='ltr'>νοις’</span> <span class='ocrx_word' id='word_1_374' title='bbox 555 3061 716 3114; x_wconf 85' lang='grc' dir='ltr'>πάλιν</span> <span class='ocrx_word' id='word_1_375' title='bbox 739 3061 785 3112; x_wconf 92' lang='grc' dir='ltr'>τ’</span> <span class='ocrx_word' id='word_1_376' title='bbox 815 3057 881 3113; x_wconf 81' lang='grc' dir='ltr'><strong>αὖ</strong></span> <span class='ocrx_word' id='word_1_377' title='bbox 919 3059 1257 3131; x_wconf 83' lang='grc' dir='ltr'>βοηθήματα,</span> <span class='ocrx_word' id='word_1_378' title='bbox 1286 3057 1376 3111; x_wconf 84' lang='grc' dir='ltr'><strong>ότέ</strong></span> <span class='ocrx_word' id='word_1_379' title='bbox 1410 3061 1507 3129; x_wconf 82' lang='grc' dir='ltr'><strong>μὲν</strong></span> <span class='ocrx_word' id='word_1_380' title='bbox 1529 3060 1977 3128; x_wconf 80' lang='grc' dir='ltr'>ἁπεμφαινὸντως</span> 
     </span>
    </p>
   </div>
   <div class='ocr_carea' id='block_1_49' title="bbox 387 3149 1972 3222">
    <p class='ocr_par' dir='ltr' id='par_1_49' title="bbox 387 3149 1972 3222">
     <span class='ocr_line' id='line_1_49' title="bbox 387 3149 1972 3222; baseline -0.001 -18"><span class='ocrx_word' id='word_1_381' title='bbox 387 3151 622 3221; x_wconf 78' lang='grc' dir='ltr'>γίνεται,</span> <span class='ocrx_word' id='word_1_382' title='bbox 659 3150 749 3205; x_wconf 79' lang='grc' dir='ltr'><strong>ὁτὲ</strong></span> <span class='ocrx_word' id='word_1_383' title='bbox 789 3151 844 3203; x_wconf 78' lang='grc' dir='ltr'><strong>δὲ</strong></span> <span class='ocrx_word' id='word_1_384' title='bbox 873 3151 973 3219; x_wconf 80' lang='grc' dir='ltr'><strong>οὺχ</strong></span> <span class='ocrx_word' id='word_1_385' title='bbox 1002 3149 1175 3214; x_wconf 79' lang='grc' dir='ltr'>οὓτως</span> <span class='ocrx_word' id='word_1_386' title='bbox 1206 3149 1342 3219; x_wconf 82' lang='grc' dir='ltr'>ἔχει,</span> <span class='ocrx_word' id='word_1_387' title='bbox 1389 3151 1486 3202; x_wconf 73' lang='grc' dir='ltr'>καὶ</span> <span class='ocrx_word' id='word_1_388' title='bbox 1517 3150 1674 3204; x_wconf 87' lang='grc' dir='ltr'>πάλιν</span> <span class='ocrx_word' id='word_1_389' title='bbox 1704 3150 1886 3219; x_wconf 87' lang='grc' dir='ltr'>τάχιον</span> <span class='ocrx_word' id='word_1_390' title='bbox 1939 3152 1972 3222; x_wconf 86' lang='grc' dir='ltr'>ἢ</span> 
     </span>
    </p>
   </div>
   <div class='ocr_carea' id='block_1_50' title="bbox 2075 1961 3653 2032">
    <p class='ocr_par' dir='ltr' id='par_1_50' title="bbox 2075 1961 3653 2032">
     <span class='ocr_line' id='line_1_50' title="bbox 2075 1961 3653 2032; baseline -0.002 -14"><span class='ocrx_word' id='word_1_391' title='bbox 2075 1979 2175 2018; x_wconf 87' lang='lat' dir='ltr'><strong>nec</strong></span> <span class='ocrx_word' id='word_1_392' title='bbox 2215 1964 2571 2027; x_wconf 86' lang='lat' dir='ltr'><strong>cohaerenter,</strong></span> <span class='ocrx_word' id='word_1_393' title='bbox 2635 1963 2926 2032; x_wconf 75' lang='lat' dir='ltr'><strong>aliquando</strong></span> <span class='ocrx_word' id='word_1_394' title='bbox 2979 1975 3137 2016; x_wconf 89' lang='lat' dir='ltr'><strong>secus</strong></span> <span class='ocrx_word' id='word_1_395' title='bbox 3195 1961 3350 2028; x_wconf 89' lang='lat' dir='ltr'><strong>fiunt,</strong></span> <span class='ocrx_word' id='word_1_396' title='bbox 3381 1962 3653 2016; x_wconf 87' lang='lat' dir='ltr'><strong>interdum</strong></span> 
     </span>
    </p>
   </div>
   <div class='ocr_carea' id='block_1_51' title="bbox 2075 2055 3657 2123">
    <p class='ocr_par' dir='ltr' id='par_1_51' title="bbox 2075 2055 3657 2123">
     <span class='ocr_line' id='line_1_51' title="bbox 2075 2055 3657 2123; baseline -0.001 -13"><span class='ocrx_word' id='word_1_397' title='bbox 2075 2057 2304 2112; x_wconf 88' lang='lat' dir='ltr'><strong>celerius</strong></span> <span class='ocrx_word' id='word_1_398' title='bbox 2358 2065 2455 2110; x_wconf 90' lang='lat' dir='ltr'><strong>aut</strong></span> <span class='ocrx_word' id='word_1_399' title='bbox 2505 2055 2750 2121; x_wconf 89' lang='lat' dir='ltr'><strong>tardius;</strong></span> <span class='ocrx_word' id='word_1_400' title='bbox 2799 2063 2854 2108; x_wconf 88' lang='lat' dir='ltr'><strong>et</strong></span> <span class='ocrx_word' id='word_1_401' title='bbox 2905 2062 3190 2123; x_wconf 79' lang='lat' dir='ltr'><strong>postquam</strong></span> <span class='ocrx_word' id='word_1_402' title='bbox 3242 2055 3374 2121; x_wconf 67' lang='lat' dir='ltr'><strong>aegri</strong></span> <span class='ocrx_word' id='word_1_403' title='bbox 3430 2062 3657 2123; x_wconf 87' lang='lat' dir='ltr'><strong>peccato</strong></span> 
     </span>
    </p>
   </div>
   <div class='ocr_carea' id='block_1_52' title="bbox 2076 2145 3658 2216">
    <p class='ocr_par' dir='ltr' id='par_1_52' title="bbox 2076 2145 3658 2216">
     <span class='ocr_line' id='line_1_52' title="bbox 2076 2145 3658 2216; baseline 0 -16"><span class='ocrx_word' id='word_1_404' title='bbox 2076 2148 2220 2202; x_wconf 80' lang='lat' dir='ltr'><strong>velut</strong></span> <span class='ocrx_word' id='word_1_405' title='bbox 2255 2146 2490 2216; x_wconf 81' lang='lat' dir='ltr'><strong>saginati</strong></span> <span class='ocrx_word' id='word_1_406' title='bbox 2523 2145 2751 2212; x_wconf 89' lang='lat' dir='ltr'><strong>fuerint,</strong></span> <span class='ocrx_word' id='word_1_407' title='bbox 2787 2146 2870 2201; x_wconf 84' lang='lat' dir='ltr'><strong>vel</strong></span> <span class='ocrx_word' id='word_1_408' title='bbox 2897 2155 3182 2216; x_wconf 86' lang='lat' dir='ltr'><strong>postquam</strong></span> <span class='ocrx_word' id='word_1_409' title='bbox 3218 2145 3346 2199; x_wconf 91' lang='lat' dir='ltr'><strong>illud</strong></span> <span class='ocrx_word' id='word_1_410' title='bbox 3371 2147 3658 2211; x_wconf 78' lang='lat' dir='ltr'><strong>extremis,</strong></span> 
     </span>
    </p>
   </div>
   <div class='ocr_carea' id='block_1_53' title="bbox 2075 2236 3655 2308">
    <p class='ocr_par' dir='ltr' id='par_1_53' title="bbox 2075 2236 3655 2308">
     <span class='ocr_line' id='line_1_53' title="bbox 2075 2236 3655 2308; baseline 0 -16"><span class='ocrx_word' id='word_1_411' title='bbox 2075 2247 2134 2292; x_wconf 93' lang='lat' dir='ltr'><strong>ut</strong></span> <span class='ocrx_word' id='word_1_412' title='bbox 2183 2239 2253 2292; x_wconf 92' lang='lat' dir='ltr'><strong>ita</strong></span> <span class='ocrx_word' id='word_1_413' title='bbox 2320 2239 2517 2302; x_wconf 89' lang='lat' dir='ltr'><strong>dicam,</strong></span> <span class='ocrx_word' id='word_1_414' title='bbox 2564 2237 2732 2292; x_wconf 65' lang='lat' dir='ltr'><strong>labris</strong></span> <span class='ocrx_word' id='word_1_415' title='bbox 2792 2239 3090 2308; x_wconf 83' lang='lat' dir='ltr'><strong>attigerint.</strong></span> <span class='ocrx_word' id='word_1_416' title='bbox 3158 2236 3358 2291; x_wconf 82' lang='lat' dir='ltr'><strong>florum</strong></span> <span class='ocrx_word' id='word_1_417' title='bbox 3411 2237 3655 2292; x_wconf 87' lang='lat' dir='ltr'><strong>onmium</strong></span> 
     </span>
    </p>
   </div>
   <div class='ocr_carea' id='block_1_54' title="bbox 2077 2328 3640 2398">
    <p class='ocr_par' dir='ltr' id='par_1_54' title="bbox 2077 2328 3640 2398">
     <span class='ocr_line' id='line_1_54' title="bbox 2077 2328 3640 2398; baseline -0.001 -14"><span class='ocrx_word' id='word_1_418' title='bbox 2077 2329 2402 2385; x_wconf 87' lang='lat' dir='ltr'><strong>testimoniis</strong></span> <span class='ocrx_word' id='word_1_419' title='bbox 2425 2328 2582 2398; x_wconf 89' lang='lat' dir='ltr'><strong>plena</strong></span> <span class='ocrx_word' id='word_1_420' title='bbox 2625 2339 2711 2384; x_wconf 87' lang='lat' dir='ltr'><strong>est</strong></span> <span class='ocrx_word' id='word_1_421' title='bbox 2755 2330 2937 2383; x_wconf 87' lang='lat' dir='ltr'><strong>divina</strong></span> <span class='ocrx_word' id='word_1_422' title='bbox 2971 2328 3278 2398; x_wconf 88' lang='lat' dir='ltr'><strong>Scriptura,</strong></span> <span class='ocrx_word' id='word_1_423' title='bbox 3327 2344 3448 2383; x_wconf 89' lang='lat' dir='ltr'><strong>cum</strong></span> <span class='ocrx_word' id='word_1_424' title='bbox 3497 2344 3640 2398; x_wconf 90' lang='lat' dir='ltr'><strong>aspe-</strong></span> 
     </span>
    </p>
   </div>
   <div class='ocr_carea' id='block_1_55' title="bbox 2076 2419 3659 2489">
    <p class='ocr_par' dir='ltr' id='par_1_55' title="bbox 2076 2419 3659 2489">
     <span class='ocr_line' id='line_1_55' title="bbox 2076 2419 3659 2489; baseline -0.002 -14"><span class='ocrx_word' id='word_1_425' title='bbox 2076 2421 2218 2475; x_wconf 86' lang='lat' dir='ltr'><strong>riora</strong></span> <span class='ocrx_word' id='word_1_426' title='bbox 2246 2420 2532 2475; x_wconf 88' lang='lat' dir='ltr'><strong>duriorave</strong></span> <span class='ocrx_word' id='word_1_427' title='bbox 2562 2420 2801 2474; x_wconf 88' lang='lat' dir='ltr'><strong>remedia</strong></span> <span class='ocrx_word' id='word_1_428' title='bbox 2840 2419 2961 2489; x_wconf 92' lang='lat' dir='ltr'><strong>plus</strong></span> <span class='ocrx_word' id='word_1_429' title='bbox 3003 2420 3246 2474; x_wconf 87' lang='lat' dir='ltr'><strong>minusve</strong></span> <span class='ocrx_word' id='word_1_430' title='bbox 3275 2419 3471 2488; x_wconf 85' lang='lat' dir='ltr'><strong>populo</strong></span> <span class='ocrx_word' id='word_1_431' title='bbox 3504 2419 3659 2473; x_wconf 85' lang='lat' dir='ltr'><strong>adhi-</strong></span> 
     </span>
    </p>
   </div>
   <div class='ocr_carea' id='block_1_56' title="bbox 2075 2510 3657 2582">
    <p class='ocr_par' dir='ltr' id='par_1_56' title="bbox 2075 2510 3657 2582">
     <span class='ocr_line' id='line_1_56' title="bbox 2075 2510 3657 2582; baseline 0.002 -17"><span class='ocrx_word' id='word_1_432' title='bbox 2075 2510 2184 2565; x_wconf 86' lang='lat' dir='ltr'><strong>bita</strong></span> <span class='ocrx_word' id='word_1_433' title='bbox 2214 2510 2268 2566; x_wconf 89' lang='lat' dir='ltr'><strong>in</strong></span> <span class='ocrx_word' id='word_1_434' title='bbox 2301 2510 2600 2580; x_wconf 90' lang='lat' dir='ltr'><strong>Scripturis</strong></span> <span class='ocrx_word' id='word_1_435' title='bbox 2628 2511 2898 2581; x_wconf 79' lang='lat' dir='ltr'><strong>legantur,</strong></span> <span class='ocrx_word' id='word_1_436' title='bbox 2945 2526 3173 2582; x_wconf 72' lang='lat' dir='ltr'><strong>qumque</strong></span> <span class='ocrx_word' id='word_1_437' title='bbox 3212 2512 3287 2566; x_wconf 87' lang='lat' dir='ltr'><strong>illi</strong></span> <span class='ocrx_word' id='word_1_438' title='bbox 3317 2515 3382 2567; x_wconf 91' lang='lat' dir='ltr'><strong>ad</strong></span> <span class='ocrx_word' id='word_1_439' title='bbox 3425 2529 3657 2571; x_wconf 81' lang='lat' dir='ltr'><strong>eanvcr-</strong></span> 
     </span>
    </p>
   </div>
   <div class='ocr_carea' id='block_1_57' title="bbox 2075 2601 3658 2673">
    <p class='ocr_par' dir='ltr' id='par_1_57' title="bbox 2075 2601 3658 2673">
     <span class='ocr_line' id='line_1_57' title="bbox 2075 2601 3658 2673; baseline 0.002 -17"><span class='ocrx_word' id='word_1_440' title='bbox 2075 2601 2284 2656; x_wconf 89' lang='lat' dir='ltr'><strong>sionem</strong></span> <span class='ocrx_word' id='word_1_441' title='bbox 2318 2610 2373 2655; x_wconf 89' lang='lat' dir='ltr'><strong>et</strong></span> <span class='ocrx_word' id='word_1_442' title='bbox 2395 2603 2834 2657; x_wconf 86' lang='lat' dir='ltr'><strong>emendationem</strong></span> <span class='ocrx_word' id='word_1_443' title='bbox 2861 2602 3243 2673; x_wconf 73' lang='lat' dir='ltr'><strong>contigerunt;</strong></span> <span class='ocrx_word' id='word_1_444' title='bbox 3286 2603 3515 2660; x_wconf 85' lang='lat' dir='ltr'><strong>inbellis</strong></span> <span class='ocrx_word' id='word_1_445' title='bbox 3541 2621 3658 2659; x_wconf 83' lang='lat' dir='ltr'><strong>ma-</strong></span> 
     </span>
    </p>
   </div>
   <div class='ocr_carea' id='block_1_58' title="bbox 2087 2690 3662 2762">
    <p class='ocr_par' dir='ltr' id='par_1_58' title="bbox 2087 2690 3662 2762">
     <span class='ocr_line' id='line_1_58' title="bbox 2087 2690 3662 2762; baseline 0.002 -15"><span class='ocrx_word' id='word_1_446' title='bbox 2087 2690 2316 2760; x_wconf 83' lang='lat' dir='ltr'><strong>ioribus,</strong></span> <span class='ocrx_word' id='word_1_447' title='bbox 2349 2693 2434 2746; x_wconf 88' lang='lat' dir='ltr'><strong>vel</strong></span> <span class='ocrx_word' id='word_1_448' title='bbox 2485 2693 2816 2759; x_wconf 88' lang='lat' dir='ltr'><strong>minoribus;</strong></span> <span class='ocrx_word' id='word_1_449' title='bbox 2867 2691 3010 2748; x_wconf 82' lang='lat' dir='ltr'><strong>fame</strong></span> <span class='ocrx_word' id='word_1_450' title='bbox 3039 2692 3387 2762; x_wconf 91' lang='lat' dir='ltr'><strong>diuturniori,</strong></span> <span class='ocrx_word' id='word_1_451' title='bbox 3427 2695 3509 2750; x_wconf 89' lang='lat' dir='ltr'><strong>vel</strong></span> <span class='ocrx_word' id='word_1_452' title='bbox 3555 2698 3662 2750; x_wconf 86' lang='lat' dir='ltr'><strong>mi-</strong></span> 
     </span>
    </p>
   </div>
   <div class='ocr_carea' id='block_1_59' title="bbox 2077 2783 3660 2854">
    <p class='ocr_par' dir='ltr' id='par_1_59' title="bbox 2077 2783 3660 2854">
     <span class='ocr_line' id='line_1_59' title="bbox 2077 2783 3660 2854; baseline 0.004 -17"><span class='ocrx_word' id='word_1_453' title='bbox 2077 2799 2178 2838; x_wconf 89' lang='lat' dir='ltr'><strong>nus</strong></span> <span class='ocrx_word' id='word_1_454' title='bbox 2213 2783 2441 2841; x_wconf 88' lang='lat' dir='ltr'><strong>diutina.</strong></span> <span class='ocrx_word' id='word_1_455' title='bbox 2497 2783 2566 2838; x_wconf 83' lang='lat' dir='ltr'><strong>At</strong></span> <span class='ocrx_word' id='word_1_456' title='bbox 2596 2785 2967 2849; x_wconf 86' lang='lat' dir='ltr'><strong>dissentanee,</strong></span> <span class='ocrx_word' id='word_1_457' title='bbox 3006 2793 3117 2838; x_wconf 91' lang='lat' dir='ltr'><strong>tum</strong></span> <span class='ocrx_word' id='word_1_458' title='bbox 3164 2796 3314 2854; x_wconf 84' lang='lat' dir='ltr'><strong>puta,</strong></span> <span class='ocrx_word' id='word_1_459' title='bbox 3354 2801 3476 2841; x_wconf 91' lang='lat' dir='ltr'><strong>eum</strong></span> <span class='ocrx_word' id='word_1_460' title='bbox 3518 2789 3660 2846; x_wconf 56' lang='lat' dir='ltr'><strong>dici»</strong></span> 
     </span>
    </p>
   </div>
   <div class='ocr_carea' id='block_1_60' title="bbox 2078 2878 3658 2938">
    <p class='ocr_par' dir='ltr' id='par_1_60' title="bbox 2078 2878 3658 2938">
     <span class='ocr_line' id='line_1_60' title="bbox 2078 2878 3658 2938; baseline 0.004 -6"><span class='ocrx_word' id='word_1_461' title='bbox 2078 2879 2265 2934; x_wconf 71' lang='lat' dir='ltr'><strong>tur”:</strong></span> <span class='ocrx_word' id='word_1_462' title='bbox 2301 2897 2320 2931; x_wconf 74' lang='grc' dir='ltr'><strong>ι</strong></span> <span class='ocrx_word' id='word_1_463' title='bbox 2361 2878 2475 2932; x_wconf 84' lang='lat' dir='ltr'><strong>Non</strong></span> <span class='ocrx_word' id='word_1_464' title='bbox 2537 2879 2816 2933; x_wconf 88' lang='lat' dir='ltr'><strong>advertam</strong></span> <span class='ocrx_word' id='word_1_465' title='bbox 2871 2880 2938 2933; x_wconf 89' lang='lat' dir='ltr'><strong>ad</strong></span> <span class='ocrx_word' id='word_1_466' title='bbox 2990 2879 3127 2934; x_wconf 87' lang='lat' dir='ltr'><strong>filias</strong></span> <span class='ocrx_word' id='word_1_467' title='bbox 3180 2890 3385 2936; x_wconf 83' lang='lat' dir='ltr'><strong>vestras</strong></span> <span class='ocrx_word' id='word_1_468' title='bbox 3438 2897 3558 2936; x_wconf 91' lang='lat' dir='ltr'><strong>cum</strong></span> <span class='ocrx_word' id='word_1_469' title='bbox 3599 2899 3658 2938; x_wconf 87' lang='lat' dir='ltr'><strong>se</strong></span> 
     </span>
    </p>
   </div>
   <div class='ocr_carea' id='block_1_61' title="bbox 2077 2970 3657 3038">
    <p class='ocr_par' dir='ltr' id='par_1_61' title="bbox 2077 2970 3657 3038">
     <span class='ocr_line' id='line_1_61' title="bbox 2077 2970 3657 3038; baseline 0.003 -17"><span class='ocrx_word' id='word_1_470' title='bbox 2077 2971 2427 3035; x_wconf 89' lang='lat' dir='ltr'><strong>prostituent,</strong></span> <span class='ocrx_word' id='word_1_471' title='bbox 2482 2977 2536 3023; x_wconf 87' lang='lat' dir='ltr'><strong>et</strong></span> <span class='ocrx_word' id='word_1_472' title='bbox 2587 2970 2652 3022; x_wconf 88' lang='lat' dir='ltr'><strong>ad</strong></span> <span class='ocrx_word' id='word_1_473' title='bbox 2699 2970 2962 3038; x_wconf 80' lang='lat' dir='ltr'><strong>conjuges</strong></span> <span class='ocrx_word' id='word_1_474' title='bbox 3002 2981 3211 3024; x_wconf 79' lang='lat' dir='ltr'><strong>vestras</strong></span> <span class='ocrx_word' id='word_1_475' title='bbox 3237 2986 3359 3024; x_wconf 89' lang='lat' dir='ltr'><strong>cum</strong></span> <span class='ocrx_word' id='word_1_476' title='bbox 3387 2972 3657 3028; x_wconf 84' lang='lat' dir='ltr'><strong>adultera-</strong></span> 
     </span>
    </p>
   </div>
   <div class='ocr_carea' id='block_1_62' title="bbox 2077 3060 3659 3131">
    <p class='ocr_par' dir='ltr' id='par_1_62' title="bbox 2077 3060 3659 3131">
     <span class='ocr_line' id='line_1_62' title="bbox 2077 3060 3659 3131; baseline 0.004 -19"><span class='ocrx_word' id='word_1_477' title='bbox 2077 3061 2302 3114; x_wconf 87' lang='lat' dir='ltr'><strong>buntur.</strong></span> <span class='ocrx_word' id='word_1_478' title='bbox 2338 3079 2358 3112; x_wconf 73' lang='grc' dir='ltr'><strong>ι</strong></span> <span class='ocrx_word' id='word_1_479' title='bbox 2399 3060 2673 3116; x_wconf 86' lang='lat' dir='ltr'><strong>Fortassis</strong></span> <span class='ocrx_word' id='word_1_480' title='bbox 2700 3063 2844 3114; x_wconf 89' lang='lat' dir='ltr'><strong>enim</strong></span> <span class='ocrx_word' id='word_1_481' title='bbox 2871 3062 3084 3115; x_wconf 89' lang='lat' dir='ltr'><strong>animas</strong></span> <span class='ocrx_word' id='word_1_482' title='bbox 3122 3076 3240 3130; x_wconf 85' lang='lat' dir='ltr'><strong>quae</strong></span> <span class='ocrx_word' id='word_1_483' title='bbox 3267 3076 3552 3131; x_wconf 90' lang='lat' dir='ltr'><strong>corporea,</strong></span> <span class='ocrx_word' id='word_1_484' title='bbox 3605 3077 3659 3119; x_wconf 81' lang='lat' dir='ltr'><strong>et</strong></span> 
     </span>
    </p>
   </div>
   <div class='ocr_carea' id='block_1_63' title="bbox 2079 3151 3661 3221">
    <p class='ocr_par' dir='ltr' id='par_1_63' title="bbox 2079 3151 3661 3221">
     <span class='ocr_line' id='line_1_63' title="bbox 2079 3151 3661 3221; baseline 0.006 -21"><span class='ocrx_word' id='word_1_485' title='bbox 2079 3164 2200 3217; x_wconf 65' lang='lat' dir='ltr'><strong>qua:</strong></span> <span class='ocrx_word' id='word_1_486' title='bbox 2229 3151 2466 3220; x_wconf 86' lang='lat' dir='ltr'><strong>jucunda</strong></span> <span class='ocrx_word' id='word_1_487' title='bbox 2497 3167 2619 3206; x_wconf 88' lang='lat' dir='ltr'><strong>esse</strong></span> <span class='ocrx_word' id='word_1_488' title='bbox 2649 3160 2932 3221; x_wconf 88' lang='lat' dir='ltr'><strong>putantur.</strong></span> <span class='ocrx_word' id='word_1_489' title='bbox 2975 3151 3199 3204; x_wconf 88' lang='lat' dir='ltr'><strong>multttm</strong></span> <span class='ocrx_word' id='word_1_490' title='bbox 3254 3162 3542 3221; x_wconf 75' lang='lat' dir='ltr'><strong>expetunt,</strong></span> <span class='ocrx_word' id='word_1_491' title='bbox 3575 3171 3661 3209; x_wconf 90' lang='lat' dir='ltr'><strong>re-</strong></span> 
     </span>
    </p>
   </div>
   <div class='ocr_carea' id='block_1_64' title="bbox 394 3228 1972 3315">
    <p class='ocr_par' dir='ltr' id='par_1_64' title="bbox 394 3239 1972 3315">
     <span class='ocr_line' id='line_1_64' title="bbox 394 3239 1972 3315; baseline 0 -20"><span class='ocrx_word' id='word_1_492' title='bbox 394 3243 632 3315; x_wconf 80' lang='grc' dir='ltr'>βράδιον·</span> <span class='ocrx_word' id='word_1_493' title='bbox 661 3241 755 3294; x_wconf 71' lang='grc' dir='ltr'><strong>καὶ</strong></span> <span class='ocrx_word' id='word_1_494' title='bbox 786 3241 923 3312; x_wconf 77' lang='grc' dir='ltr'>μετὰ</span> <span class='ocrx_word' id='word_1_495' title='bbox 962 3240 1022 3293; x_wconf 75' lang='grc' dir='ltr'>τὸ</span> <span class='ocrx_word' id='word_1_496' title='bbox 1058 3239 1439 3312; x_wconf 74' lang='grc' dir='ltr'>ἐμφορηθῆναι</span> <span class='ocrx_word' id='word_1_497' title='bbox 1477 3240 1577 3308; x_wconf 84' lang='grc' dir='ltr'><strong>τῆς</strong></span> <span class='ocrx_word' id='word_1_498' title='bbox 1599 3241 1896 3312; x_wconf 88' lang='grc' dir='ltr'>ἁμαρτίας,</span> <span class='ocrx_word' id='word_1_499' title='bbox 1943 3243 1972 3313; x_wconf 84' lang='grc' dir='ltr'>ἢ</span> 
     </span>
    </p>
   </div>
   <div class='ocr_carea' id='block_1_65' title="bbox 2076 3228 3661 3315">
    <p class='ocr_par' dir='ltr' id='par_1_65' title="bbox 2087 3238 3661 3313">
     <span class='ocr_line' id='line_1_65' title="bbox 2087 3238 3661 3313; baseline 0.005 -21"><span class='ocrx_word' id='word_1_500' title='bbox 2087 3238 2306 3308; x_wconf 88' lang='lat' dir='ltr'><strong>linquit,</strong></span> <span class='ocrx_word' id='word_1_501' title='bbox 2345 3242 2515 3296; x_wconf 88' lang='lat' dir='ltr'><strong>donec</strong></span> <span class='ocrx_word' id='word_1_502' title='bbox 2541 3243 2815 3308; x_wconf 85' lang='lat' dir='ltr'><strong>satietate,</strong></span> <span class='ocrx_word' id='word_1_503' title='bbox 2844 3257 2966 3311; x_wconf 66' lang='lat' dir='ltr'><strong>quae</strong></span> <span class='ocrx_word' id='word_1_504' title='bbox 3005 3241 3238 3296; x_wconf 81' lang='lat' dir='ltr'><strong>maxime</strong></span> <span class='ocrx_word' id='word_1_505' title='bbox 3263 3253 3540 3313; x_wconf 88' lang='lat' dir='ltr'><strong>appetunt,</strong></span> <span class='ocrx_word' id='word_1_506' title='bbox 3565 3246 3661 3300; x_wconf 86' lang='lat' dir='ltr'><strong>ab-</strong></span> 
     </span>
    </p>
   </div>
   <div class='ocr_carea' id='block_1_66' title="bbox 395 3330 1978 3404">
    <p class='ocr_par' dir='ltr' id='par_1_66' title="bbox 395 3330 1978 3404">
     <span class='ocr_line' id='line_1_66' title="bbox 395 3330 1978 3404; baseline 0.001 -19"><span class='ocrx_word' id='word_1_507' title='bbox 395 3332 536 3404; x_wconf 79' lang='grc' dir='ltr'>μετὰ</span> <span class='ocrx_word' id='word_1_508' title='bbox 571 3332 651 3396; x_wconf 81' lang='grc' dir='ltr'><strong>τὺ,</strong></span> <span class='ocrx_word' id='word_1_509' title='bbox 679 3332 866 3403; x_wconf 84' lang='grc' dir='ltr'>ὥσπερ</span> <span class='ocrx_word' id='word_1_510' title='bbox 897 3335 1094 3395; x_wconf 75' lang='grc' dir='ltr'>εἰπεῖν,</span> <span class='ocrx_word' id='word_1_511' title='bbox 1133 3331 1292 3402; x_wconf 85' lang='grc' dir='ltr'>μόνον</span> <span class='ocrx_word' id='word_1_512' title='bbox 1324 3330 1564 3401; x_wconf 73' lang='grc' dir='ltr'>ἅψασθαι</span> <span class='ocrx_word' id='word_1_513' title='bbox 1595 3333 1786 3400; x_wconf 83' lang='grc' dir='ltr'>αὐτῆς.</span> <span class='ocrx_word' id='word_1_514' title='bbox 1823 3335 1978 3404; x_wconf 85' lang='grc' dir='ltr'>Μαρ-</span> 
     </span>
    </p>
   </div>
   <div class='ocr_carea' id='block_1_67' title="bbox 391 3422 1976 3496">
    <p class='ocr_par' dir='ltr' id='par_1_67' title="bbox 391 3422 1976 3496">
     <span class='ocr_line' id='line_1_67' title="bbox 391 3422 1976 3496; baseline 0.001 -18"><span class='ocrx_word' id='word_1_515' title='bbox 391 3441 455 3478; x_wconf 87' lang='grc' dir='ltr'><strong>τυ</strong></span> <span class='ocrx_word' id='word_1_516' title='bbox 464 3426 591 3496; x_wconf 88' lang='grc' dir='ltr'>ριῶν</span> <span class='ocrx_word' id='word_1_517' title='bbox 605 3425 660 3478; x_wconf 89' lang='grc' dir='ltr'><strong>δέ</strong></span> <span class='ocrx_word' id='word_1_518' title='bbox 680 3425 786 3478; x_wconf 79' lang='grc' dir='ltr'>τῶν</span> <span class='ocrx_word' id='word_1_519' title='bbox 813 3426 891 3487; x_wconf 86' lang='grc' dir='ltr'><strong>είς</strong></span> <span class='ocrx_word' id='word_1_520' title='bbox 914 3424 1144 3480; x_wconf 77' lang='grc' dir='ltr'>ἕκαστον</span> <span class='ocrx_word' id='word_1_521' title='bbox 1167 3422 1381 3495; x_wconf 88' lang='grc' dir='ltr'>πλήρης</span> <span class='ocrx_word' id='word_1_522' title='bbox 1407 3424 1598 3494; x_wconf 80' lang='grc' dir='ltr'>πᾶσαὴ</span> <span class='ocrx_word' id='word_1_523' title='bbox 1624 3423 1976 3489; x_wconf 84' lang='grc' dir='ltr'>θεόπνευστος</span> 
     </span>
    </p>
   </div>
   <div class='ocr_carea' id='block_1_68' title="bbox 391 3516 1971 3592">
    <p class='ocr_par' dir='ltr' id='par_1_68' title="bbox 391 3516 1971 3592">
     <span class='ocr_line' id='line_1_68' title="bbox 391 3516 1971 3592; baseline -0.001 -20"><span class='ocrx_word' id='word_1_524' title='bbox 391 3519 603 3592; x_wconf 85' lang='grc' dir='ltr'>Γραφὴ,</span> <span class='ocrx_word' id='word_1_525' title='bbox 662 3518 1128 3590; x_wconf 79' lang='grc' dir='ltr'>σκυθρωποτέρων</span> <span class='ocrx_word' id='word_1_526' title='bbox 1187 3516 1546 3588; x_wconf 87' lang='grc' dir='ltr'>βοηθημάτων</span> <span class='ocrx_word' id='word_1_527' title='bbox 1581 3517 1673 3570; x_wconf 68' lang='grc' dir='ltr'><strong>ἐπὶ</strong></span> <span class='ocrx_word' id='word_1_528' title='bbox 1715 3517 1897 3570; x_wconf 84' lang='grc' dir='ltr'>πλεῖον</span> <span class='ocrx_word' id='word_1_529' title='bbox 1939 3519 1971 3589; x_wconf 85' lang='grc' dir='ltr'>ἢ</span> 
     </span>
    </p>
   </div>
   <div class='ocr_carea' id='block_1_69' title="bbox 387 3606 1977 3679">
    <p class='ocr_par' dir='ltr' id='par_1_69' title="bbox 387 3606 1977 3679">
     <span class='ocr_line' id='line_1_69' title="bbox 387 3606 1977 3679; baseline -0.002 -16"><span class='ocrx_word' id='word_1_530' title='bbox 387 3610 604 3664; x_wconf 76' lang='grc' dir='ltr'>ἔλαττον</span> <span class='ocrx_word' id='word_1_531' title='bbox 625 3607 1130 3679; x_wconf 84' lang='grc' dir='ltr'>ἀναγεγραμμένων</span> <span class='ocrx_word' id='word_1_532' title='bbox 1150 3606 1433 3676; x_wconf 87' lang='grc' dir='ltr'>γεγονέναι</span> <span class='ocrx_word' id='word_1_533' title='bbox 1455 3606 1532 3677; x_wconf 80' lang='grc' dir='ltr'>τῷ</span> <span class='ocrx_word' id='word_1_534' title='bbox 1565 3606 1697 3678; x_wconf 82' lang='grc' dir='ltr'>λαῷ,</span> <span class='ocrx_word' id='word_1_535' title='bbox 1721 3607 1814 3661; x_wconf 81' lang='grc' dir='ltr'><strong>καὶ</strong></span> <span class='ocrx_word' id='word_1_536' title='bbox 1845 3625 1977 3678; x_wconf 80' lang='grc' dir='ltr'>συμ-</span> 
     </span>
    </p>
   </div>
   <div class='ocr_carea' id='block_1_70' title="bbox 388 3699 1965 3772">
    <p class='ocr_par' dir='ltr' id='par_1_70' title="bbox 388 3699 1965 3772">
     <span class='ocr_line' id='line_1_70' title="bbox 388 3699 1965 3772; baseline -0.001 -18"><span class='ocrx_word' id='word_1_537' title='bbox 388 3701 680 3772; x_wconf 76' lang='grc' dir='ltr'>ϐεϐηκέναι</span> <span class='ocrx_word' id='word_1_538' title='bbox 718 3699 866 3769; x_wconf 86' lang='grc' dir='ltr'>αὐτῷ</span> <span class='ocrx_word' id='word_1_539' title='bbox 914 3699 1055 3769; x_wconf 83' lang='grc' dir='ltr'>ὑπὲρ</span> <span class='ocrx_word' id='word_1_540' title='bbox 1093 3699 1432 3770; x_wconf 80' lang='grc' dir='ltr'>ἐπιστροφῆς</span> <span class='ocrx_word' id='word_1_541' title='bbox 1474 3700 1566 3752; x_wconf 75' lang='grc' dir='ltr'><strong>καὶ</strong></span> <span class='ocrx_word' id='word_1_542' title='bbox 1610 3699 1965 3770; x_wconf 77' lang='grc' dir='ltr'>διορθώσεωςο</span> 
     </span>
    </p>
   </div>
   <div class='ocr_carea' id='block_1_71' title="bbox 386 3789 1970 3861">
    <p class='ocr_par' dir='ltr' id='par_1_71' title="bbox 386 3789 1970 3861">
     <span class='ocr_line' id='line_1_71' title="bbox 386 3789 1970 3861; baseline -0.003 -15"><span class='ocrx_word' id='word_1_543' title='bbox 386 3794 444 3848; x_wconf 86' lang='grc' dir='ltr'><strong>ἐν</strong></span> <span class='ocrx_word' id='word_1_544' title='bbox 477 3791 732 3861; x_wconf 83' lang='grc' dir='ltr'>πολέμοις</span> <span class='ocrx_word' id='word_1_545' title='bbox 769 3789 1055 3860; x_wconf 79' lang='grc' dir='ltr'>μείζοσινῆ</span> <span class='ocrx_word' id='word_1_546' title='bbox 1079 3790 1344 3855; x_wconf 81' lang='grc' dir='ltr'>ἐλάττοσι,</span> <span class='ocrx_word' id='word_1_547' title='bbox 1379 3789 1475 3843; x_wconf 69' lang='grc' dir='ltr'>καὶ</span> <span class='ocrx_word' id='word_1_548' title='bbox 1511 3789 1687 3860; x_wconf 81' lang='grc' dir='ltr'>λιμοῖς</span> <span class='ocrx_word' id='word_1_549' title='bbox 1709 3789 1970 3861; x_wconf 84' lang='grc' dir='ltr'>πολυχρο-</span> 
     </span>
    </p>
   </div>
   <div class='ocr_carea' id='block_1_72' title="bbox 385 3881 1972 3954">
    <p class='ocr_par' dir='ltr' id='par_1_72' title="bbox 385 3881 1972 3954">
     <span class='ocr_line' id='line_1_72' title="bbox 385 3881 1972 3954; baseline -0.001 -18"><span class='ocrx_word' id='word_1_550' title='bbox 385 3881 684 3954; x_wconf 85' lang='grc' dir='ltr'>νιωτέροις,</span> <span class='ocrx_word' id='word_1_551' title='bbox 722 3882 754 3952; x_wconf 85' lang='grc' dir='ltr'>ἢ</span> <span class='ocrx_word' id='word_1_552' title='bbox 789 3881 1338 3953; x_wconf 79' lang='grc' dir='ltr'>ὀλιγοχρονιωτέροις.</span> <span class='ocrx_word' id='word_1_553' title='bbox 1389 3882 1866 3952; x_wconf 81' lang='grc' dir='ltr'>Ἀπεμφαινόντως</span> <span class='ocrx_word' id='word_1_554' title='bbox 1914 3882 1972 3937; x_wconf 81' lang='grc' dir='ltr'>δὲ</span> 
     </span>
    </p>
   </div>
   <div class='ocr_carea' id='block_1_73' title="bbox 388 3973 1972 4044">
    <p class='ocr_par' dir='ltr' id='par_1_73' title="bbox 388 3973 1972 4044">
     <span class='ocr_line' id='line_1_73' title="bbox 388 3973 1972 4044; baseline 0.001 -18"><span class='ocrx_word' id='word_1_555' title='bbox 388 3975 444 4026; x_wconf 89' lang='grc' dir='ltr'><strong>ἐν</strong></span> <span class='ocrx_word' id='word_1_556' title='bbox 475 3973 568 4044; x_wconf 84' lang='grc' dir='ltr'><strong>τῷ·</strong></span> <span class='ocrx_word' id='word_1_557' title='bbox 613 3993 632 4025; x_wconf 77' lang='grc' dir='ltr'><strong>ι</strong></span> <span class='ocrx_word' id='word_1_558' title='bbox 675 3973 790 4026; x_wconf 83' lang='grc' dir='ltr'>Οὐκ</span> <span class='ocrx_word' id='word_1_559' title='bbox 832 3973 1200 4043; x_wconf 76' lang='grc' dir='ltr'>ἐπισκέψομαι</span> <span class='ocrx_word' id='word_1_560' title='bbox 1230 3975 1321 4026; x_wconf 75' lang='grc' dir='ltr'><strong>ἐπὶ</strong></span> <span class='ocrx_word' id='word_1_561' title='bbox 1355 3973 1454 4036; x_wconf 78' lang='grc' dir='ltr'>τὰς</span> <span class='ocrx_word' id='word_1_562' title='bbox 1488 3973 1790 4044; x_wconf 86' lang='grc' dir='ltr'>θυγατέρας</span> <span class='ocrx_word' id='word_1_563' title='bbox 1819 3973 1972 4044; x_wconf 83' lang='grc' dir='ltr'>ὑμῶν</span> 
     </span>
    </p>
   </div>
   <div class='ocr_carea' id='block_1_74' title="bbox 387 4063 1972 4136">
    <p class='ocr_par' dir='ltr' id='par_1_74' title="bbox 387 4063 1972 4136">
     <span class='ocr_line' id='line_1_74' title="bbox 387 4063 1972 4136; baseline 0.001 -19"><span class='ocrx_word' id='word_1_564' title='bbox 387 4065 512 4119; x_wconf 80' lang='grc' dir='ltr'>ὅταν</span> <span class='ocrx_word' id='word_1_565' title='bbox 547 4063 871 4135; x_wconf 84' lang='grc' dir='ltr'>πορνεῦωσι,</span> <span class='ocrx_word' id='word_1_566' title='bbox 905 4066 1001 4118; x_wconf 68' lang='grc' dir='ltr'><strong>καὶ</strong></span> <span class='ocrx_word' id='word_1_567' title='bbox 1026 4065 1118 4116; x_wconf 73' lang='grc' dir='ltr'><strong>ἐπὶ</strong></span> <span class='ocrx_word' id='word_1_568' title='bbox 1143 4065 1240 4127; x_wconf 84' lang='grc' dir='ltr'><strong>τὰς</strong></span> <span class='ocrx_word' id='word_1_569' title='bbox 1266 4065 1480 4134; x_wconf 79' lang='grc' dir='ltr'>νύμφας</span> <span class='ocrx_word' id='word_1_570' title='bbox 1511 4065 1663 4134; x_wconf 80' lang='grc' dir='ltr'>ὑμῶν</span> <span class='ocrx_word' id='word_1_571' title='bbox 1689 4065 1815 4118; x_wconf 85' lang='grc' dir='ltr'>ὅταν</span> <span class='ocrx_word' id='word_1_572' title='bbox 1853 4083 1972 4136; x_wconf 90' lang='grc' dir='ltr'>μοι-</span> 
     </span>
    </p>
   </div>
   <div class='ocr_carea' id='block_1_75' title="bbox 386 4155 1976 4227">
    <p class='ocr_par' dir='ltr' id='par_1_75' title="bbox 386 4155 1976 4227">
     <span class='ocr_line' id='line_1_75' title="bbox 386 4155 1976 4227; baseline -0.001 -18"><span class='ocrx_word' id='word_1_573' title='bbox 386 4156 607 4226; x_wconf 80' lang='grc' dir='ltr'>χεύωσι.</span> <span class='ocrx_word' id='word_1_574' title='bbox 651 4175 670 4209; x_wconf 68' lang='grc' dir='ltr'><strong>ι</strong></span> <span class='ocrx_word' id='word_1_575' title='bbox 715 4156 867 4226; x_wconf 68' lang='grc' dir='ltr'>Τάχα</span> <span class='ocrx_word' id='word_1_576' title='bbox 900 4156 1008 4226; x_wconf 80' lang='grc' dir='ltr'><strong>γὰρ</strong></span> <span class='ocrx_word' id='word_1_577' title='bbox 1040 4156 1131 4207; x_wconf 83' lang='grc' dir='ltr'><strong>ἐπὶ</strong></span> <span class='ocrx_word' id='word_1_578' title='bbox 1172 4155 1355 4210; x_wconf 90' lang='grc' dir='ltr'>πλεῖον</span> <span class='ocrx_word' id='word_1_579' title='bbox 1387 4157 1691 4226; x_wconf 77' lang='grc' dir='ltr'>ἀφιεμένας</span> <span class='ocrx_word' id='word_1_580' title='bbox 1724 4157 1836 4227; x_wconf 55' lang='lat' dir='ltr'><strong>(ei)</strong></span> <span class='ocrx_word' id='word_1_581' title='bbox 1873 4156 1976 4225; x_wconf 77' lang='grc' dir='ltr'><strong>ψυ-</strong></span> 
     </span>
    </p>
   </div>
   <div class='ocr_carea' id='block_1_76' title="bbox 388 4239 1974 4317">
    <p class='ocr_par' dir='ltr' id='par_1_76' title="bbox 388 4239 1974 4317">
     <span class='ocr_line' id='line_1_76' title="bbox 388 4239 1974 4317; baseline -0.003 -18"><span class='ocrx_word' id='word_1_582' title='bbox 388 4247 486 4316; x_wconf 73' lang='grc' dir='ltr'>χάς</span> <span class='ocrx_word' id='word_1_583' title='bbox 537 4245 648 4299; x_wconf 85' lang='grc' dir='ltr'><strong>τῶν</strong></span> <span class='ocrx_word' id='word_1_584' title='bbox 691 4245 1022 4317; x_wconf 85' lang='grc' dir='ltr'>σωματικῶν</span> <span class='ocrx_word' id='word_1_585' title='bbox 1077 4245 1171 4298; x_wconf 76' lang='grc' dir='ltr'><strong>καὶ</strong></span> <span class='ocrx_word' id='word_1_586' title='bbox 1218 4244 1389 4314; x_wconf 81' lang='grc' dir='ltr'>ἡδέων</span> <span class='ocrx_word' id='word_1_587' title='bbox 1441 4239 1576 4296; x_wconf 85' lang='grc' dir='ltr'>εἶναι</span> <span class='ocrx_word' id='word_1_588' title='bbox 1603 4242 1974 4314; x_wconf 82' lang='grc' dir='ltr'>νομιζομένων</span> 
     </span>
    </p>
   </div>
   <div class='ocr_carea' id='block_1_77' title="bbox 389 4329 1974 4409">
    <p class='ocr_par' dir='ltr' id='par_1_77' title="bbox 389 4329 1974 4409">
     <span class='ocr_line' id='line_1_77' title="bbox 389 4329 1974 4409; baseline -0.003 -18"><span class='ocrx_word' id='word_1_589' title='bbox 389 4341 516 4409; x_wconf 51' lang='grc' dir='ltr'>παρτ</span> <span class='ocrx_word' id='word_1_590' title='bbox 541 4339 754 4401; x_wconf 90' lang='grc' dir='ltr'>ἐαυτοῖς</span> <span class='ocrx_word' id='word_1_591' title='bbox 783 4329 1184 4404; x_wconf 79' lang='grc' dir='ltr'>ἐγκαταλείπει·</span> <span class='ocrx_word' id='word_1_592' title='bbox 1209 4335 1314 4398; x_wconf 75' lang='grc' dir='ltr'>ἓως</span> <span class='ocrx_word' id='word_1_593' title='bbox 1345 4334 1686 4405; x_wconf 86' lang='grc' dir='ltr'>κορεσθεῖσαι</span> <span class='ocrx_word' id='word_1_594' title='bbox 1709 4334 1974 4401; x_wconf 85' lang='grc' dir='ltr'>ἀποστρα-</span> 
     </span>
    </p>
   </div>
   <div class='ocr_carea' id='block_1_78' title="bbox 389 4423 1973 4501">
    <p class='ocr_par' dir='ltr' id='par_1_78' title="bbox 389 4423 1973 4501">
     <span class='ocr_line' id='line_1_78' title="bbox 389 4423 1973 4501; baseline -0.004 -18"><span class='ocrx_word' id='word_1_595' title='bbox 389 4430 528 4499; x_wconf 83' lang='grc' dir='ltr'><strong>φῶσι</strong></span> <span class='ocrx_word' id='word_1_596' title='bbox 550 4431 656 4484; x_wconf 83' lang='grc' dir='ltr'><strong>τῶν</strong></span> <span class='ocrx_word' id='word_1_597' title='bbox 684 4423 758 4483; x_wconf 85' lang='grc' dir='ltr'>ὧν</span> <span class='ocrx_word' id='word_1_598' title='bbox 785 4430 1090 4501; x_wconf 83' lang='grc' dir='ltr'>ὀρέγονται,</span> <span class='ocrx_word' id='word_1_599' title='bbox 1127 4429 1289 4482; x_wconf 71' lang='grc' dir='ltr'>οἱονεὶ</span> <span class='ocrx_word' id='word_1_600' title='bbox 1325 4427 1417 4480; x_wconf 73' lang='grc' dir='ltr'>καὶ</span> <span class='ocrx_word' id='word_1_601' title='bbox 1451 4426 1652 4497; x_wconf 85' lang='grc' dir='ltr'>ἐμέσαι</span> <span class='ocrx_word' id='word_1_602' title='bbox 1674 4424 1812 4479; x_wconf 81' lang='grc' dir='ltr'>αὐτὰ</span> <span class='ocrx_word' id='word_1_603' title='bbox 1849 4423 1973 4494; x_wconf 86' lang='grc' dir='ltr'>βου-</span> 
     </span>
    </p>
   </div>
   <div class='ocr_carea' id='block_1_79' title="bbox 2073 3333 3662 3402">
    <p class='ocr_par' dir='ltr' id='par_1_79' title="bbox 2073 3333 3662 3402">
     <span class='ocr_line' id='line_1_79' title="bbox 2073 3333 3662 3402; baseline 0.004 -17"><span class='ocrx_word' id='word_1_604' title='bbox 2073 3333 2326 3400; x_wconf 88' lang='lat' dir='ltr'><strong>jecerint,</strong></span> <span class='ocrx_word' id='word_1_605' title='bbox 2353 3334 2507 3402; x_wconf 90' lang='lat' dir='ltr'><strong>quasi</strong></span> <span class='ocrx_word' id='word_1_606' title='bbox 2537 3348 2598 3388; x_wconf 88' lang='lat' dir='ltr'><strong>ea</strong></span> <span class='ocrx_word' id='word_1_607' title='bbox 2640 3335 2807 3389; x_wconf 83' lang='lat' dir='ltr'><strong>velint</strong></span> <span class='ocrx_word' id='word_1_608' title='bbox 2840 3348 3114 3395; x_wconf 83' lang='lat' dir='ltr'><strong>evomere.</strong></span> <span class='ocrx_word' id='word_1_609' title='bbox 3148 3349 3246 3388; x_wconf 91' lang='lat' dir='ltr'><strong>nec</strong></span> <span class='ocrx_word' id='word_1_610' title='bbox 3283 3335 3349 3389; x_wconf 87' lang='lat' dir='ltr'><strong>ad</strong></span> <span class='ocrx_word' id='word_1_611' title='bbox 3379 3350 3464 3402; x_wconf 83' lang='lat' dir='ltr'><strong>ea,</strong></span> <span class='ocrx_word' id='word_1_612' title='bbox 3501 3337 3662 3391; x_wconf 88' lang='lat' dir='ltr'><strong>satia-</strong></span> 
     </span>
    </p>
   </div>
   <div class='ocr_carea' id='block_1_80' title="bbox 2081 3425 3655 3496">
    <p class='ocr_par' dir='ltr' id='par_1_80' title="bbox 2081 3425 3655 3496">
     <span class='ocr_line' id='line_1_80' title="bbox 2081 3425 3655 3496; baseline -0.001 -12"><span class='ocrx_word' id='word_1_613' title='bbox 2081 3439 2148 3484; x_wconf 75' lang='lat' dir='ltr'><strong>tre</strong></span> <span class='ocrx_word' id='word_1_614' title='bbox 2177 3427 2430 3481; x_wconf 89' lang='lat' dir='ltr'><strong>nimirum</strong></span> <span class='ocrx_word' id='word_1_615' title='bbox 2461 3436 2516 3480; x_wconf 90' lang='lat' dir='ltr'><strong>et</strong></span> <span class='ocrx_word' id='word_1_616' title='bbox 2564 3425 2906 3496; x_wconf 77' lang='lat' dir='ltr'><strong>gravissimis</strong></span> <span class='ocrx_word' id='word_1_617' title='bbox 2951 3427 3125 3494; x_wconf 86' lang='lat' dir='ltr'><strong>poenis</strong></span> <span class='ocrx_word' id='word_1_618' title='bbox 3156 3427 3428 3492; x_wconf 68' lang='lat' dir='ltr'><strong>exercitue,</strong></span> <span class='ocrx_word' id='word_1_619' title='bbox 3473 3431 3655 3483; x_wconf 84' lang='lat' dir='ltr'><strong>statim</strong></span> 
     </span>
    </p>
   </div>
   <div class='ocr_carea' id='block_1_81' title="bbox 2079 3517 3659 3586">
    <p class='ocr_par' dir='ltr' id='par_1_81' title="bbox 2079 3517 3659 3586">
     <span class='ocr_line' id='line_1_81' title="bbox 2079 3517 3659 3586; baseline -0.001 -12"><span class='ocrx_word' id='word_1_620' title='bbox 2079 3520 2336 3574; x_wconf 63' lang='lat' dir='ltr'><strong>rediturae</strong></span> <span class='ocrx_word' id='word_1_621' title='bbox 2359 3519 2486 3572; x_wconf 89' lang='lat' dir='ltr'><strong>sint.</strong></span> <span class='ocrx_word' id='word_1_622' title='bbox 2528 3517 2717 3573; x_wconf 90' lang='lat' dir='ltr'><strong>Serius</strong></span> <span class='ocrx_word' id='word_1_623' title='bbox 2747 3527 2926 3573; x_wconf 84' lang='lat' dir='ltr'><strong>autem</strong></span> <span class='ocrx_word' id='word_1_624' title='bbox 2957 3527 3235 3581; x_wconf 85' lang='lat' dir='ltr'><strong>curantur,</strong></span> <span class='ocrx_word' id='word_1_625' title='bbox 3266 3533 3384 3586; x_wconf 64' lang='lat' dir='ltr'><strong>quae</strong></span> <span class='ocrx_word' id='word_1_626' title='bbox 3409 3532 3659 3574; x_wconf 86' lang='lat' dir='ltr'><strong>contem-~</strong></span> 
     </span>
    </p>
   </div>
   <div class='ocr_carea' id='block_1_82' title="bbox 2077 3609 3654 3681">
    <p class='ocr_par' dir='ltr' id='par_1_82' title="bbox 2077 3609 3654 3681">
     <span class='ocr_line' id='line_1_82' title="bbox 2077 3609 3654 3681; baseline 0.001 -16"><span class='ocrx_word' id='word_1_627' title='bbox 2077 3612 2313 3681; x_wconf 88' lang='lat' dir='ltr'><strong>psissent</strong></span> <span class='ocrx_word' id='word_1_628' title='bbox 2335 3611 2387 3662; x_wconf 92' lang='lat' dir='ltr'><strong>in</strong></span> <span class='ocrx_word' id='word_1_629' title='bbox 2412 3611 2597 3664; x_wconf 87' lang='lat' dir='ltr'><strong>eadem</strong></span> <span class='ocrx_word' id='word_1_630' title='bbox 2629 3611 2824 3664; x_wconf 88' lang='lat' dir='ltr'><strong>iterum</strong></span> <span class='ocrx_word' id='word_1_631' title='bbox 2846 3610 3112 3677; x_wconf 88' lang='lat' dir='ltr'><strong>recidere,</strong></span> <span class='ocrx_word' id='word_1_632' title='bbox 3136 3609 3282 3680; x_wconf 89' lang='lat' dir='ltr'><strong>quod</strong></span> <span class='ocrx_word' id='word_1_633' title='bbox 3314 3610 3469 3666; x_wconf 87' lang='lat' dir='ltr'><strong>malis</strong></span> <span class='ocrx_word' id='word_1_634' title='bbox 3496 3611 3654 3666; x_wconf 87' lang='lat' dir='ltr'><strong>abso-</strong></span> 
     </span>
    </p>
   </div>
   <div class='ocr_carea' id='block_1_83' title="bbox 2079 3701 3656 3772">
    <p class='ocr_par' dir='ltr' id='par_1_83' title="bbox 2079 3701 3656 3772">
     <span class='ocr_line' id='line_1_83' title="bbox 2079 3701 3656 3772; baseline 0 -16"><span class='ocrx_word' id='word_1_635' title='bbox 2079 3703 2206 3758; x_wconf 71' lang='lat' dir='ltr'><strong>luta:</strong></span> <span class='ocrx_word' id='word_1_636' title='bbox 2229 3703 2414 3759; x_wconf 86' lang='lat' dir='ltr'><strong>statim</strong></span> <span class='ocrx_word' id='word_1_637' title='bbox 2467 3702 2712 3758; x_wconf 81' lang='lat' dir='ltr'><strong>fuissent.</strong></span> <span class='ocrx_word' id='word_1_638' title='bbox 2746 3701 2904 3758; x_wconf 87' lang='lat' dir='ltr'><strong>Novit</strong></span> <span class='ocrx_word' id='word_1_639' title='bbox 2932 3711 3111 3758; x_wconf 88' lang='lat' dir='ltr'><strong>autem</strong></span> <span class='ocrx_word' id='word_1_640' title='bbox 3139 3701 3320 3772; x_wconf 79' lang='lat' dir='ltr'><strong>opifex</strong></span> <span class='ocrx_word' id='word_1_641' title='bbox 3366 3703 3506 3758; x_wconf 91' lang='lat' dir='ltr'><strong>Deus</strong></span> <span class='ocrx_word' id='word_1_642' title='bbox 3541 3706 3656 3758; x_wconf 88' lang='lat' dir='ltr'><strong>sin-</strong></span> 
     </span>
    </p>
   </div>
   <div class='ocr_carea' id='block_1_84' title="bbox 2079 3794 3656 3866">
    <p class='ocr_par' dir='ltr' id='par_1_84' title="bbox 2079 3794 3656 3866">
     <span class='ocr_line' id='line_1_84' title="bbox 2079 3794 3656 3866; baseline 0.001 -16"><span class='ocrx_word' id='word_1_643' title='bbox 2079 3795 2326 3866; x_wconf 77' lang='lat' dir='ltr'><strong>gularum</strong></span> <span class='ocrx_word' id='word_1_644' title='bbox 2350 3795 2683 3859; x_wconf 73' lang='lat' dir='ltr'><strong>affectiones,</strong></span> <span class='ocrx_word' id='word_1_645' title='bbox 2714 3805 2846 3850; x_wconf 89' lang='lat' dir='ltr'><strong>etut</strong></span> <span class='ocrx_word' id='word_1_646' title='bbox 2871 3796 2920 3850; x_wconf 90' lang='lat' dir='ltr'><strong>ei</strong></span> <span class='ocrx_word' id='word_1_647' title='bbox 2946 3796 3221 3860; x_wconf 85' lang='lat' dir='ltr'><strong>convenit,</strong></span> <span class='ocrx_word' id='word_1_648' title='bbox 3248 3794 3394 3851; x_wconf 89' lang='lat' dir='ltr'><strong>solus</strong></span> <span class='ocrx_word' id='word_1_649' title='bbox 3415 3795 3656 3851; x_wconf 81' lang='lat' dir='ltr'><strong>scienter</strong></span> 
     </span>
    </p>
   </div>
   <div class='ocr_carea' id='block_1_85' title="bbox 2076 3873 3656 3959">
    <p class='ocr_par' dir='ltr' id='par_1_85' title="bbox 2076 3873 3656 3959">
     <span class='ocr_line' id='line_1_85' title="bbox 2076 3873 3656 3959; baseline 0.001 -17"><span class='ocrx_word' id='word_1_650' title='bbox 2076 3903 2141 3943; x_wconf 88' lang='lat' dir='ltr'><strong>ac</strong></span> <span class='ocrx_word' id='word_1_651' title='bbox 2163 3889 2337 3959; x_wconf 87' lang='lat' dir='ltr'><strong>perite</strong></span> <span class='ocrx_word' id='word_1_652' title='bbox 2363 3889 2689 3943; x_wconf 88' lang='lat' dir='ltr'><strong>medicinam</strong></span> <span class='ocrx_word' id='word_1_653' title='bbox 2731 3889 2913 3943; x_wconf 87' lang='lat' dir='ltr'><strong>facere</strong></span> <span class='ocrx_word' id='word_1_654' title='bbox 2943 3899 3140 3957; x_wconf 86' lang='lat' dir='ltr'><strong>potest,</strong></span> <span class='ocrx_word' id='word_1_655' title='bbox 3182 3897 3235 3942; x_wconf 92' lang='lat' dir='ltr'><strong>et</strong></span> <span class='ocrx_word' id='word_1_656' title='bbox 3269 3888 3414 3958; x_wconf 91' lang='lat' dir='ltr'><strong>quod</strong></span> <span class='ocrx_word' id='word_1_657' title='bbox 3449 3873 3656 3956; x_wconf 82' lang='lat' dir='ltr'><strong>cuique</strong></span> 
     </span>
    </p>
   </div>
   <div class='ocr_carea' id='block_1_86' title="bbox 2076 3980 3655 4051">
    <p class='ocr_par' dir='ltr' id='par_1_86' title="bbox 2076 3980 3655 4051">
     <span class='ocr_line' id='line_1_86' title="bbox 2076 3980 3655 4051; baseline 0 -17"><span class='ocrx_word' id='word_1_658' title='bbox 2076 3981 2351 4051; x_wconf 79' lang='lat' dir='ltr'><strong>congruit,</strong></span> <span class='ocrx_word' id='word_1_659' title='bbox 2377 3989 2432 4035; x_wconf 89' lang='lat' dir='ltr'><strong>et</strong></span> <span class='ocrx_word' id='word_1_660' title='bbox 2461 3983 2699 4051; x_wconf 83' lang='lat' dir='ltr'><strong>quando,</strong></span> <span class='ocrx_word' id='word_1_661' title='bbox 2722 3980 3000 4034; x_wconf 87' lang='lat' dir='ltr'><strong>adbibere.</strong></span> <span class='ocrx_word' id='word_1_662' title='bbox 3031 3982 3206 4049; x_wconf 85' lang='lat' dir='ltr'><strong>Atque</strong></span> <span class='ocrx_word' id='word_1_663' title='bbox 3236 3989 3291 4033; x_wconf 90' lang='lat' dir='ltr'><strong>ut</strong></span> <span class='ocrx_word' id='word_1_664' title='bbox 3329 3983 3380 4035; x_wconf 94' lang='lat' dir='ltr'><strong>in</strong></span> <span class='ocrx_word' id='word_1_665' title='bbox 3427 3981 3655 4050; x_wconf 89' lang='lat' dir='ltr'><strong>quibus-</strong></span> 
     </span>
    </p>
   </div>
   <div class='ocr_carea' id='block_1_87' title="bbox 2077 4070 3652 4140">
    <p class='ocr_par' dir='ltr' id='par_1_87' title="bbox 2077 4070 3652 4140">
     <span class='ocr_line' id='line_1_87' title="bbox 2077 4070 3652 4140; baseline -0.003 -13"><span class='ocrx_word' id='word_1_666' title='bbox 2077 4073 2198 4127; x_wconf 88' lang='lat' dir='ltr'><strong>dam</strong></span> <span class='ocrx_word' id='word_1_667' title='bbox 2236 4072 2476 4140; x_wconf 90' lang='lat' dir='ltr'><strong>corporis</strong></span> <span class='ocrx_word' id='word_1_668' title='bbox 2528 4071 2750 4136; x_wconf 86' lang='lat' dir='ltr'><strong>morbis,</strong></span> <span class='ocrx_word' id='word_1_669' title='bbox 2800 4071 2842 4125; x_wconf 91' lang='lat' dir='ltr'><strong>si</strong></span> <span class='ocrx_word' id='word_1_670' title='bbox 2907 4070 3105 4123; x_wconf 86' lang='lat' dir='ltr'><strong>malum</strong></span> <span class='ocrx_word' id='word_1_671' title='bbox 3141 4071 3206 4125; x_wconf 87' lang='lat' dir='ltr'><strong>ad</strong></span> <span class='ocrx_word' id='word_1_672' title='bbox 3241 4070 3450 4136; x_wconf 90' lang='lat' dir='ltr'><strong>intima,</strong></span> <span class='ocrx_word' id='word_1_673' title='bbox 3492 4080 3551 4125; x_wconf 90' lang='lat' dir='ltr'><strong>ut</strong></span> <span class='ocrx_word' id='word_1_674' title='bbox 3581 4071 3652 4125; x_wconf 88' lang='lat' dir='ltr'><strong>ita</strong></span> 
     </span>
    </p>
   </div>
   <div class='ocr_carea' id='block_1_88' title="bbox 2077 4159 3651 4230">
    <p class='ocr_par' dir='ltr' id='par_1_88' title="bbox 2077 4159 3651 4230">
     <span class='ocr_line' id='line_1_88' title="bbox 2077 4159 3651 4230; baseline 0.001 -17"><span class='ocrx_word' id='word_1_675' title='bbox 2077 4162 2280 4226; x_wconf 87' lang='lat' dir='ltr'><strong>dicam,</strong></span> <span class='ocrx_word' id='word_1_676' title='bbox 2309 4161 2702 4230; x_wconf 88' lang='lat' dir='ltr'><strong>penetraverit,</strong></span> <span class='ocrx_word' id='word_1_677' title='bbox 2746 4161 3162 4214; x_wconf 86' lang='lat' dir='ltr'><strong>medicamentis</strong></span> <span class='ocrx_word' id='word_1_678' title='bbox 3203 4159 3526 4227; x_wconf 85' lang='lat' dir='ltr'><strong>quibusdam</strong></span> <span class='ocrx_word' id='word_1_679' title='bbox 3586 4161 3651 4214; x_wconf 90' lang='lat' dir='ltr'><strong>ad</strong></span> 
     </span>
    </p>
   </div>
   <div class='ocr_carea' id='block_1_89' title="bbox 2077 4250 3648 4320">
    <p class='ocr_par' dir='ltr' id='par_1_89' title="bbox 2077 4250 3648 4320">
     <span class='ocr_line' id='line_1_89' title="bbox 2077 4250 3648 4320; baseline -0.002 -15"><span class='ocrx_word' id='word_1_680' title='bbox 2077 4255 2333 4305; x_wconf 80' lang='lat' dir='ltr'><strong>cxtimam</strong></span> <span class='ocrx_word' id='word_1_681' title='bbox 2396 4251 2736 4320; x_wconf 80' lang='lat' dir='ltr'><strong>superficiem</strong></span> <span class='ocrx_word' id='word_1_682' title='bbox 2789 4251 3078 4303; x_wconf 87' lang='lat' dir='ltr'><strong>materiam</strong></span> <span class='ocrx_word' id='word_1_683' title='bbox 3133 4250 3360 4302; x_wconf 84' lang='lat' dir='ltr'><strong>attrahit</strong></span> <span class='ocrx_word' id='word_1_684' title='bbox 3390 4250 3648 4317; x_wconf 87' lang='lat' dir='ltr'><strong>medicus,</strong></span> 
     </span>
    </p>
   </div>
   <div class='ocr_carea' id='block_1_90' title="bbox 2078 4340 3654 4420">
    <p class='ocr_par' dir='ltr' id='par_1_90' title="bbox 2078 4340 3654 4420">
     <span class='ocr_line' id='line_1_90' title="bbox 2078 4340 3654 4420; baseline -0.003 -23"><span class='ocrx_word' id='word_1_685' title='bbox 2078 4342 2489 4397; x_wconf 88' lang='lat' dir='ltr'><strong>molestissimas</strong></span> <span class='ocrx_word' id='word_1_686' title='bbox 2550 4341 3022 4420; x_wconf 77' lang='lat' dir='ltr'><strong>inflammationes,</strong></span> <span class='ocrx_word' id='word_1_687' title='bbox 3091 4349 3333 4394; x_wconf 88' lang='lat' dir='ltr'><strong>tumores</strong></span> <span class='ocrx_word' id='word_1_688' title='bbox 3395 4349 3452 4394; x_wconf 86' lang='lat' dir='ltr'><strong>et</strong></span> <span class='ocrx_word' id='word_1_689' title='bbox 3507 4340 3654 4393; x_wconf 88' lang='lat' dir='ltr'><strong>dolo-</strong></span> 
     </span>
    </p>
   </div>
   <div class='ocr_carea' id='block_1_91' title="bbox 2077 4431 3654 4504">
    <p class='ocr_par' dir='ltr' id='par_1_91' title="bbox 2077 4431 3654 4504">
     <span class='ocr_line' id='line_1_91' title="bbox 2077 4431 3654 4504; baseline -0.003 -16"><span class='ocrx_word' id='word_1_690' title='bbox 2077 4448 2166 4489; x_wconf 90' lang='lat' dir='ltr'><strong>res</strong></span> <span class='ocrx_word' id='word_1_691' title='bbox 2219 4435 2396 4504; x_wconf 87' lang='lat' dir='ltr'><strong>plures</strong></span> <span class='ocrx_word' id='word_1_692' title='bbox 2453 4433 2543 4498; x_wconf 88' lang='lat' dir='ltr'><strong>iis,</strong></span> <span class='ocrx_word' id='word_1_693' title='bbox 2598 4447 2734 4504; x_wconf 88' lang='lat' dir='ltr'><strong>quos</strong></span> <span class='ocrx_word' id='word_1_694' title='bbox 2794 4443 3083 4502; x_wconf 87' lang='lat' dir='ltr'><strong>antequam</strong></span> <span class='ocrx_word' id='word_1_695' title='bbox 3151 4438 3435 4485; x_wconf 82' lang='lat' dir='ltr'><strong>curaretur</strong></span> <span class='ocrx_word' id='word_1_696' title='bbox 3481 4431 3654 4486; x_wconf 86' lang='lat' dir='ltr'><strong>susti-</strong></span> 
     </span>
    </p>
   </div>
   <div class='ocr_carea' id='block_1_92' title="bbox 388 4517 1972 4618">
    <p class='ocr_par' dir='ltr' id='par_1_92' title="bbox 388 4517 1972 4593">
     <span class='ocr_line' id='line_1_92' title="bbox 388 4517 1972 4593; baseline -0.004 -17"><span class='ocrx_word' id='word_1_697' title='bbox 388 4523 634 4593; x_wconf 85' lang='grc' dir='ltr'>λόμεναι,</span> <span class='ocrx_word' id='word_1_698' title='bbox 664 4522 758 4575; x_wconf 72' lang='grc' dir='ltr'>καὶ</span> <span class='ocrx_word' id='word_1_699' title='bbox 791 4523 889 4575; x_wconf 75' lang='grc' dir='ltr'><strong>οὐκ</strong></span> <span class='ocrx_word' id='word_1_700' title='bbox 933 4521 999 4576; x_wconf 83' lang='grc' dir='ltr'>ἂν</span> <span class='ocrx_word' id='word_1_701' title='bbox 1030 4521 1112 4574; x_wconf 86' lang='grc' dir='ltr'>ἔτι</span> <span class='ocrx_word' id='word_1_702' title='bbox 1143 4520 1355 4591; x_wconf 87' lang='grc' dir='ltr'>ταχέως</span> <span class='ocrx_word' id='word_1_703' title='bbox 1394 4522 1506 4582; x_wconf 88' lang='grc' dir='ltr'>τοῖς</span> <span class='ocrx_word' id='word_1_704' title='bbox 1537 4519 1740 4581; x_wconf 78' lang='grc' dir='ltr'>αὐτοῖς,</span> <span class='ocrx_word' id='word_1_705' title='bbox 1779 4517 1865 4570; x_wconf 83' lang='grc' dir='ltr'>διὰ</span> <span class='ocrx_word' id='word_1_706' title='bbox 1909 4517 1972 4570; x_wconf 81' lang='grc' dir='ltr'><strong>τὸ</strong></span> 
     </span>
    </p>
   </div>
   <div class='ocr_carea' id='block_1_93' title="bbox 2076 4517 3651 4618">
    <p class='ocr_par' dir='ltr' id='par_1_93' title="bbox 2079 4521 3651 4592">
     <span class='ocr_line' id='line_1_93' title="bbox 2079 4521 3651 4592; baseline -0.003 -14"><span class='ocrx_word' id='word_1_707' title='bbox 2079 4525 2274 4589; x_wconf 88' lang='lat' dir='ltr'><strong>nebat,</strong></span> <span class='ocrx_word' id='word_1_708' title='bbox 2337 4523 2606 4588; x_wconf 72' lang='lat' dir='ltr'><strong>afi‘erens;</strong></span> <span class='ocrx_word' id='word_1_709' title='bbox 2672 4531 2728 4579; x_wconf 92' lang='lat' dir='ltr'><strong>ut</strong></span> <span class='ocrx_word' id='word_1_710' title='bbox 2796 4523 2910 4579; x_wconf 90' lang='lat' dir='ltr'><strong>fieri</strong></span> <span class='ocrx_word' id='word_1_711' title='bbox 2978 4523 3260 4579; x_wconf 85' lang='lat' dir='ltr'><strong>consuevit</strong></span> <span class='ocrx_word' id='word_1_712' title='bbox 3319 4521 3372 4576; x_wconf 88' lang='lat' dir='ltr'><strong>in</strong></span> <span class='ocrx_word' id='word_1_713' title='bbox 3441 4523 3506 4578; x_wconf 91' lang='lat' dir='ltr'><strong>iis</strong></span> <span class='ocrx_word' id='word_1_714' title='bbox 3557 4521 3651 4592; x_wconf 89' lang='lat' dir='ltr'><strong>qui</strong></span> 
     </span>
    </p>
   </div>
   <div class='ocr_carea' id='block_1_94' title="bbox 388 4609 1972 4687">
    <p class='ocr_par' dir='ltr' id='par_1_94' title="bbox 388 4609 1972 4687">
     <span class='ocr_line' id='line_1_94' title="bbox 388 4609 1972 4687; baseline -0.002 -18"><span class='ocrx_word' id='word_1_715' title='bbox 388 4617 462 4680; x_wconf 81' lang='grc' dir='ltr'>ὡς</span> <span class='ocrx_word' id='word_1_716' title='bbox 497 4618 587 4670; x_wconf 76' lang='grc' dir='ltr'>ἐπὶ</span> <span class='ocrx_word' id='word_1_717' title='bbox 615 4617 796 4670; x_wconf 83' lang='grc' dir='ltr'>πλεῖον</span> <span class='ocrx_word' id='word_1_718' title='bbox 829 4614 1245 4687; x_wconf 79' lang='grc' dir='ltr'>ἐμπεφορῆσθαι</span> <span class='ocrx_word' id='word_1_719' title='bbox 1273 4613 1460 4677; x_wconf 75' lang='grc' dir='ltr'>αὐτὰς,</span> <span class='ocrx_word' id='word_1_720' title='bbox 1484 4613 1576 4667; x_wconf 75' lang='grc' dir='ltr'>καὶ</span> <span class='ocrx_word' id='word_1_721' title='bbox 1595 4611 1688 4666; x_wconf 76' lang='grc' dir='ltr'><strong>ἐπὶ</strong></span> <span class='ocrx_word' id='word_1_722' title='bbox 1721 4609 1972 4666; x_wconf 86' lang='grc' dir='ltr'>τοσοῦτον</span> 
     </span>
    </p>
   </div>
   <div class='ocr_carea' id='block_1_95' title="bbox 391 4700 2005 4778">
    <p class='ocr_par' dir='ltr' id='par_1_95' title="bbox 391 4700 2005 4778">
     <span class='ocr_line' id='line_1_95' title="bbox 391 4700 2005 4778; baseline -0.004 -18"><span class='ocrx_word' id='word_1_723' title='bbox 391 4707 798 4777; x_wconf 80' lang='grc' dir='ltr'>βεϐασανίσθαι,</span> <span class='ocrx_word' id='word_1_724' title='bbox 856 4705 1339 4778; x_wconf 82' lang='grc' dir='ltr'>περιπεσούμεναι.</span> <span class='ocrx_word' id='word_1_725' title='bbox 1382 4702 1606 4775; x_wconf 86' lang='grc' dir='ltr'>Βράδιον</span> <span class='ocrx_word' id='word_1_726' title='bbox 1633 4701 1688 4755; x_wconf 81' lang='grc' dir='ltr'>δὲ</span> <span class='ocrx_word' id='word_1_727' title='bbox 1729 4702 1823 4754; x_wconf 72' lang='grc' dir='ltr'>ἐπὶ</span> <span class='ocrx_word' id='word_1_728' title='bbox 1873 4700 1970 4771; x_wconf 81' lang='grc' dir='ltr'>τὴν</span> <span class='ocrx_word' id='word_1_729' title='bbox 2003 4753 2005 4755; x_wconf 80' lang='grc'><strong>,</strong></span> 
     </span>
    </p>
   </div>
   <div class='ocr_carea' id='block_1_96' title="bbox 390 4789 1970 4871">
    <p class='ocr_par' dir='ltr' id='par_1_96' title="bbox 390 4789 1970 4871">
     <span class='ocr_line' id='line_1_96' title="bbox 390 4789 1970 4871; baseline -0.006 -19"><span class='ocrx_word' id='word_1_730' title='bbox 390 4798 686 4871; x_wconf 82' lang='grc' dir='ltr'>θεραπείαν</span> <span class='ocrx_word' id='word_1_731' title='bbox 720 4800 942 4868; x_wconf 76' lang='grc' dir='ltr'>ἄγονται</span> <span class='ocrx_word' id='word_1_732' title='bbox 969 4799 1023 4852; x_wconf 80' lang='grc' dir='ltr'>αἱ</span> <span class='ocrx_word' id='word_1_733' title='bbox 1058 4796 1540 4867; x_wconf 79' lang='grc' dir='ltr'>καταφρονήσασαι</span> <span class='ocrx_word' id='word_1_734' title='bbox 1567 4792 1632 4846; x_wconf 82' lang='grc' dir='ltr'><strong>ἂν</strong></span> <span class='ocrx_word' id='word_1_735' title='bbox 1657 4790 1752 4844; x_wconf 91' lang='grc' dir='ltr'><strong>τοῦ</strong></span> <span class='ocrx_word' id='word_1_736' title='bbox 1785 4789 1970 4845; x_wconf 84' lang='grc' dir='ltr'>δεύτε-</span> 
     </span>
    </p>
   </div>
   <div class='ocr_carea' id='block_1_97' title="bbox 393 4881 1972 4962">
    <p class='ocr_par' dir='ltr' id='par_1_97' title="bbox 393 4881 1972 4962">
     <span class='ocr_line' id='line_1_97' title="bbox 393 4881 1972 4962; baseline -0.005 -18"><span class='ocrx_word' id='word_1_737' title='bbox 393 4907 485 4962; x_wconf 90' lang='grc' dir='ltr'><strong>ρον</strong></span> <span class='ocrx_word' id='word_1_738' title='bbox 521 4895 632 4956; x_wconf 83' lang='grc' dir='ltr'>τοῖς</span> <span class='ocrx_word' id='word_1_739' title='bbox 681 4892 863 4955; x_wconf 82' lang='grc' dir='ltr'>αὐτοῖς</span> <span class='ocrx_word' id='word_1_740' title='bbox 917 4891 1253 4962; x_wconf 84' lang='grc' dir='ltr'>περιπεσεῖν,</span> <span class='ocrx_word' id='word_1_741' title='bbox 1297 4886 1386 4940; x_wconf 78' lang='grc' dir='ltr'>διὰ</span> <span class='ocrx_word' id='word_1_742' title='bbox 1416 4886 1478 4938; x_wconf 85' lang='grc' dir='ltr'><strong>τὸ</strong></span> <span class='ocrx_word' id='word_1_743' title='bbox 1510 4885 1696 4954; x_wconf 88' lang='grc' dir='ltr'>τάχιον</span> <span class='ocrx_word' id='word_1_744' title='bbox 1727 4881 1972 4953; x_wconf 84' lang='grc' dir='ltr'>ἀπηλλά-</span> 
     </span>
    </p>
   </div>
   <div class='ocr_carea' id='block_1_98' title="bbox 391 4973 1972 5051">
    <p class='ocr_par' dir='ltr' id='par_1_98' title="bbox 391 4973 1972 5051">
     <span class='ocr_line' id='line_1_98' title="bbox 391 4973 1972 5051; baseline -0.001 -19"><span class='ocrx_word' id='word_1_745' title='bbox 391 4980 516 5051; x_wconf 86' lang='grc' dir='ltr'>χθαι</span> <span class='ocrx_word' id='word_1_746' title='bbox 542 4982 646 5036; x_wconf 82' lang='grc' dir='ltr'><strong>τῶν</strong></span> <span class='ocrx_word' id='word_1_747' title='bbox 701 4981 907 5036; x_wconf 87' lang='grc' dir='ltr'>κακῶν.</span> <span class='ocrx_word' id='word_1_748' title='bbox 941 4978 1068 5036; x_wconf 82' lang='grc' dir='ltr'>Οἷδε</span> <span class='ocrx_word' id='word_1_749' title='bbox 1124 4981 1181 5033; x_wconf 79' lang='grc' dir='ltr'>δὲ</span> <span class='ocrx_word' id='word_1_750' title='bbox 1211 4979 1239 5031; x_wconf 90' lang='grc' dir='ltr'>ὁ</span> <span class='ocrx_word' id='word_1_751' title='bbox 1274 4977 1520 5050; x_wconf 86' lang='grc' dir='ltr'>τεχνίτης</span> <span class='ocrx_word' id='word_1_752' title='bbox 1565 4976 1699 5038; x_wconf 85' lang='grc' dir='ltr'>Θεὸς</span> <span class='ocrx_word' id='word_1_753' title='bbox 1725 4974 1825 5038; x_wconf 78' lang='grc' dir='ltr'>τὰς</span> <span class='ocrx_word' id='word_1_754' title='bbox 1857 4973 1972 5030; x_wconf 84' lang='grc' dir='ltr'>δια-</span> 
     </span>
    </p>
   </div>
   <div class='ocr_carea' id='block_1_99' title="bbox 391 5066 1970 5139">
    <p class='ocr_par' dir='ltr' id='par_1_99' title="bbox 391 5066 1970 5139">
     <span class='ocr_line' id='line_1_99' title="bbox 391 5066 1970 5139; baseline -0.005 -13"><span class='ocrx_word' id='word_1_755' title='bbox 391 5073 571 5138; x_wconf 86' lang='grc' dir='ltr'>θέσεις</span> <span class='ocrx_word' id='word_1_756' title='bbox 621 5077 895 5139; x_wconf 87' lang='grc' dir='ltr'>ἐκάστων,</span> <span class='ocrx_word' id='word_1_757' title='bbox 965 5074 1060 5128; x_wconf 76' lang='grc' dir='ltr'><strong>καὶ</strong></span> <span class='ocrx_word' id='word_1_758' title='bbox 1110 5075 1185 5136; x_wconf 80' lang='grc' dir='ltr'>ὡς</span> <span class='ocrx_word' id='word_1_759' title='bbox 1239 5070 1516 5126; x_wconf 78' lang='grc' dir='ltr'>ἐπιϐάλλει</span> <span class='ocrx_word' id='word_1_760' title='bbox 1573 5066 1751 5138; x_wconf 80' lang='grc' dir='ltr'>αὐτῷ,</span> <span class='ocrx_word' id='word_1_761' title='bbox 1812 5066 1970 5137; x_wconf 87' lang='grc' dir='ltr'>μόνος</span> 
     </span>
    </p>
   </div>
   <div class='ocr_carea' id='block_1_100' title="bbox 388 5157 1966 5237">
    <p class='ocr_par' dir='ltr' id='par_1_100' title="bbox 388 5157 1966 5237">
     <span class='ocr_line' id='line_1_100' title="bbox 388 5157 1966 5237; baseline 0.003 -19"><span class='ocrx_word' id='word_1_762' title='bbox 388 5166 769 5237; x_wconf 73' lang='grc' dir='ltr'>ἐπιστημόνως</span> <span class='ocrx_word' id='word_1_763' title='bbox 819 5165 1114 5237; x_wconf 87' lang='grc' dir='ltr'>δυνάμενος</span> <span class='ocrx_word' id='word_1_764' title='bbox 1165 5162 1263 5227; x_wconf 64' lang='grc' dir='ltr'><strong>τὰς</strong></span> <span class='ocrx_word' id='word_1_765' title='bbox 1319 5159 1613 5234; x_wconf 79' lang='grc' dir='ltr'>θεραπείας</span> <span class='ocrx_word' id='word_1_766' title='bbox 1651 5157 1966 5230; x_wconf 70' lang='grc' dir='ltr'>προσάγειν,</span> 
     </span>
    </p>
   </div>
   <div class='ocr_carea' id='block_1_101' title="bbox 459 5279 920 5343">
    <p class='ocr_par' dir='ltr' id='par_1_101' title="bbox 459 5279 920 5343">
     <span class='ocr_line' id='line_1_101' title="bbox 459 5279 920 5343; baseline -0.004 -8"><span class='ocrx_word' id='word_1_767' title='bbox 459 5279 506 5314; x_wconf 71' lang='grc' dir='ltr'>’δ</span> <span class='ocrx_word' id='word_1_768' title='bbox 534 5279 694 5335; x_wconf 89' lang='lat' dir='ltr'><strong>Osee.</strong></span> <span class='ocrx_word' id='word_1_769' title='bbox 731 5295 805 5343; x_wconf 86' lang='lat' dir='ltr'><strong>tv,</strong></span> <span class='ocrx_word' id='word_1_770' title='bbox 834 5280 920 5333; x_wconf 76' lang='grc' dir='ltr'><strong>Η.</strong></span> 
     </span>
    </p>
   </div>
   <div class='ocr_carea' id='block_1_102' title="bbox 460 5390 1958 5472">
    <p class='ocr_par' dir='ltr' id='par_1_102' title="bbox 460 5390 1958 5472">
     <span class='ocr_line' id='line_1_102' title="bbox 460 5390 1958 5472; baseline -0.008 -18"><span class='ocrx_word' id='word_1_771' title='bbox 460 5399 570 5472; x_wconf 82' lang='grc'><strong>(59)</strong></span> <span class='ocrx_word' id='word_1_772' title='bbox 637 5399 788 5472; x_wconf 40' lang='lat' dir='ltr'><strong>Mss”</strong></span> <span class='ocrx_word' id='word_1_773' title='bbox 837 5401 938 5472; x_wconf 59' lang='grc' dir='ltr'><strong>και</strong></span> <span class='ocrx_word' id='word_1_774' title='bbox 965 5398 1242 5472; x_wconf 78' lang='grc' dir='ltr'>κατάξεις,</span> <span class='ocrx_word' id='word_1_775' title='bbox 1291 5404 1396 5450; x_wconf 86' lang='lat' dir='ltr'><strong>etc.</strong></span> <span class='ocrx_word' id='word_1_776' title='bbox 1448 5390 1754 5472; x_wconf 44' lang='lat' dir='ltr'><strong>Pftilo’galirr</strong></span> <span class='ocrx_word' id='word_1_777' title='bbox 1793 5390 1958 5472; x_wconf 75' lang='lat' dir='ltr'><strong>edita,</strong></span> 
     </span>
    </p>
   </div>
   <div class='ocr_carea' id='block_1_103' title="bbox 389 5461 1961 5541">
    <p class='ocr_par' dir='ltr' id='par_1_103' title="bbox 389 5461 1961 5541">
     <span class='ocr_line' id='line_1_103' title="bbox 389 5461 1961 5541; baseline -0.006 -18"><span class='ocrx_word' id='word_1_778' title='bbox 389 5461 484 5523; x_wconf 58' lang='grc' dir='ltr'>καὶ</span> <span class='ocrx_word' id='word_1_779' title='bbox 513 5461 573 5522; x_wconf 75' lang='grc' dir='ltr'><strong>οῦ</strong></span> <span class='ocrx_word' id='word_1_780' title='bbox 594 5461 868 5541; x_wconf 77' lang='grc' dir='ltr'>κατάξεις.</span> <span class='ocrx_word' id='word_1_781' title='bbox 897 5461 1251 5541; x_wconf 69' lang='lat' dir='ltr'><strong>Verissimum</strong></span> <span class='ocrx_word' id='word_1_782' title='bbox 1273 5464 1513 5533; x_wconf 88' lang='lat' dir='ltr'><strong>estquod</strong></span> <span class='ocrx_word' id='word_1_783' title='bbox 1541 5479 1572 5541; x_wconf 87' lang='lat' dir='ltr'><strong>a_</strong></span> <span class='ocrx_word' id='word_1_784' title='bbox 1593 5461 1961 5541; x_wconf 49' lang='lat' dir='ltr'><strong>Genelir‘ardo,</strong></span> 
     </span>
    </p>
   </div>
   <div class='ocr_carea' id='block_1_104' title="bbox 385 5527 1964 5611">
    <p class='ocr_par' dir='ltr' id='par_1_104' title="bbox 385 5527 1964 5611">
     <span class='ocr_line' id='line_1_104' title="bbox 385 5527 1964 5611; baseline -0.007 -17"><span class='ocrx_word' id='word_1_785' title='bbox 385 5551 444 5594; x_wconf 89' lang='lat' dir='ltr'><strong>et</strong></span> <span class='ocrx_word' id='word_1_786' title='bbox 497 5541 693 5611; x_wconf 80' lang='lat' dir='ltr'><strong>deinde</strong></span> <span class='ocrx_word' id='word_1_787' title='bbox 732 5527 764 5592; x_wconf 66' lang='grc' dir='ltr'><strong>εἰ</strong></span> <span class='ocrx_word' id='word_1_788' title='bbox 807 5527 1402 5611; x_wconf 64' lang='lat' dir='ltr'><strong>_&#39;l‘aririo_oliservatutti</strong></span> <span class='ocrx_word' id='word_1_789' title='bbox 1443 5527 1964 5611; x_wconf 33' lang='lat' dir='ltr'><strong>estlcgi‘sseﬂrige-</strong></span> 
     </span>
    </p>
   </div>
   <div class='ocr_carea' id='block_1_105' title="bbox 387 5603 1964 5681">
    <p class='ocr_par' dir='ltr' id='par_1_105' title="bbox 387 5603 1964 5681">
     <span class='ocr_line' id='line_1_105' title="bbox 387 5603 1964 5681; baseline -0.007 -18"><span class='ocrx_word' id='word_1_790' title='bbox 387 5626 536 5672; x_wconf 85' lang='lat' dir='ltr'><strong>nem,</strong></span> <span class='ocrx_word' id='word_1_791' title='bbox 573 5609 668 5662; x_wconf 74' lang='grc' dir='ltr'><strong>καὶ</strong></span> <span class='ocrx_word' id='word_1_792' title='bbox 685 5608 1197 5681; x_wconf 26' lang='grc' dir='ltr'>κατάξεις-ἰιιεξηίιη</span> <span class='ocrx_word' id='word_1_793' title='bbox 1234 5605 1455 5660; x_wconf 90' lang='lat' dir='ltr'><strong>omnino</strong></span> <span class='ocrx_word' id='word_1_794' title='bbox 1477 5603 1820 5681; x_wconf 84' lang='lat' dir='ltr'><strong>ratiocinatio</strong></span> <span class='ocrx_word' id='word_1_795' title='bbox 1849 5603 1964 5681; x_wconf 63' lang='lat' dir='ltr'><strong>ejus</strong></span> 
     </span>
    </p>
   </div>
   <div class='ocr_carea' id='block_1_106' title="bbox 387 5670 1963 5748">
    <p class='ocr_par' dir='ltr' id='par_1_106' title="bbox 387 5670 1963 5748">
     <span class='ocr_line' id='line_1_106' title="bbox 387 5670 1963 5748; baseline -0.008 -14"><span class='ocrx_word' id='word_1_796' title='bbox 387 5670 644 5748; x_wconf 85' lang='lat' dir='ltr'><strong>postulat.</strong></span> <span class='ocrx_word' id='word_1_797' title='bbox 693 5681 755 5732; x_wconf 79' lang='lat' dir='ltr'><strong>Et</strong></span> <span class='ocrx_word' id='word_1_798' title='bbox 780 5670 857 5748; x_wconf 76' lang='lat' dir='ltr'><strong>ab</strong></span> <span class='ocrx_word' id='word_1_799' title='bbox 887 5670 1152 5748; x_wconf 76' lang='lat' dir='ltr'><strong>lleliraieo</strong></span> <span class='ocrx_word' id='word_1_800' title='bbox 1197 5688 1412 5748; x_wconf 85' lang='lat' dir='ltr'><strong>quoque</strong></span> <span class='ocrx_word' id='word_1_801' title='bbox 1443 5679 1698 5748; x_wconf 47' lang='lat' dir='ltr'><strong>contegit</strong></span> <span class='ocrx_word' id='word_1_802' title='bbox 1731 5670 1963 5748; x_wconf 69' lang='lat' dir='ltr'><strong>negandi</strong></span> 
     </span>
    </p>
   </div>
   <div class='ocr_carea' id='block_1_107' title="bbox 389 5739 1963 5817">
    <p class='ocr_par' dir='ltr' id='par_1_107' title="bbox 389 5739 1963 5817">
     <span class='ocr_line' id='line_1_107' title="bbox 389 5739 1963 5817; baseline -0.008 -15"><span class='ocrx_word' id='word_1_803' title='bbox 389 5739 712 5817; x_wconf 77' lang='lat' dir='ltr'><strong>particulam</strong></span> <span class='ocrx_word' id='word_1_804' title='bbox 746 5747 982 5803; x_wconf 83' lang='lat' dir='ltr'><strong>abfuisse</strong></span> <span class='ocrx_word' id='word_1_805' title='bbox 1023 5739 1450 5817; x_wconf 13' lang='lat' dir='ltr'><strong>Orirgen’esjipse</strong></span> <span class='ocrx_word' id='word_1_806' title='bbox 1497 5739 1840 5817; x_wconf 61' lang='lat' dir='ltr'><strong>testificatur.</strong></span> <span class='ocrx_word' id='word_1_807' title='bbox 1892 5739 1963 5817; x_wconf 77' lang='lat' dir='ltr'><strong>At</strong></span> 
     </span>
    </p>
   </div>
   <div class='ocr_carea' id='block_1_108' title="bbox 389 5807 1955 5889">
    <p class='ocr_par' dir='ltr' id='par_1_108' title="bbox 389 5807 1955 5889">
     <span class='ocr_line' id='line_1_108' title="bbox 389 5807 1955 5889; baseline -0.008 -15"><span class='ocrx_word' id='word_1_808' title='bbox 389 5807 657 5876; x_wconf 73' lang='lat' dir='ltr'><strong>universae</strong></span> <span class='ocrx_word' id='word_1_809' title='bbox 708 5835 828 5889; x_wconf 72' lang='lat' dir='ltr'><strong>quire</strong></span> <span class='ocrx_word' id='word_1_810' title='bbox 874 5818 1033 5875; x_wconf 89' lang='lat' dir='ltr'><strong>hodie</strong></span> <span class='ocrx_word' id='word_1_811' title='bbox 1075 5807 1558 5882; x_wconf 59' lang='lat' dir='ltr'><strong>circumferuntur,</strong></span> <span class='ocrx_word' id='word_1_812' title='bbox 1596 5821 1711 5864; x_wconf 90' lang='lat' dir='ltr'><strong>tum</strong></span> <span class='ocrx_word' id='word_1_813' title='bbox 1747 5807 1955 5864; x_wconf 66' lang='lat' dir='ltr'><strong>Hebrmi</strong></span> 
     </span>
    </p>
   </div>
   <div class='ocr_carea' id='block_1_109' title="bbox 2077 4615 3650 4684">
    <p class='ocr_par' dir='ltr' id='par_1_109' title="bbox 2077 4615 3650 4684">
     <span class='ocr_line' id='line_1_109' title="bbox 2077 4615 3650 4684; baseline -0.001 -13"><span class='ocrx_word' id='word_1_814' title='bbox 2077 4633 2104 4671; x_wconf 87' lang='lat' dir='ltr'><strong>a</strong></span> <span class='ocrx_word' id='word_1_815' title='bbox 2137 4617 2323 4672; x_wconf 82' lang='lat' dir='ltr'><strong>rabido</strong></span> <span class='ocrx_word' id='word_1_816' title='bbox 2355 4632 2488 4672; x_wconf 91' lang='lat' dir='ltr'><strong>cane</strong></span> <span class='ocrx_word' id='word_1_817' title='bbox 2518 4616 2683 4672; x_wconf 89' lang='lat' dir='ltr'><strong>morsi</strong></span> <span class='ocrx_word' id='word_1_818' title='bbox 2741 4623 2888 4684; x_wconf 87' lang='lat' dir='ltr'><strong>sunt,</strong></span> <span class='ocrx_word' id='word_1_819' title='bbox 2921 4625 2974 4671; x_wconf 90' lang='lat' dir='ltr'><strong>et</strong></span> <span class='ocrx_word' id='word_1_820' title='bbox 3000 4615 3120 4671; x_wconf 89' lang='lat' dir='ltr'><strong>aliis</strong></span> <span class='ocrx_word' id='word_1_821' title='bbox 3178 4615 3524 4684; x_wconf 91' lang='lat' dir='ltr'><strong>quibusdam,</strong></span> <span class='ocrx_word' id='word_1_822' title='bbox 3557 4615 3650 4680; x_wconf 87' lang='lat' dir='ltr'><strong>qui</strong></span> 
     </span>
    </p>
   </div>
   <div class='ocr_carea' id='block_1_110' title="bbox 2075 4707 3652 4780">
    <p class='ocr_par' dir='ltr' id='par_1_110' title="bbox 2075 4707 3652 4780">
     <span class='ocr_line' id='line_1_110' title="bbox 2075 4707 3652 4780; baseline -0.004 -16"><span class='ocrx_word' id='word_1_823' title='bbox 2075 4709 2340 4780; x_wconf 86' lang='lat' dir='ltr'><strong>ejusmodi</strong></span> <span class='ocrx_word' id='word_1_824' title='bbox 2387 4709 2545 4764; x_wconf 89' lang='lat' dir='ltr'><strong>malis</strong></span> <span class='ocrx_word' id='word_1_825' title='bbox 2576 4708 2924 4764; x_wconf 75' lang='lat' dir='ltr'><strong>afﬁciuntur:</strong></span> <span class='ocrx_word' id='word_1_826' title='bbox 2965 4710 3044 4764; x_wconf 90' lang='lat' dir='ltr'><strong>sic</strong></span> <span class='ocrx_word' id='word_1_827' title='bbox 3079 4708 3247 4764; x_wconf 87' lang='lat' dir='ltr'><strong>Deum</strong></span> <span class='ocrx_word' id='word_1_828' title='bbox 3285 4707 3524 4760; x_wconf 87' lang='lat' dir='ltr'><strong>arbitror</strong></span> <span class='ocrx_word' id='word_1_829' title='bbox 3553 4720 3652 4759; x_wconf 86' lang='lat' dir='ltr'><strong>oe-</strong></span> 
     </span>
    </p>
   </div>
   <div class='ocr_carea' id='block_1_111' title="bbox 2070 4799 3647 4873">
    <p class='ocr_par' dir='ltr' id='par_1_111' title="bbox 2070 4799 3647 4873">
     <span class='ocr_line' id='line_1_111' title="bbox 2070 4799 3647 4873; baseline -0.004 -15"><span class='ocrx_word' id='word_1_830' title='bbox 2070 4804 2274 4859; x_wconf 87' lang='lat' dir='ltr'><strong>cultam</strong></span> <span class='ocrx_word' id='word_1_831' title='bbox 2316 4802 2472 4873; x_wconf 81' lang='lat'><strong>115</strong></span> <span class='ocrx_word' id='word_1_832' title='bbox 2522 4803 2802 4867; x_wconf 85' lang='lat' dir='ltr'><strong>malitiam,</strong></span> <span class='ocrx_word' id='word_1_833' title='bbox 2834 4816 2955 4873; x_wconf 69' lang='lat' dir='ltr'><strong>quae</strong></span> <span class='ocrx_word' id='word_1_834' title='bbox 2987 4801 3054 4857; x_wconf 86' lang='lat' dir='ltr'><strong>ad</strong></span> <span class='ocrx_word' id='word_1_835' title='bbox 3107 4800 3352 4855; x_wconf 88' lang='lat' dir='ltr'><strong>intimam</strong></span> <span class='ocrx_word' id='word_1_836' title='bbox 3407 4799 3647 4852; x_wconf 82' lang='lat' dir='ltr'><strong>animam</strong></span> 
     </span>
    </p>
   </div>
   <div class='ocr_carea' id='block_1_112' title="bbox 2075 4888 3644 4964">
    <p class='ocr_par' dir='ltr' id='par_1_112' title="bbox 2075 4888 3644 4964">
     <span class='ocr_line' id='line_1_112' title="bbox 2075 4888 3644 4964; baseline -0.003 -16"><span class='ocrx_word' id='word_1_837' title='bbox 2075 4895 2404 4964; x_wconf 81' lang='lat' dir='ltr'><strong>penetravit,</strong></span> <span class='ocrx_word' id='word_1_838' title='bbox 2440 4903 2693 4950; x_wconf 88' lang='lat' dir='ltr'><strong>tractare.</strong></span> <span class='ocrx_word' id='word_1_839' title='bbox 2742 4894 2807 4949; x_wconf 88' lang='lat' dir='ltr'><strong>Et</strong></span> <span class='ocrx_word' id='word_1_840' title='bbox 2855 4893 3313 4963; x_wconf 90' lang='lat' dir='ltr'><strong>quemadmodum</strong></span> <span class='ocrx_word' id='word_1_841' title='bbox 3360 4892 3425 4950; x_wconf 86' lang='lat' dir='ltr'><strong>de</strong></span> <span class='ocrx_word' id='word_1_842' title='bbox 3460 4888 3644 4959; x_wconf 61' lang='lat' dir='ltr'><strong>hujus&#39;</strong></span> 
     </span>
    </p>
   </div>
   <div class='ocr_carea' id='block_1_113' title="bbox 2062 4980 3644 5056">
    <p class='ocr_par' dir='ltr' id='par_1_113' title="bbox 2062 4980 3644 5056">
     <span class='ocr_line' id='line_1_113' title="bbox 2062 4980 3644 5056; baseline -0.001 -20"><span class='ocrx_word' id='word_1_843' title='bbox 2062 4985 2216 5039; x_wconf 86' lang='lat' dir='ltr'><strong>.modi</strong></span> <span class='ocrx_word' id='word_1_844' title='bbox 2265 4995 2468 5056; x_wconf 69' lang='lat' dir='ltr'><strong>aegroto</strong></span> <span class='ocrx_word' id='word_1_845' title='bbox 2505 4985 2750 5040; x_wconf 90' lang='lat' dir='ltr'><strong>medicus</strong></span> <span class='ocrx_word' id='word_1_846' title='bbox 2799 4985 2967 5040; x_wconf 90' lang='lat' dir='ltr'><strong>dicit:</strong></span> <span class='ocrx_word' id='word_1_847' title='bbox 3030 4983 3145 5053; x_wconf 83' lang='lat' dir='ltr'><strong>Ego</strong></span> <span class='ocrx_word' id='word_1_848' title='bbox 3187 4980 3644 5037; x_wconf 85' lang='lat' dir='ltr'><strong>inflammationes</strong></span> 
     </span>
    </p>
   </div>
   <div class='ocr_carea' id='block_1_114' title="bbox 2081 5071 3648 5140">
    <p class='ocr_par' dir='ltr' id='par_1_114' title="bbox 2081 5071 3648 5140">
     <span class='ocr_line' id='line_1_114' title="bbox 2081 5071 3648 5140; baseline -0.004 -13"><span class='ocrx_word' id='word_1_849' title='bbox 2081 5073 2275 5129; x_wconf 89' lang='lat' dir='ltr'><strong>faciam</strong></span> <span class='ocrx_word' id='word_1_850' title='bbox 2319 5076 2370 5128; x_wconf 92' lang='lat' dir='ltr'><strong>in</strong></span> <span class='ocrx_word' id='word_1_851' title='bbox 2407 5075 2526 5132; x_wconf 89' lang='lat' dir='ltr'><strong>loco</strong></span> <span class='ocrx_word' id='word_1_852' title='bbox 2559 5075 2818 5140; x_wconf 89' lang='lat' dir='ltr'><strong>vulneris,</strong></span> <span class='ocrx_word' id='word_1_853' title='bbox 2845 5084 2900 5129; x_wconf 90' lang='lat' dir='ltr'><strong>et</strong></span> <span class='ocrx_word' id='word_1_854' title='bbox 2932 5073 3030 5127; x_wconf 86' lang='lat' dir='ltr'><strong>bas</strong></span> <span class='ocrx_word' id='word_1_855' title='bbox 3064 5081 3156 5126; x_wconf 89' lang='lat' dir='ltr'><strong>aut</strong></span> <span class='ocrx_word' id='word_1_856' title='bbox 3197 5071 3318 5125; x_wconf 89' lang='lat' dir='ltr'><strong>illas</strong></span> <span class='ocrx_word' id='word_1_857' title='bbox 3351 5079 3532 5140; x_wconf 87' lang='lat' dir='ltr'><strong>partes</strong></span> <span class='ocrx_word' id='word_1_858' title='bbox 3561 5072 3648 5122; x_wconf 80' lang='lat' dir='ltr'><strong>fa-</strong></span> 
     </span>
    </p>
   </div>
   <div class='ocr_carea' id='block_1_115' title="bbox 2082 5155 3646 5233">
    <p class='ocr_par' dir='ltr' id='par_1_115' title="bbox 2082 5155 3646 5233">
     <span class='ocr_line' id='line_1_115' title="bbox 2082 5155 3646 5233; baseline -0.001 -21"><span class='ocrx_word' id='word_1_859' title='bbox 2082 5159 2221 5214; x_wconf 88' lang='lat' dir='ltr'><strong>ciam</strong></span> <span class='ocrx_word' id='word_1_860' title='bbox 2249 5173 2307 5216; x_wconf 90' lang='lat' dir='ltr'><strong>ut</strong></span> <span class='ocrx_word' id='word_1_861' title='bbox 2349 5162 2732 5226; x_wconf 86' lang='lat' dir='ltr'><strong>intumescant,</strong></span> <span class='ocrx_word' id='word_1_862' title='bbox 2771 5170 2826 5216; x_wconf 91' lang='lat' dir='ltr'><strong>ut</strong></span> <span class='ocrx_word' id='word_1_863' title='bbox 2873 5161 3175 5233; x_wconf 85' lang='lat' dir='ltr'><strong>graviorem</strong></span> <span class='ocrx_word' id='word_1_864' title='bbox 3213 5161 3522 5215; x_wconf 78' lang='lat' dir='ltr'><strong>abscessum</strong></span> <span class='ocrx_word' id='word_1_865' title='bbox 3565 5155 3646 5211; x_wconf 72' lang='lat' dir='ltr'><strong>fa-</strong></span> 
     </span>
    </p>
   </div>
   <div class='ocr_carea' id='block_1_116' title="bbox 2066 5383 3643 5463">
    <p class='ocr_par' dir='ltr' id='par_1_116' title="bbox 2066 5383 3643 5463">
     <span class='ocr_line' id='line_1_116' title="bbox 2066 5383 3643 5463; baseline -0.009 -13"><span class='ocrx_word' id='word_1_866' title='bbox 2066 5395 2415 5463; x_wconf 68' lang='lat' dir='ltr'><strong>exemplaris,</strong></span> <span class='ocrx_word' id='word_1_867' title='bbox 2467 5403 2576 5448; x_wconf 91' lang='lat' dir='ltr'><strong>tum</strong></span> <span class='ocrx_word' id='word_1_868' title='bbox 2623 5393 2769 5448; x_wconf 78' lang='lat' dir='ltr'><strong>LXX</strong></span> <span class='ocrx_word' id='word_1_869' title='bbox 2819 5393 3104 5463; x_wconf 87' lang='lat' dir='ltr'><strong>Seniorum</strong></span> <span class='ocrx_word' id='word_1_870' title='bbox 3135 5389 3402 5463; x_wconf 74' lang='lat' dir='ltr'><strong>editiones</strong></span> <span class='ocrx_word' id='word_1_871' title='bbox 3445 5383 3643 5440; x_wconf 84' lang='lat' dir='ltr'><strong>habent</strong></span> 
     </span>
    </p>
   </div>
   <div class='ocr_carea' id='block_1_117' title="bbox 2063 5451 3643 5531">
    <p class='ocr_par' dir='ltr' id='par_1_117' title="bbox 2063 5451 3643 5531">
     <span class='ocr_line' id='line_1_117' title="bbox 2063 5451 3643 5531; baseline -0.011 -7"><span class='ocrx_word' id='word_1_872' title='bbox 2063 5451 2354 5527; x_wconf 62' lang='lat' dir='ltr'><strong>&#39;t&#39;rtn&#39;s&#39;n.</strong></span> <span class='ocrx_word' id='word_1_873' title='bbox 2402 5451 2502 5518; x_wconf 71' lang='grc' dir='ltr'>’καὶ</span> <span class='ocrx_word' id='word_1_874' title='bbox 2549 5465 2609 5518; x_wconf 80' lang='grc' dir='ltr'><strong>οὐ</strong></span> <span class='ocrx_word' id='word_1_875' title='bbox 2667 5463 2942 5531; x_wconf 80' lang='grc' dir='ltr'>κατάξεις,</span> <span class='ocrx_word' id='word_1_876' title='bbox 2993 5462 3080 5517; x_wconf 90' lang='lat' dir='ltr'><strong>cui</strong></span> <span class='ocrx_word' id='word_1_877' title='bbox 3129 5460 3413 5526; x_wconf 63' lang='lat' dir='ltr'><strong>scripturae</strong></span> <span class='ocrx_word' id='word_1_878' title='bbox 3454 5469 3643 5511; x_wconf 84' lang='lat' dir='ltr'><strong>omnes</strong></span> 
     </span>
    </p>
   </div>
   <div class='ocr_carea' id='block_1_118' title="bbox 2063 5530 3358 5604">
    <p class='ocr_par' dir='ltr' id='par_1_118' title="bbox 2063 5530 3358 5604">
     <span class='ocr_line' id='line_1_118' title="bbox 2063 5530 3358 5604; baseline -0.008 -14"><span class='ocrx_word' id='word_1_879' title='bbox 2063 5537 2286 5592; x_wconf 91' lang='lat' dir='ltr'><strong>omnino</strong></span> <span class='ocrx_word' id='word_1_880' title='bbox 2327 5536 2655 5604; x_wconf 88' lang='lat' dir='ltr'><strong>interpretes</strong></span> <span class='ocrx_word' id='word_1_881' title='bbox 2686 5530 3055 5604; x_wconf 78' lang='lat' dir='ltr'><strong>consentiunt.</strong></span> <span class='ocrx_word' id='word_1_882' title='bbox 3095 5530 3358 5583; x_wconf 76' lang='lat' dir='ltr'><strong>&quot;uenus.</strong></span> 
     </span>
    </p>
   </div>
   <div class='ocr_carea' id='block_1_119' title="bbox 2137 5601 3195 5675">
    <p class='ocr_par' dir='ltr' id='par_1_119' title="bbox 2137 5601 3195 5675">
     <span class='ocr_line' id='line_1_119' title="bbox 2137 5601 3195 5675; baseline -0.006 -17"><span class='ocrx_word' id='word_1_883' title='bbox 2137 5604 2246 5675; x_wconf 72' lang='grc'><strong>(40)</strong></span> <span class='ocrx_word' id='word_1_884' title='bbox 2275 5601 2704 5675; x_wconf 35' lang='grc' dir='ltr'>ΡΙιίίοοὰιχηιεη</span> <span class='ocrx_word' id='word_1_885' title='bbox 2730 5601 3195 5675; x_wconf 77' lang='grc' dir='ltr'>ἐπικαιροτάταις.</span> 
     </span>
    </p>
   </div>
   <div class='ocr_carea' id='block_1_120' title="bbox 2149 5665 3639 5745">
    <p class='ocr_par' dir='ltr' id='par_1_120' title="bbox 2149 5665 3639 5745">
     <span class='ocr_line' id='line_1_120' title="bbox 2149 5665 3639 5745; baseline -0.012 -12"><span class='ocrx_word' id='word_1_886' title='bbox 2149 5665 2521 5745; x_wconf 43' lang='grc' dir='ltr'>Ἆριεμέναςε</span> <span class='ocrx_word' id='word_1_887' title='bbox 2537 5665 2768 5745; x_wconf 85' lang='lat' dir='ltr'><strong>Omnino</strong></span> <span class='ocrx_word' id='word_1_888' title='bbox 2799 5665 3089 5745; x_wconf 29' lang='lat' dir='ltr'><strong>legeiplum‘</strong></span> <span class='ocrx_word' id='word_1_889' title='bbox 3108 5665 3424 5745; x_wconf 82' lang='grc' dir='ltr'>ἐφιεμένας,</span> <span class='ocrx_word' id='word_1_890' title='bbox 3447 5673 3500 5719; x_wconf 87' lang='lat' dir='ltr'><strong>et</strong></span> <span class='ocrx_word' id='word_1_891' title='bbox 3517 5677 3639 5718; x_wconf 76' lang='lat' dir='ltr'><strong>mox</strong></span> 
     </span>
    </p>
   </div>
   <div class='ocr_carea' id='block_1_121' title="bbox 2067 5739 3328 5819">
    <p class='ocr_par' dir='ltr' id='par_1_121' title="bbox 2067 5739 3328 5819">
     <span class='ocr_line' id='line_1_121' title="bbox 2067 5739 3328 5819; baseline -0.006 -20"><span class='ocrx_word' id='word_1_892' title='bbox 2067 5739 2472 5819; x_wconf 76' lang='grc' dir='ltr'>παρ”ὲαῦταῖς,</span> <span class='ocrx_word' id='word_1_893' title='bbox 2512 5743 2564 5801; x_wconf 91' lang='lat' dir='ltr'><strong>id</strong></span> <span class='ocrx_word' id='word_1_894' title='bbox 2596 5744 2739 5814; x_wconf 87' lang='lat' dir='ltr'><strong>quod</strong></span> <span class='ocrx_word' id='word_1_895' title='bbox 2775 5743 2903 5798; x_wconf 88' lang='lat' dir='ltr'><strong>vidit</strong></span> <span class='ocrx_word' id='word_1_896' title='bbox 2927 5739 3328 5796; x_wconf 82' lang='lat' dir='ltr'><strong>Gcnebrardus.</strong></span> 
     </span>
    </p>
   </div>
  </div>
