4132 6420
471 370 568 422 .‘Z'H

1917 370 2169 428 ORIGEN
2180 372 2260 427 ES

3622 373 3728 437 272

471 484 642 536 t‘tattl.
680 479 804 536 "me
844 481 1112 536 dicentem
1149 483 1417 537 medicum
1454 485 1498 538 si
1547 484 1667 554 quis
1703 487 1908 554 peritus
1941 503 2030 540 au-

2143 487 2195 539 ri
2265 488 2389 558 χρὴ,
2446 487 2540 542 καὶ
2595 489 2723 542 πότε
2770 490 2982 562 ἑκάστῳ
3035 491 3228 548 ποιεῖν.
3287 493 3496 566 Ὠσπερ
3533 491 3590 549 δὲ
3635 495 3728 553 ἐπι

470 573 614 639 dial,
657 589 762 626 non
800 573 1150 640 vituperabit,
1181 575 1290 629 into
1325 591 1455 632 vero
1495 577 1755 642 laudabit,
1801 579 1890 647 qui
1929 579 2042 634 haec

469 678 528 717 se
556 662 823 716 fat-turum
859 664 1138 716 minitetur
1179 682 1191 717 :
1239 666 1333 718 sed
1379 666 1520 720 alius
1572 668 1854 721 medicina:
1887 671 2041 736 igna-

471 771 583 818 rus,
612 755 752 809 dicet
778 754 1016 808 alienum
1047 755 1227 809 facere
1253 771 1280 808 a
1313 757 1650 824 professione
1685 760 2040 826 medicorum,

468 848 556 914 qui
594 861 716 899 eum
749 862 944 899 sanare
980 846 1192 909 debeat,
1239 847 1304 900 ad
1342 847 1799 904 inflammationes
1827 859 1879 904 et
1919 852 2042 906 abs-

465 955 652 993 cessus
690 954 802 993 rem
846 939 1098 994 deducat.
1148 941 1238 993 Sic
1279 939 1441 993 etiam
1467 939 1724 995 existimo
1761 943 1926 996 Deum
1959 944 2042 997 di-

465 1031 611 1084 xisse
649 1047 663 1084 :
704 1049 724 1081 ι
748 1031 868 1100 Ego
901 1030 1168 1084 indurabu
1198 1047 1296 1085 cor
1328 1029 1646 1086 Pharaonis.
1667 1051 1684 1082 ι
1705 1031 1951 1102 llaec,qtti
1984 1044 2044 1088 ut

467 1123 560 1177 Dei
587 1123 811 1177 oracula
845 1124 1059 1191 accipit,
1093 1124 1323 1177 dicentis
1356 1123 1734 1179 auctoritatem
1775 1127 2040 1180 reveritus

465 1215 849 1282 approliatz-et
872 1215 1058 1267 omnis
1113 1215 1204 1282 qui
1241 1216 1470 1283 quaerit,
1516 1215 1726 1270 invenit
1772 1218 2041 1286 quomodo

466 1305 516 1356 in
552 1305 829 1358 liis-etiam
861 1304 950 1356 Dei
988 1303 1282 1357 bonitatem
1309 1305 1593 1367 ostendat;
1630 1305 1875 1372 apertius
1909 1306 2033 1373 qui-

463 1398 583 1448 dem
615 1396 684 1448 ad
738 1394 966 1448 salutem
1015 1394 1228 1463 populi.
1275 1394 1365 1462 qui
1404 1394 1588 1447 multis
1642 1393 1920 1448 miraculis
1971 1395 2036 1449 ad

465 1487 622 1539 fidem
655 1486 974 1551 adducitur;
1010 1488 1248 1540 secundo
1293 1487 1344 1540 in
1381 1485 1679 1556 lEgypliis,
1726 1488 2040 1556 quicunque

463 1579 741 1632 miraculis
767 1577 1058 1646 stupefacti
1087 1577 1341 1632 Hebraeos
1379 1579 1619 1631 secuturi
1650 1587 1846 1632 erant:
1879 1597 1895 1629 t
1916 1577 2042 1632 Pro-

464 1670 742 1733 miscuus,
797 1669 971 1738 inquit
999 1668 1065 1733 ",
1117 1669 1345 1738 p0pulus
1396 1669 1597 1722 multus
1652 1667 2036 1739 (Egyptiorum

461 1775 564 1813 una
604 1775 722 1812 cum
758 1760 824 1814 iis
862 1773 1114 1829 egressus
1142 1769 1306 1824 est”
1339 1761 1592 1814 arcanius
1622 1773 1751 1813 vero
1791 1768 1847 1814 et
1877 1759 2038 1813 altius

2140 596 2299 632 τινων
2344 579 2671 650 σωματικῶν
2734 582 3093 654 παθημάτων,
3145 586 3224 648 εἰς
3271 583 3434 654 βάθος
3483 586 3598 654 τοῦ,
3658 580 3725 642 ἵν’

2139 669 2313 734 οὕτως
2346 671 2505 735 εἴπω,
2556 673 2936 744 κεχωρηκότος
2972 674 3164 740 κακοῦ,
3196 677 3225 728 6
3250 677 3434 747 ἰατρὸς
3486 680 3566 742 εἰς
3625 679 3726 752 τὴν

2141 762 2460 830 ἐπιφάνειαν
2487 763 2576 817 διά
2600 780 2761 819 τινων
2787 767 3091 838 φαρμάκων
3112 767 3259 821 ἕλκει
3287 769 3384 822 καὶ
3423 771 3724 826 ἐπισπᾶται

2139 853 2238 923 τὴν
2280 852 2429 924 ὓλην,
2493 855 2799 926 φλεγμονὰς
2866 857 3109 927 χαλεπὰς
3163 859 3406 930 ἐμποιῶν
3461 862 3556 915 καὶ
3595 862 3728 918 διοι-

2140 944 2340 1014 δήσεις,
2370 945 2461 998 καὶ
2494 945 2687 1010 πόνους
2710 945 2819 1017 (42)
2845 949 3091 1012 πλείονας
3110 943 3184 1004 ὧν
3212 947 3324 1022 εἶχέ
3356 971 3439 1016 τις
3472 953 3601 1024 πρὶν
3631 955 3727 1010 ἐπὶ

2139 1035 2201 1088 τὸ
2237 1034 2637 1107 θεραπευθῆναι
2667 1037 2902 1091 ὁδεῦσαι·
2938 1039 3129 1111 ῶσπερ
3171 1041 3290 1107 ἔθος
3333 1047 3506 1096 ποιεῖν
3542 1046 3724 1111 αὑτοῖς

2140 1127 2233 1180 ἐπὶ
2249 1127 2644 1199 λυσσοδήκτων,
2677 1129 2772 1182 καὶ
2817 1131 3018 1202 ἐτέρων
3042 1132 3209 1187 τινῶν
3255 1133 3323 1186 τὰ
3365 1137 3724 1206 παραπλήσια

2139 1218 2345 1281 τούτοις
2379 1219 2736 1274 πεπονθότων’
2768 1221 2940 1284 οὕτως
2956 1218 3110 1292 οἶμαι
3134 1224 3229 1278 καὶ
3255 1225 3346 1277 τὸν
3364 1225 3496 1278 Θεὸν
3521 1229 3725 1280 οἰκονο-

2142 1313 2262 1380 μεῖν
2296 1308 2392 1382 τὴν
2421 1311 2650 1382 κρύφιον
2690 1313 2887 1366 κακίαν
2928 1317 3007 1377 εἰς
3038 1315 3100 1368 τὸ
3133 1315 3297 1385 βάθος
3344 1321 3725 1388 κεχωρηκυῖαν

2137 1401 2237 1470 τῆς
2279 1402 2474 1473 ψυχῆς.
2514 1404 2624 1457 Kal.
2675 1405 2864 1476 ὥσπερ
2913 1405 3062 1476 λέγει
3112 1410 3141 1461 6
3195 1409 3377 1480 ἰατρὸς
3424 1411 3517 1462 ἐπὶ
3567 1411 3722 1464 τοῦδέ

2137 1509 2310 1556 τινος·
2339 1490 2480 1560 Ἐγὼ
2497 1493 2804 1565 φλεγμονὰς
2838 1499 3052 1568 ποιήσω
3098 1499 3228 1570 περὶ
3287 1499 3379 1552 τὸν
3424 1501 3587 1555 τόπον
3619 1503 3724 1572 τῆς

2137 1582 2404 1648 ἀνέσεως,
2450 1589 2546 1638 καὶ
2596 1585 2854 1655 διοιδῆσαι
2895 1588 3193 1655 ἀναγκάσω
3228 1589 3353 1644 τάδε
3384 1590 3504 1644 τινὰ
3554 1591 3717 1662 μέρη,

2137 1672 2279 1726 ὥστε
2332 1675 2628 1746 ἀπόστημα
2676 1677 2910 1747 χαλεπὸν
2959 1679 3326 1750 ἐργάσασθαι·
3374 1681 3621 1750 λέγοντος
3662 1683 3721 1736 δὲ

2137 1764 2309 1818 ταῦτα
2338 1764 2431 1818 τοῦ
2469 1766 2677 1837 ἰατροῦ,
2719 1769 2746 1820 6
2783 1768 2882 1839 μὲν
2915 1768 3128 1823 ἀκούων
3173 1769 3336 1824 αὑτοῦ
3365 1773 3718 1842 ἐπιστημονι-

462 1850 695 1905 fortasse
725 1860 778 1903 et
806 1852 872 1903 ad
903 1850 1203 1906 Pharaonis
1232 1851 1398 1921 ipsius
1434 1850 1750 1916 utilitatem,
1792 1851 1885 1920 qui
1920 1850 2030 1921 jam

2137 1854 2378 1928 κὼτερος
2413 1856 2546 1926 (45),
2573 1856 2672 1910 οὑκ
2714 1858 3038 1925 αἰτιάσεται,
3075 1859 3210 1913 ἀλλὰ
3244 1861 3339 1915 καὶ
3372 1863 3718 1917 ἐπαινέσεται

460 1958 719 1997 \eneuutn
752 1958 855 1996 non
900 1943 1220 2009 occultaret,
1268 1957 1441 2013 neque
1472 1944 1828 2014 cupiditatem
1873 1943 2037 1998 cohi-

456 2034 629 2098 hercl,
658 2034 754 2086 sed
783 2033 1160 2101 protraheret,
1197 2043 1252 2086 et
1283 2036 1334 2087 in
1367 2043 1612 2102 apertum
1656 2034 1948 2104 profer-ret,
1980 2043 2038 2088 et

456 2125 690 2177 furtasse
733 2123 944 2191 agendo
975 2123 1316 2188 dissolveret,
1361 2135 1414 2178 ut
1463 2126 1779 2180 inhaerentis
1819 2124 2037 2180 malitia:

456 2216 772 2269 cbullitione
812 2231 876 2269 ac
923 2215 1190 2283 ejet-tinne
1250 2216 1429 2281 facta,
1481 2217 1806 2272 imbecillam
1851 2228 2035 2286 postea

465 2308 709 2374 haberet,
731 2321 850 2376 quae
875 2308 1012 2361 mala
1045 2307 1167 2373 fert,
1195 2310 1464 2372 arborem,
1489 2320 1540 2363 et
1569 2307 1796 2363 fortasse
1817 2309 2034 2364 demum

454 2401 813 2463 exsiccatam,
857 2416 979 2454 cum
1031 2401 1297 2469 mergitur
1349 2401 1606 2467 Pharao;
1662 2415 1840 2468 neque
1888 2401 2031 2466 ideo,

456 2504 514 2547 ιιι
547 2493 810 2562 quispiam
853 2492 1212 2556 existimarit,
1262 2501 1322 2547 ut
1371 2494 1586 2562 penitus
1623 2494 1900 2559 interiret,
1939 2494 2031 2549 sed

453 2597 510 2639 ιιι
541 2586 727 2653 ejectis
797 2586 1034 2652 peccatis
1066 2585 1415 2648 allevaretur,
1451 2595 1504 2640 et
1539 2586 1678 2641 forte
1718 2586 1770 2639 in
1801 2600 1934 2654 pace
1965 2601 2030 2639 ex

455 2687 606 2731 tanto
644 2677 784 2731 bello
816 2677 979 2731 animi
1014 2677 1083 2730 ad
1125 2676 1330 2730 inferos
1369 2676 1746 2731 descenderet.
1779 2675 1886 2730 Sed
1923 2675 2031 2730 for-

449 2773 592 2823 sitan
620 2783 760 2838 aegre
794 2768 1072 2837 patientur
1105 2766 1357 2831 lectores,
1389 2766 1683 2822 violentum
1712 2777 1765 2824 et
1791 2768 2029 2823 alienum

448 2876 572 2916 esse
612 2860 899 2922 arbitrati,
941 2859 1085 2930 quod
1135 2859 1473 2925 dicebamus,
1506 2859 1638 2913 utile
1677 2859 1846 2915 fuisse
1893 2859 2030 2914 Plia-

453 2952 602 3006 raoni
637 2966 736 3006 cor
771 2952 937 3020 ipsius
979 2951 1218 3004 indurari
1247 2991 1260 3013 ,
1301 2961 1353 3004 et
1403 2965 1500 3020 pro
1537 2966 1602 3005 eo
1648 2951 1846 3007 fecisse
1879 2967 2028 3021 qua?-

449 3059 664 3113 cuuqne
699 3045 898 3112 scripta
935 3053 1267 3111 suntusque
1311 3043 1376 3096 ad
1421 3042 1877 3100 subtncrsionetn.
1921 3043 2027 3098 Sed

455 3138 576 3190 vide
621 3151 750 3190 num
807 3135 953 3200 inde,
1006 3145 1213 3188 remota
1271 3134 1418 3187 omni
1477 3133 1850 3199 dubitatione,
1906 3150 2027 3205 qua:

447 3233 591 3283 dicta
627 3240 754 3284 sunt
797 3231 1026 3299 probare
1073 3229 1361 3298 possimus.
1418 3246 1435 3278 ι
1472 3226 1656 3293 Multa,
1703 3228 1882 3298 inquit
1928 3230 2029 3284 Da-

447 3320 637 3387 vid",
681 3319 886 3389 ﬂagella
940 3319 1276 3389 peccatoris;
1308 3338 1325 3370 ι
1376 3329 1430 3373 et
1477 3319 1622 3374 (ilius
1677 3320 1793 3387 ejus
1839 3322 2028 3388 docet,

450 3413 641 3478 Deum,
671 3427 1048 3483 quemcunque
1093 3413 1272 3481 diligit
1310 3421 1363 3466 et
1407 3412 1669 3480 approbat
1705 3413 1897 3478 filium,
1929 3413 2025 3468 ﬂa-

451 3506 606 3574 gellis
643 3506 955 3575 obiurgare.
1007 3505 1126 3573 Ipse
1169 3515 1431 3572 praeterea
1486 3503 1657 3558 David
1711 3507 2027 3574 promissio-

451 3614 573 3652 nctn
601 3601 667 3652 de
697 3597 917 3652 Christo
961 3607 1014 3651 et
1044 3597 1394 3652 credentibus
1425 3597 1484 3650 in
1531 3612 1654 3650 eum
1694 3598 2028 3661 vaticinans,

453 3692 525 3741 ait
549 3690 591 3720 ⁷⁷
620 3707 632 3743 :
671 3708 690 3742 t
727 3688 782 3744 Si
817 3689 1210 3759 dercliqueriut
1243 3688 1339 3742 lilii
1381 3688 1496 3756 ejus
1539 3689 1711 3755 legem
1745 3705 1943 3753 meam,
1978 3701 2032 3745 et

451 3783 502 3835 in
532 3781 748 3850 judiciis
780 3782 914 3836 meis
945 3798 1049 3835 non
1077 3780 1507 3844 ambulaverint;
1537 3781 1582 3835 si
1611 3779 2030 3849 justificationes

451 3894 598 3930 meas
642 3876 995 3939 violaverint,
1044 3881 1097 3927 et
1133 3874 1383 3926 ntandata
1442 3887 1558 3926 mea
1597 3887 1702 3927 non
1753 3874 2029 3928 custodie-

449 3975 595 4029 rint,
637 3968 1067 4020 animadvertam
1107 3964 1157 4016 itt
1207 3965 1355 4031 virga
1403 3964 1719 4033 iniquitates
1755 3965 2023 4034 ipsorum,

447 4071 502 4112 et
551 4061 602 4112 in
657 4057 885 4127 flagellis
945 4057 1154 4111 scelera
1215 4071 1445 4120 eorum;
1499 4066 1554 4107 at
1600 4055 2026 4111 misericordiam

447 4166 624 4205 meant
658 4167 764 4203 non
801 4147 1076 4218 dissipabo
1111 4151 1176 4200 ab
1204 4145 1338 4200 eis.»
1383 4144 1472 4198 Dei
1507 4144 1666 4215 116
1691 4159 1825 4214 ergo
1852 4145 2028 4214 gratia

447 4252 529 4294 est
563 4256 683 4292 eum
710 4238 763 4292 itt
786 4238 1026 4306 iniquum
1054 4233 1506 4289 animadvertitur
1530 4235 1701 4302 virga,
1735 4245 1789 4287 et
1821 4234 1872 4286 in
1903 4248 2026 4303 pec-

447 4345 690 4390 catorem
726 4330 972 4404 ﬂagellis.
1006 4331 1068 4386 Et
1099 4339 1372 4400 quatenus
1425 4346 1530 4383 tton
1582 4327 1885 4398 ﬂagellatur
1933 4330 2023 4398 qui

445 4437 659 4498 peccat,
691 4425 1020 4480 correctioni
1061 4434 1116 4478 et
1157 4422 1525 4478 emendationi
1567 4423 1806 4476 nondum
1851 4422 2026 4492 subji-

447 4523 610 4574 citur.
641 4518 822 4584 Quare
859 4503 1094 4570 minatur
1129 4514 1270 4568 Deus
1295 4514 1365 4579 ⁷⁸,
1408 4513 1452 4568 si
1487 4528 1679 4582 magna
1723 4513 1854 4566 fiant
1899 4527 2026 4582 pec-

448 4621 568 4662 cata
603 4608 936 4670 .ludaeorum,
973 4624 991 4656 t
1025 4620 1129 4658 non
1158 4604 1390 4672 amplius
1427 4603 1937 4659 animadversurum
1970 4621 2020 4658 tn

450 4704 590 4756 tilias
651 4698 837 4752 eorum
887 4713 1007 4749 cum
1051 4711 1108 4749 se
1152 4695 1562 4764 prostituerint,
1603 4704 1658 4749 et
1704 4695 1756 4748 in
1795 4709 2025 4765 sponsas

449 4795 689 4862 Ipsorum
716 4806 839 4846 cum
889 4789 1096 4842 fuerint
1146 4786 1481 4840 adulteratm.
1512 4805 1530 4839 ι
1573 4787 1637 4840 Ει
1673 4786 1796 4842 alibi
1823 4788 1901 4840 ait
1928 4786 1972 4818 ⁷³
2007 4805 2020 4841 :

455 4906 475 4938 ι
502 4888 638 4955 Quia
665 4883 958 4954 expurgavi
981 4891 1050 4946 te,
1075 4889 1126 4934 et
1163 4895 1267 4934 non
1296 4895 1354 4934 es
1381 4886 1657 4948 purgatus,
1689 4893 1794 4932 non
1822 4879 2027 4933 irascar

452 4978 544 5030 tibi
579 4976 836 5045 amplius,
868 4989 1043 5042 neque
1080 4970 1375 5024 aamnlabor
1405 4980 1630 5040 propter
1654 4981 1706 5025 te
1733 4970 2016 5039 amplius.»

451 5071 592 5139 l'lrgo
619 5069 814 5138 quibus
852 5081 959 5120 non
998 5064 1252 5118 irascitur
1304 5063 1677 5128 peccantibus,
1726 5071 1784 5116 ut
1823 5063 1897 5115 ita
1944 5061 2023 5114 di--

449 5180 599 5226 rain,
650 5161 754 5215 bile
806 5162 1060 5214 incensus
1123 5171 1229 5210 non
1282 5154 1559 5207 irascitur.
1612 5151 2019 5206 Observandum

452 5268 710 5325 prmterea
752 5253 924 5306 minas
961 5265 1080 5319 quae
1126 5264 1221 5316 per
1251 5247 1544 5316 prophetas
1587 5242 1887 5313 jaciuntur,
1938 5243 2020 5297 Itis

2137 1947 2227 2000 τὸν
2268 1948 2440 2000 ταῦτα
2491 1949 2652 2001 οἱονεὶ
2693 1951 3020 2005 ἀπειλοῦντα
3070 1952 3438 2024 ἐργάσασθαιο
3472 1955 3500 2006 6
3535 1953 3592 2007 δέ
3634 1971 3720 2018 τις

2137 2037 2278 2103 λέξει
2308 2040 2532 2110 φάσκων
2572 2041 2850 2112 ἀλλότριον
2882 2044 2979 2114 τῆς
3009 2043 3118 2098 τῶν
3155 2045 3353 2115 ἰατρῶν
3387 2045 3721 2113 ἐπαγγελίας

2138 2137 2332 2196 ποιεῖν,
2375 2133 2436 2186 τὸ
2478 2133 2595 2186 δέον
2652 2133 2762 2204 (Η)
2815 2136 3081 2202 ὑγιάζειν,
3124 2137 3217 2188 ἐπὶ
3268 2135 3575 2207 φλεγμονὰς
3624 2138 3718 2189 καὶ

2136 2225 2499 2294 ἀποστήματα
2553 2224 2782 2293 ἄγοντα·
2841 2227 2982 2279 οὕτω
3014 2227 3070 2280 δὲ
3103 2225 3256 2299 οἶμαι
3303 2228 3399 2282 καὶ
3443 2228 3534 2281 τὸν
3584 2229 3722 2281 Θεὸν

2136 2317 2414 2388 εἰρηκέναι
2462 2317 2554 2369 τό·
2598 2336 2616 2368 ι
2667 2317 2805 2386 Ἐγὼ
2861 2319 3146 2390 σκληρυνῶ
3197 2321 3296 2391 τὴν
3339 2321 3564 2391 καρδίαν
3605 2322 3717 2373 Φα-

2136 2406 2282 2477 ραὼ·
2312 2426 2328 2458 ι
2382 2409 2474 2459 καὶ
2505 2407 2708 2460 τούτων
2753 2410 3174 2479 γεγραμμένων,
3202 2412 3231 2463 6
3268 2411 3364 2480 μὲν
3399 2409 3611 2464 ἁκούων
3641 2409 3718 2472 ὡς

2133 2499 2267 2552 Θεοῦ
2303 2499 2516 2567 λογίων,
2564 2498 2625 2552 τὸ
2687 2499 2786 2570 μὲν
2830 2500 3044 2570 ἀξίωμα
3091 2501 3185 2554 τοῦ
3239 2501 3488 2570 λέγοντος
3533 2500 3717 2573 τηρῶν

2132 2588 2471 2658 ἀποδέχεται,
2510 2590 2604 2642 καὶ
2639 2588 2815 2659 ζητῶν
2849 2591 2954 2650 πᾶς
2997 2591 3241 2661 εὑρίσκει
3271 2592 3366 2645 καὶ
3414 2593 3470 2644 ὲν
3506 2591 3716 2653 τούτοις

2132 2681 2447 2752 ἀγάθότητα
2494 2681 2587 2734 τοῦ
2636 2681 2772 2734 Θεοῦ
2820 2683 3168 2752 παραστῆσαι
3218 2682 3510 2754 γινομένην
3562 2682 3710 2753 (45)·

2132 2776 2510 2847 φανερώτερον
2549 2776 2646 2846 μὲν
2681 2775 2774 2828 ἐπὶ
2816 2773 3058 2845 σωτηρίᾳ
3089 2774 3182 2830 τοῦ
3217 2775 3366 2841 λαοῦ,
3401 2774 3490 2828 διὰ
3533 2775 3716 2829 πλιιό-

2131 2886 2236 2922 νων
2271 2867 2589 2940 παραδόξων
2619 2870 3100 2940 πιστοποιουμένου
3121 2886 3134 2899 ·
3172 2870 3265 2922 καὶ
3302 2868 3554 2937 δεύτερον
3588 2866 3716 2938 περὶ

2129 2959 2237 3014 τῶν
2254 2959 2594 3027 Αἰγυπτίων,
2629 2961 2743 3013 ὅσοι
2777 2960 2996 3031 ἔμελλον
3028 2960 3098 3014 τὰ
3122 2961 3379 3030 γινόμενα
3406 2959 3717 3032 καταπλητ-

2130 3051 2348 3122 τόμενοι
2381 3050 2690 3103 ἀκολουθεῖν
2723 3053 2832 3113 τοῖς
2862 3050 3162 3122 Ἑϐραίοιςο
3195 3071 3213 3102 ι
3238 3050 3552 3121 Ἑπίμικτος
3584 3051 3712 3122 γὰρ,

2131 3144 2283 3214 φησὶ,
2325 3143 2450 3208 λαὸς
2495 3143 2663 3207 πολὺς
2713 3144 2820 3198 τῶν
2871 3144 3182 3212 Αἰγυπτίων
3244 3143 3565 3212 συνεξῆλθεν
3617 3143 3715 3195 αὑ-

2130 3237 2278 3298 τοῖς⁸
2307 3253 2325 3286 ι
2369 3235 2804 3306 ἀπορῤητότερον
2848 3234 2904 3288 δὲ
2951 3235 3045 3288 καὶ
3091 3233 3386 3307 βαθύτερον
3417 3235 3579 3305 τάχα,
3621 3233 3715 3286 καὶ

2133 3325 2226 3377 ἐπὶ
2276 3323 2354 3395 τῷ
2387 3323 2576 3393 ὄφελος
2622 3324 2876 3392 γενέσθαι
2926 3325 3077 3395 αὑτῷ
3113 3323 3191 3394 τῷ
3222 3323 3441 3396 Φαραὼ,
3489 3326 3589 3379 οὑκ
3634 3326 3714 3378 ἔτι

2132 3414 2536 3486 ἀποκρύπτοντι
2581 3413 2672 3467 τὸν
2709 3414 2806 3479 ἰὸν,
2837 3414 2958 3468 οὐδὲ
2990 3415 3090 3487 τὴν
3121 3413 3234 3478 ἕξιν
3269 3415 3562 3486 συνέχοντι,
3598 3414 3711 3469 ἀλλ’

2131 3507 2343 3561 ἕλκοντι
2376 3508 2470 3560 καὶ
2508 3508 2586 3570 εἰς
2635 3507 2943 3577 τούμφανὲς
2987 3507 3173 3576 ἄγοντι
3215 3506 3397 3570 αὑτὸν,
3432 3509 3528 3560 καὶ
3573 3507 3714 3576 τάχα

2130 3599 2218 3653 διὰ
2249 3598 2343 3652 τοῦ
2375 3599 2630 3670 πράττειν
2660 3597 2924 3664 ὲκλὺοντι,
2957 3599 3043 3652 ἵνα
3066 3598 3241 3651 πάντα
3261 3597 3328 3651 τὰ
3352 3598 3451 3668 τῆς
3479 3601 3713 3669 ἐνυπαρ-

2130 3689 2332 3760 χούσης
2411 3687 2610 3751 κακίας
2693 3688 3052 3759 ὲκϐράσματα
3122 3687 3472 3751 ἐπιτελέσας,
3527 3689 3712 3742 ἄτονον

2131 3779 2355 3850 ὕστερον
2400 3779 2497 3850 ἔχῃ
2540 3781 2600 3832 τὸ
2631 3777 2738 3831 τῶν
2785 3778 2971 3831 κακῶν
3027 3779 3265 3831 οἰστικὸν
3313 3765 3527 3850 δένδρον
3577 3778 3709 3848 (46),

2129 3872 2268 3942 τάχα
2301 3871 2689 3942 ξηραινόμενον
2723 3871 2814 3923 ἐπὶ
2833 3869 2996 3933 τέλει,
3021 3869 3109 3922 ὅτε
3142 3869 3588 3935 καταποντοῦται,
3617 3869 3712 3941 οὑχ

2129 3965 2206 4028 tit;
2240 3964 2451 4035 οἰηθείη
2484 3963 2548 4016 ἄν
2593 3979 2676 4026 τις
2707 3963 2800 4014 ἐπὶ
2832 3960 2910 4032 τῷ
2943 3959 3219 4023 παντελῶς
3242 3959 3565 4022 ἀπολέσθαι,
3599 3958 3711 4012 ἀλλ’

2127 4056 2219 4109 ἐπὶ
2268 4054 2346 4124 τῷ
2384 4054 2726 4108 ἀποϐαλόντα
2773 4054 2842 4108 τὰ
2889 4053 3260 4124 ἁμαρτήματα
3317 4048 3710 4118 κουφισθῆναι,

2126 4149 2221 4202 καὶ
2249 4147 2390 4217 τάχα
2410 4149 2466 4200 ὲν
2494 4149 2684 4218 εἰρήνῃ
2713 4148 2820 4201 ἀπὸ
2848 4145 3101 4198 τοσούτου
3134 4140 3368 4212 πολέμου
3405 4141 3502 4210 τῆς
3534 4139 3712 4210 ψυχῆς

2126 4241 2204 4302 εἰς
2235 4238 2361 4309 ᾅδου
2396 4239 2721 4308 καταὸἧναι.
2765 4237 2901 4290 Ἀλλ’
2924 4235 3071 4297 εἰκὸς
3102 4231 3390 4294 δυσπαθῶς
3420 4229 3560 4294 ἕξειν
3588 4230 3713 4292 τοὺς

2127 4330 2563 4400 ἐντευξομένους,
2593 4329 2762 4399 βίαιον
2798 4325 3276 4397 ὑπολαμϐάνοντας
3309 4318 3445 4375 εἶναι
3477 4320 3538 4374 τὸ
3563 4320 3714 4390 λεγόο

2129 4440 2308 4494 μενον,
2354 4423 2429 4485 ὼς
2475 4423 2583 4494 ἄρα
2619 4421 2898 4492 συμφέρον
2953 4415 3234 4488 γεγονέναι
3280 4413 3360 4486 τῷ
3400 4413 3599 4486 Φαραὼ
3653 4412 3711 4467 τὸ

2057 4534 2100 4589 ι)
2130 4515 2493 4586 ὲσκληρὺνθαι
2545 4513 2710 4565 αὑτοῦ
2751 4514 2852 4582 τὴν
2893 4509 3142 4583 καρδίαν,
3205 4509 3300 4560 καὶ
3352 4505 3494 4577 ὑπὲρ
3546 4504 3712 4560 αὑτοῦ

2130 4606 2308 4660 πάντα
2339 4604 2408 4657 τά
2452 4603 2919 4674 ἀναγεγραμμένα
2955 4600 3257 4670 γεγονέναι,
3293 4597 3452 4670 μέχρι
3490 4596 3584 4650 καὶ
3615 4596 3712 4667 τῆς

2131 4695 2613 4759 καταποντώσεως.
2657 4697 2798 4766 Ὅρα
2829 4695 2885 4747 δὲ
2936 4696 2984 4746 εἰ
3037 4690 3310 4762 δυνάμεθα
3357 4686 3605 4742 ἐντεῦθεν
3652 4686 3714 4740 τὸ

2131 4788 2414 4852 δυσπειθὲς
2449 4787 2787 4858 περιελόντες
2820 4785 2994 4840 πειθὼ
3032 4781 3428 4856 ἐνεργάσασθαι
3460 4779 3554 4833 τοῦ
3586 4779 3714 4851 περὶ

2132 4879 2240 4932 τῶν
2299 4879 2626 4951 εἰρημένων.
2686 4899 2703 4930 ι
2734 4878 2933 4932 Πολλαὶ
2999 4881 3053 4932 αἰ
3121 4877 3416 4948 μάστιγες,
3475 4875 3637 4944 φησιν
3684 4875 3714 4926 6

2130 4971 2312 5036 Δαυῒδ,
2338 4971 2428 5024 τοῦ
2449 4971 2800 5042 ἁμαρτωλοῦ’
2828 4992 2845 5022 ι
2875 4973 2903 5024 6
2923 4972 2976 5024 δὲ
3009 4971 3122 5034 υίὸς
3155 4968 3316 5022 αὑτοῦ
3339 4967 3596 5028 διδάσκει,
3631 4965 3713 5017 ὃτι

2133 5066 2384 5133 μαστιγοῖ
2418 5065 2446 5116 ὁ
2475 5063 2608 5126 Θεὸς
2644 5064 2823 5118 πάντα
2851 5065 2966 5117 υἱὸν
2998 5064 3057 5116 ὃν
3091 5060 3470 5132 παραδέχεται.
3511 5057 3631 5109 Ἔτι
3654 5056 3710 5108 δὲ

2129 5155 2288 5218 αὑτὸς
2325 5157 2352 5208 ὁ
2403 5156 2567 5210 Δαυῒδ
2623 5157 2966 5225 ἀπαγγελίαν
3029 5151 3390 5225 προφητεύων
3440 5148 3537 5220 τὴν
3586 5155 3714 5218 περ).

2129 5247 2390 5318 Χριστοῦ,
2436 5248 2530 5301 καὶ
2577 5249 2685 5300 τῶν
2743 5251 2822 5311 εἰς
2876 5247 3037 5300 αὑτὸν
3087 5243 3472 5309 πιστευόντων,
3519 5237 3708 5311 φησίν⁵

519 5394 564 5425 ἠ
605 5392 774 5446 Exod.
801 5404 897 5452 ut,
930 5387 1020 5441 58.
1094 5384 1141 5415 ⁷⁵
1181 5381 1324 5436 Psal.
1359 5395 1504 5443 xui,
1534 5379 1619 5434 10.
1697 5379 1740 5409 ⁷⁷
1782 5377 2030 5434 Psal.Lxx

2131 5399 2197 5450 tt,
2229 5384 2290 5438 51
2319 5393 2384 5462 et.
2405 5399 2523 5451 seq.
2599 5383 2644 5414 ⁷⁸
2682 5381 2821 5437 Ose
2850 5397 2920 5446 tv,
2958 5381 3046 5436 M.
3121 5380 3168 5413 "
3211 5380 3408 5435 Ezeclt.
3444 5393 3592 5441 xxiv,
3624 5372 3711 5429 l3.

527 5505 637 5573 (4‘2)
672 5505 906 5568 Πόνους
949 5500 1099 5555 deest
1121 5497 1175 5552 in
1202 5494 1351 5548 libris
1381 5503 1534 5547 antea
1566 5492 1746 5559 editis,
1779 5493 1871 5548 sed
1905 5508 2026 5563 Sup-

459 5575 633 5647 pletttr
656 5587 831 5647 e_t_ttss.
948 5639 960 5647 _
1227 5637 1240 5647 _
1614 5632 1624 5647 '

529 5642 637 5711 (l3)
683 5642 832 5711 Unus
865 5639 1030 5711 codex
1057 5651 1198 5711 _n_ts.,
1220 5637 1816 5711 ἐπιστημονικῶτερον.

529 5703 637 5780 (44)
679 5709 892 5780 Ποιεῖν,
941 5709 1005 5760 τὸ
1047 5707 1204 5773 δέον,
1249 5716 1355 5760 olc.
1411 5705 1716 5774 Lt‘gCltdlllll
1788 5703 2021 5770 videtur,

461 5778 628 5836 ποιεῖν
657 5781 745 5834 τὸν
776 5778 910 5845 δέον,
938 5787 1042 5831 etc.

2206 5496 2318 5569 (45)
2359 5494 2722 5569 Γινομένηῃ.
2749 5494 2920 5569 Forte
2949 5493 3242 5569 legendum
3275 5490 3604 5569 γινομένοις.

2202 5553 2314 5635 (4θῇ
2356 5553 3333 5636 Δένδρονδίἰιιειίιιειιιίἰιιιινιεξιιοίιι
3371 5553 3558 5636 rejerit
3591 5553 3712 5636 asty-

2129 5625 2276 5758 ἔξω.
2298 5625 2461 5690 ἸιιΙῘιὶ
2497 5625 2790 5706 legendum
2826 5635 3056 5702 videtur,
3092 5625 3204 5687 ἀλλ’
3232 5629 3376 5693 εἰκὸς
3410 5625 3710 5688 δυσπειθῶς

2135 5708 2146 5724 ⁸
2167 5725 2298 5762 .stv.
2331 5715 2441 5762 etc.

2167 5743 2244 5774 ‘95
2259 5743 2298 5772 v_,
2331 5743 2441 5762 νιν.
