4132 6422
415 398 522 454 275

414 609 509 662 καὶ
545 608 657 669 τοῖς
711 605 941 677 κρίμασί
979 622 1076 674 μου
1116 604 1189 674 μὴ
1244 599 1615 671 πορευθῶσιν·
1654 599 1749 651 ἐὰν
1795 599 1861 650 τὰ
1913 597 1993 649 δι-

413 697 704 767 καιώματά
755 714 853 766 μου
914 693 1298 765 βεϐηλώσωσι,
1351 693 1445 745 καὶ
1501 691 1600 753 τὰς
1651 691 1869 753 ἐντολὰς
1926 690 1994 767 (δέ

416 805 517 856 μου
552 766 663 856 (47)
704 786 776 855 μὴ
808 783 1136 853 φυλάξωσιν,
1183 782 1549 853 ἐπισκέψομαι
1580 785 1637 834 ἐν
1669 781 1851 852 ῥάϐδῳ
1896 766 1994 844 τὰς

414 876 643 947 ἀνομίας
684 875 880 934 αὐτῶν.
918 876 1013 928 καὶ
1055 877 1112 928 ὲν
1150 873 1366 944 μάστιξι
1400 874 1500 937 τὰς
1533 873 1745 936 ἀδικίας
1786 873 1989 927 αὐτῶν·

416 969 477 1021 τὸ
526 969 583 1021 δὲ
644 969 792 1031 ἔλεός
846 986 947 1039 μου
996 970 1056 1022 ού
1095 969 1167 1039 μὴ
1217 966 1553 1021 διασκεδάσω
1603 966 1698 1019 ἀπ’
1740 964 1937 1019 αὐτῶν.
1971 984 1989 1017 ι

413 1058 621 1112 υύκοῦν
656 1060 815 1129 χάρις
849 1060 985 1111 Θεοῦ
1015 1061 1133 1112 ἐστι
1167 1060 1227 1111 τὸ
1270 1059 1469 1129 ἄνομον
1506 1058 1617 1127 (48)
1663 1058 1995 1128 ἐπισκεφθῆ-

412 1167 497 1203 ναι
553 1150 753 1222 ράόδῳ,
782 1151 877 1203 καὶ
920 1152 1011 1203 τὸν
1060 1150 1382 1221 ἁμαρτωλὸν
1439 1150 1673 1221 μάστιξι.
1721 1151 1830 1203 Καὶ
1872 1151 1993 1203 ὅσον

411 1255 475 1308 γε
512 1242 575 1293 ού
636 1238 991 1311 μαστιγοῦται
1042 1241 1070 1291 6
1127 1239 1486 1310 ἁμαρτάνων,
1551 1239 1832 1293 παιδεύσει
1900 1241 1995 1293 καὶ

408 1332 691 1405 διορθώσει
724 1332 935 1385 οὐδέπω
976 1331 1280 1401 ὑπάγεται·
1312 1332 1392 1385 διὸ
1422 1333 1514 1385 καὶ
1542 1332 1756 1384 ἀπειλεῖ
1780 1333 1808 1384 6
1829 1330 1991 1394 Θεὸς,

410 1425 508 1478 έάν
547 1424 761 1495 μεγάλα
810 1423 1034 1495 γένηται
1068 1424 1137 1477 τά
1182 1425 1554 1495 ἁμαρτήματα
1587 1424 1694 1476 τῶν
1731 1422 1827 1491 τὴν
1866 1422 1995 1473 ’1ου-

405 1517 565 1572 δαίαν
611 1517 933 1583 οἰκούντων,
992 1517 1253 1587 (Μηκέτι
1306 1515 1704 1584 ἐπισκέψασθαι
1756 1514 1849 1568 ἐπὶ
1897 1514 1995 1578 τὰς

408 1605 716 1677 θυγατέρας
756 1606 936 1660 αὐτῶν
962 1607 1089 1659 ὅταν
1120 1604 1445 1677 πορνεύωσι,
1483 1604 1577 1657 κα).
1610 1605 1702 1657 ἐπὶ
1735 1606 1833 1667 τὰς
1862 1606 1995 1674 νύμ-

408 1713 513 1764 φας
551 1697 729 1756 αὐτῶν
774 1698 903 1750 ὅταν
949 1697 1261 1767 μοιχεύωσι.
1292 1715 1308 1747 ι
1348 1696 1458 1749 Καὶ
1508 1696 1743 1765 ἀλλαχοῦ
1796 1712 1988 1765 φησιν·

412 1806 431 1838 ι
468 1788 608 1840 Ἀνθ’
640 1779 714 1843 ὧν
752 1786 1053 1857 ἐκαθάρισά
1086 1804 1145 1839 σε
1176 1786 1284 1855 (49)
1330 1787 1423 1839 καὶ
1457 1787 1557 1839 οὐκ
1589 1786 1988 1858 ὲκαθαρίσθης,

1821 384 1885 439 ΙΝ
1930 383 2236 441 EXODUM.

418 540 440 570 ι
485 514 609 569 Ἐἀν
644 512 1106 584 έγκαταλείπωσιν
1135 511 1181 563 οἱ
1213 508 1316 561 υἱοὶ
1359 507 1521 561 αύτοῦ
1553 506 1641 558 τὸν
1672 504 1833 575 νόμον
1869 522 1983 575 μου,

2099 501 2210 557 fere
2272 500 2449 555 verbis
2521 500 2821 556 concludi:

3573 383 3680 436 ΞΠ

2869 521 2886 553 ι
2936 500 3304 571 Cognoscent,
3396 501 3519 572 quia
3580 518 3681 573 ego

2104 592 2443 656 Dominus”
2498 603 2551 645 et
2602 594 2840 646 minatur
2887 610 2990 646 non
3040 593 3299 649 lsraelitis
3359 595 3538 660 modo,
3584 600 3677 649 sed

2101 684 2264 738 etiam
2290 682 2587 754 Egyptiis,
2619 696 2673 737 et
2705 685 2965 755 Assyriis,
2993 696 3045 739 et
3078 686 3200 739 aliis
3230 686 3462 739 inimicis
3494 686 3676 755 populi

2104 775 2205 829 sui.
2240 774 2294 827 ld
2330 789 2454 828 vero
2482 776 2624 843 quod
2660 776 2709 829 in
2745 776 2849 827 line
2881 777 3125 830 omnium
3160 775 3422 842 ejusmodi
3450 776 3681 830 commi-

2104 866 2383 920 nationnm
2428 867 2664 930 additur,
2701 869 2752 921 in
2789 868 2974 921 Exodo
3008 882 3223 937 quoque
3265 868 3527 935 scriptum
3575 878 3677 921 est.

2102 957 2355 1027 Nunquid
2384 975 2512 1028 ergo
2530 961 2619 1029 qui
2649 961 2887 1023 indurat,
2912 963 3103 1025 durum
3139 960 3388 1012 indurat?
3430 969 3677 1028 apertum

2102 1064 2285 1106 autem
2324 1064 2407 1107 est
2454 1055 2647 1107 durum
2680 1069 2784 1106 non
2837 1053 3102 1116 indurari,
3146 1054 3239 1105 sed
3287 1068 3396 1119 pra}
3434 1051 3676 1104 mollitu-

2101 1144 2249 1208 dine,
2296 1143 2550 1198 duritiem
2596 1146 2650 1197 in
2706 1145 2957 1199 duritiem
3014 1145 3355 1197 commutari.
3405 1142 3679 1196 Mollitndo

2102 1251 2231 1291 vero
2260 1236 2439 1291 cordis
2472 1236 2772 1304 Scriptnrte
2812 1236 3084 1291 sententia
3120 1236 3426 1295 laudabilis.
3465 1244 3515 1287 ut
3560 1235 3676 1301 plc-

2101 1329 2287 1398 risqne
2316 1330 2367 1383 in
2400 1328 2543 1383 locis
2571 1343 2601 1382 a
2634 1328 2792 1382 nobis
2825 1339 2909 1382 est
2939 1329 3305 1381 observatum.
3353 1328 3539 1380 Dii-ant
3578 1326 3680 1379 ita-

2101 1439 2207 1492 que
2244 1440 2310 1477 an
2342 1423 2556 1477 Pharao
2580 1421 2645 1474 de
2684 1421 2824 1475 bono
2854 1421 3025 1474 factus
3059 1420 3129 1473 sit
3160 1422 3367 1485 malus;
3400 1424 3489 1473 sed
3517 1428 3570 1472 et
3611 1436 3677 1473 an

2102 1514 2267 1576 Deus,
2305 1529 2430 1568 cum
2477 1512 2813 1566 Pharaonem
2860 1512 3225 1580 reprehendit,
3268 1512 3464 1580 injuria
3508 1528 3677 1566 necne

2103 1604 2498 1675 reprehendat:
2527 1603 2577 1658 si
2612 1612 2853 1667 temere;
2877 1603 3156 1669 quomodo
3185 1603 3400 1671 sapiens
3426 1601 3677 1669 etjustus

2101 1698 2218 1751 est?
2257 1698 2301 1751 si
2338 1710 2444 1749 non
2496 1704 2738 1759 temere;
2789 1708 2949 1747 causa
3002 1694 3101 1746 fuit
3136 1705 3518 1763 peccatorum,
3557 1710 3677 1762 qua:

2101 1803 2129 1841 ιι
2174 1785 2471 1841 Pharaonis
2514 1786 2652 1840 duro
2699 1793 2752 1840 et
2806 1785 3155 1853 immorigero
3211 1784 3391 1837 animo
3433 1784 3675 1851 profecta

406 1877 469 1930 οὐ
529 1877 925 1948 θυμωθήσομαι
989 1879 1079 1932 ἐπὶ
1134 1878 1214 1931 σοὶ
1258 1877 1367 1941 ἔτι,
1420 1877 1541 1930 οὐδὲ
1608 1876 1836 1948 ζηλώσω
1896 1879 1983 1933 ἐπὶ

2095 1886 2259 1931 sunt:
2292 1885 2348 1930 at
2384 1876 2428 1930 si
2464 1890 2627 1929 causa
2683 1882 2785 1938 est,
2832 1889 2937 1929 non
2992 1884 3110 1926 erat
3149 1874 3241 1927 ille
3299 1876 3524 1943 perdit-.1:
3572 1892 3671 1928 na-

408 1966 491 2020 col.
544 1967 679 2023 ἔτι.»
720 1968 927 2021 Οὐκοῦν
963 1962 1044 2031 οἷς
1075 1968 1135 2020 ού
1169 1968 1429 2039 θυμοῦται
1460 1969 1885 2040 ἁμαρτάνουσιν,
1921 1970 1987 2023 ἵν’

405 2058 578 2121 οὕτως
606 2059 763 2124 εἴπω,
800 2056 1121 2130 χολούμενος
1146 2059 1206 2111 ού
1242 2059 1527 2129 θυμοῦται.
1559 2060 1987 2131 Παρατηρητέον

403 2148 460 2201 δὲ
485 2148 579 2203 καὶ
598 2149 689 2202 ἐπὶ
705 2151 823 2212 ταῖς
845 2152 1207 2220 προφητικαῖς
1228 2149 1478 2213 ἀπειλαῖς
1502 2150 1595 2202 ἐπὶ
1617 2152 1728 2212 τοῖς
1752 2149 1983 2215 πολλοῖς,

400 2240 483 2293 ὅτι
518 2241 825 2309 ὲπιλέγεται
876 2241 967 2293 τό·
1010 2261 1027 2292 ι
1062 2240 1363 2295 Γνὼσονται
1408 2242 1490 2295 ὅτι
1542 2241 1652 2311 ἐγώ
1711 2244 1825 2313 εἰμι
1876 2242 1989 2295 Κύ-

403 2350 536 2401 ριος.
566 2352 585 2385 ι
623 2333 732 2386 Καὶ
765 2333 977 2387 ἀπειλεῖ
1007 2334 1066 2386 ού
1109 2335 1268 2405 μόνον
1308 2334 1692 2406 Ἰσραηλίταις,
1727 2335 1861 2389 άλλά
1894 2335 1988 2389 καὶ

400 2426 734 2493 Αἰγυπτίοις,
771 2427 865 2480 καὶ
896 2427 1201 2500 Ἀσσυρίοις
1230 2427 1363 2495 (50),
1404 2429 1496 2481 καὶ
1526 2428 1740 2499 ἑτέροις
1774 2427 1987 2500 ἐχθροῖς

398 2518 493 2570 τού
519 2518 669 2572 λαοῦ.
701 2519 868 2573 Τοῦτο
898 2520 955 2573 δὲ
988 2520 1048 2573 τὸ
1080 2522 1172 2573 ἐπὶ
1196 2521 1337 2574 τέλει
1372 2520 1579 2574 πολλῶν
1622 2521 1986 2592 νομιζομένων

400 2607 635 2661 ἀπειλῶν
664 2608 757 2661 καὶ
790 2610 846 2661 ὲν
880 2612 943 2680 τῇ
992 2609 1184 2681 Ἐξοδῳ
1232 2610 1667 2682 ἀναγέγραπται.
1700 2606 1845 2683 *Αρα
1877 2612 1987 2683 γὰρ

398 2700 428 2750 6
456 2698 767 2771 σκληρύνων
803 2701 1037 2772 σκληρὸν
1068 2702 1390 2773 σκληρύνεις
1430 2704 1599 2771 σαφὲς
1626 2704 1671 2757 δ’
1704 2704 1787 2756 ὅτι
1822 2703 1988 2773 σκλη-

402 2788 493 2859 ρὸν
532 2791 593 2843 οὐ
636 2792 1013 2865 σκληρύνεται,
1059 2795 1175 2848 ἀλλ’
1217 2795 1324 2847 ἀπὸ
1366 2795 1707 2866 ἀπαλότητος
1748 2797 1780 2867 ἡ
1817 2796 1985 2867 σκλη-

400 2880 561 2953 οότης
733 2888 812 2949 εἰς
850 2886 1194 2957 σκληρότητα
1227 2888 1551 2959 μεταϐάλλει
1572 2906 1584 2919 ·
1625 2889 1899 2959 ἀπαλότης
1928 2890 1984 2943 δὲ

397 2973 623 3045 καρδίας
657 2976 797 3028 κατά
832 2976 931 3047 τὴν
982 2979 1206 3049 Γραφὴν
1261 2981 1555 3051 ἐπαινετὴ,
1590 2981 1667 3043 ὼς
1716 2980 1984 3050 πολλαχοῦ

402 3066 809 3136 τετηρήκαμεν.
862 3068 1186 3136 Λεγέτωσαν
1226 3070 1510 3140 τοιγαροῦν
1544 3073 1592 3123 εί
1663 3073 1897 3143 χρηστὸς
1958 3076 1986 3126 6

394 3152 595 3224 Φαραὼ
625 3156 926 3224 τυγχάνων,
963 3156 1256 3226 γεγένηται
1283 3158 1539 3228 πονηρὸς,
1566 3157 1701 3211 ἀλλά
1734 3159 1828 3211 καὶ
1866 3158 1985 3227 ἤτοι

397 3243 717 3315 αἰτιώμενος
752 3249 781 3299 6
818 3246 949 3310 Θεὸς
989 3246 1065 3317 τῷ
1097 3246 1299 3319 Φαραὼ
1339 3227 1475 3318 (52),
1509 3248 1687 3320 μάτην
1724 3250 1983 3314 αἰτιᾶται,
2014 3227 2055 3283 C

400 3334 431 3403 ἢ
463 3335 524 3387 ού
563 3335 773 3408 μάτηνσ
815 3338 865 3390 εί
899 3338 997 3409 μὲν
1030 3333 1124 3391 οὖν
1172 3339 1371 3409 μάτην,
1410 3340 1529 3403 πῶς
1560 3339 1641 3392 ἔτι
1685 3340 1848 3409 σοφὸς
1895 3341 1987 3394 καὶ

397 3424 635 3490 δίκαιος;
669 3429 716 3480 εί
749 3428 807 3481 δὲ
844 3427 916 3499 μὴ
954 3430 1152 3500 μάτην,
1176 3428 1348 3494 αἴτιος
1380 3430 1641 3501 ἐτύγχανε
1672 3429 1780 3486 τῶν
1812 3432 1981 3503 ἀμαρ-

395 3517 657 3586 τημάτων
683 3517 789 3571 τῶν
815 3520 955 3573 κατὰ
981 3522 1080 3590 τὴν
1106 3521 1390 3575 ἀπείθειαν
1419 3521 1495 3593 τῷ
1536 3521 1736 3593 Φαραώ
1754 3540 1767 3552 ο
1811 3524 1904 3577 καὶ
1937 3525 1984 3577 εί

394 3606 595 3671 αἴτιος,
649 3608 709 3660 ού
779 3608 996 3678 φύσεως
1065 3606 1133 3682 ἦν
1195 3611 1569 3685 ἀπολλυμένης
1620 3614 1842 3679 ἐκεῖνος.
1889 3616 1986 3669 Πι-

396 3699 646 3752 στευτέον
682 3700 790 3771 (55)
834 3701 1081 3771 μέντοιγε
1114 3704 1207 3756 καὶ
1240 3703 1417 3768 τοῦτο,
1461 3705 1549 3759 διά
1581 3706 1641 3759 τὸ
1689 3707 1982 3780 καταχρώ-

398 3804 558 3856 μενον
610 3790 701 3844 τὸν
727 3790 1043 3845 Ἀπόστολον
1087 3794 1200 3856 τοῖς
1232 3794 1481 3848 ἐντεῦθεν
1528 3796 1712 3865 ῥητοῖς
1765 3796 1944 3863 λέγειν
1966 3814 1978 3828 ·

400 3896 419 3927 ι
449 3880 568 3949 Ἆρ’
598 3875 690 3933 οὖν
732 3880 790 3933 ὃν
843 3882 984 3937 θέλει
1042 3884 1215 3946 ἐλεεῖ,
1264 3885 1323 3939 ὃν
1374 3887 1430 3939 δὲ
1466 3886 1609 3939 θέλει
1665 3888 1978 3960 σκληρύνει.

408 3969 581 4040 Ἐρεῖς
629 3964 722 4024 οὖν
772 3989 882 4041 μοι,
906 3974 971 4028 Τί
1021 3975 1101 4028 ἔτι
1158 3976 1463 4047 μέμφεταις
1512 3976 1590 4045 τῷ
1634 3977 1742 4049 γὰρ
1792 3979 1983 4050 βουλή-

399 4076 525 4127 ματι
567 4061 734 4114 αὑτοῦ
766 4062 850 4126 τίς
893 4065 1227 4137 ἀνθέστηκε;
1255 4086 1272 4117 ι
1313 4068 1397 4131 τίς
1445 4071 1474 4123 6
1526 4068 1843 4141 σκληρύνων
1877 4071 1972 4124 καὶ

395 4151 589 4216 ὲλεῶν;
620 4152 680 4205 ού
711 4152 820 4223 γὰρ
860 4152 924 4223 δὴ
958 4153 1143 4225 ἐτέρου
1189 4155 1249 4208 τὸ
1284 4158 1623 4231 σκληρύνειν,
1670 4162 1764 4216 καὶ⁵
1796 4165 1982 4236 ἐτέρου

391 4243 453 4297 τὸ
483 4244 654 4299 ἐλεεῖν
700 4244 843 4298 κατά
884 4247 984 4318 τὴν
1030 4248 1392 4320 ἀποστολικὴν
1442 4253 1649 4323 φωνὴν,
1697 4254 1831 4309 ἀλλά
1886 4256 1980 4309 τοῦ

391 4335 578 4389 αὐτοῦ.
603 4337 759 4389 Ἤτοι
791 4332 883 4389 οὖν
917 4338 963 4390 οἱ
992 4336 1049 4389 ἐν
1079 4338 1199 4410 Θεῷ
1229 4339 1340 4409 (54)
1369 4339 1674 4412 ὲλεούμενοι
1706 4342 1801 4396 τοῦ
1827 4344 1983 4415 σκλη-

394 4423 643 4495 ρύνοντός
674 4428 779 4480 είσι
820 4427 919 4499 τὴν
954 4430 1183 4500 καρδίαν
1213 4430 1432 4503 Φαραὼ,
1475 4434 1569 4486 καὶ⁹
1621 4435 1799 4507 μάτην
1847 4438 1980 4491 ἀνα-

2098 1980 2252 2024 tnrze.
2313 1969 2413 2023 Est
2477 1969 2578 2022 hoc
2636 1980 2851 2035 quoque
2912 1967 3236 2018 credendum
3323 1967 3463 2033 quod
3551 1967 3675 2019 hinc

2096 2060 2277 2129 petitis
2307 2061 2482 2112 verbis
2517 2072 2647 2111 usus
2680 2055 2971 2123 Apostolus
3007 2056 3135 2106 dicit
3164 2055 3209 2083 ⁸ο
3238 2073 3249 2108 :
3281 2074 3299 2105 ι
3334 2056 3474 2121 lirgo
3513 2070 3671 2123 quem

2096 2150 2208 2203 vult
2251 2151 2562 2217 miseratur,
2592 2157 2645 2203 et
2678 2162 2836 2217 quem
2882 2145 2995 2197 vult
3042 2146 3277 2199 indurat.
3338 2149 3492 2202 Dices
3539 2165 3667 2216 ergo

2097 2240 2227 2293 mihi
2266 2258 2278 2292 :
2313 2240 2421 2293 Cur
2462 2241 2627 2293 etiam
2679 2236 3008 2292 succenset?
3055 2236 3313 2290 voluntati
3364 2239 3507 2291 enim
3559 2238 3674 2304 ejus

2095 2333 2219 2400 quis
2257 2332 2528 2386 restitit?»
2577 2333 2701 2400 quis
2736 2342 2819 2388 est
2863 2336 2954 2404 qtti
3008 2334 3226 2388 indurat
3272 2343 3326 2385 et
3370 2333 3461 2401 qui
3513 2334 3672 2386 mise-

2096 2426 2283 2479 ratur?
2313 2441 2415 2479 non
2464 2426 2607 2479 enim
2644 2426 2870 2482 alterius
2901 2438 2982 2482 est
3020 2428 3292 2490 miserari,
3328 2428 3556 2480 alterius
3589 2428 3671 2479 iu-

2095 2518 2312 2584 durare,
2339 2518 2490 2587 juxta
2542 2536 2729 2575 vocem
2768 2520 3049 2589 Apostoli;
3098 2522 3192 2574 sed
3239 2522 3397 2573 Itilius
3445 2530 3497 2573 et
3529 2518 3674 2586 ejus-

2094 2610 2238 2667 dem.
2267 2612 2406 2682 Ergo
2432 2614 2521 2682 qui
2557 2612 2990 2667 misericordiam
3025 2614 3075 2667 in
3106 2612 3213 2666 Deo
3244 2623 3671 2680 consequuntur,

2093 2700 2210 2769 ejus
2250 2714 2376 2757 sunt
2433 2706 2522 2771 qui
2571 2720 2665 2760 cor
2722 2705 3027 2760 Pharaonis
3076 2705 3325 2767 indurat;
3372 2715 3426 2758 et
3472 2706 3671 2759 frustra

2095 2794 2227 2863 ipsis
2251 2794 2387 2848 alius
2412 2793 2544 2849 deus
2562 2796 2802 2865 ﬁngitur,
2830 2811 2990 2864 qnam
3015 2796 3206 2848 bonus.
3230 2794 3470 2862 Ipsorum
3501 2793 3667 2846 etiam

2093 2888 2385 2951 sententia,
2423 2889 2585 2951 Deus,
2624 2902 2728 2941 non
2774 2888 2947 2941 solum
2998 2886 3330 2947 misericors,
3374 2885 3467 2939 sed
3504 2885 3668 2937 etiam

2096 2979 2378 3046 induratis,
2404 2996 2502 3035 nec
2528 2980 2763 3049 amplius
2794 2980 2982 3041 fuerit,
3018 2988 3076 3032 ut
3099 2979 3437 3041 existimant,
3472 2978 3662 3031 bonus.

2095 3068 2222 3124 llaec
2258 3081 2439 3125 autem
2481 3074 2744 3127 adversus
2788 3088 2884 3128 eos
2920 3072 3010 3140 qui
3054 3072 3193 3123 citra
3240 3086 3424 3123 curam
3455 3081 3509 3121 et
3556 3072 3669 3122 dis-

2094 3160 2480 3227 quisitionem,
2528 3172 2797 3217 tantarum
2852 3177 3036 3216 rerum
3093 3161 3193 3214 sibi
3245 3160 3660 3228 intelligentiam

2089 3265 2366 3324 arrogant,
2403 3266 2457 3309 et
2499 3262 2804 3309 nostrorum
2837 3252 3169 3323 simplicitati
3213 3252 3495 3316 insultant,
3542 3254 3665 3306 data

2088 3362 2253 3417 opera
2302 3346 2551 3415 pluribus
2597 3361 2787 3400 sumus
2839 3345 3141 3414 persecuti,
3200 3344 3318 3397 nisu
3372 3345 3517 3397 onmi
3573 3360 3665 3396 ur»

2090 3444 2284 3503 gentes
2321 3450 2381 3488 ac
2417 3433 2705 3488 ostendere
2740 3443 3023 3498 conantes,
3057 3449 3227 3502 neque
3267 3435 3331 3486 ad
3362 3450 3422 3487 ea
3457 3450 3577 3503 qua:
3601 3435 3667 3487 de

2087 3525 2199 3581 Deo
2238 3526 2572 3587 existimant,
2608 3541 2783 3595 neque
2823 3529 2889 3581 ad
2926 3544 2988 3583 ea
3043 3544 3166 3598 quae
3200 3528 3265 3581 de
3317 3541 3507 3582 natura
3554 3539 3666 3582 tra-

2087 3618 2239 3683 dunt,
2266 3618 2367 3673 sibi
2387 3618 2703 3688 quidquam,
2736 3629 2793 3672 ut
2825 3629 3029 3688 putant,
3052 3618 3195 3675 hunc
3215 3634 3374 3689 quem
3407 3620 3666 3675 habemus

2085 3710 2340 3763 conferre
2390 3724 2718 3764 sermonem.
2774 3708 2881 3764 Nos
2931 3722 3151 3773 antem,
3203 3726 3341 3780 quos
3387 3709 3662 3778 multiplex

2086 3799 2225 3855 ratio
2256 3800 2307 3854 in
2344 3801 2481 3856 hanc
2515 3802 2841 3856 sententiam
2895 3802 3142 3867 induxit,
3178 3802 3563 3855 existimamus
3609 3812 3664 3853 rt
3694 3842 3697 3843 ν

2083 3892 2347 3956 dolorem,
2385 3902 2441 3946 et
2476 3892 2810 3958 molestiam,
2842 3903 2895 3947 et
2937 3893 3201 3957 laborem,
3250 3905 3305 3947 et
3349 3895 3666 3963 castigatio-

2086 3998 2209 4038 nem
2249 3998 2371 4053 quaa
2400 4000 2429 4037 a
2470 3984 2577 4040 Deo
2607 3984 2933 4050 inferuntur,
2975 4001 3249 4053 nunquam
3284 3996 3471 4040 cootra
3506 3986 3661 4054 117

2084 4090 2180 4131 eos
2220 4090 2381 4140 esse;
2423 4076 2518 4130 sed
2563 4077 2630 4129 iis
2677 4090 2893 4144 semper
2937 4077 3246 4129 conducere
3298 4076 3388 4143 qui
3444 4077 3662 4143 patiun-

2088 4178 2195 4222 tur.
2226 4168 2455 4222 Duriora
2502 4166 2690 4236 igitur,
2724 4182 2844 4236 quae
2888 4167 2998 4220 Deo
3042 4166 3205 4220 tribui
3258 4177 3514 4235 putantur
3571 4184 3665 4219 nu-

2086 4258 2433 4322 mina,furor
2468 4269 2523 4314 et
2573 4260 2677 4321 ira,
2731 4272 2965 4327 arguere
3013 4267 3069 4311 et
3111 4258 3332 4312 erudire
3371 4257 3658 4323 dicuntur,

2083 4358 2145 4403 ut
2179 4349 2269 4404 hic
2297 4348 2342 4381 ⁸¹
2375 4365 2390 4402 :
2430 4366 2450 4400 ι
2482 4348 2732 4413 Domine,
2753 4363 2819 4400 ne
2847 4349 2900 4401 in
2938 4346 3121 4401 furore
3151 4358 3245 4400 tuo
3275 4347 3520 4417 argueris
3552 4364 3659 4410 me,

2085 4454 2260 4507 neque
2288 4439 2367 4492 ira
2407 4449 2499 4493 tua
2526 4436 2793 4492 erudieris
2817 4452 2938 4501 me;
2989 4455 3007 4488 ι
3042 4452 3165 4491 cum
3190 4436 3257 4501 is,
3284 4438 3383 4505 qui
3404 4437 3515 4490 haec
3536 4453 3658 4506 pre-

394 4516 695 4571 πλάσσεται
728 4520 911 4583 αὐτοῖς
948 4520 1134 4593 ἕτερος
1176 4522 1328 4587 Θεὸς,
1372 4524 1404 4595 ἢ
1434 4525 1657 4595 ἀγαθός.
1702 4530 1840 4583 Κατ’
1871 4532 1972 4585 αύ-

2092 4538 2273 4595 catur,
2319 4539 2441 4585 oret
2489 4544 2559 4585 ne
2593 4542 2728 4598 opus
2776 4528 2973 4584 habeat
3034 4528 3463 4599 reprehensione
3502 4547 3530 4582 a
3575 4530 3655 4583 fu-

390 4608 518 4670 τοὺς
546 4606 698 4672 Θεὸς,
719 4608 819 4661 ούκ
850 4609 1095 4681 ἐλεήμων
1138 4613 1318 4682 μόνον,
1341 4614 1475 4668 ἀλλά
1509 4618 1602 4670 καὶ
1630 4618 1969 4691 σκληρύνων,

389 4696 485 4750 καὶ
501 4697 688 4751 οὐκέτ’
713 4698 778 4752 ἂν
807 4700 914 4772 εἴη,
945 4701 1021 4765 ὡς
1048 4702 1537 4774 ὑπολαμϐάνουσιν,
1553 4708 1773 4777 ἀγαθός.
1790 4713 1972 4767 Πάντα

386 4787 446 4840 δὲ
478 4788 651 4842 ταῦτα
680 4791 933 4862 ἐπίτηδες
966 4794 1056 4847 ἐπὶ
1088 4794 1268 4848 πλεῖον
1308 4796 1651 4870 ὲξητάσαμεν
1682 4802 1817 4873 πρὸς
1844 4806 1971 4869 τοὺς

390 4878 765 4944 ἀὸασανίστως
816 4883 1028 4945 ἑαυτοῖς
1078 4886 1467 4956 χαριζομένους
1515 4889 1575 4941 τὸ
1623 4891 1968 4961 νενοηκέναι,

391 4969 487 5021 καὶ
530 4971 905 5037 ἐπιϐαίνοντας
945 4977 1011 5046 τῇ
1045 4976 1310 5047 ἁπλότητι
1356 4978 1462 5031 τῶν
1513 4981 1817 5053 ἡμετέρων,
1859 4987 1970 5038 ἐνι-

390 5060 646 5132 στάμενοι
680 5066 774 5118 καὶ
803 5064 1109 5132 δεικνύντες
1150 5069 1233 5122 ὅτι
1283 5069 1405 5123 οὕτε
1438 5073 1519 5135 είς
1569 5070 1604 5125 ἃ
1651 5073 1970 5144 ὑπολαμϐά-

460 5197 507 5229 ⁸ο
542 5199 700 5254 Rom.
728 5217 806 5267 Ix,
838 5203 921 5268 l8,
956 5204 1041 5259 19.
1116 5205 1159 5237 ⁸¹
1189 5204 1332 5261 Psal.
1365 5223 1439 5272 νι,
1470 5208 1525 5274 2,
1562 5218 1611 5263 et
1659 5226 1868 5277 xxxvn,
1912 5213 1966 5268 2.

389 5334 898 5461 ιίθξῄῖδξντολάς
925 5340 992 5394 δέ
1015 5361 1156 5411 μου.
1188 5342 1557 5415 Expungenda
1588 5346 1801 5423 videtur
1833 5364 1958 5420 par-

454 5475 570 5615 (48)
616 5480 687 5532 Τὸ
719 5477 967 5565 ιξνομογ.
1003 5480 1164 5565 Lego,
1193 5484 1252 5535 τὸ
1286 5484 1378 5537 τὸν
1409 5485 1631 5557 ἄνομον.
1724 5462 1738 5475 ’

478 5546 565 5615 49)
618 5549 744 5602 Ἆνθ
782 5544 870 5603 ὧν
906 5552 1233 5615 εκαθαρισά
1256 5568 1348 5615 σε,
1367 5565 1472 5609 etc.
1528 5557 1649 5612 Haec
1674 5573 1738 5611 ex

478 5546 565 5616 49)
618 5549 760 5602 Ἆγίν
782 5546 870 5603 ὧν
906 5546 1233 5618 ἐκαθιίοισά
1256 5568 1348 5617 σε,
1367 5565 1472 5609 etc.
1513 5546 1649 5612 'Hmc
1674 5573 1739 5611 ex
1764 5556 1961 5613 Ezech.

387 5631 541 5697 πτειν,
564 5618 671 5697 _13,_
692 5620 861 5687 petita
897 5631 1043 5697 sunt,
1077 5632 1134 5697 ut
1163 5637 1230 5676 ex
1265 5623 1503 5697 Hebraeis
1529 5637 1583 5682 et
1614 5625 1867 5697 Vulgata,
1899 5641 1957 5682 et

384 5685 1203 5759 reliquis_interpretationibus
1253 5695 1388 5747 satis
1430 5707 1665 5754 constat.
1712 5685 1777 5750 Ᾰι
1825 5685 1962 5751 Vul-

386 5763 547 5881 ᾖιιιιῗῒ
574 5757 681 5811 τῶν
734 5757 1115 5818 Οπεόὶιίοιιεε
1175 5762 1405 5820 multum
1478 5766 1600 5823 inde
1677 5767 1957 5824 recedunt.

556 5842 656 5881 lUS.

556 5842 656 5883 lUS.

2080 4637 2205 4677 rore
2243 4622 2360 4685 Dei,
2396 4632 2450 4676 et
2487 4622 2791 4678 eruditione
2822 4637 2916 4692 per
2953 4621 3090 4676 iram
3124 4622 3296 4691 ipsius
3327 4624 3532 4692 ,equasi
3569 4622 3657 4677 fu-

2083 4723 2261 4770 turum
2305 4716 2380 4771 sit
2424 4723 2481 4770 ut
2535 4714 2701 4784 aliqui
2749 4716 2934 4771 furore
2987 4715 3079 4770 Dei
3119 4728 3419 4793 arguantur
3472 4728 3525 4771 et
3579 4717 3659 4770 ira

2081 4806 2250 4877 ipsius
2295 4809 2641 4863 erudiantur.
2692 4810 2873 4880 Atque
2922 4817 2981 4863 ut
3028 4809 3114 4864 his
3169 4811 3333 4865 dictis
3385 4812 3555 4880 magis
3595 4829 3658 4865 ac

2080 4900 2253 4963 magis
2306 4901 2707 4966 assentiamur,
2764 4917 2795 4955 e
2840 4902 2992 4956 Novo
3048 4916 3265 4970 quoque
3310 4902 3656 4957 Testamento

2080 4989 2281 5043 similia
2342 4993 2657 5046 testimonia
2706 4994 2937 5061 petenda
2980 5003 3147 5055 suntt,
3201 4994 3415 5049 dicente
3450 4994 3653 5048 Serva-

2081 5091 2195 5135 tore
2242 5082 2327 5136 3‘:
2367 5100 2385 5133 ι
2425 5082 2605 5154 Ignem
2645 5085 2769 5142 veni
2828 5086 3048 5139 mittere
3103 5085 3155 5140 in
3204 5095 3442 5151 terram,
3491 5097 3657 5156 atque.

2079 5214 2131 5246 θ’
2159 5215 2292 5272 Luc.
2327 5233 2428 5285 xu,
2456 5217 2546 5272 49.

2146 5352 2259 5424 (50)
2300 5354 2410 5408 Καὶ
2450 5355 2803 5426 Ἀσσυρίοις.
2844 5358 2965 5411 ιιιθο
2999 5360 3051 5411 in
3102 5359 3253 5411 libris
3296 5368 3451 5410 antea
3490 5355 3650 5412 editis

2075 5425 2276 5496 omissa
2306 5434 2450 5496 sunt,
2478 5428 2571 5478 sed
2601 5425 2922 5496 supplentur
2950 5444 2980 5483 e
3009 5444 3139 5483 mss.

2139 5490 2269 5564 (51)
2322 5490 2789 5565 Ήσκληρότῖιίςι
2826 5498 2984 5552 Deest
3038 5498 3090 5550 in
3144 5495 3355 5564 aliquot
3406 5512 3535 5551 mss.
3596 5504 3649 5546 vt

2065 5564 2257 5616 abesse
2295 5574 2493 5631 potest.

2132 5632 2243 5701 (ὔὲ)
2290 5632 2373 5698 Τῷ
2400 5634 2627 5701 Φαραώ.
2662 5635 2890 5701 Quidam
2922 5650 3078 5692 mss.,
3106 5634 3194 5686 τὸν
3227 5634 3445 5703 Φαραώ.

2134 5703 2246 5771 (ῖὶὸ)
2286 5705 2668 5773 Πιστευτέοιηο.
2704 5704 2866 5757 Forte
2901 5706 3182 5773 legendum
3214 5706 3515 5763 7:;U3Té0Vo.

2127 5773 2240 5843 (iiii
2286 5772 2431 5831 Unus
2469 5775 2634 5830 codex
2673 5791 2801 5841 ms.,
2827 5772 3068 5847 Χριστῷ.
