4132 6412
471 371 577 426 275

1927 377 2271 436 ORIGENES

3631 381 3738 439 2'6

471 493 677 547 utinam
712 490 823 560 jam
873 491 1136 558 arsisset;
1169 514 1188 548 ι
1238 495 1340 551 nisi
1411 495 1555 550 enim
1618 495 1876 553 salutaris
1913 510 2055 555 esset

2163 517 2310 553 νουσι
2345 501 2471 572 περὶ
2515 501 2669 568 Θεοῦ,
2706 500 2826 556 οὐτε
2859 504 2936 567 εἰς
2979 502 3012 557 ἀ
3052 500 3435 573 δογματίζουσι
3469 499 3598 572 περὶ
3634 501 3737 569 φύ-

473 585 635 652 ignis,
669 597 830 651 quem
865 584 1012 638 venit
1049 583 1263 641 mittere
1304 586 1356 641 in
1392 597 1596 642 terram
1624 626 1638 652 ,
1670 597 1724 641 et
1749 587 2055 644 hominibus

472 674 769 741 salutaris,
817 693 1091 747 nunquam
1137 693 1198 733 ea
1245 679 1472 733 dixisset
1522 678 1648 733 honi
1706 679 1802 733 Dei
1859 679 2052 736 Filius.

475 767 579 822 Sed
615 777 669 822 et
707 767 921 831 Petrus,
965 770 1056 838 qui
1102 771 1272 824 verbo
1313 769 1580 824 Ananiam
1619 780 1673 823 et
1728 769 2053 841 Sapphiram

473 861 983 929 quodpeccassent,
1005 859 1114 916 Deo
1139 862 1370 926 mentiti,
1399 877 1504 915 non
1528 861 1861 926 hominibus,
1885 864 2056 918 inter-

471 950 634 1017 fecit,
691 967 800 1007 non
851 953 902 1006 id
943 953 1103 1008 modo
1147 955 1360 1008 curavit
1405 962 1462 1008 ιιι
1515 953 1916 1008 :edilicarentur
1954 959 2046 1024 qui

474 1043 526 1098 ."n
560 1044 764 1099 Christi
818 1044 977 1099 ﬁdem
1009 1060 1072 1099 eo
1113 1046 1229 1100 viso
1275 1046 1644 1118 religiosiores
1673 1056 1727 1101 et
1759 1049 1932 1116 magis
1975 1049 2051 1119 pii

472 1146 630 1190 erant
660 1135 862 1199 futuri,
914 1139 1004 1191 sed
1033 1146 1086 1191 et
1109 1139 1441 1204 morientes;
1481 1140 1667 1194 volens
1709 1155 1803 1196 eos
1837 1157 1934 1211 per
1963 1157 2050 1197 re-

479 1226 754 1291 pentinam
794 1237 1023 1279 mortem
1055 1229 1320 1295 expiatos,
1363 1245 1461 1284 nec
1495 1231 1784 1298 opinantes
1813 1247 2045 1302 corpore

473 1317 744 1382 liberare,
791 1317 883 1387 qui
918 1328 971 1372 et
1011 1317 1212 1388 aliquid
1247 1321 1388 1374 unde
1413 1320 1851 1388 justiﬁcarentur
1879 1325 2048 1378 habe-

475 1413 607 1465 hant
638 1429 652 1475 ;
686 1411 812 1480 quia
848 1412 928 1466 vel
960 1411 1244 1465 dimidium
1271 1415 1534 1468 honorum
1559 1429 1780 1470 suorum
1809 1416 1860 1470 in
1897 1432 2052 1470 usum

472 1503 749 1573 egentium
786 1503 1067 1558 dederant.
1109 1504 1170 1558 Et
1213 1503 1415 1560 Paulus
1451 1520 1594 1572 eum,
1633 1508 1724 1575 qui
1765 1523 1886 1562 cum
1929 1524 2056 1576 pro-

474 1595 696 1648 consule
749 1596 941 1664 Sergio
989 1595 1157 1649 Paulo
1189 1607 1342 1661 erat,
1380 1597 1530 1652 dicto
1585 1600 1905 1662 obl-means.
1959 1615 2056 1670 per

473 1682 692 1736 dolores
735 1693 788 1736 et
824 1684 1128 1738 molestiam
1182 1685 1357 1754 ipsum
1404 1687 1470 1740 ad
1529 1688 1784 1758 pietatem
1829 1705 2055 1745 conver»

474 1776 556 1837 tit,
597 1775 782 1828 dit-ens
810 1777 908 1844 ipsi
944 1777 990 1807 ⁸³
1023 1795 1035 1829 :
1085 1795 1103 1828 ι
1137 1776 1180 1832 0
1209 1777 1367 1847 plene
1395 1779 1543 1832 omni
1573 1781 1694 1832 dolo
1717 1789 1770 1834 et
1815 1781 2046 1848 fallacia,

2162 610 2330 656 σεως.
2381 592 2745 662 συμϐάλλεται
2797 595 3003 659 αὐτοῖς,
3057 595 3133 657 ὡς
3182 593 3418 654 οἴονται,
3451 593 3478 644 ὁ
3525 590 3682 660 λόγος
3713 595 3740 647 ό

2157 680 2299 733 κατὰ
2331 679 2390 732 τὸ
2430 683 2718 751 ἐνεστηκὸς
2760 683 3164 754 ἐξεταζόμενος.
3211 683 3400 752 Ἡμεῖς
3443 681 3500 734 δέ
3539 682 3740 739 πολλα-

2159 772 2312 844 χόθεν
2348 773 2676 843 πειθόμενοι.
2713 775 2806 827 καὶ
2847 775 3009 828 πόνον
3054 775 3146 827 καὶ
3178 773 3397 826 κόλασιν
3422 773 3489 825 τὰ
3531 790 3741 845 προσα-

2157 865 2363 936 γόμενα
2412 865 2521 919 ἀπὸ
2566 866 2659 918 τοῦ
2693 867 2828 920 Θεοῦ
2861 867 3155 937 νομίζομεν
3186 863 3457 933 γίνεσθαι,
3488 865 3741 919 οὐδέποτε

2159 957 2300 1010 κατά
2329 956 2436 1011 τῶν
2487 959 2822 1028 πασχόντων,
2855 957 2966 1012 ἀλλ’
2997 959 3083 1011 ἀεὶ
3111 957 3250 1028 ὑπὲρ
3286 956 3483 1010 αὐτῶν.
3527 957 3637 1010 Kal.
3673 956 3743 1011 τὰ

2158 1049 2517 1119 χαλεπώτατα
2537 1049 2667 1118 γοῦν
2692 1049 2811 1120 Θεῷ
2836 1048 3169 1120 νομιζόμενα
3198 1047 3606 1118 προσάπτεσθαι
3633 1047 3742 1100 τῶν

2157 1143 2454 1212 ὀνομάτων.
2507 1142 2676 1212 θυμὸς
2708 1144 2800 1195 καὶ
2838 1142 2996 1213 όργὴ,
3048 1144 3290 1213 ἐλέγχειν
3343 1141 3436 1194 κα¹ι
3467 1140 3743 1195 παιδεύειν

2157 1233 2372 1301 λέγεται
2432 1235 2488 1286 ἐν
2549 1233 2660 1304 τῷ·
2701 1252 2718 1284 ι
2747 1232 2940 1304 Κύριε,
2971 1233 3044 1304 μὴ
3097 1234 3174 1303 τῷ
3203 1233 3360 1304 θυμῷ
3395 1250 3487 1286 σου
3519 1231 3744 1302 ἐλέγξῃς

2162 1342 2250 1395 με,
2296 1324 2430 1396 μηδέ
2463 1328 2531 1396 τῇ
2581 1323 2716 1396 ὀργῇ
2777 1343 2870 1378 σου
2930 1325 3226 1398 παιδεύσῃς
3261 1343 3350 1395 με,
3384 1345 3402 1376 ι
3443 1323 3537 1378 τοῦ
3571 1324 3743 1379 ταῦτα

2157 1416 2473 1486 εὐχομένου,
2523 1416 2777 1486 δεομένου
2836 1416 2910 1487 μὴ
2964 1416 3220 1486 δεηθῆναι
3257 1415 3482 1486 ἐλέγχου
3525 1413 3618 1467 τοῦ
3654 1413 3744 1467 διά

2159 1504 2332 1575 θυμοῦ
2364 1506 2523 1569 Θεοῦ,
2557 1507 2650 1560 καὶ
2686 1505 3020 1569 παιδεύσεως
3047 1506 3146 1576 τῆς
3184 1505 3273 1559 διὰ
3301 1506 3402 1576 τῆς
3444 1506 3615 1576 όργῆς
3645 1505 3746 1558 αὐ-

2157 1597 2273 1662 τοῦ,
2301 1597 2376 1660 ὡς
2407 1597 2570 1650 τινῶν
2603 1597 3079 1668 ἐλεγχθησομένων
3130 1597 3208 1668 τῷ
3274 1597 3431 1668 θυμῷ
3457 1597 3551 1653 τοῦ
3584 1596 3742 1663 Θεοῦ,

2159 1689 2252 1740 καὶ
2279 1687 2792 1758 παιδευθησομένων
2831 1691 2897 1758 τῇ
2925 1689 3060 1759 ὀργῇ
3093 1687 3279 1742 αὐτοῦ.
3314 1689 3430 1742 Ἵνα
3458 1688 3516 1741 δὲ
3546 1686 3745 1759 μᾶλλον

2160 1779 2512 1852 προσιώμεθα
2558 1779 2627 1832 τὰ
2671 1779 2962 1850 λεγόμενα,
2994 1780 3088 1833 καὶ
3119 1778 3228 1832 ἀπὸ
3257 1781 3352 1850 τῆς
3374 1780 3578 1850 Καινῆς
3620 1780 3744 1831 Δια-

473 1866 545 1920 lili
586 1867 811 1932 diaholi,
844 1871 1024 1924 hostis
1055 1872 1233 1926 omnis
1256 1871 1510 1940 justitim,
1541 1889 1646 1928 non
1677 1875 1894 1929 desines
1931 1891 2050 1944 per-

2161 1871 2326 1943 θήκης
2365 1871 2767 1943 παραπλησίοις
2803 1875 2986 1943 ῥητοῖς
3017 1872 3316 1943 χρηστέον,
3360 1870 3454 1924 τοῦ
3490 1872 3588 1942 μὲν
3630 1873 3746 1925 ﬁo-

468 1970 692 2014 vertens
754 1961 871 2015 vias
929 1961 1144 2017 Domini
1197 1965 1416 2019 rectas?
1457 1975 1512 2020 et
1561 1983 1702 2020 nunc
1737 1968 1845 2022 eris
1881 1983 2058 2024 caecus

472 2066 578 2106 non
627 2053 815 2107 videns
867 2054 1035 2109 solem
1086 2070 1258 2126 usque
1307 2058 1373 2109 ad
1421 2066 1654 2128 tempus.
1694 2075 1713 2111 ι
1773 2059 2055 2125 Quodnam

473 2144 726 2212 tempus?
758 2145 839 2199 An
871 2162 994 2199 cum
1019 2156 1240 2216 propter
1267 2157 1484 2217 peccata
1521 2161 1802 2206 correctus
1827 2195 1841 2217 ,
1878 2162 2058 2207 motus

467 2235 793 2301 ptenitenlia
830 2237 1028 2305 dignus
1060 2247 1179 2292 erat
1211 2235 1452 2304 futurus,
1505 2243 1596 2310 qui
1648 2244 1814 2296 solem
1850 2243 2058 2298 videret

469 2326 657 2380 animo
689 2337 743 2380 et
770 2343 1018 2398 corpore,
1058 2338 1115 2383 ιιι
1146 2333 1526 2388 enuntiaretur
1560 2333 1743 2388 divina
1789 2334 1964 2388 virtus
2004 2335 2056 2389 in

470 2421 814 2475 restitutione
861 2421 1010 2476 visus
1058 2422 1258 2491 ipsius;
1303 2432 1358 2478 et
1394 2425 1599 2495 animo,
1645 2425 1772 2495 quia
1812 2425 1915 2480 [ide
1940 2441 2059 2481 sus-

475 2524 658 2581 cepta,
713 2513 807 2567 Dei
841 2513 1046 2567 cultum
1081 2526 1199 2569 erat
1239 2518 1575 2586 adepturus?
1623 2517 1730 2572 Sed
1775 2527 1830 2573 et
1862 2517 2058 2572 Demas

471 2615 523 2660 et
554 2605 943 2675 Hermogenes,
990 2622 1126 2674 quos
1162 2608 1383 2662 tradidit
1426 2608 1644 2663 Satana:
1683 2620 1738 2663 ut
1784 2609 2057 2664 discerent

473 2712 580 2752 non
615 2696 964 2762 maledicere,
1000 2698 1177 2753 simile
1210 2699 1340 2768 quid
1373 2699 1479 2754 illis
1506 2701 1649 2769 passi
1684 2709 1810 2754 sunt
1838 2719 1852 2754 :
1882 2710 1937 2755 et
1969 2701 2055 2768 qui

473 2786 722 2842 Corinthi
759 2787 927 2856 patris
961 2802 1184 2842 uxorem
1219 2788 1504 2855 habuerat,
1539 2788 1771 2843 traditur
1807 2790 1921 2858 ipse
1951 2790 2056 2845 Sa-

471 2887 612 2934 tanze
647 2881 698 2933 in
741 2879 1037 2948 perniciem
1072 2881 1280 2948 carnis,
1311 2889 1369 2934 ttt
1398 2882 1626 2951 spiritus
1660 2894 1977 2938 servaretur
2001 2881 2057 2936 in

469 2973 559 3027 die
590 2973 826 3030 Domini.
853 2971 968 3028 Non
995 2983 1080 3027 est
1110 2973 1275 3044 igitur
1306 2977 1503 3030 mirum
1539 2975 1582 3030 si
1615 2976 1798 3030 omnia
1828 2976 1878 3029 in
1913 2974 2054 3029 Phl-

2159 1964 2328 2036 τῆρος
2360 1965 2642 2033 λέγοντοςσ
2681 1983 2698 2015 ι
2743 1965 2860 2036 Πῦρ
2898 1960 3060 2035 ἦλθον
3106 1964 3286 2034 βαλεῖν
3330 1965 3423 2016 ἐπὶ
3470 1965 3570 2035 τὴν
3621 1965 3742 2036 γῆν,

2161 2059 2254 2110 καὶ
2285 2057 2395 2110 εἴθε
2434 2056 2490 2110 δὲ
2529 2056 2666 2127 ἐκάη
2717 2056 2851 2125 (55)·
2881 2075 2898 2106 ι
2957 2046 3179 2110 οὐκ’ἀν
3218 2056 3327 2127 γὰρ
3370 2056 3443 2128 μὴ
3478 2058 3744 2129 σωτηρίου

2159 2149 2308 2212 ὄντος
2340 2149 2432 2202 τοῦ
2460 2150 2628 2221 πυρὸς
2657 2189 2670 2212 ,
2719 2149 2748 2201 ὃ
2795 2144 2924 2219 ἦλθε
2958 2147 3140 2218 βαλεῖν
3182 2149 3275 2201 ἐπὶ
3321 2148 3420 2219 τὴν
3473 2147 3601 2217 γῆν,
3650 2149 3746 2201 καί⁵

2160 2241 2471 2314 ἀνθρώποις
2506 2242 2776 2313 σωτηρίου
2805 2281 2819 2305 ,
2882 2240 3034 2309 ἔλεγε
3093 2241 3267 2294 ταῦτα
3329 2240 3358 2292 ὁ
3399 2239 3493 2293 τοῦ
3539 2239 3745 2308 ἀγαθοῦ

2158 2335 2295 2389 Θεοῦ
2335 2335 2482 2397 Υἱός.
2517 2333 2676 2386 Ἀλλὰ
2715 2335 2808 2387 καὶ¹
2836 2336 2864 2386 ό
2892 2333 3095 2405 Πέτρος
3128 2332 3334 2386 ἀνελὼν
3355 2332 3433 2403 τῷ
3461 2332 3603 2403 λόγῳ
3650 2333 3745 2384 τὸν

2173 2425 2421 2479 ’Λνανίαν
2455 2425 2548 2477 καὶ
2578 2424 2674 2494 τὴν
2710 2423 3026 2493 Σάπφειραν
3048 2461 3062 2487 ,
3100 2423 3526 2494 ἁμαρτήσαντας
3565 2422 3622 2473 ἐν
3667 2420 3748 2491 τῷ

2157 2516 2450 2587 ψεύδεσθαι
2478 2517 2578 2570 οὐκ
2611 2515 2943 2586 ἀνθρώποις,
2972 2515 3108 2568 ἀλλά
3134 2515 3211 2586 τῷ
3247 2515 3456 2587 Κυρίῳ,
3491 2515 3552 2568 οὐ
3585 2513 3747 2585 μόνον

2159 2609 2484 2680 πεφρόντικε
2534 2607 2631 2678 τῆς
2676 2607 2962 2678 οἰκοδομῆς
2998 2607 3107 2661 τῶν
3139 2609 3204 2661 ἐκ
3238 2607 3332 2660 τοῦ
3377 2609 3507 2678 όρᾷν
3551 2608 3612 2660 τὸ
3653 2624 3746 2676 γε-

2157 2714 2287 2769 γενη
2297 2697 2452 2768 μένον
2479 2696 2884 2769 εὐλαϐεστέρων
2913 2698 3188 2769 ἐσομένων
3206 2698 3284 2760 εἰς
3300 2697 3397 2768 τὴν
3413 2699 3493 2761 εἰς
3515 2698 3747 2766 Χριστὸν

2160 2788 2364 2850 πίστιν,
2411 2787 2548 2842 ἀλλά
2593 2788 2688 2840 καί
2737 2787 2843 2840 τῶν
2892 2787 3381 2857 ἀποθνησκόντων·
3425 2787 3748 2858 βουλόμενος

2158 2878 2358 2942 αὐτοὺς
2380 2878 2826 2948 κεκαθαρμένους
2854 2877 2931 2948 τῷ
2950 2877 3198 2948 αἰφνιδίῳ
3228 2877 3441 2947 θανάτῳ
3474 2879 3567 2931 καὶ
3597 2877 3748 2948 παρά

2159 2969 2486 3042 προσδοκίαν
2517 2967 2824 3034 ἀπαλλάξαι
2872 2969 2966 3022 τοῦ
3007 2969 3280 3040 σώματος,
3323 2968 3544 3038 ἔχοντας
3575 2985 3627 3022 τι
3656 2969 3748 3022 καὶ

475 3083 640 3122 raone
681 3068 952 3130 indurato,
981 3077 1035 3122 et
1077 3076 1156 3124 tot
1200 3069 1439 3139 denique
1473 3069 1648 3138 pcenis
1691 3067 2055 3122 circumsesso

2161 3059 2512 3125 δικαιώσεως,
2540 3062 2661 3114 ἐπεὶ
2691 3060 2798 3114 κᾶν
2833 3061 2893 3114 τὸ
2923 3062 3092 3132 ἥμισυ
3125 3059 3233 3114 τῶν
3275 3059 3625 3131 ὑπαρχόντων
3663 3058 3750 3111 δε-

472 3159 653 3213 divina
716 3163 1054 3234 benignitate
1100 3160 1580 3216 administrantur.
1619 3158 1744 3213 Hmc
1789 3169 1968 3214 autem
2000 3159 2053 3212 in

2161 3153 2397 3207 δώκασιν
2437 3155 2518 3218 εἰς
2561 3151 2660 3225 τὴν
2693 3153 2882 3224 χρείαν
2915 3153 3023 3206 τῶν
3056 3153 3349 3224 δεομένων.
3386 3153 3496 3206 Kal.
3536 3151 3748 3216 Παῦλος

473 3266 734 3320 praesens,
773 3265 830 3306 ut
884 3255 1216 3316 inciderunt,
1251 3251 1318 3307 de
1375 3266 1440 3306 eo
1495 3251 1657 3321 118
1709 3251 1855 3307 dicta
1896 3251 2052 3308 sint:

2161 3243 2213 3297 δὲ
2243 3244 2336 3298 τὸν
2370 3245 2467 3298 σὺν
2515 3243 2592 3314 τῷ
2618 3217 2920 3314 ’ἀνθυπάτῳ
2984 3217 3194 3315 Σεργίῳ
3239 3243 3436 3314 Παύλῳ
3488 3242 3566 3313 τῷ
3605 3241 3748 3311 λόγῳ

480 3361 499 3394 ι
538 3344 818 3400 lnduravit
845 3345 1106 3401 Dominus
1133 3359 1228 3400 cor
1256 3343 1579 3398 Pharaonis.
1618 3362 1637 3395 ι
1672 3343 1838 3398 Porro
1866 3343 1910 3399 si
1933 3344 2055 3412 quis

2161 3336 2374 3408 τυφλῶν
2405 3337 2496 3391 διὰ
2538 3337 2648 3391 τῶν
2692 3339 2869 3391 πόνων
2917 3339 3237 3408 ἐπιστρέφει
3266 3339 3428 3392 αὐτὸν
3461 3340 3540 3401 εἰς
3568 3335 3751 3390 θεοσέ-

475 3446 690 3491 servata
724 3438 775 3492 in
805 3439 972 3492 Deum
1009 3436 1228 3507 pietate,
1262 3435 1348 3490 his
1417 3434 1640 3489 meliora
1678 3444 1731 3490 et
1757 3435 1824 3489 ab
1868 3433 2055 3504 impie-

2161 3431 2332 3496 ϐειαν,
2383 3430 2557 3499 λέγων
2590 3428 2770 3502 αὐτῷ·
2821 3449 2841 3482 ι
2879 3425 2949 3483 Ὦ
2983 3431 3196 3502 πλήρης
3228 3431 3426 3494 παντὸς
3470 3429 3624 3483 δόλου
3656 3428 3751 3481 καὶ

476 3534 586 3582 tate
619 3529 985 3583 remotissima
1012 3569 1027 3595 ,
1087 3543 1207 3582 cum
1239 3527 1435 3581 divina:
1466 3526 1764 3596 Scriptum
1815 3525 2055 3582 testimo-

2161 3523 2338 3593 πάσης
2372 3521 2740 3594 ῥᾳδιουργίας,
2779 3523 2863 3576 υίέ
2908 3523 3158 3576 διαϐόλου
3186 3561 3200 3586 ,
3237 3521 3398 3593 ἐχθρέ
3444 3520 3622 3589 πάσης
3664 3518 3747 3572 διο

476 3618 601 3683 niis,
641 3619 937 3683 invenerit,
969 3635 1032 3672 ea
1069 3619 1274 3674 nostris
1304 3617 1638 3686 prmierenda
1673 3626 1819 3671 sunt.

2161 3616 2468 3688 καιοσύνης,
2503 3617 2564 3670 οὐ
2601 3617 2784 3691 παύσῃ
2817 3617 3156 3689 διαστρέφων
3196 3617 3294 3681 τὰς
3347 3615 3499 3679 ὁδοὺς
3542 3612 3746 3684 Κυρίου

474 3710 574 3774 τὰς
620 3710 866 3776 εὐθείας,
918 3711 1014 3763 καὶ
1045 3709 1138 3764 νῦν
1165 3709 1263 3780 ἔσῃ
1313 3709 1512 3777 τυφλὸς
1568 3708 1642 3779 μὴ
1697 3707 1908 3778 βλέπων
1956 3708 2049 3760 τὸν
2088 3707 2238 3780 ἥλιον
2281 3709 2404 3781 ἄχρι
2451 3709 2666 3782 καιροῦ.
2723 3730 2742 3762 ι
2801 3710 2962 3763 Ποίου
3014 3710 3240 3782 καιροῦ;
3277 3709 3310 3781 ἢ
3349 3709 3443 3762 τοῦ
3491 3708 3583 3760 ὅτε
3626 3707 3748 3758 tm-

475 3803 736 3874 πληχθεὶς
779 3804 872 3857 καὶ
922 3801 1268 3872 βασανισθεὶς
1326 3801 1436 3872 (56)
1487 3800 1576 3854 διὰ
1625 3799 1694 3853 τὰ
1737 3800 2128 3871 ἁμαρτήματα,
2168 3799 2358 3871 ἔμελλε
2386 3802 2658 3872 μετανοῶν
2687 3802 2836 3869 ἄξιος
2868 3802 3112 3872 γίνεσθαι
3132 3803 3452 3873 ἀμφοτέρως
3482 3801 3572 3853 τόν
3601 3799 3749 3870 ἥλιον

476 3897 609 3950 ἰδεῖν
636 3895 776 3949 κατὰ
800 3895 976 3966 ψυχὴν
1005 3895 1098 3948 καὶ
1137 3893 1279 3948 κατά
1311 3895 1502 3965 σῶμα,
1536 3895 1625 3947 ἵνα
1663 3892 2055 3964 ἐξαγγέλληται
2084 3897 2117 3965 ὴ
2155 3895 2275 3948 θεία
2299 3894 2528 3966 δύναμις
2571 3896 2664 3949 ἐπὶ
2705 3900 2771 3968 τῇ
2808 3898 3248 3950 ἀποκαταστάσει
3281 3895 3390 3949 τῶν
3427 3895 3603 3964 δψεων
3639 3890 3748 3962 (57)

475 3991 642 4044 αὐτοῦ
665 4008 679 4022 ο
721 3992 815 4044 καὶ
843 3991 984 4045 κατά
1006 3990 1202 4062 ψυχὴν,
1237 3992 1323 4044 ὅτε
1354 3989 1546 4061 ἔμελλε
1588 3988 1857 4042 πιστεύων
1889 3988 2114 4043 ὄνασθαι
2153 3991 2251 4061 τῆς
2291 3989 2629 4057 θεοσεϐείας;
2671 3993 2830 4046 Ἀλλά
2876 3993 2970 4046 καὶ
3001 3995 3210 4064 Δημᾶς,
3259 3993 3353 4046 καὶ
3395 3989 3748 4063 Ἑρμογένης,

472 4085 569 4148 οὓς
620 4087 906 4158 παρέδωκε
967 4086 1042 4154 τῷ
1095 4087 1329 4157 Σατανᾷ,
1398 4086 1484 4138 ἵνα
1545 4084 1872 4138 παιδευθῶσι
1915 4084 1990 4156 μὴ
2043 4086 2421 4158 βλασφημεῖν,
2470 4086 2850 4158 παραπλήσιόν
2891 4105 2943 4140 τι
2985 4085 3283 4140 πεπόνθασι
3335 4087 3446 4148 τοῖς
3491 4098 3751 4155 προειρη-

479 4179 684 4250 μένοις.
720 4181 828 4233 Καὶ
859 4182 887 4233 ό
923 4182 980 4233 ἐν
1015 4178 1264 4250 Κορίνθῳ
1309 4179 1407 4249 τὴν
1438 4180 1670 4244 γυναῖκα
1708 4177 1802 4230 τοῦ
1831 4178 2034 4248 πατρὸς
2074 4177 2343 4250 ἐσχηκὼς,
2372 4178 2465 4231 καὶ
2497 4178 2660 4242 αὐτὸς
2693 4178 3040 4250 παραδίδοται
3080 4177 3158 4248 τῷ
3189 4177 3401 4230 Σατανᾶ
3425 4176 3505 4238 εἰς
3533 4174 3752 4246 ὄλεθρον

475 4276 574 4347 τῆς
607 4278 826 4349 σαρκὸς,
855 4278 942 4330 ἵνα
971 4276 1032 4329 τὸ
1061 4275 1276 4345 πνεῦμα
1311 4273 1457 4344 σωθῇ
1495 4274 1552 4326 ἐν
1575 4275 1638 4343 τῇ
1673 4272 1856 4343 ἡμέρᾳ
1888 4270 1980 4324 τοῦ
2013 4272 2239 4343 Κυρίου.
2279 4272 2353 4325 Οὐ
2384 4271 2692 4343 θαυμαστὸν
2728 4269 2821 4326 οῦν
2851 4275 2899 4326 εἰ
2926 4273 3021 4326 καὶ
3053 4271 3124 4324 τά
3165 4271 3292 4342 περὶ
3313 4269 3405 4323 τὸν
3421 4267 3622 4341 Φαραὼ
3659 4267 3752 4320 τὸν

477 4368 931 4440 σκληρυνόμενον,
983 4369 1075 4420 καὶ
1123 4369 1214 4420 ἐπὶ
1255 4365 1396 4418 τέλει
1459 4365 1736 4429 τοιαύταις
1791 4365 2045 4419 κολάσεσι
2103 4367 2560 4439 περιϐαλλόμενον
2609 4366 2719 4420 ἀπὸ
2766 4365 3101 4436 ἀγαθότητος
3151 4365 3512 4434 οἰκονομεῖται
3584 4360 3743 4414 Θεοῦ.

477 4460 662 4514 Ταῦτα
719 4460 777 4512 δέ
827 4461 958 4530 ἡμῖν
1009 4459 1102 4512 ἐπὶ
1146 4457 1239 4511 τοῦ
1296 4457 1601 4528 παρόντος,
1663 4457 1738 4520 ὡς
1787 4456 2095 4521 ὑπέπεσεν,
2136 4458 2376 4530 εἰρήσθω
2410 4456 2692 4528 περὶτοῦ,
2731 4476 2749 4508 ι
2786 4457 3116 4528 Ἐσκλήρυνε
3141 4454 3347 4525 Κύριος
3379 4455 3476 4525 τὴν
3526 4454 3750 4524 καρδίαν

475 4555 694 4626 Φαραώ.
754 4575 772 4606 ι
838 4554 961 4606 Ἐὰν
1004 4553 1060 4606 δέ
1104 4571 1186 4616 τις
1228 4553 1288 4606 τὸ
1339 4553 1475 4622 πρὸς
1524 4553 1614 4605 τὸν
1665 4552 1794 4606 Θεὸν
1851 4553 2074 4616 εὐσεϐὲς
2109 4553 2329 4624 τηρῶν,
2377 4553 2696 4623 κρείττονα,
2745 4552 2838 4605 καὶ
2901 4551 3164 4623 μηδαμῶς
3208 4550 3463 4613 ἀσεϐείας
3510 4547 3749 4618 ἐφαπτό-

481 4668 618 4722 μενα
650 4645 900 4718 εὑρίσκῃ,
941 4643 1077 4716 μετὰ
1109 4644 1422 4716 μαρτυριῶν
1457 4643 1565 4696 τῶν
1610 4644 1719 4697 ἀπὸ
1753 4643 1860 4696 τῶν
1902 4643 2060 4697 θείων
2101 4643 2350 4716 Γραφῶν,
2381 4644 2607 4707 ἐκείνοις
2652 4644 2850 4715 μᾶλλον
2880 4643 3162 4715 χρηστέον.

1143 4739 1208 4792 Et
1248 4741 1398 4796 alibi.
2089 4747 2132 4800 Ι)

552 4837 631 4891 Ad
685 4835 830 4890 illum
869 4843 1131 4904 przeterea
1191 4835 1370 4888 locum
1431 4832 1543 4887 htec
1603 4832 1868 4888 meditor:
1927 4850 2053 4888 nunt

553 4979 600 5012 υ
635 4979 756 5032 Aet.
795 4980 910 5044 xui,
939 4975 1027 5040 10,
1056 4977 1144 5031 ιι.

2471 4743 2578 4796 Καὶ
2607 4743 2675 4794 ἐν
2698 4741 2909 4807 ἄλλοις
2933 4741 3063 4810 περὶ
3095 4739 3200 4793 τοῦ
3232 4738 3438 4793 αὐτοῦ.

2240 4833 2360 4886 Ἔτι
2395 4834 2451 4887 δὲ
2481 4833 2743 4903 ἐφίστημι
2777 4835 2836 4885 ἐν
2867 4833 2979 4895 τοῖς
3019 4831 3158 4885 κατά
3190 4831 3370 4895 τόπον,
3405 4831 3615 4901 μήποτε
3637 4828 3750 4900 (58)

551 5124 666 5194 (-35)
696 5125 834 5178 Εἴθε
879 5123 950 5176 δὲ
997 5121 1166 5190 ἐκάη.
1229 5121 1304 5175 Ita
1338 5122 1389 5175 in
1424 5121 1643 5174 homilia
1696 5121 1731 5175 5
1782 5121 1832 5175 in
1862 5121 2063 5194 Egech.

480 5191 656 5266 quam
684 5197 842 5266 vertit
885 5194 1281 5266 Hieronymus,
1315 5203 1611 5266 conceptus
1651 5201 1731 5244 est
1765 5194 1866 5246 iste
1905 5191 2065 5266 Luca:

485 5263 672 5322 locas:
710 5285 726 5315 ι
757 5264 938 5330 Ignem
979 5265 1102 5317 veni
1145 5263 1365 5315 mittere
1402 5263 1452 5314 in
1489 5273 1688 5315 terram
1717 5302 1732 5324 ,
1767 5271 1824 5315 et
1859 5265 2062 5315 utinam

480 5339 586 5401 jam
636 5337 840 5387 ardeat.
873 5354 890 5385 ι
933 5333 1070 5386 llinc
1101 5334 1461 5385 coulirmatur
1493 5332 1703 5398 prolata
1737 5331 1804 5384 ab
1839 5331 2066 5400 Hugone

482 5408 672 5459 Grotio
719 5405 820 5456 lori
877 5403 1036 5469 hujus
1066 5403 1224 5457 Luca-
1271 5403 1676 5468 interprelatio.
1707 5403 1798 5470 qui
1833 5403 1883 5455 in
1923 5403 2061 5454 auli-

482 5477 604 5540 t;nis
641 5475 921 5527 codirihus
966 5475 1040 5526 ita
1079 5474 1316 5541 scriptus
1351 5481 1566 5525 exstat:
1593 5472 1704 5524 Καὶ
1737 5471 1787 5524 τί
1818 5472 1977 5534 θέλω,
2010 5472 2058 5523 εἰ

484 5547 581 5612 ἤδη
622 5544 874 5612 ἀνήφθης
914 5543 1067 5596 llune
1107 5553 1288 5612 autem
1341 5542 1414 5593 ita
1459 5542 1747 5608 distinguit
1798 5541 2054 5595 Grotius:

484 5564 546 5612 τί)
622 5564 874 5612 ανηφυης
914 5564 1067 5596 IlllllC
1107 5564 1288 5594 autem
1343 5564 1414 5593 Ilil
1459 5564 1747 5608 (IlSllllgllll
1798 5564 2054 5595 UHHIUSZ

484 5564 594 5669 Κύθ-
617 5615 667 5666 τί
693 5614 858 5676 θέλω;
891 5617 939 5666 εἰ
969 5612 1068 5682 ἤδη
1104 5611 1341 5682 ἀνήφθη,
1367 5621 1422 5682 et
1455 5613 1532 5682 sic
1566 5613 1781 5678 exponit
1817 5629 1832 5667 :
1872 5633 1888 5663 ι
1918 5612 2059 5677 Quid

487 5693 660 5738 autem
697 5698 778 5737 ρει
805 5686 946 5750 quod
979 5680 1148 5748 opto?
1173 5680 1620 5748 utinamjamjam
1651 5684 1997 5738 accendatur.
2036 5701 2053 5733 ι

485 5755 548 5806 Εἰ
582 5755 725 5806 οιιίιιι
779 5770 898 5806 cum
935 5754 1250 5813 indicativo,
1286 5753 1522 5814 utinam,
1559 5756 1700 5819 apud
1735 5751 2061 5806 llellenistas

485 5825 796 5892 signiﬁcare
826 5823 1033 5878 erudite
1064 5825 1367 5878 conﬁrmat.
1410 5821 1545 5876 lluie
1570 5823 1894 5891 expositioni
1925 5822 2059 5876 asti-

2173 5123 2394 5192 pulatur
2425 5135 2531 5173 non
2560 5116 2736 5192 Syrus
2759 5114 2956 5192 modo,
2977 5115 3070 5166 sed
3107 5111 3282 5192 Aralis
3307 5110 3471 5163 etiam
3493 5118 3544 5161 et
3563 5107 3747 5169 Persa;

2173 5182 2228 5246 et
2255 5192 2422 5245 multo
2448 5182 2620 5256 magis
2650 5188 2782 5255 ipse,
2823 5194 2880 5238 ut
2927 5185 3112 5256 liquet,
3140 5182 3424 5256 Origenes,
3459 5194 3616 5256 quem
3644 5194 3751 5256 non

2175 5264 2247 5316 ita
2284 5264 2334 5315 in
2371 5260 2518 5315 Luca
2539 5249 2750 5325 legisse
2795 5249 3122 5328 crediderim
3149 5293 3162 5316 ,
3209 5254 3282 5304 uti
3325 5252 3424 5328 hoc
3468 5249 3584 5328 loco
3614 5249 3751 5328 seri-

2172 5343 2321 5402 ptum
2369 5341 2490 5396 est;
2527 5322 2630 5382 sed
2650 5342 2771 5402 eum
2808 5324 2984 5402 locum
3036 5339 3109 5402 e_x_
3151 5322 3413 5402 memoria
3453 5322 3748 5402 recitaret.

2171 5386 2498 5457 sententiam
2532 5398 2779 5452 eamdem
2808 5395 2928 5448 aliis
2960 5394 3142 5447 verbis
3171 5394 3421 5445 retulisse
3455 5386 3751 5440 verisimile

2166 5482 2269 5527 est.
2303 5472 2561 5525 Hunnus.
2979 5532 3014 5534 __
3318 5529 3329 5534 ,
3402 5529 3448 5534 __
3699 5525 3708 5534 ,

2239 5541 2348 5613 (56)
2377 5540 2485 5594 Καὶ
2514 5534 2935 5613 ,βασανισθείᾳ
2977 5532 3069 5613 llze
3103 5547 3261 5584 voces
3299 5529 3675 5583 desiderantur
3698 5529 3753 5581 in

2172 5603 2523 5667 lib‘risvantea
2551 5609 2737 5666 editis,
2769 5608 2861 5658 sed
2895 5603 3219 5672 supplentur
3259 5617 3288 5654 c
3330 5616 3459 5656 mss.

2241 5681 2354 5749 (ΞΠ)
2389 5678 2509 5732 Τῶν
2543 5678 2760 5745 ὄψεων.
2799 5675 2938 5749 Lege
2967 5672 3293 5749 113.302};st

2242 5736 2354 5823 (3583
2388 5750 2511 5805 Mss.
2544 5736 2780 5819 μῆποτε,
2811 5736 2966 5801 Lihb.
2997 5736 3150 5808 editi,
3187 5741 3479 5812 μηδέποτε,
3519 5736 3678 5792 male.
