4132 6418
382 351 486 405 277

1810 340 1876 395 ΙΝ
1912 339 2219 398 EXODUM.

3555 332 3665 386 Ξ)λῖ

385 466 574 540 ὥσπερ
605 467 655 520 oi
695 465 870 536 ἰατροὶ
906 466 1010 517 τῶν
1054 465 1432 535 λυσσοδήκτων
1473 465 1560 518 τὸν
1602 463 1678 517 Ξὺν
1730 464 1976 519 ἐπισπώ-

2092 461 2536 534 quemadmodum
2577 459 2801 530 medici,
2846 473 3034 514 eorum
3069 457 3160 528 qui
3210 471 3238 510 a
3287 455 3476 512 rabido
3528 471 3663 512 cane

389 578 538 630 μενοι
571 559 666 612 ἐπὶ
712 560 810 630 τὴν
856 559 1209 627 ἐπιφάνειαν,
1247 558 1333 611 ἵνα
1375 557 1449 628 μὴ
1491 557 1636 611 ἔνδον
1682 557 1976 627 νεμόμενος

384 651 671 724 διαφθείρῃ
723 652 816 704 τὸν
860 651 1192 722 ἄνθρωπον,
1233 649 1624 720 χαλεπωτέρας
1690 649 1976 720 ἐμποιοῦσι

385 741 652 803 διαθέσεις
710 741 804 792 καὶ
843 725 1173 810 φλεγμονὰς·
1221 738 1394 802 οὓτως
1419 741 1447 792 6
1473 738 1604 802 Θεὸς
1636 737 1734 807 τὴν
1764 739 1974 807 ἐγκρυ⁴

387 833 658 902 πτομένην
693 833 786 886 καὶ
831 831 1251 903 ἐμφωλεύουσαν
1285 835 1398 895 τοῖς
1444 831 1634 900 βάθεσι
1671 830 1773 900 τῆς
1799 831 1978 901 ψυχῆς

388 925 586 978 κακίαν
612 963 625 986 ,
671 924 760 978 διὰ
805 925 907 994 τῆς
961 924 1126 978 αὐτοῦ
1179 925 1426 996 ἰατρικῆς
1460 925 1757 977 ἐπισπᾶται
1796 925 1874 986 είς
1907 922 1978 975 τὰ

387 1017 509 1082 ἔξω,
527 1015 668 1070 ὥστε
690 1017 927 1086 φανερὰν
957 1017 1124 1086 αὐτὴν
1148 1017 1242 1070 καὶ
1277 1016 1674 1088 ἐναργεστέραν
1703 1015 1974 1085 γενέσθαι,

389 1109 476 1164 ἵνα
504 1108 644 1181 μετά
677 1108 836 1162 τοῦτο
861 1108 960 1179 τὴν
995 1109 1124 1179 ἑξῆς
1175 1109 1359 1183 ἐπάγῃ
1391 1109 1712 1181 θεραπείαν.
1741 1108 1978 1163 Τοιαῦτα

386 1200 443 1253 δέ
468 1199 707 1271 ἡγοῦμαι
735 1200 830 1253 καὶ
861 1200 929 1252 τὰ
967 1200 1027 1254 ἐν
1057 1199 1135 1270 τῷ
1172 1201 1574 1272 Δευτερονομίῳ
1598 1201 1758 1271 ῥητὰ,
1789 1199 1978 1252 τοῦτον

388 1291 580 1361 ἔχοντα
615 1293 704 1345 τὸν
741 1291 942 1364 τρόπον
963 1309 976 1323 ·
1019 1314 1037 1343 ι
1068 1293 1178 1346 Καὶ
1211 1293 1498 1364 μνησθήσῃ
1533 1295 1711 1346 πᾶσαν
1735 1293 1834 1363 τὴν
1861 1291 1978 1346 ὁδὸν

387 1386 454 1454 ἢν
479 1385 706 1456 διηγαγέ
736 1403 796 1439 σε
821 1385 1026 1456 Κύριος
1045 1388 1073 1440 6
1089 1387 1222 1450 θεός
1245 1403 1339 1439 σου
1361 1386 1520 1440 τοῦτο
1543 1385 1979 1457 τεσσαρακοστὸν

389 1475 508 1539 ἔτος
559 1477 616 1528 ἐν
648 1479 714 1548 τῇ
746 1479 958 1548 ἐρήμῳ,
991 1478 1138 1541 ὅπως
1171 1476 1402 1549 κακώσῃ
1451 1493 1533 1540 σε,
1586 1475 1683 1529 καὶ
1741 1475 1980 1547 πειράσῃ

391 1583 471 1631 σε,
508 1568 600 1620 καὶ
625 1567 930 1640 διαγνωσθῇ
967 1568 1078 1640 (59)
1114 1567 1183 1621 τὰ
1226 1569 1283 1620 ἐν
1309 1570 1376 1638 τῇ
1405 1565 1603 1637 καρδίᾳ
1631 1582 1757 1628 σου,
1797 1565 1847 1617 εί
1877 1583 1980 1634 φυ-

397 1656 524 1732 ιιάξῃ
550 1661 650 1724 τὰς
694 1661 915 1724 ἐντολὰς
959 1659 1148 1724 αὑτοῦ,
1177 1658 1210 1729 ἢ
1245 1657 1331 1711 οὔ.
1366 1659 1480 1712 Καί¹
1512 1657 1762 1712 ἐκάκωσέ
1795 1674 1854 1710 σε
1888 1657 1982 1710 καὶ

390 1749 770 1820 ἐλιμαγχόνισέ
823 1751 933 1821 (60)
970 1768 1029 1803 σε
1049 1766 1063 1780 ·
1114 1750 1209 1803 καί⁸
1258 1747 1504 1820 ἐψώμισέ
1531 1767 1591 1802 σε
1615 1750 1676 1802 τὸ
1705 1749 1914 1819 μάννα,
1953 1749 1983 1802 ὃ

2084 556 2249 610 morsi
2283 562 2430 618 sunt,
2462 554 2613 606 virus
2658 551 2710 606 in
2748 562 2995 619 apertum
3041 550 3426 610 extrahentes.
3480 562 3547 602 ne
3581 563 3656 600 tn-

2087 659 2170 702 tus
2193 649 2494 717 depascens
2525 645 2797 700 hominem
2825 647 3095 713 perimat,
3129 640 3430 712 graviorem
3460 639 3673 694 faciunt

2085 755 2303 795 sensqu
2337 739 2540 793 doloris
2567 747 2622 792 et
2652 735 3108 790 inflammationes
3142 750 3156 800 ;
3191 734 3265 788 ita
3304 734 3448 788 Deus
3502 730 3657 785 abli-

2085 839 2192 884 tam
2248 841 2304 884 et
2339 829 2604 883 inclusam
2661 825 2786 880 imis
2828 824 2992 879 veluti
3031 824 3197 877 animi
3239 821 3487 876 medullis
3544 836 3672 889 pra-

2085 923 2310 976 vitatem
2349 919 2619 974 medicina
2651 932 2745 972 sua
2783 915 2931 970 foras
2977 915 3241 976 extrahit,
3293 922 3353 967 ut
3393 920 3577 982 aperta
3613 920 3671 965 ct

2084 1014 2310 1068 evidens
2353 1011 2484 1075 fiat,
2530 1020 2592 1063 ιιι
2645 1016 3032 1078 congruentem
3080 1006 3274 1060 deinde
3333 1002 3672 1058 curationem

2085 1105 2366 1158 adhibeat.
2412 1105 2530 1169 Quo
2567 1101 2842 1168 pertinere
2890 1098 3128 1152 arbitror
3170 1097 3284 1151 lucc
3312 1095 3365 1150 in
3396 1094 3667 1148 Deutero-

2086 1198 2271 1251 llOIIIlO
2329 1195 2537 1264 scripta
2586 1195 2634 1226 εδ
2680 1207 2696 1245 :
2755 1210 2774 1243 ι
2818 1191 2884 1244 Ει
2940 1189 3317 1244 recordaberis
3358 1187 3667 1240 universam

2087 1291 2226 1341 viam
2259 1303 2354 1355 per
2374 1302 2534 1355 quam
2563 1285 2789 1340 deduxit
2821 1292 2874 1338 te
2906 1280 3167 1334 Dominus
3221 1279 3362 1333 Deus
3393 1288 3536 1339 tuus,
3570 1291 3670 1328 an-

2087 1397 2215 1433 num
2246 1379 2356 1449 jam
2385 1377 2866 1448 quadragesimum
2919 1375 2972 1427 in
3025 1371 3338 1433 solitudine,
3380 1377 3438 1422 ut
3470 1366 3673 1436 alllige-

2090 1484 2169 1526 ret
2195 1486 2246 1527 te
2279 1481 2334 1526 et
2375 1479 2626 1535 tentaret,
2671 1476 2724 1524 et
2773 1475 3238 1537 cognoscerentur
3270 1477 3391 1533 qua:
3423 1461 3475 1514 in
3508 1459 3674 1514 corde

2091 1576 2180 1618 tuo
2216 1571 2374 1628 sunt;
2411 1577 2479 1614 an
2527 1574 2714 1615 serves
2749 1558 3004 1612 mandata
3052 1556 3189 1626 ejus,
3241 1567 3442 1619 necne;
3484 1561 3539 1606 et
3587 1548 3672 1603 af-

2088 1656 2229 1711 flixit
2281 1667 2332 1709 te
2368 1664 2422 1708 et
2476 1653 2652 1706 inedia
2707 1649 2996 1717 fatigavit,
3039 1656 3092 1699 et
3141 1645 3287 1716 pavit
3335 1654 3384 1698 te
3436 1657 3674 1706 manna,

2089 1755 2231 1819 quod
2268 1758 2324 1802 tu
2367 1761 2474 1800 non
2507 1759 2765 1808 noveras,
2803 1756 2977 1810 neque
3029 1748 3294 1792 noverant
3337 1745 3521 1805 patres
3555 1733 3629 1788 tui
3661 1751 3675 1798 ;

389 1842 490 1894 οὐκ
518 1842 665 1912 ᾕδεις
701 1843 787 1906 σὺ,
829 1843 923 1896 καὶ
959 1843 1059 1897 οὐκ
1103 1842 1324 1914 ῇδεισαν
1347 1845 1395 1896 οἱ
1440 1842 1674 1914 πατέρες
1724 1858 1838 1894 σου·
1899 1841 1983 1894 ἵνα

2092 1852 2148 1896 ιιι
2185 1839 2571 1896 euuntiaretur
2610 1834 2706 1889 tibi
2743 1833 2888 1903 quod
2930 1847 3035 1886 non
3083 1831 3138 1883 in
3181 1827 3298 1883 solo
3351 1840 3489 1895 pane
3534 1825 3679 1879 vivet

392 1932 688 2006 ἀναγγείλῃ
734 1951 817 1987 σοι
876 1934 958 1988 ὄτι
995 1935 1097 1989 οὐκ
1130 1935 1218 1989 ἐπ’
1247 1935 1396 2007 ἄρτῳ
1443 1935 1587 2006 μόνῳ
1621 1934 1843 2006 ζήσεται
1891 1937 1980 1990 ἇν-

396 2022 609 2096 θρωπος
636 2065 650 2090 ,
693 2025 806 2080 ἀλλ’
852 2027 947 2080 ἐπὶ
975 2029 1137 2080 παντὶ
1171 2030 1379 2101 ῥήματι
1434 2029 1854 2101 ἐκπορευομένῳ
1894 2030 1982 2083 διὰ

393 2115 660 2185 στόματος
702 2117 836 2170 Θεοῦ
888 2118 1114 2189 ζήσεται
1169 2119 1519 2192 ἄνθρωπος.»
1590 2122 1759 2192 Τήρει
1817 2122 1873 2175 δέ
1922 2123 1981 2176 ἐν

388 2204 601 2269 τούτοις
645 2209 727 2260 ὅτι
761 2212 922 2262 κακοῖ
949 2211 977 2262 6
1014 2210 1147 2275 θεὸς
1181 2211 1275 2265 καὶ
1309 2211 1600 2283 πειράζει,
1637 2214 1725 2268 ἵνα
1755 2213 1984 2283 διαγνω-

389 2295 491 2367 σθῇ
524 2296 592 2349 τὰ
620 2299 678 2351 ὲν
710 2302 775 2370 τῇ
823 2300 1058 2354 ἑκάστου
1093 2303 1312 2374 καρδίᾳ,
1348 2303 1423 2368 ὡς
1452 2304 1583 2358 ὄντα
1622 2306 1740 2376 μὲν,
1790 2309 1986 2363 ἐναπο-

389 2388 624 2459 κείμενα
653 2391 709 2443 δὲ
743 2391 820 2463 τῷ
863 2393 1050 2463 βάθει,
1096 2395 1190 2449 καὶ
1225 2397 1307 2458 εἰς
1341 2397 1572 2468 φανερὸν
1605 2399 1694 2452 διὰ
1733 2400 1842 2454 τῶν
1886 2419 1985 2456 κα-

390 2479 612 2534 κώσεων
646 2483 938 2555 ἐρχόμενα.
977 2484 1232 2539 Τοιοῦτόν
1266 2489 1383 2540 ἐστι
1414 2490 1508 2542 καὶ
1539 2491 1598 2544 τὸ
1629 2494 1688 2545 ἐν
1721 2491 1800 2563 τῷ
1860 2493 1979 2546 Ἰὼϐ

391 2572 494 2625 ὑπὸ
526 2573 619 2625 τοῦ
654 2575 856 2647 Κυρίου
887 2576 975 2630 διὰ
1012 2577 1272 2641 λαίλαπος
1312 2581 1407 2634 καὶ
1433 2582 1608 2652 νεφῶν
1636 2585 1980 2653 ἀπαγγελλό-

391 2681 550 2734 μενον
585 2666 695 2736 (Gl)
721 2669 857 2740 πρὸς
876 2669 967 2723 τὸν
1009 2669 1148 2737 Ἰὼϐ,
1181 2672 1384 2736 οὕτως·
1418 2694 1436 2724 ι
1461 2675 1575 2728 Οίει
1610 2693 1676 2747 με
1704 2677 1878 2742 ἄλλως
1903 2696 1982 2732 σοι

392 2750 877 2829 κεχρηματικέναι,
909 2762 942 2832 ἦ
981 2762 1065 2814 ἵνα
1097 2763 1379 2836 ἀναφανῇς
1406 2765 1640 2830 δίκαιος·
1667 2788 1684 2820 ι
1720 2768 1843 2824 οὔτε
1875 2770 1983 2841 γὰρ

389 2843 530 2914 εἷπε,
550 2850 682 2923 γένῃ
707 2851 931 2917 δίκαιος,
954 2853 1086 2920 ἀλλ’,
1108 2855 1194 2910 ἵνα
1212 2859 1514 2930 ἀναφανῇς,
1537 2859 1776 2925 τοιοῦτος
1796 2861 1871 2916 ὢν
1891 2863 1985 2915 καὶ

391 2940 498 3012 πρὸ
518 2941 628 2994 τῶν
651 2945 1282 3018 πειρασμῶν,ἁναφανῇς
1297 2948 1352 3000 δὲ
1366 2951 1544 3010 ἐντοῖς
1563 2951 1984 3022 συμϐεϐηκόσιν.

389 3030 500 3085 Καὶ
528 3031 715 3085 πάλιν
745 3034 815 3085 ἐν
845 3035 1014 3101 ἄλλῳ

747 3103 999 3166 ’Ἐξοδον
1033 3106 1444 3173 σημειώσεων
1483 3109 1615 3178 (6:2).

469 3189 660 3258 Ἔλεγε
689 3191 746 3244 δέ
768 3210 851 3256 τις
876 3193 983 3245 τῶν
1005 3193 1124 3245 καθ’
1152 3196 1319 3265 ἡμᾶς,
1348 3196 1457 3248 ἀπὸ
1488 3199 1585 3268 τῆς
1621 3200 1905 3270 συνηθείας
1927 3204 1988 3257 τὸ

395 3276 725 3348 ζητούμενον
755 3281 1268 3354 παραμυθούμενος,
1288 3285 1369 3338 ὅτι
1400 3287 1659 3353 πολλάκις
1681 3291 1729 3342 οί
1763 3294 1989 3364 χρηστοὶ

394 3367 572 3439 κύριοι
605 3372 1087 3444 μακροθυμοῦντες
1136 3376 1230 3428 ἐπὶ
1263 3378 1390 3442 τοὺς
1432 3379 1853 3452 ἁμαρτάνοντας
1879 3385 1986 3438 τῶν

393 3462 642 3527 οἰκετῶν,
673 3463 856 3533 λέγειν
879 3465 1101 3521 εἰώθασι
1123 3468 1232 3540 (65)
1255 3469 1335 3534 τὸ,
1361 3491 1378 3522 ι
1403 3471 1546 3541 Ἐγώ
1581 3492 1640 3528 σε
1669 3476 1980 3544 ἀπώλεσα,›

393 3555 520 3618 καὶ,
557 3575 574 3606 ι
615 3555 754 3625 Ἐγώ
787 3574 847 3610 σε
881 3560 1116 3631 πονηρὸν
1140 3563 1393 3636 ἐποίησα,
1439 3585 1456 3616 ι
1491 3567 1632 3638 μετὰ
1676 3569 1770 3623 τοῦ
1823 3571 1987 3643 ἤθους

391 3645 767 3716 ἐμφαίνοντες,
799 3650 880 3702 ὅτι
905 3652 937 3720 ή
961 3652 1267 3725 χρηστότης
1297 3656 1478 3712 αὐτῶν
1512 3659 1602 3712 καὶ¹
1631 3663 1988 3735 μακροθυμία

392 3739 847 3828 πρόφασιςηδοκεῖ
877 3744 1160 3812 γεγονέναι
1186 3747 1287 3817 τῆς
1329 3750 1422 3802 ἐπὶ
1475 3751 1660 3805 πλεῖον
1696 3758 1981 3828 πονηρίας.

393 3829 603 3901 Ὥσπερ
640 3827 734 3887 οὗν
784 3835 990 3889 τούτων
1032 3835 1340 3909 λεγομένων
1387 3840 1609 3897 δύναταί
1663 3863 1748 3910 τις
1807 3847 1986 3918 λέγειν

394 3923 781 3990 συκοφαντῶν,
837 3927 920 3979 ὅτι
971 3927 1323 4000 ὡμολόγησεν
1368 3933 1396 3984 6
1444 3934 1711 4008 δεσπότης
1750 3942 1985 4014 πονηρὸν

394 4015 750 4083 πεποιηκέναι
778 4017 870 4070 τὸν
897 4018 1115 4090 οἰκέτην
1135 4039 1149 4050 ·
1179 4023 1322 4076 οὕτω
1351 4024 1420 4078 τὰ
1449 4026 1554 4079 ὑπὸ
1587 4029 1684 4100 τῆς
1713 4031 1987 4104 ἀγαθότη-

391 4120 483 4204 τος
521 4105 614 4204 τοῦ
668 4106 801 4204 θεοῦ
856 4110 1130 4204 πρόφασις
1169 4114 1434 4184 γενόμενα
1475 4119 1574 4188 τῆς
1621 4121 1987 4194 σκληρότητος

391 4195 483 4248 τοῦ
515 4195 735 4268 Φαραὼ,
765 4197 1165 4268 ἐσκληρυκέναι
1193 4202 1604 4276 ἀναγέγραπται
1631 4212 1729 4281 τὴν
1761 4213 1986 4282 καρδίαν

392 4286 609 4359 ψαραώ.
646 4289 1115 4362 Παραμυθήσεται
1146 4292 1202 4346 δὲ
1247 4286 1403 4359 οὗτος
1439 4298 1549 4368 (64)
1605 4300 1665 4364 ἐξ
1703 4301 1989 4356 ἀποστολι-

2093 1933 2255 1988 homo
2281 1968 2298 1995 ,
2349 1929 2445 1984 sed
2499 1927 2551 1981 in
2600 1927 2747 1979 omni
2791 1924 2996 1989 verbo,
3035 1920 3178 1990 quod
3217 1918 3464 1988 procedit
3491 1931 3588 1984 per
3617 1930 3679 1970 os

2094 2026 2210 2089 Dei,
2245 2024 2389 2076 vivet
2442 2021 2626 2074 homo.
2660 2036 2678 2069 ι
2714 2017 2954 2072 Observa
3011 2016 3062 2067 in
3113 2012 3198 2066 his
3241 2010 3409 2064 Deum
3442 2006 3680 2077 afﬂigere

2091 2127 2143 2173 et
2173 2124 2405 2177 lentare,
2437 2120 2497 2166 ut
2530 2111 2925 2178 dignoscantur
2966 2120 3088 2174 qua:
3121 2104 3173 2157 iu
3215 2099 3480 2169 cujusque
3513 2098 3679 2151 corde

2086 2217 2234 2274 sunt,
2271 2216 2328 2260 ut
2360 2219 2481 2274 qua:
2519 2203 2632 2257 sint
2662 2199 2884 2269 quidem
2911 2238 2925 2262 ,
2961 2196 3059 2251 sed
3095 2195 3146 2248 in
3183 2191 3453 2264 profundo
3490 2202 3682 2244 recen-

2083 2302 2231 2365 dita,
2285 2313 2407 2368 qua:
2458 2311 2555 2366 per
2592 2307 2826 2363 angores
2875 2298 2930 2344 et
2983 2285 3264 2342 molestias
3321 2284 3372 2337 iu
3425 2290 3678 2351 apertqu

2085 2398 2463 2461 prorumpunt.
2501 2384 2779 2457 Ejusmodi
2823 2391 2939 2449 est,
2975 2380 3119 2451 quod
3165 2379 3218 2432 in
3257 2377 3399 2432 libro
3443 2374 3544 2430 Job
3570 2376 3619 2430 ei
3652 2391 3680 2428 a
3717 2397 3722 2400 ·

2090 2484 2318 2540 Domino
2346 2497 2441 2553 per
2469 2481 2740 2536 turbinem
2772 2485 2827 2531 et
2859 2475 3034 2531 nubes
3067 2472 3377 2528 declaratur
3401 2471 3447 2502 ⁸⁵
3479 2491 3491 2526 :
3522 2488 3542 2522 ι
3573 2470 3678 2522 Ar-

2081 2562 2314 2632 fbitraris
2349 2589 2435 2628 me
2467 2572 2626 2626 aliam
2643 2573 2710 2627 ob
2731 2583 2948 2626 causam
2974 2576 3150 2621 tecum
3175 2579 3296 2620 esse
3316 2563 3676 2627 collocutum,

2093 2667 2195 2722 nisi
2239 2663 2402 2735 119
2431 2673 2489 2717 ut
2540 2663 2719 2732 justus
2772 2673 3097 2729 apparares;
3135 2674 3154 2708 ι
3190 2670 3289 2710 nec
3313 2656 3459 2709 enim
3499 2653 3676 2713 dixit.

2094 2772 2154 2816 ut
2190 2760 2348 2815 lieres
2379 2758 2581 2827 justus,
2611 2756 2705 2810 sed
2756 2764 2814 2808 ut
2856 2764 3178 2823 appareres,
3204 2765 3327 2804 cum
3359 2747 3482 2803 talis
3515 2747 3681 2802 etiam

2094 2865 2223 2910 ante
2249 2853 2584 2910 tentationcs
2613 2851 2831 2917 fuisses,
2861 2861 3156 2918 apparet-es
3186 2855 3364 2900 autem
3393 2844 3443 2897 in
3475 2843 3540 2898 iis
3560 2856 3678 2912 qva:

2094 2950 2445 3004 accidissent.

1043 3037 1199 3104 τόμῳ
1233 3037 1305 3111 έν
1333 3038 1462 3103 ταῖς
1501 3042 1713 3111 αὐταῖς
1746 3045 1834 3110 είς
1874 3045 1983 3111 τὴν

2093 3033 2297 3090 Rursus
2329 3036 2383 3088 iu
2414 3033 2520 3087 alio
2545 3041 2704 3095 (omo,
2737 3031 2790 3083 in
2821 3029 3006 3109 iisdem
3033 3031 3103 3082 ad
3146 3027 3390 3082 Exedunt
3417 3042 3681 3082 commen-

2808 3101 2983 3152 tortis.

2169 3196 2394 3250 Dicebat
2422 3193 2618 3262 aliquis
2645 3206 2676 3248 e
2713 3193 2922 3245 nostris
2961 3188 3277 3252 coaetaneis,
3327 3201 3425 3256 per
3463 3202 3524 3241 ea
3559 3203 3680 3256 qua:

2095 3287 2148 3341 in
2203 3300 2303 3340 usu
2356 3293 2530 3352 sunt,
2587 3283 2638 3338 id
2666 3323 2681 3348 ,
2717 3281 2865 3352 quod
2905 3279 3015 3350 jam
3058 3280 3347 3350 quaeritur,
3398 3279 3681 3345 molliens,

2095 3393 2237 3449 saepe
2284 3379 2456 3434 bonos
2511 3376 2766 3431 dominos
2808 3373 3079 3442 patientes
3128 3371 3180 3426 in
3230 3371 3443 3427 delictis
3492 3385 3683 3426 servo-

2097 3488 2216 3526 rum
2267 3471 2452 3526 dicere
2497 3467 2676 3524 solere
2715 3483 2730 3523 :
2763 3484 2782 3518 ι
2816 3465 2930 3536 Ego
2962 3474 3012 3520 te
3043 3465 3280 3534 perdidi.
3327 3478 3429 3532 ego
3478 3472 3529 3518 te
3575 3462 3672 3517 im-

2094 3565 2321 3633 probum
2376 3561 2510 3629 feci;
2546 3580 2567 3615 ι
2635 3560 2738 3616 hoc
2786 3569 2944 3630 pacto
2995 3572 3120 3612 cum
3191 3555 3382 3611 aﬂ‘ectu
3445 3556 3680 3625 quodam

2094 3657 2452 3708 ostendentes
2505 3653 2807 3707 bonitatth
2854 3657 2910 3704 et
2956 3647 3275 3718 patientiam
3329 3662 3482 3701 su-un
3550 3661 3682 3700 eau-

2093 3760 2209 3799 sam
2242 3744 2414 3798 videri
2459 3741 2734 3807 attulisse,
2772 3755 2872 3794 cur
2907 3753 3098 3794 eorum
3139 3745 3422 3793 cresceret
3477 3735 3683 3803 impro-

2093 3836 2253 3892 bitas.
2289 3835 2571 3902 Quomodo
2599 3833 2784 3902 igitur,
2815 3846 2939 3886 cqu
2973 3829 3088 3884 hznc
3118 3829 3398 3892 dicuntur,
3435 3826 3680 3880 cavillari

2093 3928 2217 3996 quis
2246 3937 2447 3996 potest,
2484 3924 2690 3980 fassum
2724 3939 2847 3978 esse
2882 3921 3184 3986 dominum,
3225 3935 3284 3975 se
3326 3935 3545 3974 servum
3584 3918 3685 3971 im-

2097 4018 2327 4086 probum
2381 4017 2574 4070 fecisse
2620 4031 2634 4068 :
2685 4015 2764 4068 sic
2793 4027 2916 4082 quae
2947 4028 2976 4066 a
3009 4009 3347 4079 benignitate
3376 4009 3468 4063 Dei
3503 4009 3683 4078 profe-

2095 4120 2179 4166 cta
2211 4119 2358 4175 sunt,
2389 4108 2545 4177 quasi
2567 4121 2736 4159 causa
2766 4104 2968 4158 fuerint
2994 4102 3356 4157 induratiouis
3385 4099 3681 4165 Pharaoni,

2095 4217 2194 4256 cor
2228 4199 2530 4255 Pharaonis
2560 4199 2848 4252 indui-asse
2879 4195 3159 4248 dicuntur.
3200 4192 3444 4260 Apostoli
3499 4203 3682 4246 autent

2095 4293 2298 4356 verbis,
2329 4292 2421 4346 hic
2447 4306 2510 4344 ea
2560 4305 2680 4358 quae
2713 4283 2982 4355 cogitavit
3009 4324 3024 4349 ,
3054 4283 3222 4337 leniet
3250 4283 3296 4314 ⁸⁸
3324 4297 3339 4336 :
3381 4300 3400 4332 ι
3440 4283 3519 4335 An
3549 4282 3684 4335 divi-

393 4377 505 4432 κῶν
537 4380 736 4451 ῥητῶν,
763 4381 791 4432 ὃ
818 4381 1072 4450 νενόηκεν
1104 4384 1279 4437 είπεῖν
1302 4402 1315 4414 ·
1352 4405 1370 4436 ι
1402 4389 1471 4440 Ἣ
1499 4388 1590 4442 τοῦ
1626 4390 1858 4445 πλούτου
1889 4395 1983 4465 τῆς

2099 4386 2201 4440 tias
2237 4383 2501 4438 bonitatis
2544 4380 2712 4449 ipsius
2745 4387 2803 4434 et
2853 4376 3271 4431 sustentationis
3302 4382 3360 4428 et
3407 4373 3684 4444 patientiae

397 4471 757 4542 ίρηστότητος
791 4473 955 4526 αὑτοῦ
984 4475 1079 4528 καὶ
1110 4477 1211 4546 τῆς
1252 4478 1454 4550 ἀνοχῆς
1486 4480 1581 4533 καὶ
1627 4481 1729 4552 τῆς
1780 4500 1984 4558 μακρο-

393 4564 594 4637 θυμίας
622 4571 1003 4640 καταφρονεῖς,
1025 4570 1236 4639 ἀγνοῶν
1263 4573 1345 4626 ὅτι
1368 4572 1431 4626 τὸ
1459 4575 1696 4646 χρηστὸν
1725 4577 1820 4631 τοῦ
1854 4579 1989 4634 Θεοῦ

393 4662 473 4723 είς
505 4661 792 4731 μετάνοιάν
841 4679 900 4714 σε
931 4663 1093 4732 ἄγεις
1127 4663 1216 4718 διὰ
1255 4665 1312 4718 δὲ
1356 4666 1457 4738 τὴν
1493 4667 1834 4741 σκληρότητά
1870 4689 1987 4739 σου,

394 4753 488 4806 καὶ
515 4754 886 4825 ἀμετανόητον
915 4754 1144 4826 καρδίαν
1177 4755 1530 4830 θησαυρίζεις
1570 4762 1786 4834 σεαυτῷ
1815 4764 1988 4838 ὀργὴν

395 4844 454 4898 ἐν
483 4845 665 4916 ἡμέρᾳ⁵
695 4846 884 4916 ὀργῆς,
920 4847 1016 4900 καὶ
1053 4847 1484 4920 ἀποκαλύψεως,
1517 4852 1612 4905 καὶ
1644 4853 1990 4929 δικαιοσύνης

396 4933 489 4986 τοῦ
524 4934 680 5000 Θεοῦ,
711 4935 770 4999 ὃς
803 4936 1074 4990 ἀποδώσει
1102 4939 1320 5010 ἑκάστῳ
1343 4941 1568 4995 κατὰτὰ
1591 4941 1728 5012 ἔργα
1749 4944 1936 4999 αὑτοῦ.
1965 4966 1984 5000 ι

411 5027 468 5081 ’0
499 5027 659 5092 αὐτὸς
685 5028 815 5097 γοῦν
845 5029 1164 5094 Ἀπόστολος
1193 5031 1253 5086 ἐν
1285 5035 1350 5104 τῇ
1382 5032 1518 5104 πρὸς
1545 5034 1847 5105 Ῥωμαίους
1873 5040 1993 5093 ἐπι-

467 5144 517 5178 ⁸⁶
550 5145 704 5200 Deut.
739 5161 857 5213 vui,
893 5146 948 5212 ‘2,
977 5147 1034 5202 '5.
1146 5148 1193 5180 ⁸⁵
1219 5147 1320 5203 Job
1350 5165 1438 5216 XL,
1472 5149 1528 5203 5.

468 5310 584 5449 (59)
619 5311 748 5364 Mss.
779 5311 1110 5383 διαγνωσθῇ.
1135 5314 1368 5368 Tarinus
1400 5324 1455 5366 et
1488 5314 1715 5368 l-luetius
1739 5311 1989 5382 γνωσθῇ.

495 5383 584 5449 60)
630 5382 1110 5449 Ἐλιμαγχόνισε.
1146 5384 1325 5440 Serib.
1356 5383 1777 5449 ἐλιμαγχόνησε.

495 5383 584 5455 (ξθ)
626 5382 1118 5455 ᾚλιμᾳγχόνισε.
1146 5384 1325 5440 Serib.
1356 5383 1777 5455 ἐλιμαγχόνησε.

402 5452 777 5574 λάένιιιεεη
806 5452 1310 5524 ἀπαγγελλόμενον.
1354 5452 1472 5509 Lib.
1515 5452 1688 5519 eam,
1723 5452 1993 5522 ἐπαγγελ-

465 5539 646 5592 μενον.

472 5589 580 5664 (62)
614 5593 712 5644 Ἐν
741 5589 871 5657 τοῖς
919 5590 1130 5664 αὐταῖς
1177 5595 1266 5659 είς
1301 5593 1418 5662 τὴν
1447 5593 1704 5660 Ἕξυδον
1732 5591 1989 5663 σημειώ-

403 5662 600 5741 ςςεσιν.
626 5664 763 5728 Quid
793 5662 1257 5741 sittt_qnjtstuﬁast_c
1300 5666 1538 5741 diximus
1566 5667 1621 5741 _in
1651 5662 1988 5732 Origeuianis

407 5732 500 5786 lib.
535 5748 616 5798 Ill,
665 5748 784 5800 cap.
819 5733 875 5786 2.
912 5734 1024 5787 llae
1061 5734 1427 5802 appellatione
1469 5735 1670 5802 scripta
1711 5750 1772 5789 ea
1804 5738 1984 5789 couti-

406 5811 604 5860 nentur
645 5818 764 5872 qua:
808 5805 872 5859 ad
907 5804 1052 5858 aliud
1099 5803 1365 5874 scriptum
1404 5806 1754 5872 adjiciuntur.
1796 5805 1984 5873 Itaque

1612 5150 1660 5182 ⁸⁸
1679 5151 1844 5207 Rom.
1887 5168 1948 5219 Il,
1984 5151 2039 5218 4,
2069 5152 2123 5219 5,
2151 5153 2208 5208 6.

2096 4477 2429 4538 contemnis,
2466 4474 2727 4544 ignorans
2755 4468 3144 4542 benignitatem
3191 4467 3282 4523 Dei
3321 4477 3372 4522 te
3411 4468 3477 4522 ad
3509 4468 3684 4538 poeni-

2098 4570 2328 4626 tentiam
2359 4567 2676 4624 deducere?
2704 4567 2798 4620 sed
2831 4571 3052 4635 propter
3085 4561 3338 4616 duritiem
3368 4572 3421 4617 et
3452 4577 3548 4617 cor
3571 4576 3687 4629 pata

2096 4664 2272 4720 nitcre
2302 4662 2570 4727 nescium,
2600 4672 2896 4714 coacervas
2925 4655 3021 4711 tibi
3072 4655 3211 4709 iram
3242 4655 3294 4709 in
3332 4655 3419 4709 die
3453 4655 3546 4708 ira:
3573 4695 3589 4719 ,
3627 4662 3682 4707 et

2097 4754 2510 4821 declarationis,
2535 4760 2590 4809 et
2621 4751 2851 4823 justitiae
2883 4749 2998 4815 Dei,
3026 4747 3122 4818 qui
3163 4746 3354 4823 reddet
3389 4744 3684 4814 unicuique

2098 4865 2198 4920 pro
2227 4848 2492 4919 operibus
2537 4846 2675 4916 ejus.
2715 4865 2736 4898 ι
2773 4845 2891 4914 Ipse
2938 4840 3079 4896 idem
3122 4838 3414 4909 Apostolus
3463 4839 3516 4893 in
3555 4837 3683 4906 Epi-

2097 4942 2239 4997 stola
2270 4942 2340 4997 ad
2386 4940 2662 4995 Romanos
2689 4940 2765 4994 ait
2787 4938 2832 4972 ⁸⁷
2864 4955 2878 4991 :
2918 4952 2938 4987 ι
2979 4933 3038 4989 Si
3083 4942 3266 4988 autem
3322 4933 3463 4986 Deus
3496 4928 3684 4983 volens

2097 5037 2394 5094 ostendere
2437 5036 2604 5097 iram,
2639 5044 2693 5086 et
2727 5036 3024 5102 potentiam
3057 5043 3211 5084 suam
3249 5035 3433 5081 notum
3479 5023 3682 5087 facere,

2291 5149 2336 5183 ⁸⁷
2370 5149 2527 5206 Rom.
2559 5164 2634 5215 Ix,
2664 5147 2755 5204 ἓξ.

2102 5310 2254 5380 plena
2284 5310 2709 5375 commentaria,
2729 5324 2864 5378 quos
2887 5318 3062 5365 tomos
3094 5304 3371 5373 inscripsit
3387 5301 3676 5380 Origenes,

2102 5373 2155 5437 et
2189 5381 2394 5436 scholia
2430 5373 2701 5435 vocabulo
2732 5373 2836 5436 isto
2884 5381 3186 5448 significata
3225 5373 3486 5448 reperias,
3546 5387 3668 5448 nam

2106 5465 2340 5521 utraque
2388 5453 2452 5504 ad
2499 5463 2816 5506 contextum
2860 5443 3469 5521 adficiebantur,cujus
3505 5443 3677 5509 gratia

2102 5514 2318 5576 fuerant
2349 5521 2650 5577 elaborata.
2701 5521 2813 5574 Hoc
2861 5514 3039 5581 autem
3086 5518 3205 5570 loco
3237 5514 3364 5567 tomi
3397 5521 3677 5565 notantur.

2102 5593 2366 5648 liuerlus.

2169 5663 2292 5733 (63)
2329 5658 2480 5733 ll_l_ss.,
2509 5659 2751 5733 εἰώθασι.
2794 5656 2950 5712 Libb.
2975 5653 3134 5733 gditi,
3163 5651 3451 5733 εἱῶθεσανς

2167 5715 2304 5803 (64')
2346 5715 2498 5787 Unus
2542 5729 2718 5788 codex
2763 5745 2910 5792 1113.,
2945 5715 3129 5788 οὗτος.
3176 5724 3334 5780 Libb.
3379 5720 3536 5776 eum.
3582 5715 3677 5771 οὓ-

2091 5820 2219 5869 τως.
