4132 6414
459 331 565 388 279

1908 326 1997 383 EX
2030 326 2189 384 ORIG
2199 326 2330 382 ENE

3605 329 3711 385 τεο

460 451 584 506 tulit
615 450 784 505 multa
817 448 1077 520 patientia
1101 462 1229 503 vasa
1258 448 1348 503 ira!
1375 456 1563 519 parata
1595 447 1649 502 in
1676 448 1957 504 interitum
1978 466 2024 515 ς»

2141 450 2292 520 στολῇ
2338 464 2533 520 φησιν’
2573 466 2592 500 ι
2626 450 2687 503 Εἰ
2726 449 2783 502 δέ
2810 448 2977 503 θέλων
3005 450 3033 503 6
3062 447 3192 512 Θεὸς
3240 446 3571 513 ἐνδείξασθαι
3612 450 3712 518 τὴν

457 544 613 613 quasi
642 544 900 613 patientia
933 541 1101 609 ipsius
1131 540 1315 594 tulerit
1350 556 1478 595 vasa
1516 540 1611 594 ine
1634 550 1687 595 et
1710 540 1873 595 veluti
1908 556 2029 609 pro-

459 636 749 691 t-reztverit.
791 635 847 689 Si
876 634 1059 697 enim,
1112 635 1254 702 quod
1304 634 1440 687 lenis
1488 644 1538 687 et
1592 634 1800 702 patiens
1845 633 2028 701 fuerit,

462 746 565 782 non
618 728 847 797 puniens
890 735 1219 795 peccantes,
1276 725 1369 778 scd
1421 725 1708 779 miseratus
1733 766 1749 790 ,
1778 740 1906 779 vasa
1942 726 2030 778 illa

459 821 851 883 :tlHllltlill‘Ulll;
886 820 998 887 ipse
1026 816 1424 886 quodammodo
1470 818 1727 885 patientia
1765 833 1861 872 sua
1903 832 2030 872 vasa

463 915 553 965 ira:
602 910 761 971 tulit,
797 920 885 972 et,
918 920 977 962 ut
1012 908 1083 962 ita
1130 909 1303 963 dicam
1330 948 1345 971 ,
1382 908 1495 978 ipse
1529 909 1709 961 omnia
1744 908 1868 963 fecit
1903 924 2031 963 vasa

461 1005 552 1053 irae
576 1010 739 1067 atque
764 1000 898 1051 adeo
930 1000 1042 1067 ipse
1068 999 1343 1052 induravit
1370 1015 1465 1052 cor
1488 1015 1699 1054 eorum.
1727 1000 1860 1054 Cum
1888 1001 2029 1054 enim

462 1092 726 1162 totsiguis
744 1100 797 1145 et
826 1090 1088 1160 prodigiis
1108 1088 1267 1145 factis
1296 1107 1399 1144 non
1429 1093 1771 1161 obtemperat
1796 1092 2029 1157 Pharao,

461 1184 555 1238 sed
586 1191 703 1252 post
736 1191 812 1236 tot
840 1192 893 1237 et
935 1192 1081 1237 tanta
1131 1191 1375 1237 monstra
1422 1192 1726 1253 repugnat,
1762 1185 2033 1252 quomodo

462 1290 569 1329 non
605 1275 791 1329 durior
822 1284 877 1328 et
931 1273 1197 1328 inlidelior
1232 1275 1521 1343 arguitur?
1560 1290 1681 1329 cum
1730 1277 1956 1329 durities
1980 1284 2033 1329 et

465 1367 827 1421 incredulitas
876 1382 941 1420 ex
995 1365 1255 1434 prodigiis
1296 1365 1427 1419 oriri
1478 1368 1718 1433 potuisse
1763 1368 2029 1421 videatur.

462 1460 651 1515 Simile
681 1468 764 1514 est
789 1460 841 1513 id
869 1460 919 1513 in
953 1459 1242 1527 Evangelio
1268 1458 1312 1489 ⁸⁸
1351 1476 1363 1511 :
1400 1475 1418 1509 t
1455 1458 1566 1521 Ego
1598 1460 1663 1512 ad
1689 1458 1949 1525 judicium
1978 1460 2030 1513 iu

466 1557 605 1607 hunc
635 1553 894 1607 mundum
922 1552 1040 1605 veni
1068 1567 1082 1614 ;
1116 1570 1133 1602 ›
1170 1566 1275 1604 non
1304 1552 1448 1605 enim
1476 1550 1754 1605 Servatori
1788 1551 2035 1621 proposi~

464 1654 574 1694 tum
607 1639 707 1695 fuit
746 1642 933 1695 venire
958 1641 1023 1694 ad
1065 1641 1353 1710 judicium,
1381 1641 1475 1694 sed
1505 1656 1567 1694 ex
1599 1656 1663 1695 eo
1695 1643 1838 1710 quod
1871 1658 2033 1696 vene»

2132 545 2299 614 ὀργὴν
2320 586 2333 608 ,
2370 543 2463 595 καὶ
2502 542 2766 612 γνωρίσαι
2809 542 2869 594 τὸ
2913 542 3132 595 δυνατὸν
3164 540 3325 594 αὐτοῦ
3347 584 3360 606 ,
3395 542 3621 611 ἤνεγκεν
3654 542 3714 593 ἐν

2132 633 2299 703 πο)λῇ
2352 632 2702 703 μακροθυμίᾳ
2754 632 2920 703 σκεύη
2966 633 3135 703 ὀργῆς
3184 634 3589 702 κατηρτισμένα
3633 634 3713 695 ε-ίς

2131 725 2404 777 ἀπώλειαν
2425 743 2437 754 ·
2478 744 2495 776 ι
2530 725 2605 787 ώς
2648 725 2746 795 τῆς
2794 724 3173 795 μακροθυμίας
3207 724 3371 777 αὑτοῦ
3400 725 3715 795 ἐνηνοχυίιις

2130 816 2198 868 τὰ
2226 817 2389 887 σκεύη
2419 817 2517 886 τῆς
2549 816 2737 887 ὀργῆς,
2765 816 2859 869 καὶ
2887 816 3048 869 οἱονεὶ
3081 816 3488 885 γεγεννηκυίας.
3518 818 3579 869 Ei
3605 816 3715 887 γὰρ

2132 908 2287 978 παρὰ
2318 909 2377 962 τὸ
2405 908 2774 979 μακροθυμεῖν
2803 908 2963 961 αὑτὸν
2993 909 3051 959 ού
3076 906 3372 970 κολάζοντα
3392 909 3517 971 τοὺς
3538 910 3717 979 ἀμαρ-

2132 1000 2390 1063 τάνοντας
2408 1042 2421 1065 ,
2460 1000 2570 1053 ἀλλ’
2605 998 2857 1053 ἐλεοῦντα
2876 1039 2891 1063 ,
2921 998 3209 1051 ἐπλεόνασε
3238 1001 3304 1069 τῇ
3334 998 3525 1068 χύσει,
3552 999 3716 1063 αὑτός

2133 1108 2251 1154 πως
2276 1092 2472 1161 ήνεγκε
2497 1094 2561 1162 τῇ
2594 1090 2786 1143 ἐαυτοῦ
2816 1090 3167 1161 μακροθυμίᾳ
3197 1090 3264 1143 τὰ
3300 1090 3468 1160 σκεύη
3502 1091 3600 1161 τῆς
3632 1091 3717 1161 ὀρ-

2132 1184 2269 1252 γῆς,
2304 1184 2399 1236 καὶ
2436 1183 2501 1236 ἵν’
2545 1181 2718 1246 οὕτως
2745 1182 2913 1245 είπω,
2950 1181 3110 1245 αὐτὸς
3143 1182 3207 1234 τὰ
3238 1182 3412 1234 πάντα
3448 1184 3715 1253 πεποίηκε

2135 1273 2302 1344 σκεύη
2333 1274 2504 1344 όργῆς
2528 1314 2542 1338 ,
2574 1274 2669 1327 καὶ
2715 1273 2854 1326 κατά
2888 1271 3064 1337 τοῦτο,
3104 1272 3263 1335 αὐτὸς
3294 1274 3589 1344 ἐσκλήρυνε
3619 1275 3715 1346 τὴν

2134 1366 2359 1438 καρδίαν
2396 1366 2593 1419 αὐτῶν.
2632 1365 2757 1419 Ὅτε
2783 1365 2893 1436 γὰρ
2935 1366 3175 1436 σημείων
3209 1364 3474 1418 τοσούτων
3506 1366 3599 1417 καὶ
3626 1382 3715 1419 τε»

2136 1460 2311 1531 ράτων
2344 1458 2651 1528 γενομένων
2685 1459 2745 1511 οὐ
2792 1458 3035 1511 πείθεται
3078 1460 3106 1511 6
3135 1459 3334 1530 Φαραὼ
3357 1500 3370 1524 ,
3401 1458 3534 1512 ἀλλά
3580 1458 3717 1528 μετὰ

2132 1550 2431 1622 τηλικαῦτα
2462 1550 2801 1614 ἀνθίσταται,
2833 1550 2947 1614 πῶς
2980 1551 3038 1603 ού
3072 1552 3431 1622 σκληρότερος
3461 1552 3553 1604 καὶ
3592 1554 3718 1604 ἀπι-

2137 1643 2385 1713 στότερος
2419 1642 2697 1712 ἐλέγχεται
2736 1660 2749 1707 ;
2782 1643 2879 1712 τῆς
2931 1643 3295 1714 σκληρότητος
3334 1644 3427 1695 καὶ
3462 1644 3719 1707 ἀπιστίας

468 1738 558 1797 rit,
594 1744 945 1787 consecutum
975 1744 1054 1788 est
1088 1742 1144 1786 ut
1177 1734 1293 1803 ipse
1328 1733 1395 1787 ad
1418 1733 1681 1803 judicium
1713 1735 1926 1788 venerit
1950 1749 2036 1787 eo-

2141 1736 2398 1808 δοκούσης
2449 1739 2512 1789 ἐκ
2559 1737 2669 1790 τῶν
2711 1734 3009 1807 τεραστίων
3059 1735 3363 1805 δυναμένης
3417 1736 3716 1807 γεγονέναι.

466 1841 605 1889 rum,
640 1826 730 1894 qui
763 1836 883 1894 post
912 1825 1167 1879 miracula
1198 1800 1315 1894 ipsi
1365 1800 1472 1879 non
1520 1824 1853 1880 crediderint
1887 1842 1902 1891 ;
1939 1825 2033 1880 sed

2141 1800 2365 1900 Ὅμοιον
2411 1830 2466 1883 δὲ
2500 1832 2591 1883 καὶ
2628 1830 2687 1882 τὸ
2731 1800 2789 1881 ἐν
2834 1828 2910 1899 τῷ
2953 1800 3355 1898 Εὑαγγελῠίῳδι
3401 1800 3505 1890 Εἰς-
3548 1800 3719 1897 κρίμα

460 1927 514 1969 et
545 1917 595 1970 in
626 1916 839 1971 ruinam
875 1932 1060 1969 eorum
1091 1919 1254 1971 venit.

2140 1919 2249 1989 ἐγὼ
2273 1922 2351 1983 εἱς
2384 1920 2474 1973 τὸν
2506 1922 2707 1991 κόσμον
2738 1920 2922 1973 τοῦτον
2950 1916 3110 1991 ἦλθον
3136 1937 3148 1949 ·
3192 1940 3209 1971 ι
3242 1921 3301 1972 ού
3323 1920 3431 1991 γὰρ
3464 1921 3721 1990 προέθετο

458 2016 488 2064 ὁ
543 2012 733 2083 Σωτὴρ
780 2014 859 2074 εἰς
896 2012 1069 2083 κρίμα
1119 2010 1312 2075 ἐλθεῖν,
1352 2011 1465 2064 ἀλλ’
1503 2011 1834 2081 ἠκολούθησε
1896 2011 1973 2081 τῷ
2022 2011 2335 2081 ἐληλυθέναι
2384 2014 2577 2077 αὐτὸν,
2621 2015 2682 2066 τὸ
2721 2016 2799 2077 εἰς
2844 2014 3014 2084 κρῖμα
3050 2012 3211 2065 αὑτὸν
3251 2012 3559 2083 ἐληλυθέναι
3615 2010 3721 2067 τῶν

464 2106 604 2178 μετά
632 2108 704 2161 τά
732 2108 990 2178 τεράστια
1017 2108 1077 2160 ού
1108 2109 1544 2161 πεπιστευκότων
1575 2107 1722 2179 αύτῷ
1740 2126 1752 2138 ·
1786 2108 1920 2162 ἀλλά
1948 2108 2040 2161 καὶ
2078 2112 2156 2173 εἰς
2182 2110 2386 2163 πτῶσιν
2418 2111 2664 2182 ἐλήλυθε.

797 2199 863 2253 Et
905 2208 1022 2269 post
1050 2200 1178 2264 alia,
1206 2202 1259 2254 in
1292 2202 1430 2255 hunc
1465 2203 1699 2256 modum.

537 2288 784 2359 i’rodigia
815 2290 981 2357 facta,
1024 2292 1445 2361 suscipientibus
1476 2294 1695 2361 quidem
1727 2302 1781 2347 et
1810 2294 2038 2347 creden-

466 2383 635 2448 tibus,
668 2393 725 2436 ut
758 2382 1079 2450 promiscuis
1104 2383 1210 2436 illis
1239 2382 1531 2454 Egyptiis,
1561 2386 1651 2453 qui
1684 2400 1804 2439 cum
1839 2386 2037 2455 populo

464 2474 667 2543 egressi
704 2485 864 2537 sunt,
899 2474 1271 2530 misericordia
1304 2474 1459 2531 fuere
1493 2493 1507 2541 ;
1546 2493 1653 2531 non
1687 2478 2039 2534 credentibus

465 2576 644 2619 autem
672 2566 925 2620 duritiem
970 2568 1154 2623 cordis
1190 2569 1453 2623 inserunt.
1487 2570 1623 2623 Tum
1670 2580 1934 2638 praeterea
1969 2588 2037 2627 ex

470 2654 760 2724 livangclio
787 2656 1032 2727 quaedam
1059 2658 1141 2711 his
1169 2658 1369 2713 similia
1394 2659 1622 2728 proferri
1651 2672 1898 2729 possunt,
1919 2678 2040 2732 quae

466 2748 729 2804 malorum
766 2760 1042 2804 auctorem
1078 2749 1349 2819 aliquibus
1390 2750 1737 2806 Servatorem
1770 2753 1913 2822 loqui
1955 2754 2038 2807 vi-

469 2843 668 2897 dentur
691 2842 737 2874 ”
769 2862 780 2897 :
816 2860 833 2892 ι
869 2840 962 2896 ναι
998 2840 1092 2896 tibi
1128 2842 1279 2912 regio
1305 2841 1431 2908 Zin,
1480 2858 1557 2899 va:
1593 2845 1687 2899 tibi
1722 2844 2036 2911 Bethsaida,

468 2934 595 3001 quia
629 2934 671 2989 si
697 2934 825 3005 Tyri
853 2946 905 2990 ct
935 2933 1135 2990 Sidone
1158 2934 1301 2991 facta
1333 2936 1560 2992 fuissent
1582 2937 1733 3008 signa
1758 2953 1877 3007 qua:
1899 2940 2039 3008 apud

467 3039 566 3081 vos
597 3026 736 3079 facta
762 3034 910 3093 sunt,
932 3028 1043 3096 jam
1072 3027 1200 3082 olim
1234 3028 1285 3082 in
1312 3044 1473 3084 sacco
1497 3039 1552 3085 et
1587 3031 1768 3085 cinere
1792 3032 2042 3088 sedentes

467 3118 841 3188 paenitentiam
881 3121 1142 3188 egissent.
1176 3120 1444 3176 Caeterum
1472 3124 1594 3179 dico
1625 3123 1814 3188 vobis,
1854 3125 2043 3179 tolera-

470 3212 632 3266 bilius
662 3212 771 3266 erit
793 3211 936 3281 Tyro
966 3222 1021 3268 et
1054 3212 1239 3269 Sidoni
1274 3231 1438 3285 quam
1468 3216 1643 3281 vobis,
1686 3235 1706 3268 ›
1739 3226 1792 3272 et
1822 3227 2038 3271 caetera.

473 3306 615 3359 Deus
642 3307 786 3360 enim
820 3307 909 3375 qui
937 3306 1189 3359 duritiem
1212 3308 1717 3363 etincredulitatem
1745 3309 2039 3364 incolarum

471 3399 708 3467 regionis
735 3398 855 3461 Zin,
887 3408 941 3452 et
963 3397 1252 3452 Bethsaida
1277 3438 1293 3463 ,
1326 3408 1380 3453 et
1409 3399 1792 3468 Capltarnaum
1829 3418 2042 3472 praeno-

2565 2205 2671 2258 Καὶ
2698 2204 2826 2274 μεθ’
2861 2203 3031 2272 ἕτερα
3062 2204 3266 2269 οὕτως.
3528 2254 3537 2259 .

2211 2298 2290 2350 Τὰ
2317 2298 2576 2368 τεράστια
2621 2298 2917 2367 γινόμενα,
2953 2300 3064 2360 τοῖς
3116 2297 3215 2366 μὲν
3264 2294 3573 2366 δεχομένοις
3626 2293 3720 2348 καὶ

2142 2386 2519 2453 πιστεύουσιν,
2560 2386 2635 2449 ὡς
2682 2388 2833 2459 παρά
2876 2389 2990 2449 τοῖς
3042 2386 3351 2456 ἐπιμίκτοις
3407 2384 3721 2452 Αἰγυπτίοις

2140 2481 2251 2540 τοῖς
2283 2477 2661 2549 συνεληλυθόσι
2706 2478 2783 2548 τῷ
2824 2477 2967 2549 λαῷ,
3002 2478 3147 2541 ἔλεος
3194 2473 3292 2547 ἦν’
3335 2480 3446 2539 τοῖς
3490 2476 3531 2528 δ’
3563 2476 3720 2528 ἀπει-

2141 2570 2292 2624 θοῦσι
2314 2571 2657 2643 σκληρότητα
2682 2573 2801 2635 ταῖς
2832 2568 3077 2641 καρδίαις
3100 2568 3276 2621 αὐτῶν
3301 2568 3569 2638 ἐπιφέρει.
3612 2566 3723 2619 Καὶ

2141 2665 2204 2717 ἐκ
2246 2663 2338 2716 τοῦ
2374 2662 2703 2731 Εὑαγγελίου
2743 2662 2801 2715 δὲ
2830 2662 2910 2714 ἐτι
2944 2662 3091 2731 παρά
3118 2662 3186 2714 τὰ
3211 2660 3475 2731 εἰρημένα
3515 2661 3631 2712 ἔστι
3654 2658 3723 2711 τά

2140 2757 2300 2828 ὅμοια
2330 2755 2671 2828 παραθέσθαι
2717 2756 2845 2825 περὶ
2879 2754 2971 2808 τοῦ
3019 2755 3111 2807 καὶ
3153 2754 3243 2806 τὸν
3284 2754 3513 2824 Σωτῆρα
3537 2750 3723 2805 κακῶν

2141 2849 2311 2904 αἴτιον
2360 2848 2537 2902 δοκεῖν
2603 2848 2883 2915 γεγονέναι
2942 2846 3121 2899 τισίν·
3179 2862 3197 2895 t
3252 2844 3387 2896 Ούαί
3443 2860 3523 2895 σοι
3570 2841 3723 2913 χώρα

2142 2942 2234 2995 Ζὶν
2260 2941 2399 3012 (65),
2432 2940 2553 2993 οὐαί
2589 2956 2670 2992 σοι
2700 2937 3005 3009 Βηθσαϊδὰ,
3037 2938 3119 2990 ὅτι
3148 2938 3196 2988 εἰ
3231 2936 3289 2988 ἐν
3320 2935 3480 3004 Τύρῳ
3509 2933 3604 2986 καὶ
3631 2933 3721 2984 Σι-

2142 3034 2267 3087 δῶνι
2299 3032 2514 3101 ἐγένετο
2541 3031 2607 3084 τὰ
2640 3032 2839 3101 σημεῖα
2876 3028 2943 3082 τὰ
2988 3029 3253 3098 γενόμενα
3286 3028 3343 3079 ἐν
3374 3027 3530 3095 ὑμῖν,
3557 3023 3724 3077 πάλαι

2142 3124 2207 3178 ἂν
2240 3126 2296 3177 ἐν
2325 3124 2511 3194 σάκκῳ
2534 3123 2625 3176 καὶ
2649 3120 2825 3191 σποδῷ
2853 3119 3149 3191 καθήμενοι
3195 3116 3542 3189 μετενόησαν.
3578 3115 3727 3185 Πλὴν

2142 3217 2285 3285 λέγω
2327 3217 2486 3287 ύμῖν,
2532 3214 2693 3285 Τύρῳ
2740 3214 2833 3268 καὶ
2870 3212 3055 3266 Σιδῶνι
3104 3209 3453 3279 ἀνεκτότερον
3497 3206 3646 3259 ἔσται
3689 3205 3726 3276 ἢ

2146 3311 2293 3380 ὑμῖν,
2328 3328 2345 3360 ›
2381 3308 2476 3361 καὶ
2510 3306 2578 3359 τὰ
2606 3306 2764 3376 ἑξῆς·
2800 3303 3154 3376 προγνώστης
3191 3300 3298 3372 γὰρ
3330 3302 3358 3353 6
3386 3298 3577 3368 Σωτὴρ
3612 3297 3721 3367 (66)

2146 3402 2219 3453 ῶν
2253 3400 2351 3471 τῆς
2377 3398 2633 3461 ἀπιστίας
2667 3398 2774 3450 τῶν
2812 3398 2870 3450 ἐν
2902 3394 3054 3467 χώρᾳ
3087 3395 3201 3456 Ζὶν,
3233 3393 3326 3445 καὶ
3356 3390 3463 3444 τῶν
3495 3392 3551 3441 ἐν
3584 3388 3725 3458 Βηθ-

470 3499 646 3553 verat,
679 3498 733 3543 et
756 3490 966 3543 sciebat
1003 3490 1334 3545 tolerabilius
1360 3491 1477 3545 fore
1505 3496 1647 3559 genti
1682 3471 2038 3548 Sodomorum

2147 3492 2319 3556 σαῖδὰ,
2358 3492 2451 3545 καὶ
2501 3490 2606 3543 τῶν
2636 3492 2691 3543 ἐν
2721 3490 3115 3561 Καπερναοὺμ,
3146 3489 3236 3541 καὶ
3264 3489 3345 3539 ὅτι
3379 3484 3728 3555 ἀνεκτότερον

475 3580 529 3633 in
566 3578 652 3633 die
676 3579 865 3647 judicii
902 3595 1061 3647 quam
1092 3580 1223 3646 illis,
1260 3594 1358 3633 cur
1388 3582 1546 3650 120
1577 3584 1837 3637 miracula
1866 3594 2043 3653 patra-

473 3674 567 3728 ιλιι
616 3673 669 3726 in
716 3673 934 3741 regione
988 3672 1086 3726 Zin
1124 3681 1180 3726 et
1224 3670 1507 3726 Bethsaida
1537 3717 1549 3739 ,
1586 3674 1777 3727 videns
1826 3686 2046 3744 propter

474 3766 591 3821 hzec
625 3764 963 3819 tolerabilius
1004 3764 1116 3818 fore
1144 3764 1197 3818 in
1233 3762 1322 3817 die
1368 3763 1558 3832 judicii
1596 3765 1774 3835 Tyriis
1805 3775 1857 3820 et
1890 3766 2044 3821 Sido-

475 3857 605 3923 niis,
639 3872 800 3927 quam
830 3857 912 3911 bis
932 3857 954 3900 7

1079 4018 1149 4071 Et
1176 4026 1291 4087 post
1313 4017 1441 4072 alia.

552 4132 569 4165 ι
603 4110 683 4166 Tu
708 4120 893 4165 au‘em
931 4110 1078 4165 dices
1100 4110 1391 4175 Pharaoni,
1427 4108 1554 4164 llaec
1582 4108 1714 4164 dicit
1746 4110 2041 4166 Dominus:

479 4205 645 4259 Filius
692 4203 1085 4274 priutogenitus
1134 4216 1286 4256 meus
1330 4199 1516 4255 Israel.
1570 4200 1691 4255 Dixi
1721 4216 1852 4256 vero
1897 4202 1989 4255 tibi
2027 4220 2041 4255 :

476 4297 698 4351 Dimitte
744 4295 998 4364 populum
1044 4308 1259 4356 meum,
1304 4301 1362 4345 ut
1392 4306 1477 4345 me
1514 4291 1736 4356 colant;
1783 4292 1826 4346 si
1864 4301 2045 4347 autem

476 4404 580 4443 non
620 4389 705 4443 vis
730 4388 1003 4443 dimittere
1044 4386 1216 4453 ipsum
1246 4424 1260 4449 ,
1292 4384 1495 4437 videsis
1522 4425 1536 4449 ,
1570 4398 1673 4453 ego
1716 4385 2043 4439 iulerliciam

478 4482 645 4535 lilium
677 4491 825 4533 tuum
859 4479 1274 4548 primogenitum
1304 4476 1370 4529 '°.
1406 4494 1424 4527 ι
1459 4476 1753 4533 Dicendum
1782 4479 1945 4547 igitur
1965 4490 2047 4532 est

479 4574 575 4635 iis,
607 4573 698 4640 qui
742 4571 871 4639 justi
907 4572 996 4624 Dei
1033 4572 1145 4626 haec
1174 4585 1296 4625 esse
1332 4574 1624 4645 Opinantnr
1648 4613 1663 4637 ,
1701 4582 1757 4624 et
1796 4586 1862 4624 ex
1904 4570 2043 4623 nuda

476 4660 717 4714 dictione
756 4661 1063 4714 induratum
1111 4677 1232 4716 esse
1267 4675 1362 4715 cor
1410 4661 1711 4715 Pharaonis
1749 4662 1890 4728 regis
1946 4676 2046 4728 pu—

478 4760 615 4815 tant,
648 4766 715 4805 ne
737 4752 1037 4806 dimitteret
1066 4754 1318 4823 populum
1347 4755 1535 4824 ipsius,
1569 4753 1841 4823 quomodo
1866 4751 2047 4818 justus

477 4853 560 4899 est
599 4844 690 4914 qui
743 4845 1017 4899 induravit
1048 4860 1142 4900 cor
1169 4886 1183 4911 ,
1217 4856 1271 4900 et
1317 4847 1554 4901 minatur
1576 4886 1591 4909 ,
1622 4844 1726 4898 nisi
1760 4842 2046 4910 dimiserit,

477 4938 894 4993 interfecturum
926 4939 1093 4992 tilium
1131 4937 1249 5006 ejus
1289 4939 1708 5007 primogenitum
1743 4936 1851 4992 ?St
1900 4939 2046 4993 enim

476 5039 813 5100 urgeantur,
859 5046 980 5083 eum
1031 5032 1233 5093 malum
1288 5045 1410 5085 esse
1456 5029 1793 5085 fatebuntur.
1835 5029 2046 5084 Rursus

474 5120 671 5177 deinde
699 5123 803 5175 alia
842 5122 961 5177 illos
997 5123 1121 5177 inde
1155 5131 1407 5177 avertent
1445 5132 1498 5177 ct
1530 5138 1595 5177 eo
1634 5124 1937 5188 adducent,
1987 5130 2047 5177 ut

475 5231 578 5269 non
614 5215 769 5269 nuda:
802 5214 1029 5268 dictioni
1058 5214 1457 5279 adhaerescant,
1499 5229 1618 5283 qua:
1650 5214 1889 5283 ipsorum
1916 5226 2042 5267 sen-

475 5307 643 5361 tentia
666 5304 890 5375 Opiﬁcis
914 5306 1186 5374 justitiam
1221 5308 1359 5362 tueri
1412 5322 1515 5361 non
1567 5315 1763 5375 potest.
1800 5306 2043 5375 Denique

565 5399 732 5453 semel
788 5416 935 5453 nunc
980 5400 1153 5454 coacti
1206 5399 1410 5454 fuerint
1457 5399 1571 5452 haec
1622 5397 1950 5466 expendere,
1979 5411 2045 5451 eo

544 5493 589 5523 ⁸⁸
626 5492 782 5551 Joau.
816 5494 986 5559 tx,59.
1067 5494 1111 5526 δ’
1144 5493 1332 5547 Matth.
1363 5509 1439 5555 xu,
1479 5492 1568 5555 21,
1597 5492 1686 5545 22.

507 5660 517 5669 ν
547 5586 992 5679 (ϋδὶνΧώραΖίν.
1029 5588 1285 5660 Vulgatus
1316 5598 1494 5643 textus
1527 5588 1744 5645 Graecus
1780 5586 2042 5655 Matthxi,

474 5658 752 5852 Ἐῗόξῖιῆ
769 5725 992 5795 Σωτήρ.
1022 5726 1112 5784 Sic
1133 5730 1335 5786 habent
1363 5743 1492 5786 mss.
1516 5728 1666 5785 Libri
1690 5738 1868 5786 autem
1891 5729 2044 5797 cditi,

482 5816 508 5852 ο
577 5816 602 5849 ε
637 5814 683 5852 ς.

482 5816 508 5852 ο
531 5814 683 5862 υεος.

2144 3585 2351 3652 γίνεται
2386 3585 2455 3654 γῇ
2491 3582 2597 3652 (67)
2630 3582 2877 3652 Σοδόμων
2911 3584 2969 3635 ἐν
3003 3581 3187 3652 ἡμέρα
3231 3578 3487 3647 κρίσεως,
3520 3575 3553 3646 ἢ
3584 3575 3727 3628 ἐκείο

2145 3694 2284 3738 νοις,
2315 3675 2403 3728 διὰ
2442 3675 2494 3726 τί
2527 3674 2593 3727 τὰ
2623 3673 2883 3744 τεράστια
2914 3672 3157 3726 ἐπετέλει
3193 3672 3249 3724 ἐν
3290 3668 3443 3740 χώρᾳ
3474 3668 3566 3721 Ζὶν
3590 3707 3605 3732 ,
3634 3665 3727 3719 καὶ

2148 3772 2204 3823 ἐν
2233 3768 2524 3835 Βηθσαϊδὰ,
2561 3768 2701 3838 όρῶν
2740 3769 2821 3821 ὅτι
2869 3766 2958 3820 διά
2992 3764 3162 3819 ταῦτα
3206 3761 3554 3829 ἀνεκτότερον
3586 3760 3727 3829 γίνε-

2145 3877 2231 3913 ται
2254 3860 2309 3911 ἐν
2335 3859 2518 3930 ἡμέρα
2547 3859 2779 3930 κρίσεως
2814 3858 3055 3929 Τυρίοις,
3089 3858 3182 3911 καὶ
3214 3853 3508 3918 Σιδωνίοις,
3536 3854 3569 3925 ἢ
3604 3854 3724 3906 τού-

2147 3968 2257 4013 τως
2282 3992 2297 4016 ’
2698 4019 2803 4073 Καὶ
2823 4020 2949 4089 μεθ’
2975 4019 3165 4086 ἕτερα.

2224 4132 2241 4163 ι
2275 4113 2346 4165 Σὺ
2378 4112 2435 4165 δὲ
2465 4113 2607 4183 ἐρεῖς
2637 4109 2714 4181 τῷ
2749 4107 2968 4181 Φαραώ·
2999 4108 3137 4161 Τάδε
3170 4104 3567 4175 λέγειΚύριος·
3600 4101 3729 4167 Υἱὸς

2147 4205 2486 4279 πρωτότοκός
2535 4223 2634 4276 μου
2684 4204 2916 4276 Ἰσραήλ.
2948 4197 3095 4255 Εῖπα
3117 4201 3175 4253 δέ
3194 4215 3295 4259 σοι,
3323 4196 3726 4262 Ἐξαπόστειλον

2144 4300 2236 4353 τὸν
2269 4298 2395 4351 λαόν
2428 4314 2553 4368 μου,
2584 4297 2671 4351 ἵνα
2698 4314 2787 4368 μοι
2817 4294 3205 4366 λατρεύσωσιν.
3236 4291 3299 4342 Ei
3339 4290 3395 4342 δέ
3442 4290 3515 4359 μὴ
3551 4287 3727 4357 βούλει

2147 4391 2521 4456 ἐξαποστεῖλαι
2548 4389 2849 4459 αύτὺν,ὅρα
2878 4386 3027 4455 γοῦν,
3053 4381 3163 4451 ἐγὼ
3195 4381 3477 4435 ἀποκτενῶ
3501 4379 3727 4432 τὸν.υίόν

2150 4500 2242 4536 σου
2271 4482 2359 4535 τὸν
2392 4480 2751 4553 πρωτότοκον.
2790 4496 2808 4529 ι
2840 4476 3073 4531 Λεκτέον
3097 4470 3189 4529 οὖν
3218 4476 3330 4536 τοῖς
3358 4472 3622 4541 φάσκουσι
3648 4469 3725 4521 δι-

2148 4574 2300 4627 καίου
2335 4570 2504 4624 ταῦτα
2544 4566 2681 4623 εἶναι
2713 4569 2868 4633 Θεοῦ,
2900 4569 2991 4621 καὶ
3028 4566 3467 4637 ὑπολαμϐάνουσι
3500 4562 3641 4617 κατά
3668 4561 3729 4614 1:6

2148 4664 2435 4735 πρόχειρον
2473 4663 2570 4732 τῆς
2600 4661 2801 4727 λέξεως
2822 4658 3185 4731 ἐσκληρύνθαι
3220 4658 3318 4728 τὴν
3361 4657 3587 4727 καρδίαν
3619 4656 3725 4707 Φα-

2154 4757 2266 4830 ραὼ
2299 4757 2558 4827 βασιλέως
2583 4796 2597 4821 ,
2634 4756 2719 4807 ἵνα
2749 4756 2822 4826 μὴ
2863 4750 3217 4823 ἐξαποστείλῃ
3259 4750 3348 4802 τὸν
3376 4749 3502 4801 λαὸν
3543 4745 3725 4811 αὐτοῦ,

2154 4848 2501 4912 πῶςδίκαιος
2534 4849 2562 4899 6
2596 4845 2905 4919 σκληρύνας
2936 4862 2993 4897 τε
3039 4844 3137 4915 τὴν
3169 4842 3414 4914 καρδίαν,
3458 4840 3549 4893 καὶ
3577 4842 3727 4892 ἀπει-

2151 4941 2279 5004 λῶν,
2315 4943 2362 4993 εί
2396 4940 2470 5010 μὴ
2505 4938 2782 5002 ἀπολύσει,
2814 4938 3129 4991 ἀποκτεῖναι
3154 4933 3243 4986 τὸν
3270 4932 3607 5001 πρωτότοκον
3636 4930 3733 4983 αὐ-

2145 5032 2241 5085 τοῦ
2270 5032 2423 5097 υἱόν;
2472 5031 2786 5101 Θλιὸόμενοι
2833 5030 2940 5101 γὰρ
2975 5026 3208 5097 πονηρὸν
3249 5024 3411 5077 αὑτὸν
3468 5022 3733 5093 ὁμολογή-

2150 5138 2351 5176 σουσιν.
2383 5117 2514 5175 Εἶτα
2549 5120 2707 5173 πάλιν
2741 5120 2847 5172 ἀπὸ
2880 5119 3082 5189 ἐτέρων
3110 5112 3606 5185 ἀνατραπήσονται,
3640 5108 3732 5163 καὶ

2148 5213 2543 5285 ἀναχθήσονται
2574 5212 2681 5283 (68)
2712 5213 2788 5274 είς
2814 5211 2872 5264 τὸ
2903 5211 2974 5281 μὴ
3013 5212 3078 5279 τῇ
3124 5204 3396 5280 προχείρῳ
3444 5203 3585 5270 λέξει
3614 5202 3733 5261 δου-

2150 5303 2359 5367 λεύειν,
2394 5304 2455 5357 ού
2504 5303 2779 5374 δυναμένῃ
2828 5302 2945 5353 κατ’
2990 5299 3187 5361 αὐτοὺς
3222 5297 3391 5349 σῶσαι
3423 5296 3485 5348 τὸ
3524 5292 3732 5346 δίκαιον

2151 5398 2244 5451 τοῦ
2268 5398 2631 5471 Δημιουργοῦ.
2661 5396 2840 5463 "At-mg
2868 5395 2925 5448 δὲ
2960 5393 3055 5447 ἐὰν
3087 5392 3179 5446 νῦν
3216 5387 3599 5458 ἀναγκασθῶσι
3644 5386 3735 5455 βε·

1779 5492 1824 5524 ⁹⁰
1853 5491 2021 5547 Exod.
2059 5509 2129 5561 Iv,
2165 5494 2254 5561 ‘22,
2289 5496 2381 5551 25.

2224 5590 2333 5671 (ϐξ)
2361 5590 2473 5645 Vox
2501 5592 2569 5661 γῇ
2600 5605 2719 5671 qtue
2744 5588 2931 5642 deerat
2964 5587 3016 5641 in
3050 5587 3203 5642 libris
3229 5595 3386 5639 antea
3423 5584 3602 5651 editis,
3643 5581 3732 5637 hic

2154 5661 2432 5730 suppletur
2462 5678 2492 5714 e
2527 5661 2805 5713 codicibus
2836 5674 2965 5712 mss.

2229 5732 2341 5803 (68)
2374 5732 2592 5802 Aliquot
2620 5746 2774 5795 mss,
2810 5726 3254 5799 συναχθήσονται.
