4132 6418
416 358 519 415 28!

1644 360 1956 417 SELECTA
1991 362 2057 417 ΙΝ
2089 363 2400 421 EXODUM.

3558 367 3666 421 282

420 476 725 547 ϐιασμένως
754 479 924 532 ταῦτα
956 479 1247 547 ἐξετάζειν,
1280 479 1641 550 ἀναϐήσονται
1670 483 1762 533 ἐπὶ
1798 482 1857 535 τὸ
1890 500 1992 553 μη·-

2105 485 2413 551 pervenient
2434 491 2492 539 ut
2525 499 2631 540 non
2656 485 2889 555 amplius
2907 484 3171 555 Opiﬁcem
3206 483 3538 554 vituperent,
3569 485 3664 538 sed

418 567 531 622 ἰιέτι
562 572 884 639 κατηγορεῖν
904 568 995 623 τοῦ
1015 568 1379 641 Δημιοιδργοῦ,
1403 568 1538 622 ἀλλὰ
1569 570 1794 638 φάσκειν
1826 571 1985 624 αὐτὸν

416 660 618 729 αγαθὺν
643 657 1193 717 εἷναι.’[Ιευστέονοῦν
1230 661 1334 713 τῶν
1377 662 1635 732 οἰομένων
1677 663 1987 732 νενοηκέναι

414 753 503 808 τό’
547 773 565 805 ι
617 755 941 826 Ἐσκλήρυνε
981 756 1185 827 Κύριος
1230 756 1258 806 ὁ
1299 756 1430 820 θεὸς
1481 755 1577 826 τὴν
1611 755 1835 825 καρδίαν
1878 758 1989 809 Φα-

421 843 568 917 ραὼ,
612 864 631 896 ›
666 846 890 915 πότερον
924 845 1135 915 ἀληθῶς
1176 846 1484 898 πιστεύουσι
1524 845 1774 914 λέγεσθαι
1818 846 1991 899 ταῦτα

417 937 521 990 ὑπὸ
547 937 641 990 τοῦ
664 937 821 1001 Θεοῦ,
841 938 928 991 διά
959 939 1236 1001 Μωῡσέως
1257 937 1657 1001 ἐνθουσιῶντος,
1681 940 1713 1008 ἢ
1741 939 1949 1008 ψευδῶς
1974 956 1988 970 ·

421 1030 468 1080 εί
503 1028 600 1098 μὲν
628 1027 737 1097 γὰρ
765 1027 994 1097 ψευδῶς,
1018 1026 1141 1080 οὕτε
1165 1027 1370 1090 δίκαιος
1400 1027 1479 1080 ἔτι
1504 1026 1611 1097 (69)
1646 1028 1763 1079 κατ’
1797 1028 1994 1089 αὐτοὺς

416 1120 445 1171 ὁ
476 1117 627 1181 Θεὸς,
651 1116 774 1169 οὔτε
806 1116 1030 1188 ἀληθὴς,
1061 1117 1155 1170 καὶ
1183 1117 1304 1171 ὅσον
1336 1118 1427 1169 ἐπὶ
1455 1116 1661 1179 τούτοις
1692 1116 1811 1168 οὐδέ
1841 1116 1989 1179 Θεός·

420 1208 468 1260 εί
490 1206 533 1259 δ’
565 1205 798 1277 ἀληθῶς,
822 1207 1247 1260 κατανοείτωσαν
1270 1208 1318 1259 εί
1347 1206 1418 1277 μὴ
1445 1207 1519 1269 ὡς
1542 1205 1881 1269 αὐτεξούσιον
1913 1208 1996 1259 αἱ-

420 1295 599 1346 τιᾶται
622 1293 817 1361 λέγων’
844 1313 861 1345 ι
886 1295 948 1346 Ei
975 1295 1031 1348 δὲ
1061 1295 1134 1366 μὴ
1160 1295 1332 1366 βούλει
1360 1295 1733 1360 ἐξαποστεῖλαι
1763 1295 1942 1347 αὐτόν·
1971 1315 1990 1347 ι

422 1384 518 1436 καὶ
543 1383 773 1455 ἀλλαχοῦ
796 1401 809 1415 ·
835 1404 852 1436 ι
868 1385 1010 1450 Ἕως
1036 1387 1177 1449 τίνος
1200 1387 1260 1439 ού
1287 1386 1463 1457 βούλει
1494 1387 1820 1457 ἐντραπῆναί
1849 1405 1944 1457 με;
1971 1407 1990 1439 ι

422 1476 494 1528 Τὸ
524 1474 653 1547 γὰρ,
672 1496 690 1529 ι
710 1476 1007 1541 Ἕωςτίνος
1035 1480 1095 1532 ού
1126 1478 1303 1549 βούλει
1332 1478 1662 1548 ἐντραπῆναί
1692 1495 1790 1547 με;
1817 1498 1835 1530 ι
1869 1478 1995 1531 δυσ-

421 1566 721 1639 ωπητικῶς
768 1567 982 1637 λέγεται
1016 1570 1151 1640 πρὸς
1178 1569 1269 1621 τὸν
1297 1566 1495 1638 Φαραὼ
1529 1569 1630 1621 οὐκ
1672 1570 2000 1640 ἐντρεπόμε-

421 1662 640 1723 νον,ὀὺ
683 1661 834 1733 παρά
877 1662 939 1713 τὸ
989 1660 1062 1732 μὴ
1099 1660 1358 1714 δύνασθαι
1383 1698 1399 1722 ,
1450 1659 1584 1712 ἀλλά
1637 1660 1788 1731 παρά
1829 1662 1890 1714 τὸ
1926 1661 1999 1733 μὴ

426 1751 727 1821 βούλεσθαι.
757 1752 867 1804 Καὶ
898 1752 959 1804 τὸ
988 1752 1276 1822 λεγόμενον
1300 1752 1355 1804 δὲ
1381 1750 1530 1822 παρὰ
1558 1752 1833 1815 Μωῦσέως
1864 1753 1998 1826 πρὸς

2090 574 2266 642 ipsum
2308 575 2507 630 bonum
2558 591 2678 631 esse
2726 577 3018 631 allirntent.
3082 576 3221 644 Ergo
3292 576 3663 644 interrogandi

2089 676 2236 731 sunt,
2269 669 2356 736 qui
2387 683 2446 722 se
2474 669 2526 722 id
2570 679 2759 738 putant
2795 668 3140 736 intelligere:
3182 686 3199 717 ι
3239 667 3517 720 lnduravit
3567 667 3668 719 Do-

2092 758 2269 810 minus
2304 759 2443 810 Deus
2468 774 2564 812 cor
2592 757 2932 825 Pharaonis,
2977 778 2995 811 ι
3040 774 3106 811 an
3154 759 3268 812 hzec
3321 773 3447 812 vere
3485 772 3513 809 a
3553 754 3662 807 Deo

2093 848 2194 902 dici
2233 863 2330 916 per
2364 848 2597 917 Moysem
2639 850 2820 903 divino
2863 850 3054 918 spiritu
3100 850 3336 903 alllatum
3363 888 3378 913 ,
3411 864 3476 901 an
3510 846 3665 913 false,

2093 950 2301 1007 putent.
2344 940 2401 993 Si
2428 941 2569 993 enim
2619 940 2784 1004 false,
2822 956 2996 1008 neque
3031 941 3207 1007 justus
3254 941 3493 1009 ipsorum
3542 938 3664 1007 opi-

2094 1032 2258 1086 nione
2283 1071 2297 1095 ,
2349 1047 2527 1101 neque
2568 1048 2727 1086 verus
2769 1032 2874 1087 erit
2911 1033 3051 1086 Deus
3087 1050 3101 1085 :
3136 1049 3309 1101 neque
3338 1047 3467 1084 vero
3502 1030 3662 1082 Deus.

2096 1122 2192 1175 Sin
2224 1132 2402 1177 autem
2443 1139 2569 1177 vere
2595 1164 2611 1189 ,
2644 1125 2886 1193 cogitent
2918 1141 3042 1177 num
3078 1139 3203 1176 eum
3244 1133 3301 1177 ut
3345 1123 3569 1177 arbitrio
3603 1121 3667 1173 li-

2096 1211 2227 1265 bcro
2253 1213 2534 1279 praeditum
2569 1213 2928 1280 reprehendat
2952 1212 3139 1267 dicens
3172 1214 3216 1244 ⁹¹
3245 1231 3258 1266 :
3302 1232 3318 1263 ι
3366 1213 3435 1266 At
3477 1210 3521 1265 si
3558 1227 3666 1264 non

2098 1305 2177 1358 vis
2210 1320 2333 1359 eum
2364 1305 2637 1359 dimittere
2668 1321 2683 1362 :
2725 1323 2744 1355 ι
2775 1312 2830 1359 et
2864 1303 2992 1357 alibi
3026 1303 3071 1333 ⁹¹
3107 1320 3122 1357 :
3162 1322 3180 1354 ι
3220 1304 3513 1371 Quousque
3558 1316 3665 1353 non

2096 1398 2180 1451 vis
2217 1397 2450 1450 revereri
2482 1396 2608 1450 me?
2645 1416 2664 1448 ›
2694 1394 2829 1449 Illud
2857 1398 3038 1449 enim:
3072 1416 3091 1449 ι
3127 1396 3421 1464 Quousque
3452 1410 3554 1447 non
3586 1396 3670 1447 vis

2101 1489 2336 1542 revereri
2378 1488 2507 1541 me?
2538 1506 2557 1540 ι
2597 1486 2865 1542 Pharaoni
2892 1489 3092 1543 dicitur
3118 1527 3133 1551 ,
3186 1488 3252 1541 ad
3287 1502 3408 1540 eum
3462 1486 3669 1554 pudore

2102 1578 2549 1642 sull‘uudendum,
2594 1580 2686 1647 qui
2728 1594 2833 1632 non
2874 1588 3194 1643 vereretur;
3232 1593 3337 1631 non
3384 1575 3525 1645 quod
3563 1590 3668 1628 non

2103 1677 2323 1738 posset,
2365 1669 2459 1722 sed
2497 1670 2641 1738 quod
2684 1669 2871 1724 nollet.
2917 1670 2981 1724 Et
3032 1668 3173 1738 quod
3202 1669 3401 1722 dicitur
3429 1684 3455 1719 a
3489 1665 3671 1736 Moyse

2105 1759 2369 1813 Pharaoni
2396 1759 2472 1812 ⁹³ι
2510 1776 2529 1809 ι
2560 1757 2629 1814 Ut
2658 1773 2956 1828 cognoscas
2986 1760 3110 1827 quia
3143 1758 3354 1811 Domini
3389 1767 3470 1810 est
3491 1766 3667 1819 terra;

423 1836 768 1914 τὸν’Φαραὼ,
808 1863 827 1894 ι
864 1844 980 1896 Ἵνα
1011 1843 1153 1913 γνῷς
1198 1843 1278 1895 ὅτι
1317 1841 1409 1895 τοῦ
1455 1841 1659 1913 Κυρίου
1707 1845 1738 1914 ὴ
1769 1844 1869 1914 γῆ,
1906 1845 1999 1895 καὶ

2105 1855 2153 1899 et
2187 1856 2240 1899 tu
2267 1886 2281 1909 ,
2327 1855 2381 1900 et
2410 1845 2595 1899 famuli
2636 1847 2749 1910 tui,
2796 1846 2912 1901 scio
2949 1847 3074 1916 quia
3111 1862 3383 1914 nunquam
3418 1847 3673 1899 timuistis

428 1936 514 1998 σὺ,
556 1936 648 1987 καὶ
679 1936 728 1986 οἱ
770 1933 1096 2005 θεράποντές
1125 1954 1238 2002 σου,
1295 1934 1590 2005 ἐπίσταμαι
1628 1936 1709 1987 ὅτι
1747 1935 2000 1988 οὐδέποτε

427 2024 733 2094 πεφόϐησθε
784 2025 873 2078 τὸν
904 2025 1106 2097 Κύριον
1130 2067 1144 2090 ,
1196 2045 1214 2077 ι
1258 2026 1407 2096 δηλοῖ
1443 2026 1525 2078 ὅτι
1564 2025 1960 2096 φοϐηθήσονται
1982 2040 1999 2057 ο

423 2116 560 2189 ὅπερ
602 2117 828 2188 ἁρμόζει
869 2117 1002 2187 πρὸς
1033 2118 1159 2180 τοὺς
1200 2116 1556 2189 ἐτεροδόξους,
1603 2117 1728 2188 περί
1766 2134 1825 2168 τε
1868 2117 2005 2184 ἁγα-

426 2208 648 2279 θότητος
685 2208 856 2275 Θεοῦ,
897 2210 990 2264 καὶ
1028 2209 1279 2283 περὶτοῦ
1322 2209 1396 2280 μὴ
1444 2207 1580 2262 εἷναι
1622 2209 2000 2280 ἀπολλυμένην

426 2316 606 2370 φυσιν.

2100 1935 2415 1999 Dominum,
2452 1955 2470 1987 ι
2506 1935 2773 2005 signiﬁcat
2820 1934 2936 1989 fore
2971 1946 3028 1990 ut
3066 1936 3337 1989 timeant:
3371 1933 3512 2003 quod
3546 1935 3671 2002 qui-

2103 2024 2221 2078 dem
2255 2026 2513 2082 adversus
2545 2028 2827 2081 haereticos
2860 2031 3055 2095 prohat
3095 2027 3262 2081 Deum
3299 2041 3418 2081 esse
3447 2028 3650 2080 bonum

2105 2125 2158 2169 ει
2190 2132 2293 2171 ιιοιι
2323 2132 2449 2172 esse
2478 2128 2797 2186 pereuntem
2830 2127 3105 2171 naturam.

428 2476 2508 2505 mm
1261 2479 2508 2500 Μ

2351 2494 3029 2508 -φοαι-ᾜ-
3046 2478 3650 2511 ω--ῄ

2514 2494 3029 2508 .-._—_——_-
3046 2497 3387 2508 ω--ι-

1171 2660 2111 2795 ΩΡΙΓΕΝΟΥΣ
2183 2658 2935 2797 ΕΚΛΟΓΑΙ

1504 2907 1676 2992 ΕΙΣ
1711 2905 1941 2991 ΤΗΝ
1977 2893 2432 2991 ΕΞΟΔΟΝ
2462 2895 2602 2993 (⁷ο).

947 3253 1110 3346 EX
1181 3253 1719 3350 ORIGENE
1791 3259 2313 3353 SELECTA
2386 3262 2512 3351 ΙΝ
2588 3259 3146 3353 EXODUM.

513 3622 531 3655 ι
559 3602 668 3656 Kal
711 3600 865 3655 δώσω
914 3602 1070 3675 χάριν
1114 3603 1194 3676 τῷ
1238 3606 1351 3678 λαῷ
1394 3608 1566 3677 τούτῳ
1623 3611 1851 3668 ἐνώπιον
1897 3615 2002 3670 τῶν

2182 3616 2334 3685 121
2368 3633 2386 3666 ί
2410 3615 2474 3670 Ει
2494 3614 2633 3672 dabo
2671 3614 2895 3684 gratiam
2933 3613 3125 3685 populo
3143 3613 3266 3670 huic
3299 3630 3480 3671 coram
3514 3613 3685 3689 Egy-

433 3697 758 3766 Αίγυπτίων.
802 3698 966 3751 Ὅταν
995 3699 1051 3752 δὲ
1098 3700 1471 3772 ἀποτρέχοιτε,
1507 3704 1606 3757 οὐκ
1647 3706 2009 3762 ἀπελεύσεσθε

434 3791 600 3844 κενοί.
625 3809 644 3841 ι
683 3787 830 3860 Αὕτη
860 3790 892 3860 ἡ
921 3790 1218 3859 ἐπαγγελία
1253 3792 1329 3863 τῷ
1368 3795 1618 3866 Ἀϐραάμ
1662 3798 2009 3868 προεδέδοτο⁶

439 3900 456 3932 ι
483 3880 637 3934 Μετὰ
660 3879 852 3944 ταῦτα,
884 3879 1129 3949 λέγοντος
1162 3883 1255 3935 τοῦ
1297 3884 1431 3938 Θεοῦ
1452 3925 1466 3950 ,
1500 3883 1865 3950 ἐξελεύσονται
1908 3882 2011 3944 ὦδε

438 3971 575 4043 μετά
606 3972 937 4042 ἀποσκευῆς.
961 3991 980 4024 ι

510 4085 528 4116 ‹
556 4064 667 4118 Kal.
700 4063 1026 4133 κατίσχυσεν
1068 4065 1102 4135 ἡ
1137 4064 1332 4136 καρδία
1361 4066 1580 4138 Φαραὼ,
1612 4069 1704 4122 καὶ
1735 4070 1835 4124 οὐκ
1866 4071 2015 4142 εἰσή-

434 4173 627 4209 κουσεν
674 4155 872 4220 αὐτῶν,
908 4155 1156 4227 καθάπερ
1211 4157 1511 4210 ἐνετείλατο
1558 4160 1739 4223 αὐτοῖς
1788 4160 2010 4231 Κύριος.

437 4244 571 4301 Εῖπε
603 4247 659 4301 δὲ
706 4247 911 4317 Κύριος
940 4246 1075 4318 πρὸς
1116 4248 1387 4318 Μωῦσῆν·
1427 4249 1727 4322 Βεϐάρυται
1760 4251 1794 4321 ἡ
1818 4251 2016 4322 καρδία

436 4339 656 4412 Φαραὼ,
692 4339 786 4405 τοῦ
820 4339 893 4410 μὴ
922 4338 1297 4403 ἐξαποστεῖλαι
1324 4325 1414 4395 τὸν
1438 4335 1584 4395 λαόν.
1609 4362 1627 4394 ι
1672 4343 1764 4407 Τὸ,
1805 4361 1822 4393 ι
1847 4342 2016 4395 Βεϐά-

440 4448 597 4503 ρυται
623 4432 656 4501 ἠ
690 4430 881 4501 καρδία
908 4429 1124 4500 Φαραὼ,
1154 4449 1173 4482 ι
1213 4430 1502 4502 λεγόμενον
1531 4432 1634 4485 ὑπὸ
1657 4432 1750 4485 τοῦ
1784 4432 2013 4503 Κυρίου,

440 4522 578 4592 μετά
600 4524 697 4592 τὴν
719 4522 1125 4593 μεταϐαλοῦσαν
1152 4525 1231 4586 εἰς
1254 4522 1522 4595 δράκοντα
1551 4524 1742 4596 ῥάϐδον
1769 4524 1863 4578 τοῦ
1901 4526 2017 4578 Ἀα-

440 4612 571 4685 ρὼν,
605 4615 699 4666 καὶ
719 4613 1090 4669 καταπιοῦσαν
1110 4615 1210 4679 τὰς
1230 4615 1339 4670 τῶν
1357 4616 1561 4686 Μάγων
1588 4618 1834 4688 ῥάϐδους,
1868 4618 2016 4682 ἄξιον

441 4706 589 4771 ἰδεῖν,
625 4706 674 4758 εξ
722 4705 910 4775 ἕτερόν
954 4707 1070 4758 ἐστι
1098 4705 1215 4768 τοῦ,
1235 4723 1253 4755 ι
1273 4708 1628 4779 ἐσκληρύνθαι
1661 4709 1758 4780 τὴν
1789 4708 2014 4781 καρδίαν

435 4797 653 4869 Φαραώ,
676 4816 693 4849 ι
727 4796 1014 4867 λεγομένου
1024 4800 1561 4865 πολλάκις,κα’ίτοῦ,‹
1580 4802 1980 4870 κατισχυκέναι.
1997 4820 2016 4853 ι

437 4892 546 4943 Kal.
576 4889 684 4961 γὰρ
713 4888 808 4943 καὶ
833 4888 992 4942 τοῦτο
1026 4887 1199 4952 οὕτως
1226 4888 1461 4960 εἴρηται,
1494 4908 1512 4942 ι
1542 4892 1653 4943 Kal.
1687 4891 2011 4961 κατίσχυσεν

2113 3710 2261 3779 ptiis.
2279 3711 2411 3763 Cttm
2436 3719 2615 3763 autem
2642 3706 2948 3774 aufugietis,
2970 3722 3074 3760 non
3101 3707 3361 3762 recedetis
3386 3708 3537 3763 vacui
3562 3709 3628 3762 ⁸⁸.
3656 3727 3675 3759 ι

2110 3800 2249 3855 Olim
2282 3799 2516 3853 Abrahae
2562 3798 2703 3853 facta
2736 3798 2910 3853 fuerat
2964 3799 3078 3853 hmc
3110 3799 3424 3867 promissio,
3466 3798 3680 3852 dicente

2112 3893 2221 3948 Deo
2240 3892 2286 3924 "
2317 3906 2332 3945 :
2369 3910 2388 3943 ι
2414 3891 2542 3947 Post
2567 3892 2681 3945 haec
2709 3891 3059 3957 egredientur
3104 3891 3208 3945 huc
3237 3907 3359 3946 cum
3396 3892 3560 3944 utnulla
3593 3905 3683 3943 su-

2111 3984 2392 4056 pellectile.
2416 4001 2436 4035 ι

2188 4096 2206 4125 ι
2232 4075 2296 4129 Et
2323 4074 2668 4129 obﬁrmatum
2702 4080 2784 4127 est
2817 4087 2914 4127 cor
2944 4070 3269 4137 Pharaonis,
3304 4059 3494 4125 etnon
3531 4073 3684 4126 audi-

2112 4167 2190 4221 vit
2221 4182 2336 4229 eos,
2367 4166 2505 4219 sicut
2535 4172 2870 4232 praaceperat
2893 4162 2973 4216 eis
3004 4163 3284 4216 Dominus.
3326 4165 3468 4216 Dixit
3497 4174 3681 4218 autem

2114 4257 2371 4310 Dominus
2416 4258 2479 4307 ad
2511 4254 2727 4323 Moysen
2760 4268 2772 4305 :
2805 4254 3167 4321 Aggravatum
3212 4262 3293 4304 est
3323 4268 3419 4307 cor
3444 4253 3684 4305 Pharao-

2116 4347 2217 4410 nis,
2252 4355 2308 4398 ut
2346 4361 2451 4397 non
2479 4345 2715 4397 dimittat
2745 4342 2998 4410 populum
3024 4343 3091 4394 ³⁸.
3118 4360 3136 4391 ι
3180 4342 3353 4407 Quod,
3399 4352 3523 4410 post
3567 4357 3684 4394 mu-

2114 4445 2276 4490 tatam
2309 4438 2361 4489 in
2409 4444 2711 4501 serpentem
2762 4434 2968 4502 virgam
3024 4432 3224 4495 Aaron,
3274 4447 3337 4484 ac.
3392 4441 3678 4500 postquam

2115 4531 2204 4585 illa
2235 4531 2509 4600 Magorum
2544 4529 2729 4594 virgas
2760 4522 3103 4595 deglutierat,
3134 4538 3163 4576 a
3193 4523 3421 4577 Domino
3446 4524 3679 4577 dicitur:

2119 4638 2138 4671 ι
2166 4621 2537 4691 Aggravatum
2572 4626 2656 4671 est
2699 4630 2792 4669 cor
2821 4613 3141 4678 Pharaonis,
3169 4632 3188 4664 ι
3242 4628 3419 4683 operae
3449 4614 3681 4681 pretium

2113 4720 2197 4764 est
2244 4710 2431 4763 videre
2482 4708 2623 4761 sitne
2658 4705 2802 4759 aliud
2848 4705 2915 4757 ah
2951 4719 3034 4768 eo,
3067 4705 3208 4772 quod
3248 4707 3444 4771 swplus
3480 4704 3679 4756 dictum

2112 4811 2214 4868 est,
2235 4801 2584 4854 «induratum
2610 4813 2731 4853 esse
2757 4812 2854 4850 cor
2876 4795 3197 4860 Pharaonis,
3229 4810 3292 4848 ac
3322 4794 3631 4850 invaluisse.
3659 4813 3677 4845 ι

2112 4890 2247 4945 Nam
2286 4892 2383 4944 hoc
2417 4905 2631 4959 quoque
2670 4889 2740 4941 ita
2778 4888 2977 4940 dictum
3025 4896 3108 4941 est
3138 4905 3150 4940 :
3187 4905 3205 4935 ι
3233 4887 3295 4939 Ει
3330 4886 3556 4938 invaluit
3591 4901 3685 4938 eor

438 4984 471 5052 ή
504 4983 699 5055 καρδία
747 4982 964 5055 Φαραὼ,
1014 4984 1108 5037 καὶ
1135 4984 1234 5036 οὐκ
1259 4984 1578 5054 εἰσήκουσεν
1620 4983 1798 5036 αὐτῶν
1830 4984 2002 5049 καθὼς

2118 4983 2435 5047 Pharaonis,
2467 4991 2520 5035 et
2552 4996 2656 5033 non
2693 4978 3036 5041 audiviteos,
3083 4978 3224 5031 sicut
3257 4978 3467 5031 locutus
3507 4978 3684 5031 fuerat

437 5073 665 5145 ἐλάλησε
693 5073 916 5145 Κύριος.
941 5092 960 5124 ι
995 5074 1149 5126 Δοκεῖ
1174 5072 1229 5125 δέ
1263 5090 1359 5143 μοι
1383 5075 1417 5144 ἡ
1456 5074 1551 5143 μὲν
1580 5072 1850 5126 ἐνδιδοῦσα
1878 5090 2012 5143 καρ-

434 5165 525 5219 δία
558 5165 693 5236 πρδς
721 5165 791 5218 τὰ
823 5165 962 5232 θεῖα,
1009 5164 1372 5219 ἁπαλύνεσθαι
1398 5165 1492 5217 καὶ
1527 5164 1602 5235 μὴ
1637 5163 1838 5235 ἰσχύειν
1866 5164 2012 5217 ἀνθί-

439 5257 663 5312 στασθαι
686 5259 753 5328 τῇ
782 5256 1037 5329 θειότητι,
1070 5257 1166 5310 καὶ
1197 5256 1270 5328 μὴ
1306 5254 1651 5327 βαρύνεσθαι,
1687 5254 1819 5324 μηδὲ
1852 5254 2006 5307 ἕλκε-

2118 5075 2397 5129 Dominus.
2427 5091 2446 5124 ι
2492 5071 2621 5125 Mihi
2645 5071 2857 5125 videtur
2884 5085 2978 5123 cor
3009 5069 3136 5122 illud
3165 5071 3308 5138 quod
3340 5070 3500 5135 cedit,
3534 5085 3594 5123 ac
3626 5084 3685 5122 se

2118 5165 2280 5220 facile
2312 5163 2518 5234 praebet
2571 5164 2636 5218 ad
2664 5162 2869 5225 divina,
2916 5160 3170 5225 emolliri,
3222 5176 3319 5213 nec
3352 5176 3507 5229 posse
3544 5157 3682 5211 resio

2114 5268 2260 5311 stere
2322 5256 2533 5320 deitati,
2586 5270 2687 5310 nec
2734 5254 2968 5325 gravari,
3023 5268 3120 5308 nec
3152 5253 3360 5306 inferne
3397 5252 3448 5303 in
3481 5261 3683 5301 terram

504 5369 767 5454 "3‘99-
803 5385 932 5437 vm,
976 5371 1032 5424 2.
1123 5369 1169 5403 ⁹²
1217 5368 1385 5424 Exod.
1429 5385 1493 5435 χ,
1537 5368 1591 5423 3.
1683 5366 1729 5398 ”
1768 5367 1940 5425 EXOd.
1974 5384 2002 5454 τι

2105 5367 2172 5435 l9,
2208 5369 2296 5424 50.
2383 5366 2431 5399 ⁹⁴
2454 5367 2627 5423 Exod.
2651 5382 2735 5432 ιιι,
2757 5365 2846 5419 21.
2922 5364 2967 5397 ⁸⁵
2987 5364 3123 5419 Gen.
3150 5377 3238 5427 xv,
3266 5362 3351 5415 t4.
3441 5359 3486 5390 "
3510 5357 3683 5415 Exod.

440 5456 533 5505 ιιι,
562 5441 649 5503 15.
678 5440 766 5493 14.

511 5535 624 5605 (69)
660 5534 799 5605 Ἔτι.
831 5534 990 5588 Deest
1017 5535 1067 5587 in
1101 5533 1232 5589 libb.
1254 5542 1411 5605 antea
1440 5534 1619 5605 editis,
1653 5549 1751 5605 nec
1777 5549 1881 5587 non
1902 5533 2003 5605 ista

438 5621 559 5671 quae
584 5603 742 5673 paulo
771 5605 908 5657 inim
942 5604 1219 5673 leguntur:
1252 5603 1314 5655 τὸ
1349 5603 1475 5673 γὰρ,
1506 5604 1609 5668 ἓως
1635 5604 1776 5667 τίνος
1800 5605 1859 5657 οὐ
1894 5603 2009 5672 βού-

439 5674 520 5726 λει
548 5675 879 5746 ὲντραπῆναί
913 5691 1008 5745 με,
1038 5676 1131 5727 sed
1172 5674 1531 5730 restituuntur
1573 5677 1893 5731 auctoritate
1919 5691 2008 5730 c0-

441 5746 618 5800 dicum
653 5754 1171 5814 manuscriptorum.

2189 5531 2660 5606 (70)ﬁFragmenta
2699 5529 2833 5606 haec
2884 5527 3161 5606 desumpta
3211 5531 3337 5577 sunt
3387 5510 3683 5606 euscheme

2116 5591 2264 5727 πῖθ’δὲ
2282 5591 2714 5683 ἷὶυιιιὺὲίίδιῌιιιί
2745 5614 2807 5655 ea
2839 5596 3124 5665 exscripsit
3167 5609 3195 5659 ε
3227 5608 3359 5647 mss.
3396 5591 3685 5647 bihliother

2115 5689 2190 5729 ca:
2268 5688 2416 5744 cgita.
