4132 6418
435 376 546 432 τίείς

445 505 641 561 resque
676 498 966 557 corporeas
1014 480 1191 544 trahi;
1243 478 1386 546 quod
1423 483 1606 529 autem
1671 471 1924 525 renititur
1970 476 2023 520 et
2065 465 2102 519 A

446 584 642 638 divina:
676 581 996 634 adversatur
1021 570 1307 633 voluntati,
1346 566 1585 620 indurari
1613 573 1668 618 et
1701 565 1872 617 instar
1901 562 2033 629 lapi-

445 683 530 734 dis
558 686 902 746 repercutere
964 687 1030 726 ac
1059 669 1321 738 repellere
1352 680 1678 729 sermonem,
1713 678 1914 732 perque
1944 677 2036 716 sn-

449 770 695 838 pcrbiam
732 779 852 820 cum
897 761 1133 832 quadam
1171 757 1289 811 falsi
1331 755 1567 809 nominis
1594 753 1910 808 fortitudine
1945 767 2031 805 re-

442 861 661 913 sistere.
703 855 936 910 Necesse
984 858 1160 904 autem
1193 855 1277 902 est
1323 855 1380 900 nt
1410 860 1506 900 cor
1533 845 1612 898 sic
1638 853 2032 912 comparatum,

449 966 478 1002 a
514 946 755 1016 nequitia
785 959 906 1014 quae
941 949 1132 1009 stmpte
1181 938 1340 1007 genio
1390 935 1642 988 deorsum
1678 932 1872 999 vergit,
1925 942 2036 984 tra-

441 1051 598 1095 ctum
625 1046 905 1108 gravetur.
948 1031 1062 1086 Non
1099 1040 1276 1084 tamen
1311 1028 1424 1081 haec
1453 1026 1643 1080 eadem
1683 1024 1889 1076 ratione
1917 1036 2037 1074 cor-

453 1134 504 1185 di
539 1130 818 1191 eveniunt,
858 1138 1171 1194 quanquam
1219 1121 1312 1175 uni
1360 1119 1646 1186 eidemque
1694 1114 1844 1169 cordi
1895 1111 2038 1166 malo

451 1223 652 1277 accidit
685 1229 744 1274 ιιι
781 1219 1076 1274 invalescat
1126 1222 1180 1267 et
1231 1222 1507 1282 gravetur.
1543 1207 1700 1271 Nam,
1751 1215 1811 1259 ut
1839 1205 2036 1258 alicubi

453 1316 657 1369 dictum
705 1321 807 1374 est,
857 1325 953 1365 cor
993 1307 1151 1362 modo
1181 1305 1449 1372 lapideum
1498 1303 1558 1354 ιιι
1626 1309 1684 1354 et
1718 1295 2038 1357 indurescit,

455 1408 616 1461 modo
649 1406 848 1462 divina:
880 1413 1088 1456 natura:
1115 1415 1217 1453 non
1250 1397 1392 1452 cedit
1423 1404 1480 1449 nt
1513 1391 1913 1463 prmstantiori;
1945 1388 2036 1442 sed

445 1509 643 1553 contra
692 1496 949 1550 obnitens
981 1492 1240 1547 adversus
1272 1487 1442 1542 Deum
1490 1498 1733 1557 pugnare
1791 1491 1848 1537 et
1881 1483 2036 1536 inva-

453 1591 666 1645 lescere
701 1588 923 1641 dicitur.

532 1701 550 1732 ι
581 1683 722 1734 Dixit
754 1688 933 1733 autem
971 1677 1019 1730 ei
1056 1673 1310 1744 Moyses:
1343 1670 1478 1727 Cum
1510 1681 1764 1739 egressus
1800 1666 1948 1719 fuero
1975 1663 2041 1717 de

453 1774 698 1834 civitate,
753 1770 1059 1838 expaudam
1104 1779 1296 1820 manus
1335 1777 1484 1817 meas
1531 1759 1599 1813 ad
1639 1758 1943 1821 Dominum,
1986 1764 2042 1832 et

456 1881 618 1918 voces
655 1864 973 1925 cessabunt,
1030 1869 1085 1914 et
1133 1858 1360 1928 grando,
1413 1865 1469 1910 et
1515 1853 1691 1925 pluvia
1745 1851 1882 1904 ultra
1933 1865 2040 1903 non

1851 344 1941 401 EX
1987 333 2290 399 ORIGENE

3609 315 3717 370 εει

2131 457 2256 511 σθαι
2286 455 2437 508 κάτω
2465 451 2546 514 εἰς
2591 448 2695 518 γῆν
2744 445 2839 500 καὶ
2868 445 3000 514 ὓλην
3019 459 3032 473 ·
3071 443 3103 513 ἡ
3134 441 3190 494 δὲ
3223 436 3592 492 ἀντιτείνουσα
3623 435 3718 490 καὶ

2134 544 2522 614 ὲναντιουμένη
2555 541 2634 610 τῷ
2666 537 2794 608 θείῳ
2839 537 3161 608 βουλήματι,
3200 529 3596 602 σκληρύνεσθαι
3625 530 3720 582 καὶ

2132 639 2443 694 ἀντιτυπεῖν
2473 635 2627 704 δίκην
2655 629 2823 693 λίθου,
2855 628 2947 681 καὶ
2992 622 3391 695 ἀποκρούεσθαι
3416 621 3505 673 τὸν
3537 619 3718 687 λόγον,

2135 735 2229 788 καὶ
2281 731 2401 784 κατ’
2436 726 2689 782 ἀπόνοιαν
2722 717 3069 776 ἀνθίστασθαι
3107 715 3244 787 μετά
3278 729 3420 775 τινος
3449 711 3721 780 ψευδωνύ-

2137 841 2240 894 μου
2272 821 2474 890 ἰσχύος.
2512 815 2748 882 ’Δνάγκη
2777 811 2834 864 δὲ
2864 809 2959 880 τὴν
2988 807 3243 875 τοιαύτην
3274 804 3500 874 καρδίαν
3530 803 3722 856 καθελ-

2135 914 2372 985 κομένην
2417 911 2521 964 ὑπὸ
2550 909 2651 978 τῆς
2701 904 2897 966 κακίας
2927 899 3092 970 οὔσης
3149 895 3520 966 κατωφεροίς,
3555 895 3722 964 βαρύ-

2135 1009 2342 1062 νεσθαι.
2397 1005 2470 1057 Oti
2511 1000 2616 1074 μὴν
2647 998 2787 1053 κατά
2834 995 2930 1065 τὴν
2959 993 3129 1064 αὑτὴν
3175 990 3414 1044 διάνοιαν
3441 987 3617 1041 ταῦτα
3653 989 3721 1056 τῇ

2137 1101 2334 1173 καρδίᾳ
2387 1095 2692 1168 συμϐαίνει,
2751 1094 2798 1144 εἰ
2848 1089 2941 1143 καὶ
2974 1088 3071 1157 μιᾷ
3099 1084 3192 1137 καὶ⁸
3230 1085 3296 1152 τῇ
3340 1082 3476 1150 αὑτῇ
3516 1078 3720 1148 συμϐέ-

2139 1193 2275 1264 ϐηκε
2323 1188 2504 1258 φαύλῃ
2535 1185 2671 1257 οὔσῃ
2705 1182 2766 1236 τὸ
2807 1176 3115 1248 κατισχύειν
3149 1174 3240 1227 καὶ
3281 1173 3340 1225 τὸ
3373 1167 3720 1241 βαρύνεσθαι.

2251 1283 2349 1352 μὲν
2377 1280 2506 1351 γὰρ,
2553 1277 2626 1339 ὡς
2660 1271 2873 1344 εἴρηταί
2899 1288 3025 1330 που,
3055 1266 3230 1335 λιθίνη
3273 1265 3482 1332 γίνεται
3525 1262 3557 1330 ἡ
3589 1277 3723 1329 καρ-

2137 1373 2230 1427 δία
2259 1373 2352 1426 καὶ
2385 1370 2744 1439 σκληρύνεται
2764 1381 2776 1394 ·
2811 1365 2845 1433 ἠ
2876 1361 2931 1414 δὲ
2957 1360 3016 1412 οὑ
3065 1357 3387 1429 παραχωρεῖ
3434 1354 3510 1415 ὡς
3543 1351 3724 1421 κρείτ-

2137 1466 2352 1534 τονιτῇ
2396 1461 2515 1531 θείᾳ
2549 1457 2739 1527 φύσει·
2775 1453 2910 1507 ἀλλὰ
2954 1450 3240 1520 θεομαχεῖν
3295 1445 3556 1516 ἱσταμένη
3603 1443 3724 1497 κατ’

2140 1556 2309 1626 αὐτῆς
2347 1555 2443 1607 καὶ
2474 1551 2678 1621 ἰσχύειν
2706 1547 2945 1614 λέγεται.

2217 1668 2234 1700 ι
2262 1622 2398 1701 Eine
2430 1645 2487 1698 δὲ
2517 1641 2665 1712 αύτῷ
2697 1639 2958 1708 Μωὺσῆς,
2991 1633 3080 1695 Ὠς
3100 1628 3166 1684 ἂν
3193 1622 3395 1689 ἐξέλθω
3419 1625 3517 1696 τὴν
3546 1623 3724 1688 πόλιν,

2143 1739 2431 1796 ὲκπετάσω
2478 1736 2577 1798 τὰς
2611 1731 2801 1804 χεῖράς
2850 1747 2950 1801 μου
2981 1725 3117 1796 πρὸς
3151 1721 3374 1790 Κύριον,
3403 1718 3497 1770 καὶ
3532 1717 3589 1769 αἰ
3614 1733 3726 1785 φωα-

2144 1833 2236 1888 ναὶ
2285 1829 2602 1890 παύσονται,
2653 1823 2748 1878 καὶ¹
2776 1825 2810 1894 ἡ
2848 1817 3077 1892 χάλαζα,
3121 1815 3216 1868 καὶ
3269 1815 3297 1865 6
3346 1811 3498 1873 ὑετὸς
3540 1808 3727 1861 οὐκέτι

655 1900 973 1925 “somn...”
1031 1900 1085 1914 υ.
1133 1900 1360 1928 cum“,
1416 1900 1469 1910 ν.

451 1959 560 2014 erit
583 1957 649 2010 ’⁷.
680 1975 698 2006 ι
737 1954 992 2010 Omnium
1024 1952 1169 2006 enim
1201 1947 1384 2019 opifex
1418 1944 1644 2016 imperio
1675 1951 1920 1996 naturam
1956 1951 2045 1991 ce-

2147 1925 2320 1978 έσται.
2349 1941 2366 1973 ι
2411 1921 2469 1971 ’0
2506 1917 2616 1988 γὰρ
2645 1915 2862 1968 πάντων
2884 1906 3214 1982 δημιουργὸς
3248 1904 3383 1974 πρὸς
3411 1902 3510 1972 τὴν
3539 1900 3728 1954 κέλευ-

455 2047 678 2101 dentem
717 2045 899 2100 habet.

569 2136 836 2205 Ejusdem.
919 2132 1334 2190 Observandum
1400 2135 1486 2181 cst
1521 2137 1625 2177 non
1677 2122 1858 2175 omnia
1893 2120 2044 2192 Moy-

455 2235 567 2274 scm
600 2223 836 2291 prodigia
877 2222 1064 2276 facere
1090 2222 1260 2287 virga,
1293 2219 1385 2270 sed
1413 2225 1466 2270 et
1499 2216 1746 2268 manibus
1773 2223 1827 2268 et
1856 2213 2040 2277 verbo,

461 2327 528 2364 ne
578 2312 742 2380 virga:
790 2313 896 2365 vim
950 2310 1175 2380 magicis
1211 2305 1504 2376 praestigiis
1545 2304 1762 2374 plurimi
1801 2304 2041 2359 ascribe-

457 2411 596 2455 rent.

531 2511 548 2542 ι
579 2491 756 2545 'l‘ollat
808 2491 1187 2559 unusquisque
1242 2502 1395 2540 ovem
1448 2501 1541 2553 per
1574 2485 1765 2536 domos
1809 2483 2043 2536 familia-

463 2601 582 2637 rum
607 2583 674 2648 ⁸⁸,
701 2603 718 2635 ι
770 2593 877 2637 etc.
921 2583 959 2635 A
999 2581 1212 2635 decimo
1235 2579 1389 2649 jubet
1421 2591 1575 2629 ovem
1609 2590 1848 2638 sumere,
1882 2587 2043 2643 atque

460 2676 528 2727 ad
563 2682 816 2742 quartum
855 2673 1122 2726 decimum
1175 2685 1346 2736 usque
1383 2669 1526 2720 diem
1559 2666 1724 2730 alere,
1759 2666 1916 2735 122
1949 2681 2046 2717 no-

455 2781 688 2834 menque
723 2765 1020 2832 imponere,
1059 2763 1287 2816 dicendo
1323 2778 1336 2814 :
1369 2760 1498 2815 Ovis
1539 2759 1626 2814 hic
1662 2759 1727 2812 ad
1762 2759 1866 2813 hoc
1897 2769 1950 2812 et
1977 2760 2042 2810 ad

457 2857 586 2912 illud
620 2856 958 2918 immolatur;
1010 2854 1084 2907 ita
1122 2862 1178 2906 ut
1210 2852 1285 2905 illi
1326 2853 1513 2906 decem
1551 2852 1769 2905 nomina
1796 2865 1906 2904 non
1945 2865 2042 2903 sn-

458 2960 674 3022 perent.
717 2950 1034 3003 ltntnolatnr
1067 2957 1249 3000 autem
1285 2944 1408 2997 luna
1438 2955 1634 3014 quarta
1666 2945 1875 2998 decima
1905 2944 2045 2997 inter

460 3045 666 3098 medias
699 3056 970 3110 vesperas,
1003 3040 1292 3093 inchoante
1323 3043 1510 3107 quinta
1541 3039 1774 3100 decima,
1810 3046 1867 3090 ut
1897 3053 1922 3088 a
1957 3037 2043 3090 die

458 3149 566 3207 quo
596 3134 851 3196 sumitur,
880 3133 944 3186 ad
980 3147 1103 3185 eum
1132 3147 1240 3200 quo
1274 3131 1608 3193 immolatur,
1660 3129 1899 3198 quinque
1929 3128 2042 3182 dies
2069 3134 2112 3194 C

457 3229 854 3289 intercurrant,
892 3225 1106 3294 quando
1132 3224 1290 3294 pleno
1323 3223 1449 3276 luna
1481 3228 1616 3277 orbe
1652 3221 1820 3276 lucet.

534 3319 706 3374 «Ovis
758 3317 1054 3387 perfectus,
1106 3317 1408 3381 masculus,
1459 3315 1747 3370 anniculus
1794 3314 1900 3368 erit
1945 3329 2044 3368 vo-

459 3411 544 3465 bis
569 3411 636 3464 ”.
668 3430 684 3461 ι
742 3409 1043 3463 Anniculus
1095 3411 1214 3464 ovis
1241 3409 1492 3463 Christus
1523 3416 1628 3461 est.
1671 3407 1852 3460 Nihilo
1897 3407 2042 3460 enim

457 3515 582 3552 eum
622 3499 843 3552 destitui
897 3509 993 3552 aut
1040 3499 1089 3554 ei
1141 3498 1345 3568 aliquid
1381 3498 1570 3552 deesse
1599 3514 1695 3568 per
1735 3513 1937 3551 annum
1969 3498 2046 3552 si-

460 3591 775 3660 gnificatnr.

537 3699 558 3732 ι
587 3682 650 3734 Ει
681 3681 1038 3736 immolabnnt
1077 3696 1200 3735 enm
1249 3681 1427 3735 omnis
1464 3679 1750 3735 multitudo
1777 3690 1950 3734 etetus
1981 3679 2046 3732 fi-

458 3770 656 3827 liarum
700 3772 864 3826 Israel
902 3775 966 3825 ad
1005 3772 1357 3841 vesperam‘.
1387 3791 1405 3825 ι
1451 3772 1532 3826 Ad
1585 3785 1867 3840 vesperam
1892 3771 2048 3838 jube-

457 3879 584 3918 n:nr
612 3880 766 3918 ovem
805 3865 1114 3930 innuolare,
1148 3865 1291 3934 quod
1319 3875 1561 3918 extrema
1594 3864 1726 3918 hora
1763 3878 1922 3916 verus
1951 3879 2047 3917 no-

460 3963 578 4007 Ster
607 3954 742 4014 ovis,
783 3954 1031 4008 Salvator
1066 3954 1119 4006 in
1152 3956 1409 4008 tnundnm
1446 3953 1678 4007 venerit.

537 4130 648 4184 «Et
695 4140 912 4185 attinent
964 4132 1031 4187 de
1083 4133 1375 4201 sanguine,
1424 4139 1477 4186 et
1501 4137 1701 4199 ponent
1722 4143 1884 4196 super
1912 4129 2048 4183 duos

461 4236 644 4296 postes
669 4235 722 4280 et
750 4241 911 4292 super
943 4225 1127 4292 limen,
1160 4227 1210 4278 in
1245 4225 1501 4279 domibus
1524 4224 1568 4286 ²,
1590 4241 1608 4273 ι
1649 4230 1752 4276 etc.
1794 4220 2049 4277 lmmola-

461 4334 602 4383 mus,
639 4334 701 4372 ac
733 4318 922 4372 domos
961 4328 1195 4379 nostras.
1228 4317 1332 4372 hoc
1366 4326 1451 4370 est
1499 4330 1722 4383 corpus,
1783 4313 2048 4383 sanguine

463 4407 738 4476 ungimus,
789 4406 832 4459 si
883 4406 1100 4475 quidem
1139 4406 1322 4460 unctio
1352 4405 1488 4459 fides
1534 4413 1619 4459 est
1661 4404 1714 4458 in
1745 4404 2043 4468 Christum,

2150 2033 2234 2070 σιν
2257 2012 2356 2084 τὴν
2382 2011 2542 2081 φύσιν
2568 2009 2821 2060 εἴκουσαν
2849 2003 2984 2074 ἔχει.

2271 2081 2387 2154 Τοῦ
2447 2096 2662 2151 αὐτοῦ.
2707 2094 3047 2166 Σημειωτέον
3089 2091 3171 2142 ὅτι
3217 2087 3276 2140 οὑ
3313 2085 3491 2139 πάντα
3535 2085 3601 2153 τῇ
3631 2081 3727 2152 ῥά-

2145 2189 2254 2260 ϐδῳ
2280 2186 2635 2260 τερατουργεί
2666 2182 2923 2250 Μωῦσῆς,
2967 2179 3102 2233 ἀλλὰ
3126 2178 3221 2231 καὶ
3257 2176 3412 2247 χερσί
3437 2173 3533 2227 καὶ
3560 2173 3726 2242 λόγῳ,

2145 2281 2232 2332 ἵνα
2282 2279 2356 2350 μὴ
2399 2277 2498 2348 τὴν
2541 2273 2733 2347 ῥάϐδον
2785 2271 3044 2342 μαγικαῖς
3093 2267 3330 2329 ἀπάταις
3375 2262 3647 2316 τελεῖσθαι
3676 2263 3728 2315 υἱ

2145 2369 2330 2423 πολλοὶ
2359 2368 2647 2438 νομίσωσι.

2220 2481 2238 2513 ι
2265 2462 2592 2515 Λαϐέτωσαν
2635 2458 2866 2517 ἕκαστος
2910 2451 3179 2523 πρόϐατον
3232 2447 3352 2502 κατ’
3398 2447 3578 2509 οἴκους
3623 2461 3735 2497 πα-

2143 2553 2311 2624 τριῶν
2331 2569 2347 2584 ο
2387 2572 2404 2600 ι
2445 2553 2541 2606 καὶ
2571 2549 2640 2603 τά
2664 2549 2810 2619 ἑξῆς.
2841 2544 2972 2599 Ἀπὸ
3011 2544 3108 2614 τῆς
3161 2541 3396 2610 δεκάτης
3426 2538 3560 2609 φησί
3587 2537 3726 2606 λαμ-

2142 2644 2327 2698 ϐάνειν
2379 2642 2646 2714 πρόϐατον
2679 2641 2773 2694 καὶ
2801 2639 3022 2710 τρέφειν
3072 2635 3178 2697 ἕως
3213 2633 3290 2686 ιδ”
3324 2633 3418 2686 καὶ
3464 2631 3729 2699 ἐπονομάη

2147 2750 2236 2788 σαι
2267 2732 2548 2801 λέγοντας,
2577 2729 2746 2782 Τοῦτο
2775 2730 2836 2782 τὸ
2881 2728 3153 2800 πρόϐατον
3187 2724 3371 2777 θύεται
3409 2723 3548 2792 ὑπὲρ
3574 2719 3727 2773 τοῦδε

2145 2824 2238 2878 καὶ
2283 2821 2468 2875 τοῦδε·
2519 2819 2617 2891 οὑχ
2669 2817 3108 2889 ὑπερϐαινόντων
3153 2813 3330 2868 αὑτῶν
3364 2818 3394 2864 ι’
3428 2809 3723 2880 ὀνομάτων·

2145 2916 2240 2968 καὶ
2271 2916 2337 2986 τῇ
2393 2912 2451 2966 ιδ’
2486 2910 2672 2965 θύεται
2720 2909 2992 2978 ἀνάμεσον
3040 2907 3148 2960 τῶν
3193 2902 3516 2975 ἐσπερινῶν,
3567 2902 3728 2971 ἀρχο-

2148 3009 2316 3078 μένης
2356 3005 2457 3075 τῆς
2494 3009 2572 3056 ιε’·
2605 3003 2680 3066 ὡς
2727 3001 2972 3071 γίνεσθαι
3019 2999 3126 3053 ἀπὸ
3172 2997 3272 3067 τῆς
3315 2995 3527 3066 λήψεως
3568 2993 3730 3063 μέχρι

2144 3102 2243 3170 τῆς
2273 3098 2480 3161 θύσεως
2510 3097 2722 3168 ἡμέρας
2746 3101 2808 3160 ε’,
2863 3097 2952 3148 ὅτε
2985 3091 3194 3164 πλῆρές
3229 3093 3343 3143 ἐστι
3383 3089 3473 3158 τῆς
3504 3085 3732 3156 σελήνης

2145 3194 2204 3247 τὸ
2232 3193 2368 3262 φῶς.

2219 3304 2238 3336 ι
2269 3284 2547 3356 Πρόϐατον
2579 3281 2808 3345 τέλειον,
2842 3279 3030 3350 ἄρσεν,
3058 3274 3328 3329 ἐνιαύσιον
3347 3271 3496 3326 ἔσται
3527 3271 3676 3340 ὑμῖν.
3705 3286 3725 3320 ι

2158 3377 2460 3431 Ἐνιαύσιον
2489 3374 2758 3447 πρόϐατον
2800 3374 2828 3426 6
2858 3368 3088 3443 Χριστός
3121 3369 3256 3419 ἐστι.
3299 3365 3372 3418 Τὸ
3404 3364 3512 3434 γάρ
3542 3365 3600 3416 ὲν
3629 3377 3732 3432 μην

2145 3464 2257 3517 δενί
2287 3463 2632 3536 ὑστερεῖσθαι
2661 3461 2796 3534 μηδὲ
2830 3457 3045 3521 ἐλλιπές
3078 3473 3130 3510 τι
3160 3455 3303 3526 ἔχειν
3331 3453 3420 3506 διὰ
3442 3452 3536 3506 τοῦ
3563 3454 3733 3506 ὲνιαυ·

2146 3555 2240 3609 τοῦ
2265 3555 2539 3627 δηλοῦται.

2223 3666 2241 3698 ι
2266 3649 2376 3702 Καὶ
2425 3647 2716 3717 σφάξουσιν
2763 3642 2894 3697 αὐτὸ
2940 3642 3047 3694 πᾶν
3075 3638 3135 3692 τὺ
3168 3637 3367 3708 πλῆθος
3411 3633 3731 3704 συναγωγῆς

2147 3737 2280 3792 υἱῶν
2324 3737 2541 3809 Ἰσραὴλ
2591 3736 2726 3808 πρὸς
2775 3733 3029 3804 ἑσπέραν.
3055 3751 3073 3781 ι
3118 3730 3260 3800 Πρὸς
3294 3727 3530 3798 ἑσπέραν
3560 3726 3617 3779 δὲ
3643 3741 3730 3778 κει

2147 3829 2419 3901 λευόμεθα
2468 3827 2667 3896 σφάξαι
2699 3825 2759 3879 τὸ
2803 3822 3096 3896 πρόϐατον,
3149 3819 3337 3891 ἐπειδὴ
3389 3817 3483 3870 καὶ
3529 3814 3733 3887 ἐσχάτῃ

2148 3921 2268 3994 ὥρᾳ
2296 3921 2355 3974 τὸ
2378 3919 2629 3991 ἀληθινὸν
2657 3919 2689 3989 ἡ
2697 3917 2813 3988 μῶν
2837 3915 3106 3988 πρόϐατον
3127 3913 3208 3977 εἰς
3237 3911 3326 3964 τὸν
3350 3910 3552 3981 κόσμον
3572 3904 3732 3980 ἦλθεν

2147 4015 2175 4066 6
2194 4014 2406 4085 Σωτήρ.

2223 4150 2241 4182 ι
2266 4129 2378 4184 Καὶ
2408 4127 2668 4200 λήψονται
2692 4124 2799 4178 ἀπὺ
2822 4122 2916 4176 τοῦ
2948 4121 3197 4192 αἵματος,
3225 4120 3320 4176 καὶ
3347 4119 3608 4190 θήσουσιν
3640 4117 3734 4170 ἐπὶ

2147 4224 2254 4277 τῶν
2280 4223 2373 4277 δύο
2397 4217 2674 4290 σταθμῶν,
2710 4218 2804 4270 καὶ
2826 4216 2919 4269 ἐπὶ
2949 4215 3050 4282 τὴν
3073 4214 3252 4283 φλιάν,
3281 4214 3339 4265 ὲν
3362 4214 3474 4274 τοῖς
3493 4209 3663 4272 οἴκοις
3679 4224 3694 4240 ο
3709 4227 3728 4261 ι

2148 4315 2245 4369 καὶ
2275 4313 2346 4366 τὰ
2377 4311 2522 4382 ἑξῆς.
2560 4309 2772 4380 Θύομεν
2802 4306 2879 4370 δὲ,
2916 4305 3009 4358 καὶ⁸
3043 4303 3268 4376 χρίομεν
3294 4302 3420 4364 τοὺς
3459 4299 3640 4364 οἴκους
3668 4299 3733 4368 ἡ-

2152 4404 2266 4476 μῶν
2298 4402 2375 4473 τῷ
2409 4402 2634 4472 αἵματι⁶
2671 4399 2813 4468 λέγω
2845 4397 2901 4450 δὲ
2929 4395 2989 4450 τὸ
3025 4396 3202 4466 σῶμα,
3240 4395 3396 4465 εἰπερ
3423 4393 3604 4464 χρίσις
3647 4391 3735 4443 πί-

461 4511 568 4565 qua
592 4497 1034 4551 exterminatoris
1065 4497 1356 4565 potentiam
1400 4495 1568 4549 everti
1602 4495 1892 4548 credimus.
1927 4493 2043 4548 .lam

2152 4513 2268 4559 στις
2293 4494 2438 4548 ἐστὶν
2484 4495 2517 4564 ἡ
2564 4493 2646 4557 εἰς
2680 4490 2864 4551 αὑτὸν,
2893 4489 2961 4543 δι’
2985 4485 3054 4559 ἦς
3098 4485 3338 4540 πιστεύω
3364 4485 3462 4556 τὴν
3490 4483 3582 4536 τοῦ
3617 4481 3732 4535 ὀλο-

465 4599 646 4643 autem
694 4589 864 4653 uncti,
901 4591 952 4643 id
1001 4597 1105 4651 est,
1154 4597 1439 4657 postquam
1489 4586 1691 4641 Christi
1741 4586 1902 4640 fidem
1940 4601 2051 4639 am-

463 4681 608 4750 plexi
640 4697 846 4746 sumus,
885 4689 994 4734 tum
1029 4681 1094 4734 ad
1125 4695 1276 4734 esum
1305 4679 1492 4734 venire
1533 4679 1812 4747 jubemur,
1851 4694 1956 4734 non
1993 4689 2052 4732 ut

465 4773 682 4834 crudas,
732 4781 826 4825 aut
862 4780 1046 4827 coctas
1095 4787 1258 4840 aqua,
1290 4773 1385 4826 sed
1436 4780 1493 4824 ut
1523 4771 1631 4841 igni
1661 4785 1814 4827 assas
1852 4783 2050 4824 carnes

467 4867 840 4922 comedamus.

545 4958 902 5029 «Quicunque
951 4969 1131 5016 autem
1180 4961 1483 5030 comederit
1531 4960 1879 5025 fermentum,
1934 4959 2045 5014 dis-

469 5049 729 5118 perdctnr
763 5051 941 5104 anima
974 5051 1062 5104 illa
1095 5050 1161 5104 de
1186 5050 1350 5105 Israel
1377 5051 1417 5105 ³.
1441 5069 1459 5102 ι
1499 5050 1702 5106 Peribit
1727 5050 1888 5104 homo
1919 5065 2044 5118 pro-

470 5151 590 5207 pter
642 5138 990 5206 fermentum,
1042 5149 1097 5196 et
1137 5142 1510 5196 universorum
1571 5141 1708 5196 Deus
1750 5141 1843 5210 qui
1905 5123 2049 5209 leges

471 5233 666 5296 sat-cit,
703 5249 806 5302 qua
843 5235 1050 5288 ratione
1079 5234 1344 5303 disperdit
1386 5234 1676 5294 tntechum,
1705 5248 1806 5301 qua
1840 5233 2049 5285 ratione

473 5324 735 5393 disperdit
772 5327 1100 5388 adulterum,
1149 5341 1254 5394 qua
1307 5323 1517 5378 ratione
1571 5324 1836 5394 dispertiit
1880 5325 2047 5377 cinae-

473 5415 624 5477 dum,
655 5417 842 5470 eadem
877 5416 1138 5486 disperdit
1186 5416 1474 5472 habentem
1512 5420 1836 5473 fermentum
1867 5416 1920 5468 in
1950 5415 2047 5468 do-

475 5525 562 5562 mo
593 5525 688 5562 sna
718 5511 804 5564 die
830 5527 1166 5581 azymorum.
1208 5513 1289 5565 An
1327 5513 1430 5567 hoc
1464 5513 1570 5568 Deo
1601 5509 1864 5582 dignum?
1914 5508 2050 5561 lloc-

477 5615 543 5652 ne
591 5600 688 5668 legi
725 5601 930 5657 caelesti
960 5607 1430 5660 consentaneum?
1469 5605 1665 5661 Verum
1717 5601 1968 5663 dixerim,
2005 5596 2048 5651 si

549 5757 592 5788 "
621 5757 787 5814 Exod.
817 5774 894 5830 ιιι,
916 5761 1005 5819 29.
1085 5762 1131 5796 ⁸⁸
1154 5761 1323 5818 Exod.
1351 5778 1448 5831 ιιι,
1475 5763 1528 5818 3.
1608 5761 1652 5793 "
1682 5760 1808 5817 ibid.
1841 5761 1891 5816 5.

2149 4584 2376 4656 θρευτοῦ
2398 4584 2626 4654 δύναμιν
2660 4580 3130 4652 καταργουμένην.
3169 4576 3322 4632 Μετὰ
3353 4576 3408 4629 δὲ
3428 4574 3490 4628 τὸ
3510 4571 3736 4646 χρισθῆ-

2147 4694 2235 4732 ναι
2265 4677 2432 4747 ἡμᾶς,
2467 4673 2716 4728 τουτέστι
2753 4670 3038 4727 πιστεῦσαι
3083 4672 3162 4734 εἰς
3200 4669 3291 4721 τὸν
3321 4666 3574 4738 Χριστὸν,
3615 4664 3736 4716 τότε

2149 4769 2242 4822 καί
2269 4767 2362 4821 ἐπὶ
2405 4766 2503 4839 τὴν
2551 4766 2754 4838 βρῶσιν
2807 4763 3066 4836 ἔρχεσθαι
3099 4759 3471 4831 κελευόμεθαο
3507 4758 3646 4828 μήτε
3680 4754 3738 4807 δὲ

2148 4859 2295 4931 ὠμὰ,
2328 4860 2466 4930 μήτε
2497 4856 2744 4930 ὲψημένα
2763 4859 2823 4910 ὲν
2858 4856 3033 4919 ὕδατι,
3064 4853 3178 4908 ἀλλ’
3212 4851 3352 4905 ὀπτὰ
3384 4846 3538 4920 πυρί.

2228 4969 2244 5000 ι
2269 4951 2384 5012 Πᾶς
2413 4949 2472 5012 ὃς
2498 4948 2564 5002 ἂν
2599 4949 2749 5019 φάγῃ
2787 4945 2987 5019 ζύμην,
3023 4942 3532 5015 ὲξολοθρευθήσεται
3560 4940 3594 5010 ή
3638 4937 3740 5007 ψυ-

2151 5042 2220 5114 χὴ
2247 5043 2428 5114 ἐκείνη
2457 5041 2518 5107 ὲξ
2552 5041 2788 5114 Ἰσραήλ.
2813 5059 2833 5093 r
2881 5037 3420 5110 Ἐξολοθρευθήσεται
3453 5032 3737 5104 ἄνθρωπος

2150 5136 2336 5189 ἕνεκεν
2368 5134 2545 5206 ζύμης
2568 5154 2581 5166 ·
2634 5133 2731 5189 καὶ
2775 5135 2804 5187 ὁ
2830 5133 2937 5187 τῶν
2971 5133 3106 5187 ὅλων
3154 5131 3286 5194 Θεὸς
3318 5130 3346 5181 6
3385 5123 3738 5199 χρηματίζων

2152 5230 2277 5292 τοὺς
2305 5229 2522 5299 νόμους,
2555 5228 2631 5292 ὡς
2653 5225 2928 5298 ὀλοθρεύει
2961 5223 3166 5295 μοιχὸν,
3200 5222 3276 5284 ὡς
3307 5217 3580 5288 ὁλοθρεύει
3606 5215 3740 5286 πόρ-

2154 5339 2264 5383 νον,
2297 5321 2372 5384 ὠς
2405 5319 2677 5390 όλοθρεύει
2712 5317 3089 5386 παιδοφθόρον,
3124 5314 3296 5376 οὑτως
3327 5311 3598 5382 όλοθρεύει
3647 5307 3739 5362 τὸν

2157 5413 2346 5483 έχοντα
2375 5413 2552 5483 ζύμην
2596 5415 2652 5464 ὲν
2677 5413 2742 5481 τῇ
2791 5411 2937 5480 οἰκίᾳ
2980 5407 3144 5462 αὑτοῦ
3179 5409 3236 5460 ἐν
3267 5409 3332 5476 τῇ
3364 5404 3472 5458 τῶν
3513 5401 3739 5472 ἀζύμων

2156 5505 2359 5576 ἡμέρᾳ.
2403 5503 2574 5558 Τοῦτο
2597 5501 2739 5556 κατά
2759 5502 2890 5556 Θεόν
2913 5503 3027 5554 ἐστι
3053 5517 3066 5564 ;
3101 5498 3258 5552 τοῦτο
3290 5496 3430 5551 κατά
3456 5495 3620 5564 νόμον
3647 5493 3740 5546 τδν

2157 5596 2403 5667 ούράνίόν
2434 5597 2615 5651 tactv:
2657 5592 2793 5646 Ἀλλ’
2824 5593 3032 5664 εἴποιμι
3069 5591 3134 5646 ἀν
3162 5592 3242 5644 ὅτι
3273 5588 3366 5642 ἐὰν
3399 5587 3527 5660 ἔχῃς
3561 5588 3740 5655 ζύμην

1970 5761 1989 5790 ⁵
2013 5759 2142 5814 ibid.
2173 5757 2223 5812 6.
2302 5760 2323 5788 ’
2347 5755 2474 5810 ibid.
2506 5756 2558 5810 7.
2637 5755 2655 5785 ⁸
2678 5753 2811 5808 ibid.
2843 5752 2926 5805 l5.
