4132 6432
412 366 516 422 £285

1648 350 1960 408 SELECTA
1993 346 2061 403 IN
2103 344 2410 402 EXODUM.

3567 341 3673 396 286

413 477 701 550 πονηρίας,
731 477 825 531 καὶ
861 476 934 548 μὴ
968 474 1354 546 ἐξολοθρεύσης
1386 474 1564 526 πᾶσαν
1596 470 1772 542 ζύμην
1797 471 1990 533 κακίας

2097 468 2317 537 quidem
2353 464 2557 519 habeas
2610 461 2934 518 fermentum
2991 460 3235 525 malilize,
3287 474 3387 515 nec
3439 457 3671 515 fermen-

412 568 521 626 ἀπὸ
547 569 638 622 τοῦ
672 566 1001 639 ἡγεμονικοῦ
1033 583 1156 619 σου·
1188 564 1327 635 αὕτη
1375 563 1482 634 γάρ
1519 565 1664 614 ἐστιν
1695 563 1728 632 ἡ
1763 559 1988 631 ἀληθινὴ

416 663 556 718 οἰκία
591 679 684 713 σου
706 677 720 689 '
755 662 782 713 ὁ
816 659 950 722 Θεὸς
976 657 1086 711 τῶν
1117 657 1254 710 ὅλων
1292 655 1571 726 νομοθετεῖ
1613 651 1990 724 ἐξολοθρευθῆ-

415 755 496 808 ναί
531 773 589 807 σε
625 754 699 824 μὴ
732 751 1075 806 ἀποϐαλόντα
1124 749 1222 819 τὴν
1257 749 1436 819 ζύμην
1462 745 1560 816 τὴν
1605 743 1838 798 παλαιὰν
1883 742 1990 796 ἀπὸ

414 845 658 900 σεαυτοῦ.
711 845 828 915 Χρὴ
880 843 988 913 γάρ
1037 859 1094 893 σε
1148 841 1365 894 ἐλθόντα
1419 840 1496 902 εἰς
1537 837 1626 890 τὸν
1661 835 1847 907 καιρὸν
1880 833 1989 886 τῶν

412 934 564 999 νέων,
598 934 714 987 νέον
745 933 1035 1004 γενόμενον
1065 930 1230 1000 μηδὲν
1276 929 1419 1000 ἔχειν
1445 930 1688 1000 ἀρχαῖον.
1729 945 1747 977 ί
1773 924 1852 977 Τὰ
1887 925 1990 995 ἀρ-

414 1027 536 1095 χαῖα
565 1023 826 1096 παρῆλθε,
856 1043 872 1073 ι
907 1022 1002 1075 καὶ
1049 1021 1115 1074 τά
1144 1019 1291 1089 ἑξῆς.
1327 1021 1466 1090 Ὅρα
1498 1019 1614 1081 πῶς
1647 1018 1753 1070 ἔδει
1799 1016 1990 1086 ἑορτά-

414 1117 522 1179 ζειν
556 1117 613 1168 ἐν
648 1114 776 1186 μηνὶ
805 1113 914 1166 τῶν
939 1112 1074 1164 νέων
1098 1110 1195 1164 τὴν
1224 1109 1414 1182 ἑορτὴν
1441 1109 1546 1163 τῶν
1577 1109 1818 1180 ἀζύμων.

487 1312 503 1342 ι
531 1291 794 1355 Καθίξετε
816 1291 914 1360 τῆς
939 1289 1118 1358 φλιᾶς,
1145 1287 1237 1341 καὶ
1257 1287 1342 1339 ἐπ’
1363 1285 1689 1358 ἀμφοτέρων
1710 1285 1817 1338 τῶν
1838 1283 1990 1337 σταθ-

416 1383 552 1452 μῶν,
605 1382 713 1435 ἀπὸ
763 1381 856 1434 τοῦ
906 1382 1135 1450 αἵματος
1181 1381 1208 1432 ὃ
1257 1381 1374 1432 ἐστι
1419 1378 1570 1449 παρά
1604 1378 1700 1448 τὴν
1748 1377 1936 1446 θύραν.
1967 1396 1985 1427 ›

411 1473 570 1536 φλιᾱς
604 1473 720 1543 μὲν,
749 1473 824 1535 ὡς
850 1471 1154 1524 ἀποδέδωκέ
1184 1488 1268 1533 τις
1295 1469 1400 1523 τῶν
1431 1468 1540 1539 πρὸ
1568 1466 1742 1536 ἡμῶν,
1774 1465 1867 1517 τοῦ
1901 1465 1982 1516 λο-

411 1566 594 1633 γικοῦ·
635 1565 959 1636 ἀμφοτέρων
984 1563 1041 1619 δὲ
1076 1561 1352 1633 σταθμῶν,
1385 1558 1614 1630 θυμικοῦ
1672 1557 1766 1612 καὶ
1805 1555 1993 1610 ἐπιθυ-

415 1658 664 1730 μητικοῦ.

504 1750 620 1805 Τοῦ
660 1748 870 1801 αὑτοῦ.
923 1747 996 1799 Ού
1047 1745 1159 1815 γὰρ
1213 1742 1363 1806 ἐντὸς
1407 1741 1694 1812 γενόμενον
1739 1739 1828 1792 τὸν
1873 1737 1992 1792 ὁλο-

2098 570 2210 612 tum
2257 574 2418 612 omne
2470 556 2727 624 nequitiae
2756 553 3038 623 disperdas
3083 555 3150 608 de
3200 562 3287 605 tua
3325 549 3672 618 menle(ha.c

2095 654 2238 707 enim
2267 667 2393 706 vera
2425 661 2512 704 tua
2547 650 2738 702 domus
2769 650 2893 716 est),
2918 647 3291 700 universorum
3328 644 3493 699 Deum
3517 643 3666 714 jube-

2096 762 2174 808 re,
2203 755 2259 798 ut
2278 743 2635 810 disperdat-is,
2666 740 2757 809 qui
2781 751 2934 794 vetus
2961 737 3282 792 fermentum
3305 752 3333 790 a
3362 746 3414 790 te
3441 751 3544 790 non
3570 737 3670 789 ah-

2088 835 2308 905 jeceris.
2352 831 2581 887 Necesse
2625 829 2770 884 enim
2803 837 2888 883 est
2917 838 2997 891 ut,
3027 843 3150 882 cum
3180 828 3394 882 veneris
3427 827 3491 881 ad
3532 837 3665 881 tem-

2095 942 2196 996 pus
2227 939 2513 989 novorum,
2573 937 2747 976 novus
2777 922 2888 990 ipse
2916 919 3165 984 elTeclus,
3192 918 3324 971 nihil
3358 917 3550 971 vetusti
3586 931 3672 972 re-

2097 1021 2291 1072 tineas.
2335 1015 2572 1070 cVetera
2624 1010 3030 1076 transicrunt‘,
3057 1030 3077 1063 ›
3125 1019 3232 1064 etc.
3275 1008 3406 1063 Vide
3451 1024 3558 1079 qua
3592 1023 3675 1061 ra-

2095 1116 2242 1168 tione
2301 1108 2530 1164 debebat
2576 1107 2826 1162 solemne
2875 1106 2959 1175 agi
3007 1105 3206 1160 festum
3255 1117 3565 1172 azymorum
3621 1115 3672 1156 ιη

2095 1218 2280 1260 mense
2305 1217 2592 1256 novorum.

2170 1293 2460 1361 «Tingetis
2521 1292 2706 1353 limen,
2767 1299 2822 1343 et
2883 1301 3047 1355 super
3111 1285 3300 1340 ambos
3350 1294 3550 1354 postes,
3607 1283 3674 1338 de

2093 1387 2358 1457 sanguine
2404 1385 2494 1454 qui
2551 1392 2634 1438 est
2660 1383 2814 1452 juxta
2848 1379 3045 1433 ostium
3070 1379 3111 1431 ³⁵.
3141 1397 3158 1429 ι
3204 1377 3391 1431 Limen
3431 1377 3672 1446 quidem,

2096 1491 2154 1533 ut
2185 1479 2451 1547 majorum
2481 1475 2700 1544 quidam
2729 1473 3002 1540 exposuit,
3042 1470 3269 1524 rationis
3300 1469 3442 1532 vim;
3488 1468 3677 1523 ambos

2094 1583 2274 1626 autem
2304 1579 2510 1638 postes,
2542 1567 2648 1620 vim
2677 1568 2771 1620 irae.
2805 1581 2866 1619 ac
2891 1564 3227 1632 cupiditatis.

2203 1741 2488 1811 Ejusdem.
2564 1742 2683 1795 Non
2769 1741 2915 1796 enim
2983 1741 3494 1796 exterminatorem.
3553 1754 3674 1793 cum

417 1841 648 1913 θρευτὴν
675 1840 739 1892 δι’
770 1837 1012 1900 ἐπινοίας
1045 1835 1395 1906 ἐκϐάλλομεν,
1440 1833 1554 1887 ἀλλ’
1582 1834 1729 1896 ὅπως
1761 1831 1825 1885 ἂν
1860 1831 1990 1902 μηδέ

2094 1839 2202 1909 jam
2256 1839 2404 1892 intus
2462 1845 2710 1904 receptus
2767 1843 2874 1899 est,
2912 1841 3029 1886 arte
3076 1831 3416 1898 expellimus,
3463 1831 3556 1882 sed
3609 1845 3678 1884 ne

415 1933 509 2004 τὴν
537 1932 706 2004 ἀρχὴν
740 1929 1060 2002 παρεισδύῃ,
1095 1928 1340 1999 φυλακὴν
1371 1926 1456 1979 διὰ
1486 1925 1580 1978 τοῦ
1616 1925 1780 1996 νόμου
1812 1923 1994 1977 ποιού-

415 2024 572 2096 μεθα.
611 2023 826 2093 Φυλακὴ
853 2022 908 2074 δέ
939 2024 1054 2074 ἐστι
1089 2020 1183 2073 καί
1218 2018 1506 2087 ἀσφάλεια,
1556 2017 1637 2080 τὸ,
1686 2015 1762 2086 τῷ
1801 2015 1992 2086 αἵματι

410 2115 503 2168 τοῦ
537 2112 710 2185 ἀμνοῦ
741 2113 838 2184 τήν
861 2129 919 2164 τε
950 2110 1108 2179 φλιάν
1142 2110 1236 2162 καὶ
1265 2109 1392 2171 τοὺς
1422 2105 1695 2176 σταθμοὺς
1722 2105 1820 2176 τῆς
1852 2105 1994 2157 εἰσό-

407 2208 498 2260 δου
527 2203 1050 2276 κατασημαίνεσθαι.

484 2319 502 2351 ι
547 2297 805 2369 Ἐγενηθη
840 2297 896 2349 δὲ
935 2293 1204 2366 μεσούσης
1249 2295 1346 2364 τῆς
1391 2291 1605 2356 νυκτὸς,
1657 2291 1751 2345 καὶ
1787 2290 1993 2362 Κύριος

408 2391 644 2456 ἐπάταξε
686 2391 793 2444 πᾶν
833 2389 1175 2458 πρωτότοκον
1219 2388 1276 2439 ἐν
1311 2388 1380 2455 γῇ
1417 2384 1696 2454 Αἰγύπτῳ.
1725 2403 1742 2435 ι
1783 2384 1860 2437 Δι’
1893 2385 1994 2453 ἀγ-

409 2484 578 2552 γέλων
610 2483 718 2554 γὰρ
752 2485 778 2535 ὁ
810 2481 940 2544 Θεὸς
970 2480 1068 2542 τὰς
1117 2476 1523 2548 θανατηφόρους
1552 2475 1755 2538 ταύτας
1796 2475 1991 2543 ἐπάγει

409 2577 642 2648 πληγὰς,
677 2577 751 2639 ὡς
783 2577 874 2628 καὶ
907 2577 962 2627 ἐν
995 2577 1114 2638 ταῖς
1152 2573 1462 2636 Βασιλείαις
1503 2572 1750 2643 ἔγνωμεν
1781 2571 1897 2634 πῶς
1932 2573 1990 2626 ἐν

413 2669 511 2738 μιᾷ
539 2666 692 2720 νυκτὶ
717 2668 746 2719 ό
773 2665 1000 2734 ἄγγελος
1027 2665 1202 2718 ἀνεῖλε
1229 2663 1338 2717 τῶν
1355 2663 1656 2734 Ἀσσυρίων
1687 2669 1801 2734 ρπε¹
1820 2663 1993 2734 χιλιά-

409 2759 520 2824 δας.

483 2869 502 2902 ι
533 2842 697 2913 Οὗτος
736 2849 764 2901 ὁ
809 2849 970 2919 νόμος
1003 2845 1097 2899 τοῦ
1145 2847 1356 2916 Πάσχαο
1397 2847 1512 2909 Πᾶς
1550 2844 1844 2916 ἀλλογενὴς
1891 2845 1993 2898 οὐκ

409 2943 586 2997 ἔδεται
618 2944 710 2996 ἀπ’
742 2941 930 2994 αὐτοῦ.
972 2938 1083 2991 Καὶ
1123 2938 1298 2992 πάντα
1329 2937 1546 3006 οἰκέτην
1582 2937 1744 3000 τινὸς,
1772 2936 1866 2989 καὶ
1889 2937 1990 3007 ἀρ-

410 3033 725 3105 γυρώνητον
773 3031 1086 3098 περιτεμεῖς
1118 3028 1299 3090 αὑτὸν,
1344 3028 1439 3079 καὶ
1475 3027 1595 3079 τότε
1637 3028 1868 3095 φάγεται
1897 3027 1991 3079 ἀπ’

2091 1934 2316 1989 omnino
2346 1931 2640 1994 subintret,
2689 1930 2805 1987 lege
2854 1940 3132 1981 cavernas.
3174 1924 3230 1977 ln
3257 1939 3321 1976 eo
3360 1930 3536 1974 autem
3584 1937 3679 1990 po-

2092 2027 2195 2081 sita
2246 2025 2431 2080 cautio
2484 2039 2548 2077 ac
2597 2023 2936 2093 prmsidium,
2989 2021 3033 2074 si
3086 2020 3361 2086 ingressus
3412 2015 3574 2070 limen
3617 2031 3681 2069 ac

2092 2127 2270 2188 postes
2302 2117 2425 2187 agni
2458 2116 2726 2185 sanguine
2753 2115 3060 2184 signemus.

2165 2297 2322 2368 123
2369 2295 2633 2350 «Factum
2681 2303 2767 2349 est
2814 2301 2994 2347 autem
3045 2290 3317 2345 mediante
3377 2300 3558 2353 nocte,
3615 2297 3672 2346 et

2093 2392 2353 2448 Dominus
2415 2387 2685 2458 percussit
2731 2401 2893 2440 omne
2967 2386 3387 2455 primogenitum
3434 2384 3487 2436 in
3537 2393 3680 2436 terra

2092 2483 2414 2552 A3gypti‘.n
2459 2481 2601 2534 Detts
2657 2494 2890 2547 namque
2944 2493 3041 2546 per
3095 2478 3318 2545 angelos
3352 2479 3517 2530 hasce
3551 2475 3678 2529 leti-

2093 2571 2239 2626 feras
2280 2571 2463 2640 plagas
2497 2569 2762 2632 immittit,
2793 2568 2867 2621 uti
2895 2554 3062 2621 etiam
3094 2568 3144 2620 in
3179 2566 3488 2634 Regnorum
3527 2565 3679 2620 libris

2093 2662 2324 2734 legimus
2355 2659 2623 2728 quomodo
2665 2658 2893 2728 angelus
2943 2673 3050 2711 una
3091 2667 3246 2711 nocte
3277 2667 3492 2711 centum
3524 2664 3680 2712 octo-

2091 2756 2240 2826 ginta
2270 2753 2510 2823 quinque
2548 2751 2713 2806 millia
2752 2752 3100 2822 Assyriorum
3133 2751 3398 2807 occidit".

2170 2867 2188 2899 ι
2217 2846 2342 2902 Hme
2389 2856 2472 2900 est
2528 2845 2613 2899 lex
2673 2843 2898 2898 Paschze
2934 2842 3159 2898 :Omnis
3205 2842 3510 2912 alienigena
3571 2858 3680 2896 non

2090 2941 2339 2997 comedet
2404 2938 2470 2991 de
2515 2952 2603 2990 eo.
2658 2935 2723 2988 Et
2769 2949 2987 2988 omnem
3041 2936 3346 3004 cuiuspiam
3397 2933 3678 2998 famulum,

2093 3045 2420 3098 servumque
2469 3028 2776 3096 elliptitium
2827 3026 3190 3080 circumcides
3241 3041 3388 3089 eum,
3443 3033 3498 3077 et
3552 3034 3682 3078 tunc

409 3123 594 3180 αὐτοῦ’
633 3145 649 3174 ι
694 3125 787 3177 καὶ
817 3122 884 3174 τά
921 3122 1066 3189 ἑξῆς.
1114 3118 1444 3180 ’Λκολούθως
1489 3120 1602 3180 τοῖς
1636 3117 1988 3188 παρα-τεθεῖσι

2095 3122 2342 3176 comedet
2375 3122 2440 3172 de
2469 3133 2532 3172 eo
2550 3119 2592 3178 ⁸,
2618 3137 2636 3169 ι
2673 3129 2781 3173 etc.
2820 3117 3022 3172 Ordine
3056 3116 3291 3184 quodam
3325 3115 3388 3166 ad
3422 3130 3517 3167 eas
3561 3129 3681 3182 qua:

409 3217 590 3287 τρίτος
629 3213 775 3266 ἐστὶν
806 3204 961 3273 οὗτος
1009 3209 1192 3279 νόμος,
1235 3208 1295 3261 ὃν
1338 3204 1459 3260 εἷπε
1509 3207 1670 3260 πάλιν
1714 3208 1742 3260 ό
1789 3207 1992 3278 Κύριος

413 3306 564 3378 rupe.
605 3305 732 3367 τοὺς
772 3303 864 3356 δύο
888 3302 1107 3373 νόμους.
1135 3299 1375 3370 Πρόσχες
1403 3299 1461 3352 δὲ
1502 3302 1565 3370 τῇ
1611 3299 1865 3370 ἀκριϐείᾳ
1898 3299 1997 3370 τῆς

413 3395 652 3466 Γραφῆς,
679 3396 761 3448 ὅτι
787 3393 889 3447 οὐκ
920 3388 1040 3444 εἶπε
1078 3390 1264 3444 τοῦτον
1294 3389 1383 3441 τὸν
1421 3388 1582 3460 νόμον
1615 3390 1706 3442 τὸν
1740 3389 1867 3460 περὶ
1899 3389 1990 3443 τοῦ

414 3489 604 3555 Πάσχα.
629 3491 656 3541 ὁ
687 3487 891 3559 Κύριος
922 3487 978 3538 ἐν
1014 3487 1079 3555 τῇ
1116 3485 1280 3556 ἀρχῇ.
1312 3483 1374 3535 Εἰ
1409 3482 1517 3553 γὰρ
1550 3483 1762 3553 εἰρήκει
1795 3482 1873 3535 ἔτι
1906 3483 1994 3536 ὃν-

421 3597 514 3634 των
537 3582 594 3632 ἐν
625 3577 884 3647 Αἰγύπτῳ
917 3569 1045 3646 πρὶν
1077 3574 1287 3643 ἀπᾷραι
1330 3573 1395 3624 ἐκ
1429 3571 1530 3640 τῆς
1573 3571 1851 3638 Αἰγύπτου
1897 3570 1991 3623 τὸν

427 3670 656 3744 Ἰσραὴλ,
687 3668 768 3733 τὸ,
810 3687 828 3718 ‹
861 3669 974 3730 Πᾶς
1008 3664 1300 3734 ἀλλογενὴς
1337 3663 1436 3716 οὐκ
1463 3661 1638 3715 ἔδεται
1673 3663 1766 3714 ἀπ’
1802 3662 1986 3714 αὑτοῦ.

412 3763 518 3814 Καὶ
553 3760 727 3813 πάντα
764 3757 979 3827 οἰκέτην
1019 3755 1184 3819 τινος,
1219 3754 1309 3807 καὶ
1350 3752 1738 3825 ἀργυρώνητον
1769 3769 1988 3823 περιτε-

412 3853 550 3921 μετς,
584 3849 679 3903 καὶ
706 3848 827 3901 τότε
861 3846 1090 3916 φάγεται
1133 3845 1226 3898 ἀπ’
1259 3843 1444 3906 αὑτοῦ,
1483 3863 1501 3894 ι
1557 3843 1657 3896 οὐκ
1705 3843 1770 3896 ἂν
1805 3843 1992 3914 ἐξελη-

410 3943 648 4013 λύοησαν
679 3942 706 3993 ὁ
741 3937 1068 4008 πολύμικτος
1097 3935 1260 3998 πολὺς
1293 3935 1446 4004 ὄχλος
1479 3936 1506 3988 ό
1537 3933 1766 3999 ἐξελθὼν
1803 3935 1860 4001 ἐξ
1892 3937 1988 3988 Αἰ-

413 4036 640 4105 γύπτου.
686 4033 981 4102 Ἐτήρησεν
1013 4025 1106 4082 οὖν
1143 4029 1234 4081 τὸν
1276 4027 1438 4096 νόμον
1483 4027 1690 4091 τοῦτον,
1728 4026 1817 4079 ἵνα
1853 4025 1990 4096 μετὰ

409 4130 502 4184 τοῦ
527 4127 761 4195 ἐξελθεῖν
783 4127 908 4187 τοὺς
937 4123 1291 4194 βουλομένους
1320 4121 1446 4192 δοθῇ
1477 4120 1631 4184 ἄλλος
1661 4121 1844 4191 νόμος.
1877 4121 1989 4174 Καὶ

403 4217 529 4288 μετ’
565 4215 762 4284 ὀλίγα.
807 4213 933 4265 Ἐὰν
978 4211 1368 4282 ἀλληγορῶμεν
1409 4209 1585 4263 ταῦτα.
1630 4211 1710 4273 εἰς
1753 4211 1851 4281 τὴν
1889 4210 1992 4279 ψυ-

409 4309 510 4382 χὴν
540 4306 716 4379 ἡμῶν,
749 4305 981 4377 ἐροῦμεν
1023 4304 1104 4356 ὅτι
1143 4303 1436 4370 οἰκογενεῖς
1469 4301 1570 4371 μέν
1602 4303 1740 4354 εἰσιν
1773 4303 1820 4353 οἱ
1854 4318 1993 4371 συμ-

411 4400 711 4470 πεφυκότες
735 4401 867 4470 ήμῖν
895 4397 990 4451 καὶ
1017 4394 1421 4465 γεωργηθέντες
1443 4393 1612 4461 λόγοι,
1643 4393 1738 4446 καὶ
1764 4393 1989 4463 ἐπιστῆ-

2098 3210 2389 3283 proposita:
2418 3217 2567 3270 sunt,
2601 3208 2718 3262 haac
2774 3207 2858 3262 lex
2909 3206 3068 3260 tertia
3103 3214 3188 3258 est
3224 3220 3384 3271 quam
3421 3204 3682 3257 Dominus

2099 3305 2294 3358 iterum
2351 3298 2714 3371 promulgavit
2774 3306 2972 3368 prmter
3034 3295 3181 3365 leges
3241 3297 3394 3349 duas.
3444 3294 3678 3350 Attende

2098 3405 2278 3449 autem
2331 3393 2626 3462 Scriptura:
2683 3390 3064 3459 diligentiam;
3136 3388 3308 3456 legem
3371 3388 3511 3441 hanc
3569 3401 3678 3456 qua

2095 3485 2301 3540 Pascha
2337 3484 2604 3546 sancitur,
2663 3499 2770 3536 non
2825 3497 2853 3534 a
2908 3479 3176 3549 principio
3227 3478 3351 3532 tulit
3393 3479 3679 3534 Dominus.

2091 3577 2308 3645 Alioqui
2345 3592 2466 3630 cum
2503 3575 2681 3628 adlmc
2732 3581 2920 3627 essent
2962 3571 3014 3624 in
3047 3570 3304 3641 Egypto,
3349 3585 3409 3626 ac
3441 3573 3675 3626 necdum

2091 3666 2338 3736 profecto
2393 3666 2611 3727 lsraele,
2665 3664 2710 3718 si
2762 3663 3043 3718 dixisset:
3087 3654 3322 3718 «Oinnis
3373 3662 3678 3732 alienigena

2096 3778 2201 3815 non
2239 3761 2488 3815 comedet
2517 3774 2581 3812 ex
2615 3773 2701 3813 eo.
2735 3756 2802 3810 Et
2832 3741 3049 3811 onmem
3103 3756 3410 3826 eujuspiam
3461 3772 3679 3810 servum

2091 3869 2157 3907 ac
2177 3853 2482 3920 emptitinm
2511 3851 2896 3915 circumcides,
2930 3863 2986 3905 et
3017 3862 3146 3905 tunc
3170 3849 3422 3905 comedet
3453 3864 3516 3902 ex
3553 3865 3674 3913 co,a

2093 3963 2200 4001 non
2235 3947 2459 4000 exiisset
2494 3946 2684 4015 ingens
2733 3944 2818 3998 illa
2873 3944 3187 4013 promiscua
3233 3943 3528 3996 multitudo
3559 3957 3682 4010 qua:

2091 4053 2157 4092 ex
2201 4037 2436 4108 Egypto
2484 4053 2705 4107 egressa
2755 4046 2858 4090 est.
2920 4036 3167 4089 lletinuit
3199 4036 3384 4104 itaque
3423 4035 3562 4086 Itane
3599 4034 3680 4085 le-

2093 4145 2237 4198 gem,
2273 4139 2332 4182 ut
2361 4129 2426 4182 iis
2465 4129 2558 4196 qui
2595 4127 2778 4196 egredi
2815 4126 3138 4190 voluissent,
3173 4128 3400 4178 daretur
3433 4126 3534 4176 alia
3573 4125 3682 4179 lex.

2098 4216 2162 4270 Et
2195 4227 2310 4286 post
2355 4233 2546 4285 pauca.
2578 4218 2632 4270 Si
2667 4218 2780 4270 haec
2811 4217 2879 4268 ad
2913 4225 3150 4270 mentem
3189 4225 3434 4268 nostram
3472 4214 3681 4268 refera-

2095 4323 2239 4371 mus,
2284 4308 2534 4360 dicemus
2586 4305 2910 4360 veruaculos
2955 4319 3100 4367 esse,
3156 4305 3474 4374 congenitas
3525 4305 3687 4358 nobis

2095 4413 2162 4452 ac
2197 4407 2382 4452 nostra
2412 4405 2594 4466 partas
2624 4399 2886 4452 industria
2931 4396 3214 4462 scientias,
3244 4395 3441 4465 quibus
3475 4411 3504 4450 a
3551 4411 3683 4450 con-

408 4514 494 4550 ναι
530 4493 640 4546 ἀπὸ
673 4489 963 4562 συμφύτων
992 4487 1210 4542 ἐννοιῶν
1256 4487 1571 4560 ἀρξάμενοι·
1612 4484 1989 4558 ἀργυρώνητοι

2097 4489 2295 4560 genitis
2326 4489 2640 4543 notionibus
2669 4490 2812 4543 scire
2838 4488 3220 4558 auspicamur;
3252 4495 3468 4554 emptos
3496 4496 3679 4540 autem

409 4584 490 4650 δὲ,
519 4584 632 4636 ὅσοι
667 4583 730 4635 ἐκ
757 4579 1102 4643 διδασκαλίας
1132 4580 1262 4650 ἡμῖν
1288 4579 1621 4649 ἐπιγίνονται
1652 4578 1851 4645 ἔξωθεν
1883 4579 1992 4633 ἀπὸ

410 4678 518 4732 τῶν
552 4674 907 4747 μαθημάτων.
939 4673 1154 4736 Πάντας
1205 4667 1298 4726 06v
1329 4690 1462 4743 φησι
1501 4671 1850 4744 περιτέμνειν
1899 4673 1994 4725 καὶ

411 4767 714 4837 καθαίρειν,
745 4764 839 4816 καὶ
867 4764 993 4825 τοὺς
1029 4764 1340 4830 οἰκογενεῖς,
1378 4764 1472 4815 καὶ
1501 4763 1625 4825 τοὺς
1670 4763 1982 4833 ἀργυρωνή·

410 4875 555 4921 τους.
603 4855 886 4925 Ἀλλογενῆ
929 4855 987 4908 δὲ
1017 4854 1206 4909 οὐδένα
1249 4855 1330 4908 δεῖ
1369 4853 1832 4925 προσλαμϐάνειν,
1881 4847 1990 4906 οἷον

411 4950 687 5020 ἀλλότριον
713 4948 890 5018 δόγμα
925 4946 1335 5016 προσιεμένουςο
1364 4945 1622 5015 ἀλλογενῆ
1655 4945 1764 5016 γάρ
1796 4946 1856 4998 οὑ
1889 4962 1992 4998 πα-

415 5039 715 5108 ραδέχεται,
765 5037 823 5100 ὃς
874 5035 1120 5106 βούλεται
1167 5035 1472 5106 βεϐηλῶσαι
1506 5035 1604 5105 τὴν
1653 5034 1844 5105 ἑορτὴν
1893 5033 1989 5086 τοῦ

411 5130 635 5202 Κυρίου.
668 5129 776 5183 Καὶ
805 5128 932 5198 μετ’
956 5129 1152 5197 ὀλίγα.
1183 5127 1374 5198 Εἰγάρ
1390 5129 1448 5182 ἐν
1471 5127 1764 5199 Ἐκκλησία
1791 5126 1990 5191 ἐσθίεις

409 5223 596 5290 λόγους
626 5219 782 5284 Θεοῦ,
817 5219 1016 5282 ἐσθίεις
1045 5219 1102 5272 δὲ
1131 5218 1226 5272 καὶ
1269 5220 1327 5272 ἐν
1371 5219 1643 5274 Ἰουδαίων
1677 5221 1986 5290 συναγωγῇ,

412 5313 766 5387 παραϐαίνεις
797 5312 893 5382 τὴν
917 5311 1182 5380 λέγουσαν
1215 5311 1454 5382 ἐντολὴν,
1495 5331 1514 5362 ι
1563 5312 1652 5364 Ἐν
1698 5312 1846 5382 οἰκίᾳ
1895 5313 1993 5382 μιᾷ

413 5407 773 5477 βρωθησεται.
810 5423 828 5453 ι
864 5404 925 5456 Εἰ
953 5404 1008 5455 δὲ
1045 5403 1484 5475 μεταλαμϐάνεις
1515 5404 1694 5473 λόγων
1733 5404 1890 5469 Θεοῦ,
1935 5407 1992 5458 ἐν

409 5498 555 5568 οἰκίᾳ
577 5499 678 5569 μιᾷ
695 5499 762 5568 τῇ
793 5494 1105 5566 Ἐκκλησία·
1140 5493 1257 5548 εἶτα
1293 5494 1610 5548 καταλιπὼν
1642 5495 1831 5566 αὐτὴν,
1860 5496 1993 5548 67:0-

411 5587 710 5660 λαμϐάνεις
741 5586 1174 5657 μεταλαμϐάνειν
1206 5586 1342 5639 Θεοῦ
1393 5589 1450 5640 ἐν
1483 5588 1730 5660 αἱρετικῇ
1764 5605 1996 5655 συναγω-

483 5779 503 5800 ⁶
529 5771 566 5825 ll
594 5772 716 5828 Cor.
745 5787 798 5838 v,
831 5773 909 5826 l7.
979 5772 998 5804 '
1023 5772 1191 5828 Exod.
1217 5790 1316 5840 xu,
1340 5775 1428 5831 22.
1511 5777 1529 5807 ⁸
1562 5777 1691 5832 ibid.
1719 5778 1807 5831 ἓξ).

1886 5779 1903 5810 ⁷
1933 5776 1998 5833 iV
2029 5778 2158 5846 Reg.
2191 5791 2301 5840 XIX,
2328 5773 2417 5828 35.

2099 4583 2295 4651 pretio,
2328 4597 2422 4636 eas
2471 4597 2590 4650 qua!
2636 4581 2774 4635 l'oris
2814 4597 2881 4634 ex
2930 4579 3180 4635 doctrina
3233 4597 3332 4650 per
3364 4579 3684 4648 disciplinas

2097 4675 2383 4730 accedunt.
2421 4674 2624 4729 Omnes
2663 4691 2793 4746 ergo
2820 4676 2975 4745 jubet
3026 4673 3346 4730 circumcidi
3386 4688 3450 4726 ac
3483 4687 3681 4726 emun-

2099 4766 2218 4822 dari
2255 4775 2365 4819 tum
2403 4767 2746 4833 vernaculos,
2794 4777 2908 4822 tum
2941 4767 3243 4836 emptitios.
3275 4764 3446 4820 Nemo
3495 4775 3686 4818 autem.

2098 4859 2402 4928 alienigena
2453 4861 2814 4916 assumendus
2857 4871 2977 4925 est,
3030 4859 3337 4929 cujnsmodi
3398 4869 3526 4914 sunt
3582 4857 3680 4926 qut“

2100 4953 2410 5006 doctrinam
2447 4952 2682 5006 alienam
2731 4953 3044 5005 admittunt.
3093 4951 3208 5005 Non
3241 4952 3386 5004 enim
3419 4951 3682 5019 recipitur

2099 5044 2430 5113 alienigena,
2463 5045 2553 5110 qui
2589 5043 2800 5096 Domini
2835 5043 3235 5097 solemnitatem
3270 5043 3383 5097 vult
3414 5042 3678 5111 polluere.

2101 5133 2167 5186 Et
2202 5144 2315 5202 post
2361 5149 2553 5201 pauca.
2599 5133 2672 5188 Si'
2705 5133 2850 5186 enim
2899 5131 2991 5187 Dei
3026 5133 3394 5187 sermones-in
3432 5131 3676 5184 Ecclesia

2095 5227 2361 5290 comedis,
2386 5237 2550 5296 atque
2579 5227 2742 5280 etiam
2773 5227 2825 5280 in
2853 5225 3159 5280 Iudaeorum
3191 5239 3464 5295 synagoga
3497 5238 3676 5277 come-

2092 5319 2198 5383 dis,
2233 5321 2640 5387 transgrederis
2688 5319 3006 5376 mandatum
3040 5321 3182 5390 quod
3228 5320 3402 5372 dicit:
3435 5335 3452 5368 ι
3478 5316 3533 5369 In
3565 5331 3674 5370 una

2092 5412 2254 5467 domo
2284 5413 2626 5468 comedetur.
2655 5432 2674 5466 ι
2714 5413 2807 5467 Sin
2836 5413 2929 5468 Dei
2965 5425 3243 5469 sermones
3275 5411 3326 5462 in
3361 5424 3464 5462 una
3491 5408 3677 5476 domo,

2092 5515 2290 5568 nempe
2316 5501 2556 5556 Ecclesia
2584 5503 2841 5572 percipis,
2865 5516 3089 5572 tumque
3111 5515 3173 5552 ea
3203 5498 3408 5560 relicta,
3432 5497 3676 5566 epinaris

2097 5599 2150 5647 te
2188 5593 2284 5647 Dei
2319 5593 2637 5665 participem
2672 5595 2809 5649 elliei
2862 5596 2913 5648 in
2953 5591 3334 5647 haereticorum
3379 5603 3672 5658 synagoga,

2499 5774 2520 5805 ⁸
2542 5773 2710 5828 Exod.
2743 5786 2838 5840 xu,
2862 5770 2950 5837 45,
2983 5768 3067 5825 Η.
