4132 6414
3633 327 3737 381 288

478 334 586 390 337
1924 334 2011 388 EX
2046 329 2347 389 ORIGENE

484 463 605 501 cum
635 446 720 502 lex
757 447 941 503 dicat:
973 467 993 499 ι
1018 448 1073 502 ln
1109 463 1213 503 una
1246 450 1407 504 domo
1444 448 1783 514 comedetur,
1807 467 1824 501 ι
1860 450 1913 503 in
1950 465 2038 503 un:

2158 451 2252 518 γῇ,
2285 446 2547 517 λεγούσης
2575 444 2673 516 τῆς
2703 445 2941 515 ἐντολῆς,
2983 462 3001 495 ι
3042 446 3129 497 Ἐν
3159 442 3305 516 οίκίᾳ
3338 446 3435 514 μιᾷ
3463 443 3739 516 primm)“.

482 541 640 593 domo
672 554 776 594 non
812 540 1067 593 comedis.
1105 540 1279 594 Unam
1330 542 1512 611 itaque
1554 543 1772 595 domum
1820 542 2038 612 intelligi

2156 556 2266 602 ται,
2310 558 2327 589 ›
2368 539 2430 591 σὺ
2460 538 2560 590 οὐκ
2593 536 2792 599 ἐσθίεις
2818 538 2874 587 ἐν
2901 536 3045 607 οἰκίᾳ
3076 538 3188 606 μιᾷ.
3224 536 3368 589 Μίαν
3404 532 3495 589 οὖν
3546 538 3737 607 νοήσαι

484 631 775 684 Ecclesiam
827 640 881 685 et
928 648 1194 701 nusquam
1243 641 1398 687 extra
1434 631 1731 686 Ecclesium
1769 648 1925 687 ovem
1957 649 2038 689 co-

2156 632 2329 685 οίκίαν
2345 632 2442 701 τὴν
2471 628 2813 699 Ἐκκλησίαν·
2852 628 3098 698 μηδαμοῦ
3126 624 3217 681 οὖν
3238 628 3383 681 ἐσθιε
3411 628 3505 680 τοῦ
3532 626 3738 699 προϐά-

476 724 648 776 mede.

554 830 572 862 ‹
604 813 659 865 Et
698 827 802 866 non
836 811 1074 869 ederetis
1112 829 1142 868 e
1187 814 1351 867 domo
1386 814 1454 867 de
1501 812 1760 867 carnibus
1793 812 1993 868 foras’.
2031 832 2052 865 ›

481 904 923 959 Ecclesiasticnm
964 921 1271 959 sermonem
1324 915 1477 959 extra
1522 905 1823 959 Ecclesiam
1858 906 2055 960 docere

478 1010 582 1048 non
630 994 774 1059 licet,
820 997 895 1048 uti
952 1012 1054 1049 nec
1104 1008 1259 1049 extra
1310 997 1529 1050 domum
1581 1012 1776 1050 carnes
1818 996 2049 1050 ell‘erre:

479 1087 531 1139 in
586 1084 919 1151 Judazorum,
968 1088 1210 1154 inquam,
1248 1094 1340 1140 aut
1391 1087 1770 1140 bmreticorum
1824 1102 2054 1156 synago-

476 1192 621 1243 gam.
652 1176 882 1230 Perinde
913 1178 1056 1231 enim
1083 1186 1169 1232 est
1200 1192 1261 1232 ac
1289 1177 1335 1231 si
1362 1178 1669 1247 ntargaritaa
1697 1186 1827 1231 ante
1858 1192 2054 1247 porcos

472 1268 855 1336 projiciantur.

554 1358 783 1413 «Omnis
828 1358 1244 1413 incircumcisus
1302 1374 1405 1412 non
1459 1362 1705 1413 comedet
1751 1374 1817 1413 ex
1849 1374 1915 1414 eo
1935 1361 1998 1414 ιο.
2026 1380 2051 1414 ι

474 1450 701 1505 Omnem
732 1451 897 1504 animi
924 1449 1093 1503 fetum
1127 1448 1425 1518 spiritalem
1462 1459 1805 1518 superantem
1838 1460 2051 1504 terrena

475 1546 622 1608 (sunt
648 1552 824 1595 autem
860 1550 1077 1595 terrena
1110 1540 1367 1603 feminea)
1402 1542 1800 1595 circumcidere
1833 1550 2053 1609 oportet

475 1646 537 1685 ac
566 1635 882 1697 emundare,
914 1642 973 1685 ut
1005 1634 1083 1686 sic
1114 1632 1312 1701 aliquis
1340 1631 1623 1686 Paschalis
1648 1648 1845 1687 carnes
1872 1633 2053 1703 perci-

471 1723 606 1789 piat.
649 1724 800 1777 Sicut
844 1733 1025 1777 autem
1072 1724 1344 1791 indigena,
1390 1724 1468 1778 sic
1512 1722 1677 1794 124
1722 1733 1776 1777 et
1817 1726 2046 1777 advena.

468 1811 587 1866 Non
620 1814 761 1867 enim
789 1815 994 1868 semina
1029 1814 1263 1879 ingenua
1289 1813 1461 1883 pluris
1494 1816 1732 1867 aestimat
1760 1814 1925 1880 Deus,
1951 1815 2046 1879 sed

466 1904 633 1957 animi
662 1906 994 1974 propositum
1024 1907 1313 1974 approbat.

539 1995 815 2065 Ejusdem.
854 1995 1299 2052 lncircnmcisum
1334 2010 1500 2051 carne
1528 1996 1767 2067 appellat
1800 1996 1892 2065 qui
1921 2012 2046 2050 car-

466 2086 611 2140 nalia
643 2102 672 2140 a
700 2102 757 2140 se
789 2104 894 2141 nou
928 2090 1195 2155 resecuit;
1230 2090 1369 2144 sicut
1395 2090 1560 2143 etiam
1599 2091 2043 2145 incircumcisum

467 2177 662 2243 oculis,
698 2178 787 2246 qui
824 2194 886 2233 ea
927 2179 1164 2233 intuetur
1195 2193 1315 2247 quae
1349 2194 1453 2233 non
1490 2189 1725 2248 oportet.

540 2267 815 2338 Ejusdem.
847 2269 1037 2324 Videte
1071 2286 1138 2324 ne
1178 2271 1301 2339 quis
1339 2281 1574 2325 vestrum
1625 2270 2045 2326 incircumcisus

465 2356 541 2411 sit
573 2360 759 2423 corde,
804 2374 871 2413 ne
910 2360 1032 2429 quis
1066 2360 1481 2417 incircumcisus
1526 2362 1597 2416 sit
1640 2363 1708 2416 iis
1756 2363 2045 2418 circumci-

466 2449 679 2501 sionum
714 2451 1001 2518 generibus
1041 2452 1240 2520 quibus
1282 2454 1565 2522 Scriptura
1596 2454 1912 2509 circumcidi
1944 2456 2037 2508 do-

463 2552 573 2597 cet.
608 2541 864 2608 Quaanam
894 2556 1023 2598 vero
1062 2546 1187 2600 illa?
1234 2557 1364 2601 sunt
1402 2548 1598 2616 quibus
1628 2548 1829 2617 probro
1862 2549 2040 2612 datur,

460 2633 607 2700 quod
641 2635 1005 2690 incircumcisi
1042 2638 1150 2690 sint
1187 2639 1441 2704 auribus;
1475 2642 1565 2709 qui
1594 2656 1699 2694 non
1727 2640 2041 2695 circumcisi

464 2733 591 2776 sunt
635 2727 878 2790 auribtts,
914 2728 1175 2782 immundi
1215 2741 1362 2785 sunt.
1416 2731 1835 2786 lucircumcisus
1882 2733 2041 2788 labiis

462 2821 567 2879 est,
596 2817 685 2882 qui
719 2831 822 2869 non
853 2829 1099 2887 amputat
1128 2820 1338 2875 alienos
1370 2832 1423 2875 et
1454 2823 1699 2891 impuros
1733 2838 2038 2877 sermones.

466 2906 558 2959 Sic
594 2905 1033 2962 incircumcisum
1066 2926 1230 2966 carne
1268 2914 1434 2969 liceat
1464 2915 1665 2978 dicere,
1685 2915 1773 2983 qui
1797 2916 2037 2969 carnalia

463 3009 571 3049 non
612 3006 851 3066 resecat;
908 3001 1357 3057 incircumcisum
1408 3006 1601 3069 oculis,
1648 3008 1739 3075 qui
1795 3008 1938 3059 videt
1974 3023 2035 3061 ea

462 3101 581 3152 qua:
608 3102 713 3141 non
748 3088 923 3157 decet,
958 3107 1058 3146 nec.
1098 3094 1351 3148 intuitum
1400 3106 1624 3165 purgat;
1658 3106 1710 3150 et
1746 3096 2037 3152 incircum-

460 3177 630 3232 cisum
669 3195 836 3235 carne
866 3183 958 3251 qui
988 3181 1118 3239 facit
1148 3200 1211 3241 ea
1238 3201 1360 3256 quae
1388 3203 1497 3242 non
1525 3196 1762 3257 oportet.

536 3380 555 3413 ι
585 3361 822 3418 Profecti
856 3374 1032 3420 autem
1065 3368 1158 3421 lilii
1197 3370 1361 3424 Israel
1403 3371 1466 3425 de
1494 3372 1793 3438 Socchoth,
1823 3382 2036 3428 caSI-ra-

460 3455 645 3509 metati
690 3466 817 3511 sunt
866 3458 916 3511 in
950 3457 1144 3513 Othom
1188 3460 1344 3530 juxta
1392 3463 1746 3517 desertum“.
1774 3482 1792 3515 ι
1832 3466 1886 3517 In
1928 3463 2037 3516 Nu-

463 3545 624 3600 meris
661 3547 923 3615 scriptum
971 3550 1137 3613 est“,
1205 3569 1281 3604 ta
1314 3551 1489 3605 Butha
1539 3555 1606 3607 ad
1662 3568 1813 3607 oram
1868 3554 2035 3619 lroth,

458 3636 601 3703 quod
631 3648 708 3690 est
740 3648 925 3692 contra
961 3639 1319 3709 Beelscphron
1352 3657 1519 3712 prope
1560 3643 1755 3709 Borra,
1776 3664 1795 3697 ι
1830 3653 2039 3699 castra-

460 3740 689 3783 metatos
713 3744 833 3784 esse
866 3731 1004 3785 ﬁlios
1032 3731 1217 3787 Israel.

534 3837 554 3871 ι
591 3822 655 3874 Ει
701 3823 823 3875 tulit
872 3834 1159 3878 sexcentos
1203 3841 1399 3879 currus
1450 3825 1675 3891 electos,
1723 3837 1776 3881 et
1821 3843 2034 3882 omnem

457 3913 1167 3983 equitatumEgyptiorum,
1198 3925 1250 3971 et
1271 3917 1510 3971 tristatas
1532 3902 1695 3986 super
1722 3934 1914 3974 omnes
1932 3920 2029 3973 υ.»

458 4005 558 4070 Qui
604 4016 789 4057 contra
838 4017 947 4062 tres
988 4026 1225 4078 pugnare
1273 4022 1557 4080 poterant,
1597 4012 1680 4064 vel
1710 4014 1800 4081 qui
1839 4013 1890 4066 in
1918 4014 2036 4068 acie

462 4106 580 4165 post
602 4100 1011 4167 antesignanum
1038 4118 1100 4156 ac
1125 4104 1421 4157 secundum
1450 4105 1517 4158 ab
1541 4119 1625 4169 eo,
1661 4107 1818 4159 tertio
1842 4107 2034 4161 ordine

459 4190 695 4244 stabant.
726 4190 828 4245 Alii
883 4192 958 4246 ita
1014 4204 1317 4262 exponunt,
1358 4206 1547 4250 contra
1590 4198 1813 4251 hostiles
1841 4214 2034 4254 manus

460 4295 680 4349 magnos
716 4284 1008 4339 adornatos
1035 4302 1156 4341 esse
1184 4303 1382 4342 currus
1413 4288 1502 4357 qui
1540 4298 1648 4343 tres
1676 4289 1924 4345 homines
1949 4306 2035 4345 ca-

458 4382 665 4441 perent,
719 4391 952 4444 quorum
1012 4394 1154 4432 unus
1210 4380 1413 4448 aurigae
1466 4379 1646 4435 oﬂicio
1698 4381 2029 4452 fungeretur,

2154 741 2248 777 του
2276 720 2379 786 ἔξω
2403 721 2693 791 γενόμενος
2710 720 2809 789 τῆς
2855 718 3199 789 Ἐκκλησίας.

2231 836 2249 866 ι
2279 816 2388 868 Καὶ
2418 816 2518 867 οὐκ
2546 812 2781 876 ἐξοίσετε
2816 814 2879 865 ἐκ
2904 812 3004 881 τῆς
3037 812 3210 873 οίκίας
3236 810 3343 863 τῶν
3370 810 3546 879 κρεῶν
3574 809 3731 876 ἔξω.»

2168 906 2645 977 Ἐκκλησιαστικὸν
2693 904 2850 972 λόγον
2897 904 2958 955 οὐ
3011 904 3092 956 δεῖ
3140 903 3242 967 ἔξω
3273 905 3371 972 τῆς
3412 901 3739 973 Ἐκκλησίας

2156 996 2497 1069 πρεσϐεύειν,
2560 996 2636 1059 ὡς
2690 995 2794 1061 ἔξω
2853 995 2951 1063 τῆς
2996 994 3172 1057 οἰκίας
3230 994 3303 1063 μὴ
3366 994 3617 1065 ἐκφέρειν
3666 996 3737 1048 τά

2154 1092 2309 1161 κρέαο
2340 1091 2481 1161 φημὶ
2508 1089 2565 1143 δέ
2598 1091 2677 1152 είς
2710 1086 3027 1158 συναγωγὴν
3065 1086 3329 1139 Ἰουδαίων
3359 1087 3391 1156 ἢ
3422 1086 3731 1157 αίρετικῶνο

2153 1181 2336 1251 ὅμοιον
2364 1180 2471 1250 γάρ
2496 1180 2610 1232 ἐστι
2631 1177 2709 1249 τῷ
2731 1178 2882 1250 ῥίψαι
2905 1179 3030 1240 τοὺς
3055 1176 3399 1248 μαργαρίτας
3426 1176 3733 1250 ἔμπροσθεν

2153 1272 2259 1326 τῶν
2296 1274 2515 1342 χοίρων.
3462 1316 3465 1321 ,

2227 1365 2374 1426 «Πᾶς
2398 1363 2770 1433 ἀπερίτμητος
2800 1360 2899 1413 οὐκ
2917 1359 3093 1413 ἔδεται
3117 1360 3210 1412 ἀπ’
3238 1358 3423 1413 αὑτοῦ.
3440 1379 3457 1411 ι
3482 1361 3595 1412 Πᾶν
3613 1361 3743 1429 γέν-ν

2153 1472 2301 1527 νημα
2346 1454 2523 1525 ψυχῆς
2574 1453 2763 1524 νοητὸν
2792 1451 3117 1523 ὑπερϐαίνον
3164 1451 3231 1503 τά
3274 1450 3433 1503 ὑλικά
3462 1450 3643 1517 (ὑλικά
3674 1452 3731 1504 δὲ

2151 1546 2219 1600 τὰ
2246 1546 2435 1617 θήλεα)
2475 1545 2822 1618 περιτέμνειν
2854 1544 2949 1596 καὶ
2991 1542 3274 1611 καθαίρειν
3304 1540 3403 1603 δεῖ,
3433 1541 3519 1595 ἴνα
3558 1541 3730 1607 οὕτως

2156 1637 2545 1708 μεταλαμϐάνῃ
2573 1654 2657 1699 τις
2686 1634 2793 1688 τῶν
2815 1633 2992 1705 κρεῶν
3011 1632 3104 1685 τοῦ
3130 1633 3340 1701 Πάσχα·
3355 1631 3430 1695 ὡς
3453 1633 3733 1702 αὐτόχθων

2150 1728 2207 1781 δὲ
2228 1730 2326 1799 τῆς
2352 1730 2473 1800 γῆς,
2492 1730 2586 1781 καὶ
2611 1729 2639 1780 6
2656 1726 2988 1797 προσήλυτος
3009 1723 3233 1791 γίνεται·
3258 1724 3319 1776 οὑ
3343 1722 3452 1794 γὰρ
3476 1723 3545 1776 τὰ
3568 1725 3733 1795 σπέρ-

2081 1796 2121 1850 Β
2153 1796 2297 1893 ματα
2344 1796 2584 1892 προτιμᾷ
2630 1822 2658 1873 6
2695 1796 2828 1881 Θεὸς
2869 1818 2939 1872 τὰ
2981 1816 3197 1886 εὐγενῆ,
3230 1816 3365 1870 ἀλλά
3412 1817 3731 1888 προαίρεσιν

2148 1913 2491 1983 ἀποδέχεται.

2224 2007 2333 2061 Τοῦ
2365 2002 2573 2057 αὑτοῦ.
2619 2000 3015 2072 ’Λπερίτμητον
3045 2002 3111 2071 τῇ
3162 2000 3323 2070 σαρκὶ
3352 1999 3441 2053 τὸν
3477 1998 3551 2071 μὴ
3576 2016 3732 2071 περι-

2146 2097 2478 2169 τεμνόμενον
2527 2094 2595 2147 τά
2644 2096 2883 2166 σαρκικὰ
2929 2110 3112 2163 φησιν,
3148 2092 3339 2163 ὥσπερ
3386 2093 3480 2145 καὶ
3538 2094 3730 2164 ἀπερί-

2143 2204 2347 2260 τμητον
2373 2186 2669 2256 ὀφθαλμοῖς
2691 2186 2782 2239 τὸν
2814 2186 3079 2256 βλέποντα
3107 2184 3243 2254 πρὸς
3269 2183 3304 2237 ἃ
3340 2182 3414 2254 μὴ
3440 2184 3539 2236 δεῖ.

2222 2277 2331 2332 Τοῦ
2359 2276 2568 2331 αὐτοῦ.
2608 2276 2800 2348 Ὁρᾶτε
2824 2278 2897 2345 μή
2919 2292 3002 2337 τις
3030 2274 3183 2343 ὑμῶν
3220 2274 3590 2345 ἀπερίτμητός
3613 2276 3730 2328 ἐστι

2141 2374 2208 2441 τῇ
2241 2369 2453 2441 καρδίαι.⁸
2484 2368 2558 2437 μή
2573 2385 2657 2431 τις
2683 2368 2745 2420 οὐ
2772 2368 3166 2438 περιτέτμηται
3195 2366 3291 2430 τὰς
3322 2366 3621 2436 περιτομάς
3658 2366 3728 2428 ἃς

2139 2464 2169 2515 ό
2203 2462 2359 2529 λόγος
2402 2460 2643 2513 διδάσκει
2686 2457 3131 2531 περιτέμνεσθαι.
3179 2457 3344 2520 Ποίας
3386 2457 3443 2510 δέ
3485 2456 3723 2521 ταύταςς

2140 2553 2504 2624 ἀπερίτμητοι
2547 2550 2613 2603 τὰ
2666 2544 2783 2603 ὦτα
2819 2548 3165 2613 ὀνειδίζονταί
3212 2564 3359 2611 τινες
3405 2548 3579 2612 ὄντες·
3631 2550 3730 2603 καὶ

2141 2648 2255 2700 ὅσοι
2303 2646 2363 2697 οὐ
2403 2644 2829 2715 περιτέτμηνται
2872 2641 2971 2713 τὴν
3018 2642 3207 2714 ἀκοὴν,
3234 2641 3535 2713 ἀκάθαρτοί
3568 2645 3726 2695 είσιν.

2154 2733 2551 2805 ’Δπερίτμητος
2603 2732 2859 2801 χείλεσιν,
2909 2735 2938 2785 6
2986 2731 3060 2803 μὴ
3108 2732 3563 2803 περιτεμνόμενος
3602 2733 3728 2797 τοὺς

2141 2826 2331 2894 λόγους
2380 2826 2505 2887 τοὺς
2551 2824 2825 2885 ἐναντίους
2858 2823 2953 2875 καὶ
2982 2823 3343 2893 ἀκαθάρτους.
3380 2822 3567 2886 Οὕτως
3611 2823 3726 2876 ἐστι

2141 2916 2233 2968 καὶ
2262 2916 2640 2987 ἀπερίτμητον
2666 2916 2733 2985 τῇ
2764 2915 2927 2985 σαρκὶ
2954 2917 3147 2978 εἰπεῖν,
3178 2915 3267 2967 τὸν
3298 2915 3372 2985 μὴ
3405 2914 3726 2983 περιτεμνόο

2145 3023 2302 3076 μενον
2369 3004 2437 3058 τά
2511 3005 2749 3076 σαρκικά
2822 3004 3145 3076 πράγματα’
3207 3006 3303 3058 καὶ
3352 3005 3725 3075 ἀπερίτμητον

2141 3097 2455 3167 ὀφθαλμοῖς,
2478 3097 2570 3149 τὸν
2596 3096 2863 3166 βλέποντα
2886 3096 2922 3150 ἃ
2948 3096 3021 3167 μὴ
3041 3096 3140 3161 δεῖ,
3174 3098 3266 3149 καὶ
3294 3096 3368 3168 μὴ
3396 3096 3727 3167 καθαίροντα

2139 3187 2199 3239 τὸ
2221 3188 2493 3258 ὁρατικόν⁸
2522 3188 2615 3241 καὶ
2655 3187 3028 3258 ἀπερίτμητον
3067 3188 3250 3259 σαρκὶ,
3294 3187 3386 3242 τὸν
3416 3187 3725 3259 πράττοντα

2138 3278 2175 3333 ἃ
2206 3280 2280 3352 μὴ
2306 3280 2405 3333 δεῖ.

2215 3389 2233 3422 ι
2275 3368 2596 3441 Ἐξάραντες
2629 3371 2685 3423 δὲ
2708 3372 2756 3423 οί
2783 3370 2887 3424 υίοὶ
2926 3371 3141 3443 Ἰσραὴλ
3164 3373 3227 3424 ἐκ
3251 3371 3495 3443 Σοκχὼθ,
3527 3374 3723 3445 ἐστρα-

2138 3462 2467 3516 τοπέδευσαν
2516 3464 2573 3515 ἐν
2621 3461 2802 3533 Ὀθὼμ
2826 3462 2978 3534 παρά
3015 3462 3112 3532 τὴν
3154 3462 3377 3534 ἔρημον.
3404 3482 3421 3513 ι
3484 3464 3572 3515 Ἑν
3614 3467 3726 3526 τοῖς

2153 3552 2433 3624 Ἀριθμοίς
2482 3555 2678 3616 κεῖται,
2732 3552 2880 3605 «ἀπὸ
2908 3551 3085 3605 Βουθὰ
3135 3554 3229 3604 ἐπὶ
3273 3553 3445 3623 στόμα
3497 3552 3725 3625 ’ῐρώθ·ὂ

2138 3640 2285 3691 ἐστιν
2330 3640 2589 3693 ἀπέναντι
2642 3640 2993 3711 Βεελσεπρὼν
3033 3642 3266 3712 ἐχόμενα
3315 3642 3407 3696 τοῦ
3460 3644 3662 3714 Βορρἄ,
3696 3664 3713 3693 ι

2139 3731 2656 3803 παρεμϐεϐληκέναι
2682 3735 2807 3795 τοὺς
2832 3733 2979 3797 υἱοὺς
3023 3734 3257 3805 Ἰσραήλ.

2217 3843 2234 3874 ι
2262 3826 2369 3877 Καὶ
2406 3825 2562 3877 έλαϐε
2598 3826 2857 3890 ἑξακόσια
2884 3826 3103 3895 ἀρματα
3133 3826 3385 3890 ἐκλεκτά,
3416 3827 3508 3880 καὶ
3544 3830 3723 3880 πᾶσαν

2136 3915 2235 3986 τὴν
2260 3916 2423 3968 ἵππον
2445 3916 2550 3968 τῶν
2572 3918 2996 3984 Δίγυπτίων,καὶ
3017 3917 3307 3989 τριστάτας
3334 3917 3425 3970 ἐπὶ
3451 3918 3717 3970 πάντων.»

2138 4008 2277 4071 Τοὺς
2309 4007 2444 4078 πρὸς
2480 4011 2629 4079 τρεῖς
2666 4010 2998 4080 δυναμένους
3034 4008 3320 4079 μάχεσθαι,
3346 4008 3377 4079 ἦ
3406 4010 3531 4072 τοὺς
3560 4012 3616 4063 ἐν
3653 4012 3721 4079 τῇ

2138 4099 2435 4168 παρατάξει
2450 4100 2584 4161 μετὰ
2596 4100 2684 4152 τὸν
2700 4100 3083 4171 πρωτοστάτην
3098 4101 3288 4153 καὶτὸν
3302 4101 3724 4173 δευτεροστάτην

2139 4192 2458 4262 ἱσταμένους
2482 4193 2538 4245 ἐν
2560 4195 2623 4263 τῇ
2647 4194 2806 4265 τρίτῃ
2827 4192 2995 4259 τάξει.
3030 4192 3212 4245 ΙἈλλοι
3242 4192 3297 4245 δέ
3336 4209 3520 4261 φασιν,
3544 4193 3619 4255 ὠς
3643 4194 3723 4255 εἰς

2136 4282 2235 4346 τὰς
2272 4285 2459 4355 χεῖρας
2504 4282 2611 4336 τῶν
2658 4283 2931 4354 πολεμίων
2970 4284 3191 4357 ἅρματα
3228 4284 3443 4336 ἐποίουν
3487 4282 3719 4353 μεγάλα,

2136 4373 2275 4427 ὥστε
2311 4376 2404 4427 καὶ
2426 4378 2575 4446 τρεῖς
2612 4378 2830 4446 χωρεῖν,
2877 4376 2962 4428 ἵνα
2998 4378 3026 4428 6
3069 4375 3166 4444 μὲν
3199 4370 3279 4438 εἷς
3325 4378 3553 4446 ἡνιοχεῖ,
3581 4377 3631 4428 οί
3664 4376 3723 4429 δέ

458 4469 563 4517 duo
607 4480 735 4518 vero
783 4467 873 4520 alii
921 4478 1229 4535 certarent;
1284 4480 1377 4524 aut
1424 4485 1518 4525 eos
1561 4473 1653 4541 qui
1701 4489 1867 4541 super
1923 4482 2033 4529 tres

2141 4466 2235 4519 δύο
2262 4466 2609 4537 πολεμοῦσιν·
2650 4466 2682 4535 ἢ
2714 4467 2839 4530 τοὺς
2870 4466 2963 4518 ἐπὶ
3001 4466 3167 4537 τριῶν
3191 4467 3372 4519 ἵππων
3400 4467 3721 4536 βεϐηκότας.

455 4570 625 4625 equos
656 4558 1028 4611 ascenderem.
1058 4560 1279 4629 Antiqui
1314 4562 1458 4615 enim
1490 4562 1542 4615 in
1579 4563 1733 4618 bellis
1763 4563 1906 4618 binis
1937 4573 2031 4618 aut

460 4648 629 4701 ternis
680 4649 836 4715 equis
885 4650 1200 4715 utebantur,
1254 4667 1377 4705 cum
1427 4653 1741 4722 aurigantes
1790 4656 2028 4710 exirent.

462 4741 553 4795 Vel
582 4741 848 4797 tristatem
876 4754 1055 4812 vocat,
1084 4747 1173 4814 qui
1204 4748 1432 4802 sedente
1460 4764 1587 4817 rege
1618 4751 1812 4805 tertius
1836 4760 2026 4817 staret,

457 4843 552 4885 aut
586 4834 799 4886 tertiam
853 4835 1081 4889 haberet
1110 4838 1317 4901 sedem,
1368 4839 1671 4907 cuiusmodi
1713 4853 1829 4896 erat
1858 4842 2026 4900 David

456 4928 599 4992 apud
628 4925 781 4994 Saul,
807 4936 867 4980 ut
893 4927 944 4981 in
977 4928 1154 4996 primo
1180 4930 1486 4999 Regnorum
1517 4933 1780 4989 invenies.

536 5128 554 5159 ι
578 5106 691 5162 lllic
724 5110 902 5176 posuit
927 5110 975 5163 ei
1007 5111 1145 5167 Deus
1167 5110 1610 5181 iustificationes,
1645 5125 1698 5171 et
1724 5115 1954 5183 judicia,
1981 5126 2036 5171 et

457 5200 568 5254 illic
610 5216 734 5254 eum
783 5202 1091 5257 tentavit“.
1131 5202 1264 5257 Cum
1317 5214 1491 5258 tentat
1542 5206 1704 5270 Deus,
1762 5216 1936 5261 tentat
1976 5216 2033 5259 ut

458 5293 649 5359 prosit,
691 5308 795 5345 non
846 5303 903 5347 ut
952 5305 1164 5349 noceat.
1200 5294 1542 5367 Quapropter
1593 5299 1796 5353 dictum
1844 5300 2029 5353 est":

465 5403 483 5434 ι
510 5383 649 5437 Deus
685 5385 983 5439 intentatur
1035 5386 1298 5441 malorum
1342 5397 1446 5441 est.
1473 5404 1491 5438 ι
1529 5386 1598 5443 Ut
1628 5398 1682 5443 et
1707 5396 1827 5458 post
1860 5403 2032 5458 pauca

459 5475 737 5545 subiungit
771 5495 784 5531 :
824 5495 842 5527 ι
877 5478 932 5531 Si
981 5480 1169 5532 auditu
1227 5478 1465 5534 audieris
1520 5479 1807 5534 Dominum
1866 5480 2031 5535 Deum

460 5576 637 5632 tuum,
673 5584 886 5624 omnem
939 5572 1187 5626 morbqu
1223 5587 1382 5641 quem
1419 5572 1575 5627 intuli
1602 5571 1896 5644 Egyptiis,
1927 5588 2031 5627 non

530 5682 743 5758 ’_Evod.
774 5687 985 5758 “1.46.
1066 5690 1107 5721 ⁸ο
1133 5688 1261 5745 ibid.
1290 5688 1378 5745 48.
1459 5690 1496 5722 ²¹
1528 5689 1696 5747 Exod.
1727 5705 1848 5758 xm,
1876 5689 1968 5745 ‘20.

462 5749 501 5781 ¹⁵
539 5751 725 5809 Jacob.
763 5772 803 5823 ι,
849 5756 933 5811 15.

2138 4560 2199 4611 Oi
2221 4560 2328 4630 γὰρ
2350 4560 2571 4613 παλαιοὶ
2593 4560 2650 4611 ὲν
2672 4561 2781 4622 τοῖς
2804 4559 3060 4630 πολέμοις
3077 4562 3168 4611 ἐπὶ
3189 4559 3332 4630 δύοῆ
3353 4560 3517 4631 τριῶν
3540 4561 3722 4613 ἵππων

2136 4650 2445 4720 ἐπωχοῦντο
2482 4650 2713 4715 ἐξιόντες
2753 4651 3157 4721 ἁρματηλάται.
3204 4653 3275 4705 Ἦ
3313 4653 3606 4723 τριστάτην
3639 4652 3723 4704 λέ-

2136 4758 2222 4809 γει
2257 4743 2347 4795 τὸν
2375 4744 2432 4795 ἐν
2464 4742 2541 4813 τῷ
2575 4742 2899 4807 καθέζεσθαι
2940 4745 3029 4799 τὸν
3082 4743 3322 4814 βασιλέα,
3352 4745 3533 4816 τρίτον
3576 4744 3723 4797 ἱστά-

2139 4851 2319 4903 μενον,
2346 4835 2461 4905 ἧτοι
2493 4836 2681 4907 τρίτην
2711 4834 2903 4905 ἔχοντα
2929 4835 3221 4908 καθέδραν·
3257 4831 3367 4899 οἶος
3394 4832 3461 4907 ἦν
3494 4838 3521 4889 6
3561 4835 3723 4889 Δαυῖδ

2136 4923 2286 4995 παρὰ
2332 4924 2521 4990 Σαοὺλ,
2564 4924 2639 4988 ὡς
2676 4927 2733 4978 ἐν
2779 4928 2846 4996 τῇ
2900 4926 3091 4997 πρώτῃ
3148 4925 3255 4978 τῶν
3293 4925 3589 4979 Βασιλειῶν
3631 4926 3721 4977 εὑ-

2140 5018 2207 5087 ρή
2217 5034 2349 5079 σεις.

2212 5128 2230 5159 ι
2277 5110 2424 5163 Ἐκεῖ
2441 5109 2592 5164 ἔθετο
2631 5110 2777 5181 αὐτῷ
2799 5111 2827 5162 6
2849 5108 2982 5174 Θεὸς
3011 5108 3351 5179 δικαιώματα
3374 5110 3467 5161 καὶ
3489 5108 3720 5178 κρίσεις.

2137 5202 2230 5255 καὶ
2273 5206 2391 5256 ἐκεῖ
2431 5205 2592 5258 αὐτὸν
2634 5204 2946 5275 ἐπείρασε.»
2983 5202 3112 5257 Ὅτε
3153 5202 3285 5265 Θεὸς
3326 5202 3598 5274 πειράζει,
3635 5202 3721 5256 ἐπ’

2137 5293 2373 5365 ὠφελείᾳ
2409 5295 2677 5365 πειράζει,
2719 5296 2819 5347 οὐκ
2858 5294 2950 5347 ἐπὶ
2977 5293 3055 5365 τῷ
3092 5294 3475 5365 κακοποιῆσαι’
3510 5294 3589 5347 διὸ
3630 5295 3725 5348 καὶ

2138 5384 2352 5455 ἐλέχθη,
2369 5388 2452 5440 ὅτι
2474 5408 2491 5437 ι
2524 5387 2585 5440 '0
2597 5386 2729 5450 Θεὸς
2746 5386 3077 5456 ἀπείραστός
3100 5387 3215 5439 ἐστι
3242 5385 3450 5451 κακῶν,
3478 5405 3496 5437 ι
3524 5386 3601 5449 ὡς
3628 5387 3724 5439 καὶ

2140 5477 2255 5544 μετ’
2280 5476 2436 5544 ὀλίγα
2481 5478 2678 5544 ἐπάγει
2704 5479 2732 5528 6
2761 5477 2936 5545 λόγος’
2959 5501 2978 5534 ι
3018 5480 3145 5535 Ἐάν
3160 5478 3296 5547 ἀκοῇ
3334 5476 3578 5550 ἀκούσῃς
3611 5480 3723 5531 Κυ-

2142 5567 2255 5638 ρίου
2292 5567 2386 5620 τοῦ
2416 5565 2550 5619 Θεοῦ
2597 5584 2711 5630 σου,
2751 5569 2930 5622 πᾶσαν
2968 5568 3143 5635 νόσον,
3188 5569 3255 5639 ἣν
3294 5571 3573 5641 ἐπήγαγον
3608 5570 3724 5631 τοῖς

2063 5689 2103 5719 ¹¹
2129 5686 2287 5744 Num.
2321 5702 2514 5756 xxxm,
2543 5686 2597 5743 7.
2677 5688 2717 5721 ⁸³
2745 5687 2920 5746 Exod.
2952 5703 3062 5757 stv,
3090 5689 3145 5744 7.
3231 5689 3273 5720 "
3303 5689 3470 5745 Exod.
3506 5704 3595 5754 xv,
3625 5686 3715 5745 25.
