4132 6474
418 399 525 457 289

1658 401 1972 459 SELECTA
2005 400 2073 457 ΙΝ
2106 399 2417 459 ΕΧΟΒΗΜ.

3561 397 3667 453 290

424 520 758 593 Αἰγυπτίοις,
788 520 886 576 οὐκ
919 520 1104 591 ἐπάξω
1140 523 1232 578 ἐπὶ⁵
1267 524 1346 581 σέ.
1374 542 1392 578 ι
1450 525 1507 580 'O
1540 523 1635 581 οῦν
1664 527 1844 598 φέρων
1876 526 1997 587 τοὺς

2103 524 2353 579 inducam
2384 538 2545 594 super
2582 532 2653 583 te.
2677 542 2697 578 ι
2746 525 2850 595 Qui
2880 540 3013 599 ergo
3037 535 3260 584 strenue
3284 527 3389 585 fert
3417 533 3672 585 tentati"-

368 672 370 675 τ
420 614 758 685 πειρασμοὺς
792 616 1074 682 γενναίως,
1119 615 1497 686 στεφανοῦται.
1548 618 1711 670 Ἀλλο
1750 617 1807 670 δέ
1850 619 1998 671 ἐστιν

420 704 514 757 ἐπὶ
544 703 639 757 τοῦ
691 704 957 759 διαϐόλου·
1003 710 1210 771 ἐκεῖνος
1250 708 1359 781 γὰρ
1397 709 1681 780 πειράζει,
1734 710 1820 763 ἵνα
1871 710 1998 772 τοὺς

420 794 771 865 πειθομένους
816 797 965 867 αὐτῷ
1008 796 1312 869 θανατώσῃ·
1357 800 1452 851 καὶ
1486 801 1514 852 6
1554 800 1651 869 μὲν
1699 799 1831 862 Θεὸς
1880 816 1999 851 πει-

421 884 571 955 ράζει
594 886 693 938 οὐκ
731 887 939 953 ἀγνοῶν
982 887 1043 940 τὸ
1086 890 1365 958 ἐσόμενον,
1410 889 1548 960 πλὴν
1577 889 1753 952 διδοὺς
1786 887 1864 959 τῷ
1903 889 1998 941 άν-

419 974 621 1046 ορώπῳ
648 978 909 1047 πράττειν
948 979 976 1030 ὃ
997 978 1139 1031 θέλει
1160 979 1246 1032 διὰ
1265 979 1326 1032 τὸ
1346 979 1708 1046 αὐτεξούσιον.

492 1084 510 1116 ι
553 1066 722 1119 Τοῦτο
745 1068 803 1120 τὸ
830 1069 981 1140 ῥῆμα
1013 1070 1041 1121 ὃ
1063 1070 1289 1140 ἐλάλησε
1313 1070 1535 1142 Κύριος⁸
1567 1071 1841 1135 Σάϐϐατα,
1874 1071 1999 1125 ἀνά·

417 1172 615 1220 παυσις
647 1160 779 1227 ἁγία
804 1159 880 1229 τῷ
914 1161 1103 1231 Κυρίῳ
1136 1161 1345 1232 αῠριον.
1380 1181 1399 1215 ι
1463 1164 1880 1234 Ἀπογράφομαι
1928 1162 1998 1216 τὰ

417 1250 544 1319 περὶ
572 1250 666 1301 τοῦ
698 1250 970 1304 σαϐϐάτου
998 1254 1283 1324 εἰρημέναι
1320 1254 1535 1327 πρῶτον
1558 1256 1699 1310 κατὰ
1722 1256 1781 1308 τὸ
1810 1255 1994 1326 ῥητὸν,

417 1340 481 1393 ἵν’
510 1341 665 1394 ἴδωσι
697 1343 749 1394 τί
778 1344 1028 1413 σημαίνει
1065 1345 1125 1398 τὸ
1158 1346 1410 1418 γράμμα·
1451 1348 1701 1418 δεύτερον
1750 1348 1809 1401 δέ
1854 1348 1997 1401 κατὰ

413 1433 512 1504 τὴν
546 1436 860 1506 ἀναγωγὴν,
896 1437 1017 1490 καθ’
1052 1439 1117 1508 ἣν
1161 1440 1368 1510 εἴποιμι
1428 1441 1493 1493 ἂν
1530 1440 1740 1511 ἡμέραν
1795 1441 1999 1495 σαϐϐά-

414 1543 507 1578 του
549 1526 900 1597 ἐνεστηκέναι
958 1529 1035 1599 τῷ
1115 1530 1308 1600 δικαίῳ
1377 1532 1742 1585 καταλύσαντι
1796 1532 1863 1585 τὰ
1904 1532 1997 1585 τοῦ

415 1618 620 1689 κόσμου
649 1620 806 1691 ἔργα.
840 1623 934 1674 καὶ
955 1623 1229 1688 δοξάζοντι
1246 1623 1336 1676 τὸν
1360 1623 1514 1687 Θεὸν,
1537 1624 1631 1676 καὶ
1664 1622 1996 1692 σχολάζοντι,

417 1712 555 1782 μήτε
580 1712 674 1764 τοῦ
709 1713 875 1765 τόπου
906 1715 962 1765 ὲν
990 1708 1035 1781 ᾧ
1064 1714 1263 1785 ἕστηκε
1322 1714 1416 1767 τοῦ
1464 1714 1733 1785 Χριστοῦ,
1768 1717 1998 1783 ἀφιστα-

420 1802 584 1873 μένῳ*
620 1805 756 1874 μήτε
782 1804 893 1875 πῦρ
917 1804 1146 1871 καίοντι,
1182 1806 1323 1858 κατά
1351 1805 1411 1858 τὸ
1454 1806 1618 1875 μηδὲν
1642 1807 1994 1878 ἁμαρτάνειν·

2103 631 2219 683 nes,
2251 632 2509 672 coronam
2544 619 2757 687 recipit.
2814 620 2983 677 Secus
3012 633 3192 676 autem
3221 636 3280 676 se
3311 637 3398 677 res
3427 622 3587 676 habet
3610 624 3664 674 in

2102 706 2337 760 diabolo.
2372 707 2419 760 ls
2446 708 2589 761 enim
2623 716 2816 772 tentat,
2842 720 2898 764 ut
2928 711 3427 782 sibiobsequentes
3470 712 3677 767 interﬁ-

2100 798 2232 853 ciat.
2263 797 2341 853 Ac
2371 799 2513 853 Deus
2539 800 2755 869 quidem
2784 810 2956 855 tentat
2982 817 3089 857 non
3134 802 3299 857 futuri
3347 805 3672 871 ignorantia,

2100 890 2192 943 sed
2224 890 2426 943 homini
2477 890 2791 946 facultatem
2823 892 3027 948 faciens
3061 896 3207 961 quod
3237 896 3362 949 velit
3391 897 3675 965 operandi.

2101 991 2321 1051 propter
2347 983 2555 1036 arbitrii
2586 985 2913 1039 libertatem.

2179 1086 2197 1119 ι
2239 1069 2352 1124 Hoc
2382 1080 2463 1124 est
2499 1073 2721 1127 verbum
2767 1076 2909 1143 quod
2947 1074 3156 1130 locutus
3222 1086 3305 1131 est
3359 1075 3618 1130 Dominus
3657 1090 3673 1128 :

2101 1159 2364 1225 Sabbata,
2421 1164 2636 1231 requies
2668 1175 2856 1221 sancta
2905 1166 3133 1221 Domino
3172 1182 3296 1222 cras
3333 1168 3397 1221 “.
3434 1187 3453 1220 ι
3517 1166 3675 1237 125

2100 1250 2323 1333 Expone
2351 1268 2470 1323 qua:
2504 1257 2568 1310 de
2604 1255 2842 1313 Sabbato
2884 1258 3022 1314 dicta
3073 1271 3219 1325 sunt,
3275 1261 3449 1329 primo
3481 1274 3676 1314 secun-

2101 1344 2227 1398 dum
2264 1345 2408 1399 nuda
2432 1347 2620 1411 verba,
2660 1357 2715 1401 ut
2743 1348 2963 1403 videant
2986 1351 3123 1419 quid
3159 1350 3429 1419 significet
3456 1350 3673 1415 littera;

2103 1432 2303 1489 deinde
2371 1440 2672 1492 secundum
2724 1440 3025 1505 spiritalem
3084 1440 3461 1503 intellectum,
3520 1440 3674 1508 juxta

2100 1540 2263 1593 quem
2295 1528 2526 1582 dixerim
2564 1531 2706 1582 diem
2749 1530 2974 1584 Sabbati
3024 1531 3174 1600 justo
3221 1530 3536 1585 incumbere
3584 1529 3677 1599 qui

2099 1618 2439 1673 destruxerit
2468 1619 2653 1676 mundi
2686 1638 2872 1692 opera,
2921 1624 3013 1689 qui
3061 1624 3229 1678 Deum
3275 1625 3580 1693 glorificat,
3613 1637 3678 1678 ac

2100 1709 2342 1777 quietem
2399 1712 2541 1780 agit;
2584 1714 2673 1782 qui
2732 1728 2910 1782 neque
2970 1729 2998 1766 a
3055 1714 3175 1769 loco
3230 1716 3281 1768 in
3337 1730 3444 1783 quo
3490 1714 3674 1779 stetit,

2102 1801 2325 1856 Christo
2358 1803 2639 1867 nimirum,
2668 1805 2895 1869 recedit,
2929 1819 3029 1858 nec
3063 1806 3238 1873 ignem
3283 1807 3529 1860 accendit
3553 1820 3673 1874 pec-

423 1893 557 1960 μήτε
583 1891 941 1961 βαστάγματα
966 1894 1195 1965 αἵροντι.
1249 1895 1548 1966 Βάσταγμα
1577 1896 1735 1966 ὅρους
1779 1897 1997 1968 βαρύτε-

2102 1896 2300 1957 cando,
2334 1910 2506 1964 neque
2542 1895 2647 1950 fert
2685 1911 2871 1950 onera.
2896 1896 3045 1951 Onus
3070 1906 3251 1951 monte
3273 1899 3491 1967 gravius
3515 1912 3677 1952 omne

422 1998 514 2052 ρον
540 1985 686 2036 πᾶσα
718 1986 992 2055 ἁμαρτία·
1028 1986 1107 2038 διὸ
1141 1986 1328 2056 ἔλεγεν
1366 1991 1394 2042 6
1425 1987 1717 2058 Ὑμνῳδὸς·
1782 2007 1800 2040 ι
1854 1990 1998 2043 Ὡσεὶ

419 2074 636 2145 φορτίον
669 2078 805 2148 βαρὺ
895 2078 1268 2150 ἐϐαρύνθησαν
1326 2082 1411 2133 ἐπ’
1464 2081 1584 2151 ἐμέ.
1625 2101 1642 2133 ι
1695 2080 1886 2153 Ἑτέρα
1940 2083 1997 2136 δὲ

416 2167 711 2240 ἀπογραφὴ
743 2170 809 2223 ἂν
840 2169 924 2241 εἴη
961 2171 1252 2236 σαϐϐάτου,
1284 2172 1406 2225 καθ’
1444 2174 1511 2242 ἣν
1572 2193 1589 2223 ι
1642 2175 1997 2229 ἀπολείπεται

418 2259 788 2331 σαϐϐατισμὸς
821 2261 899 2331 τῷ
946 2262 1060 2333 λαῷ
1088 2264 1180 2317 τοῦ
1239 2262 1397 2328 Θεοῦ,
1456 2283 1473 2315 ι
1524 2264 1831 2330 ἀνάπαυσις
1876 2267 1999 2338 ίερά

415 2348 510 2403 καὶ
535 2350 686 2417 ἁγία.
740 2351 797 2404 ὐ
821 2352 877 2404 δέ
905 2355 1138 2424 ποιήσας
1165 2354 1342 2409 πάντα
1370 2355 1439 2407 τά
1461 2354 1598 2425 ἔργα
1630 2356 1817 2421 αὐτοῦ,
1850 2358 1997 2423 ἄξιος

413 2440 659 2511 κρίνεται
701 2444 910 2498 ἐκείνου
946 2444 1038 2497 τοῦ
1092 2446 1382 2500 σαϐϐάτου’
1437 2448 1711 2517 σχολάζων
1749 2449 1923 2501 οὐδενὶ
1962 2449 1995 2520 ἢ

412 2533 478 2601 τῇ
510 2531 712 2605 θεωρίᾳ
738 2535 838 2605 τῆς
861 2535 1141 2606 ἀληθείας,
1168 2540 1263 2591 καὶ
1288 2538 1389 2608 τῆς
1445 2539 1656 2607 σοφίας.
1705 2540 1892 2594 Ταῦτα
1941 2540 1997 2592 δὲ

412 2619 504 2673 διὰ
556 2622 617 2674 τὸ
662 2625 987 2695 μεμνῆσθαι
1047 2626 1279 2680 ἐνταῦθα
1306 2627 1398 2682 τὸν
1446 2628 1685 2682 Μωῦσέα
1731 2629 1872 2700 περὶ,
1902 2627 1994 2681 τοῦ

412 2712 778 2780 σαϐϐατίζειν,
813 2716 1183 2789 παρεθέμεθα.

490 2825 508 2855 ι
548 2807 659 2859 Καὶ
693 2808 955 2875 πατάξεις
980 2809 1078 2881 τὴν
1132 2810 1360 2883 πέτραν,
1398 2811 1493 2864 καὶ
1548 2810 1889 2878 ἐξελεύσεται
1938 2812 1996 2880 ἐξ

408 2897 581 2968 αὐτῆς
616 2898 779 2972 ὕδωρ.
823 2921 841 2952 ι
870 2902 1054 2974 Πέτρᾳ
1079 2902 1474 2974 παρεικάζεται
1502 2903 1530 2955 6
1567 2905 1803 2975 Χριστὸς
1826 2904 1912 2957 διὰ
1937 2904 1996 2956 τὸ

410 2984 662 3040 ἄσειστον
689 2991 783 3041 καὶ
807 2990 1125 3061 άκλόνητον.
1145 2993 1489 3063 Ἐρήρεισται
1512 2992 1619 3062 γάρ
1646 2995 1703 3046 ἐν
1732 2997 1844 3056 τοῖς
1869 2995 1998 3061 ἁγα-

411 3075 527 3139 οοίς
553 3079 586 3146 ἡ
626 3076 745 3130 θεία
778 3096 837 3130 τε
861 3081 955 3133 καὶ
988 3081 1268 3149 ὑπερτάτη
1297 3082 1479 3148 φύσις.

489 3188 508 3218 ι
533 3167 677 3236 Ἐγὼ
703 3170 811 3239 γάρ
838 3171 954 3239 είμι
980 3170 1185 3242 Κύριος
1214 3174 1240 3224 6
1266 3172 1398 3234 Θεός
1424 3189 1541 3234 σου,
1566 3171 1699 3235 Θεὸς
1728 3173 1995 3245 ζηλωτὴς,
2025 3213 2065 3269 C

412 3259 701 3321 ἀποδιδοὺς
734 3260 1005 3331 ἁμαρτίας
1032 3261 1284 3332 πατέρων
1310 3263 1404 3314 ἐπὶ
1432 3263 1619 3326 τέκνα,
1664 3264 1756 3315 ἐπὶ
1805 3262 1997 3335 τρίτην

415 3351 508 3402 καὶ
535 3350 802 3421 τετάρτην
827 3352 1017 3419 γενεὰν
1046 3354 1155 3414 τοῖς
1175 3352 1391 3423 μισοῦσί
1426 3371 1516 3424 με,
1544 3355 1637 3406 καὶ
1660 3355 1826 3409 ποιῶν
1853 3355 1999 3420 ἕλεος

414 3441 495 3504 είς
525 3440 765 3511 χιλιάδας
787 3446 898 3505 τοῖς
932 3443 1189 3511 ἀγαπῶσί
1222 3461 1288 3514 με
1314 3482 1328 3507 ,
1372 3444 1466 3497 καὶ
1500 3447 1611 3508 τοῖς
1664 3445 1998 3514 φυλάσσουσι

409 3532 483 3585 τά
508 3534 909 3605 προστάγματα
951 3554 1072 3606 μου.
1110 3555 1128 3588 ι
1191 3538 1324 3590 Τίνα
1357 3537 1515 3590 τοῦτο
1562 3538 1622 3590 τὸ
1684 3539 1844 3609 ῥητὸν
1900 3540 1998 3592 οὐκ

409 3625 709 3697 ὲτάραξεν;
738 3628 801 3680 Εἰ
827 3628 1043 3698 ἥμαρτε
1074 3628 1172 3698 μὲν
1196 3629 1225 3680 6
1255 3629 1460 3700 πατὴρ,
1491 3632 1518 3683 6
1542 3629 1599 3681 δέ
1640 3629 1788 3696 υίὸς,
1819 3631 1913 3682 καὶ
1963 3633 1996 3700 ἡ

408 3718 590 3788 τρίτη,
622 3721 715 3771 καὶ
745 3721 777 3789 ἡ
808 3720 1041 3791 τετάρτη
1075 3722 1237 3789 γενεὰ
1273 3722 1647 3793 ἀπολαμϐάνει
1686 3722 1783 3793 τὴν
1820 3724 2000 3794 ἀμαρ-

408 3810 552 3876 τίαν,
580 3812 655 3874 ὡς
678 3813 802 3875 τοὺς
843 3813 941 3882 μὲν
992 3814 1367 3886 κατηγορῆσαι
1416 3816 1512 3868 καὶ
1558 3815 1650 3868 τοῦ
1706 3815 1997 3880 δεδωκότος

410 3904 537 3967 τοὺς
562 3905 760 3973 νόμους
784 3904 939 3957 Θεοῦ·
968 3905 1095 3970 τοὺς
1120 3906 1177 3958 δέ
1210 3905 1285 3977 μὴ
1314 3907 1687 3978 κατηγορῆσαι
1716 3907 1834 3978 μὲν,
1860 3908 1995 3979 ἀλη-

411 3995 521 4059 θῶς
546 3996 603 4048 δὲ
628 3994 865 4059 ἐλπίζειν
886 3996 1112 4050 τοιαῦτά
1131 4015 1273 4062 τινα,
1300 4000 1394 4053 καὶ
1426 4001 1750 4072 προσδοκᾷν,
1793 4003 1874 4056 ὅτι
1929 4003 2000 4057 τά

411 4089 785 4158 ἁμαρτήματα
813 4088 990 4141 αὐτῶν
1015 4090 1062 4141 οἱ
1096 4090 1201 4142 υἱοὶ
1225 4090 1724 4160 ἀπολαμϐάνουσιν.
1755 4093 1998 4147 Ἰουδαῖοι

410 4181 583 4233 ταῦτα
614 4180 960 4250 νομίζουσιν,
1017 4179 1117 4231 οὐκ
1165 4180 1596 4245 ἀπαλλάττοντες
1650 4182 1807 4236 ἄλλον
1855 4183 1996 4238 Θεὸν.

412 4273 685 4343 Σαμαρεῖς
712 4269 883 4323 ταῦτα
911 4268 1386 4339 ὑπολαμϐάνουσιν
1412 4310 1426 4334 ,
1477 4271 1553 4334 ὼς
1582 4273 1675 4324 καὶ
1709 4272 1864 4324 αὐτοὶ
1914 4272 2002 4324 δο-

412 4365 665 4430 ξάζοντες
695 4362 1090 4435 μετεσχηκέναι
1113 4362 1207 4415 τοῦ
1233 4362 1351 4425 ἐνὸς
1372 4360 1528 4414 Θεοῦ.
1563 4364 1625 4415 Οἱ
1665 4363 1773 4414 ἀπὸ
1789 4362 1895 4416 τῶν
1918 4363 2001 4415 αί-

415 4460 617 4525 ρέσεων
649 4456 749 4508 οὐκ
773 4454 1131 4528 ἀρεσκόμενοι
1159 4452 1237 4523 τῷ
1289 4453 1494 4523 ἀγαθὸν
1540 4454 1573 4525 ἢ
1620 4453 1827 4507 δίκαιον
1861 4452 1998 4508 εἶναι

2102 1996 2420 2055 peccatum;
2450 1988 2801 2054 quamobrem
2827 1987 3038 2041 dicebat
3061 1985 3346 2041 Psalmista
3368 1988 3409 2017 ¹⁷
3439 2005 3453 2040 :
3491 2005 3510 2038 ι
3550 1987 3674 2041 Sic-

2102 2086 2161 2129 ut
2208 2089 2345 2129 onus
2401 2090 2566 2144 grave
2611 2084 2827 2143 gravata
2882 2086 3007 2128 sunt
3054 2090 3218 2143 super
3274 2090 3378 2129 me.
3417 2062 3448 2127 ι’
3493 2076 3674 2129 Altera

2101 2178 2281 2221 autem
2313 2167 2582 2234 expositio
2612 2166 2835 2220 Sabbati
2891 2168 2982 2229 sit,
3013 2165 3171 2233 juxta
3222 2183 3385 2236 quam
3448 2185 3467 2218 ι
3506 2170 3669 2222 relin—

2099 2261 2293 2330 quitur
2324 2259 2700 2313 sabbatismus
2739 2258 2937 2327 populo
2991 2260 3080 2313 Dei
3117 2258 3159 2290 ¹⁸
3194 2278 3211 2311 ι
3253 2260 3469 2328 requies
3518 2276 3670 2315 sacra

2102 2360 2155 2403 et
2185 2359 2394 2404 sancta.
2444 2349 2545 2416 Qui
2612 2365 2740 2404 vero
2794 2349 2976 2405 omnia
3032 2349 3147 2417 ejus
3199 2349 3327 2403 fecit
3381 2365 3567 2419 opera,
3628 2352 3675 2405 is

2100 2444 2295 2511 dignus
2326 2442 2559 2495 habetur
2589 2442 2691 2496 hoc
2716 2443 2977 2505 Sabbato,
3006 2442 3136 2495 nulli
3161 2442 3314 2496 alteri
3348 2444 3421 2497 rei
3451 2457 3671 2505 vacans,

2100 2551 2260 2604 quam
2297 2535 2731 2603 contemplanda:
2758 2534 2972 2589 veritati
3006 2543 3056 2587 et
3086 2535 3380 2602 sapientiae.
3432 2534 3555 2589 Haec
3582 2551 3675 2589 au-

2101 2637 2206 2682 tem
2241 2627 2443 2682 idcirco
2498 2628 2848 2697 exposuimus
2875 2628 3017 2695 quod
3062 2626 3273 2698 Moyses
3298 2629 3399 2683 hoc
3431 2627 3547 2683 loco
3583 2642 3673 2684 re-

2098 2719 2321 2789 ligionis
2359 2718 2581 2773 Sabbati
2614 2719 2947 2774 meminerit.

2174 2830 2191 2862 ι
2227 2811 2291 2864 Et
2319 2812 2590 2880 percnties
2627 2822 2861 2881 petram,
2894 2823 2947 2864 et
2974 2811 3143 2865 exibit
3176 2827 3241 2866 ex
3272 2828 3333 2867 ea
3371 2828 3509 2882 aqua
3551 2812 3615 2866 ".
3650 2831 3669 2864 ι

2098 2900 2349 2955 Christus
2395 2911 2560 2969 petra:
2616 2909 2965 2971 comparatur
3018 2903 3088 2955 ob
3144 2902 3524 2957 inconcussam
3565 2904 3671 2958 vim

2100 3007 2164 3046 ac
2205 2993 2538 3047 firmitatem.
2577 2990 2817 3047 Firmata
2862 2993 3005 3046 enim
3041 2992 3096 3044 in
3155 2991 3311 3047 bonis
3363 3004 3447 3048 est
3491 2996 3673 3049 divina

2098 3083 2479 3150 excellensque
2519 3092 2737 3138 natura.

2175 3190 2193 3223 ι
2231 3172 2343 3241 Ego
2371 3173 2513 3225 enim
2547 3188 2666 3225 smn
2703 3173 2963 3227 Dominus
2995 3173 3133 3226 Deus
3160 3181 3303 3236 tuus,
3338 3170 3477 3227 Deus
3528 3173 3671 3228 zelo-

2105 3271 2204 3325 tes,
2244 3262 2477 3315 reddens
2512 3270 2728 3330 peccata
2755 3272 2967 3329 patrum
3028 3262 3079 3315 in
3112 3262 3251 3315 filios
3281 3263 3332 3314 in
3376 3263 3589 3315 tertiam
3621 3273 3676 3316 et

2102 3359 2350 3415 quartam
2389 3350 2727 3417 progeniem,
2762 3349 2846 3403 bis
2876 3350 2965 3419 qui
2998 3351 3226 3404 oderunt
3252 3366 3356 3417 me,
3394 3360 3448 3405 et
3471 3351 3674 3407 faciens

2102 3441 2538 3496 misericordiam
2576 3443 2627 3495 in
2660 3443 2864 3507 millia,
2915 3443 2998 3498 his
3034 3445 3125 3513 qui
3189 3444 3422 3515 diligunt
3463 3461 3571 3511 me,
3620 3457 3677 3501 et

2100 3542 2319 3586 servant
2352 3544 2624 3603 praecepta
2680 3536 2885 3589 mea”.
2926 3554 2946 3588 ι
3009 3536 3177 3605 Quem
3241 3543 3346 3591 non
3394 3538 3678 3593 turbarunt

2100 3622 2217 3676 haec
2250 3623 2451 3677 verba?
2484 3621 2539 3677 Si
2571 3635 2728 3694 pater
2768 3628 3038 3694 peccavit,
3084 3625 3248 3691 filius,
3295 3628 3564 3698 tertiaque
3611 3644 3675 3683 ac

2098 3724 2290 3785 quarta
2312 3719 2599 3788 progenies
2639 3730 2925 3789 peccatum
2970 3721 3182 3791 recipit.
3218 3719 3356 3776 Hinc
3388 3722 3477 3775 alii
3507 3721 3673 3776 Deum

2099 3820 2357 3865 accusant
2387 3813 2476 3881 qni
2503 3812 2645 3881 leges
2682 3814 2850 3881 dedit,
2882 3813 2972 3868 alii
3000 3831 3106 3870 non
3142 3825 3404 3870 accusant
3431 3814 3674 3884 quidem.

2099 3916 2231 3956 vere
2282 3910 2465 3957 tamen
2519 3903 2784 3973 ejusmodi
2846 3906 3093 3973 quaedam
3153 3903 3269 3959 fore
3322 3914 3547 3974 sperant
3610 3920 3674 3961 ac

2099 4002 2426 4064 exspectant,
2453 4001 2509 4048 ut
2538 4010 2728 4049 eorum
2763 4008 2989 4064 peccata
3022 3995 3115 4049 filii
3142 3996 3424 4065 recipiant.
3454 3996 3531 4051 Ita
3546 4012 3673 4052 seu-

2102 4085 2242 4139 tiunt
2274 4083 2467 4149 Judmi,
2505 4094 2560 4138 ut
2590 4096 2770 4139 tamen
2808 4086 2971 4139 alium
3004 4102 3111 4140 non
3140 4086 3433 4140 admittant
3490 4087 3674 4143 deum.

2100 4175 2227 4230 llaec
2256 4176 2369 4245 ipsa
2409 4177 2637 4231 credunt
2669 4176 3087 4244 Samaritae,qui
3125 4185 3178 4230 et
3236 4177 3335 4245 ipsi
3384 4178 3546 4231 unius
3613 4192 3674 4231 se

2101 4267 2196 4322 Dei
2229 4267 2524 4337 participes
2550 4283 2671 4321 esse
2703 4267 3017 4332 opinantur.
3044 4264 3531 4333 Hmretici,quihus
3565 4282 3670 4318 non

2100 4359 2275 4426 placet
2300 4361 2497 4412 bonum
2541 4365 2635 4409 aut
2679 4355 2891 4423 justum
2948 4368 3070 4409 esse
3128 4355 3292 4407 Deum
3341 4369 3521 4424 posse,
3578 4357 3671 4425 qui

2102 4451 2282 4505 reddit
2306 4460 2523 4519 peccata
2559 4455 2773 4519 patrum
2800 4447 2851 4499 in
2887 4447 3063 4500 sinum
3090 4445 3353 4506 filiorum.
3382 4446 3534 4499 aiunt
3567 4462 3670 4498 non

411 4550 544 4602 Θεὸν
570 4548 848 4609 δύνασθαι,
872 4549 965 4601 τὸν
990 4546 1306 4601 ἀποδιδόντα
1332 4548 1610 4617 ἁμαρτίας
1636 4548 1886 4618 πατέρων
1917 4549 1996 4611 είς

2101 4558 2221 4599 esse
2247 4543 2455 4614 justum
2483 4558 2547 4597 ac
2569 4544 2766 4598 bonum
2800 4542 2936 4613 legis
2971 4543 3158 4605 Deum,
3197 4537 3288 4609 qui
3332 4538 3517 4593 reddat
3544 4554 3671 4608 pec-

411 4640 611 4695 κόλπον
636 4640 840 4694 τέκνων
865 4640 1063 4704 αὐτῶν,
1101 4639 1366 4708 λέγουσιν,
1395 4641 1477 4693 ὃτι
1504 4642 1532 4694 6
1559 4640 1652 4693 τοῦ
1676 4639 1840 4709 νόμου
1865 4639 1995 4702 Θεὸς

392 4736 512 4787 οὐκ
542 4733 658 4786 ἐστι
695 4733 931 4797 δίκαιος,
978 4734 1079 4786 οὐκ
1126 4731 1275 4785 ἔστιν
1325 4731 1548 4800 ἀγαθὸς,
1605 4730 1887 4795 ἀποδιδοὺς
1928 4735 1996 4785 τά

406 4829 787 4898 ἁμαρτήματα
811 4826 918 4878 τῶν
951 4825 1205 4895 πατέρων
1226 4824 1319 4877 ἐπί¹
1351 4826 1476 4887 τοὺς
1503 4822 1651 4886 υἱούς
1670 4840 1683 4852 ·
1724 4822 1861 4876 ἀλλά
1909 4840 1996 4887 τις

409 4921 559 4974 ἐστὶν
601 4920 810 4973 ἐκείνου
878 4917 1078 4989 μείζων
1126 4916 1263 4979 οεός.
1305 4917 1363 4968 Ὀ
1419 4915 1477 4967 δὲ
1523 4915 1993 4985 ὲκκλησιαστικὸς,

414 5010 536 5064 οὔτε
560 5012 634 5076 ὡς
685 5013 936 5075 Ἰουδαῖος
967 5008 1292 5082 σωματικῶς
1317 5008 1506 5061 ἀκούει
1528 5006 1635 5060 τῶν
1662 5006 1991 5077 λεγομένων,

409 5104 534 5159 οὔτε
564 5107 639 5169 ὡς
673 5106 949 5178 αἱρετικὸς
991 5104 1329 5159 ἀναπλάσσει
1368 5102 1545 5167 ἄλλον,
1601 5099 1714 5154 ἀλλ’
1763 5100 1994 5170 ἕστηκεν

411 5199 735 5272 ἀμφοτέρων
770 5199 956 5269 μέσος,
988 5199 1081 5252 καὶ
1133 5197 1282 5266 λέγει
1311 5195 1492 5258 καλῶς
1550 5194 1648 5263 μὲν
1675 5192 1847 5246 ταῦτα
1901 5210 1993 5261 γε·-

409 5291 677 5363 γράφθαν
708 5291 808 5343 οὐκ
834 5286 951 5342 οἶδα
1001 5290 1056 5342 δὲ
1088 5288 1195 5341 τῶν
1245 5286 1648 5357 γεγραμμένων
1706 5285 1797 5337 τὸν
1847 5284 1990 5339 νοῦν.

424 5382 763 5434 Ἀνατείνατε
812 5376 1021 5442 οὖντὰς
1054 5378 1292 5441 διανοίας
1345 5377 1577 5439 πάντες,
1625 5376 1720 5429 καὶ
1767 5375 1996 5445 αἰτήσα-

418 5473 534 5537 σοε,
561 5474 647 5527 ἵνα
677 5473 804 5541 ὑμῖν
833 5470 1156 5541 ἀποκαλύψῃ
1185 5471 1261 5534 ὡς
1287 5470 1489 5539 ἁγαθός
1517 5472 1663 5523 ἐστιν
1691 5508 1706 5532 ,
1749 5469 1778 5520 6
1805 5466 1995 5521 ἀποδι-

409 5565 533 5630 δοὺς
557 5565 834 5636 ἁμαρτίας
865 5565 1116 5635 πατέρων
1135 5563 1222 5615 ἐπὶ
1252 5564 1436 5616 τέκνα.
1469 5562 1626 5624 Τίνες
1657 5563 1705 5614 οἱ
1736 5560 1993 5631 πατέρες;

415 5658 545 5729 φέρε
570 5658 670 5720 τὰς
716 5656 939 5727 Γραφάς
968 5655 1269 5726 μάρτυρας·
1304 5654 1745 5723 ἐξετασθήτωσαν
1786 5651 1855 5703 τὰ
1910 5650 1995 5703 λό-

492 5776 535 5805 ¹⁶
562 5774 729 5827 Exnd.
764 5791 877 5839 XVI,
914 5775 1005 5829 25.
1087 5774 1127 5803 ¹⁷
1168 5771 1308 5830 Ρδειι.
1346 5785 1553 5834 XXXV”.
1588 5769 1639 5823 5-

419 5860 536 5911 vnt,
567 5844 657 5900 44.

1735 5768 1776 5799 ¹⁸
1815 5764 1978 5822 llebr.
2012 5783 2087 5835 tv,
2112 5767 2164 5821 9.

2101 4645 2226 4691 cata
2260 4646 2475 4706 patrum
2506 4636 2558 4690 in
2593 4635 2753 4702 filios,
2786 4638 2879 4691 sed
2908 4633 3070 4687 alium
3103 4631 3394 4702 quemdam
3428 4645 3548 4685 esse
3580 4630 3672 4685 illo

2100 4727 2360 4797 majorem
2400 4728 2578 4783 deum.
2608 4726 2708 4793 Qui
2756 4742 2886 4782 vero
2940 4725 3199 4778 Eet'lesiae
3231 4723 3532 4777 doctrinam
3589 4738 3671 4778 se-

2098 4822 2306 4889 quitur,
2364 4836 2463 4874 nec
2512 4817 2682 4872 Judmi
2742 4833 2892 4872 more
2942 4829 3207 4883 corporeo
3255 4828 3419 4868 sensu
3475 4814 3672 4883 accipit

2100 4926 2222 4980 quae
2247 4912 2523 4975 dicuntur,
2583 4924 2681 4963 nec
2734 4909 2877 4962 sicut
2934 4908 3222 4961 haereticus
3269 4906 3432 4957 alium
3503 4909 3669 4959 Deum

2100 5003 2562 5067 comminiscitur,
2594 5001 2689 5055 sed
2712 5000 2851 5052 inter
2876 5008 3164 5065 utrumque
3197 4998 3406 5049 medius
3448 4996 3668 5059 incedit,

2102 5096 2307 5163 aitque.
2342 5094 2477 5147 bene
2514 5091 2730 5160 quidem
2771 5092 2884 5145 haec
2941 5090 3144 5157 scripta
3173 5103 3312 5153 esse,
3352 5087 3442 5141 sed
3480 5102 3668 5141 eorum
3770 5155 3772 5157 γ

2101 5201 2218 5254 quae
2256 5184 2457 5252 scripta
2489 5193 2614 5236 sunt
2646 5197 2865 5235 sensum
2902 5179 3005 5234 sibi
3032 5195 3135 5234 non
3157 5194 3277 5233 esse
3302 5189 3659 5248 perspectum.

2102 5276 2356 5328 Animum
2380 5274 2547 5342 igitur
2573 5271 2757 5325 cuncti
2796 5270 3083 5334 advertite,
3120 5280 3174 5323 et
3213 5270 3377 5322 Deum
3411 5278 3564 5320 orate
3608 5278 3669 5320 ut

2101 5367 2259 5421 vobis
2292 5365 2493 5418 rcvelet
2527 5378 2633 5431 quo
2673 5370 2829 5432 pacto
2860 5362 3033 5416 bonus
3066 5361 3137 5414 sit
3160 5360 3251 5427 qui
3281 5361 3454 5413 reddit
3478 5372 3669 5426 pecca-

2100 5465 2152 5510 ta
2182 5466 2395 5526 patrum
2431 5456 2485 5509 in
2517 5454 2676 5508 filios.
2742 5453 2974 5519 Quinam
3024 5450 3248 5520 patres?
3297 5459 3459 5504 testes
3516 5448 3671 5503 adbi-

2098 5550 2323 5605 beanuts
2355 5548 2664 5616 Scripturas
2701 5562 2715 5609 ;
2770 5559 2925 5599 sacra
2962 5551 3268 5596 scrutemur
3300 5541 3534 5609 eloquia.
3579 5541 3671 5596 Ait.

2101 5645 2352 5699 Salvator
2382 5657 2446 5695 ac
2482 5640 2741 5696 Dominus
2760 5636 2914 5693 Jesus
2929 5634 3181 5689 Christus
3206 5632 3669 5700 peccatoribus“:

2272 5761 2314 5792 ¹⁹
2359 5757 2668 5816 Εκοιὶοιγιι,
2700 5751 2753 5808 6.
2832 5750 2876 5781 ²⁰
2909 5746 3078 5803 Exod.
3106 5758 3200 5811 xx,
3226 5744 3279 5813 5,
3311 5746 3365 5801 6.
3442 5742 3484 5774 “
3514 5740 3673 5797 Joan.
