4132 6428
475 365 548 422 9.9
560 368 578 420 ι

1892 365 1982 420 EX
2023 363 2324 423 ORIGENE

3632 371 3742 430 29?.

479 499 500 534 ι
531 479 637 534 Vos
659 494 722 533 ex
749 487 902 548 patre
925 477 1142 532 diabolo
1187 477 1339 543 estis,
1369 479 1532 550 126
1565 489 1620 534 et
1657 479 1924 534 desideria
1959 495 2045 549 pa-

2161 497 2257 548 για
2281 479 2348 534 τὰ
2374 478 2514 553 ἱερὰ.
2539 481 2702 549 Λέγει
2724 483 2752 535 6
2778 481 2972 553 Σωτὴρ
2995 481 3089 538 καὶ
3112 484 3315 556 Κύριος
3369 483 3575 555 Ἰησοῦς
3607 486 3741 559 Χρι-

475 573 574 626 tris
607 571 768 627 vestri
805 571 969 626 vultis
995 571 1196 630 facere.
1231 571 1327 626 llle
1361 573 1631 626 homicida
1659 582 1743 626 est
1777 574 1844 626 ah
1872 573 2049 636 initio,

472 674 528 716 et
557 663 608 717 in
635 663 860 718 veritate
886 679 990 718 non
1019 667 1194 719 stetit.
1250 684 1269 717 ι
1300 665 1439 735 Ergo
1462 666 1505 720 si
1549 665 1675 734 quis
1711 673 1923 733 peccat,
1983 679 2052 718 ex

472 765 629 822 patre
653 753 870 810 diabolo
894 763 999 819 est,
1029 770 1259 824 eamque
1289 759 1361 808 ob
1422 770 1534 810 rem
1599 764 1884 822 peccatum
1939 755 2052 808 dia-

470 845 576 900 boli
605 847 656 900 in
687 845 856 900 ﬁlium
897 847 1159 901 redditur.
1187 848 1279 902 Ille
1309 848 1517 917 primus
1540 855 1794 916 peccator
1824 857 1926 912 est,
1960 847 2050 917 qui

473 940 601 992 mihi
631 949 912 1006 peccatum
953 942 1236 1010 suggerit:
1264 957 1365 1011 ego
1397 949 1578 995 autem
1617 942 1892 996 secundus
1930 953 2050 998 sum

471 1040 745 1099 peccator,
781 1031 871 1100 qui
909 1031 1051 1086 illius
1090 1032 1373 1086 consilium
1434 1047 1540 1086 non
1604 1033 1911 1100 reiecertm,
1958 1034 2051 1087 sed

472 1124 616 1176 illius
649 1125 754 1176 vim
780 1125 1100 1193 receperim,
1134 1139 1256 1178 cum
1327 1133 1474 1178 stare
1519 1123 1798 1180 debuerim
1853 1124 2054 1180 instru-

471 1225 590 1269 ctus
621 1223 893 1269 armatura
928 1215 1043 1278 Dei,
1069 1227 1123 1270 et
1174 1217 1380 1272 habens
1409 1225 1616 1271 scutum
1676 1216 1830 1282 tldei,
1861 1226 1916 1270 ut
1949 1218 2051 1271 tela

470 1306 652 1358 omnia
686 1305 850 1374 ignita
890 1304 1210 1374 nequissimi
1246 1307 1298 1360 in
1333 1321 1464 1360 mea:
1493 1307 1615 1361 ﬁdei
1645 1319 1802 1362 scuto
1845 1309 2052 1361 exstin-

471 1411 689 1464 guerem
727 1396 794 1450 ".
825 1396 960 1450 Cum
993 1395 1159 1464 igitur
1193 1412 1381 1464 pecco,
1414 1412 1534 1465 qua:
1566 1409 1694 1452 sunt
1720 1399 1921 1453 diaboli
1972 1398 2052 1452 fa-

472 1489 578 1553 cio,
618 1489 705 1558 qui
736 1489 788 1542 in
821 1504 918 1544 cor
951 1489 1098 1541 misit
1128 1498 1188 1541 ut
1217 1490 1320 1542 hoc
1346 1491 1427 1544 vel
1467 1491 1596 1544 illud
1647 1500 1928 1560 peccatum
1971 1489 2052 1543 fac

473 1593 673 1633 cerem.
701 1577 941 1631 Primum
970 1577 1085 1646 ejus
1132 1578 1336 1646 recipio
1387 1577 1664 1646 jaculnm,
1718 1587 1940 1646 tumque
1985 1591 2050 1630 eo

475 1684 716 1736 recepto,
749 1671 915 1723 etiam
975 1669 1124 1721 illum
1157 1669 1410 1722 admitto.
1465 1669 1598 1722 Nam
1649 1669 1719 1724 de
1783 1666 1919 1721 Juda
1978 1667 2051 1722 ita

467 1778 680 1832 quoque
711 1763 972 1830 scriptum
999 1770 1106 1824 est,
1140 1777 1246 1814 non
1289 1761 1525 1830 prinmm
1565 1761 1866 1830 ingressum
1929 1773 2051 1814 esse

468 1855 724 1907 Satanam
766 1855 820 1905 in
858 1868 1006 1915 eum,
1039 1852 1134 1906 sed
1165 1853 1399 1920 primum
1451 1867 1576 1904 cum
1631 1851 1880 1906 diabolus
1935 1850 2046 1919 jam
2082 1835 2124 1889 Β

466 1946 703 1998 misisset
733 1945 784 1997 in
823 1960 916 1997 cor
957 1955 1014 1998 ut
1052 1945 1293 1997 traderet
1337 1958 1459 1996 eum
1486 1942 1656 1997 Judas
1686 1942 1875 1996 Simon
1912 1941 2051 1996 Isca-

465 2036 655 2092 riotes.
693 2047 803 2087 tum
832 2042 954 2102 post
1007 2033 1304 2087 huccellam
1337 2033 1388 2086 in
1430 2046 1553 2085 eum
1589 2031 1866 2085 introiisse
1891 2031 2050 2084 Sata-

465 2144 610 2182 nam.
645 2128 785 2197 Ergo
814 2129 855 2179 si
889 2135 1111 2180 sanctus
1143 2141 1263 2179 sum
1295 2165 1310 2188 ,
1361 2132 1573 2193 patrem
1623 2122 1798 2177 habeo
1846 2121 2047 2187 Deum;

465 2222 546 2275 sin
579 2230 758 2273 autem
787 2235 904 2272 sum
951 2225 1231 2286 peccator,
1262 2226 1474 2286 patrem
1535 2213 1710 2270 habeo
1747 2213 2046 2275 diabolum,

464 2316 593 2377 imo,
629 2327 749 2366 enim
776 2313 938 2366 etiam
981 2311 1074 2379 qui
1103 2309 1351 2379 proxime
1379 2322 1574 2363 auctor
1606 2307 1813 2376 peccati
1861 2305 2044 2370 fuerit,

463 2417 592 2476 puta
621 2405 1047 2468 Antichristum,
1077 2419 1169 2458 seu
1224 2403 1428 2458 diaboli
1479 2401 1734 2473 angelum
1785 2399 2044 2469 aliquem,

463 2509 557 2553 aut
584 2498 909 2552 drcmonium
965 2494 1120 2564 cujus
1150 2496 1463 2549 suasionem
1512 2493 1693 2564 recepi
1729 2514 1741 2548 :
1781 2503 1836 2547 et
1891 2493 2049 2546 innu-

462 2591 595 2644 meri
633 2591 856 2644 omnino
880 2589 1012 2642 mihi
1044 2599 1174 2643 sunt
1208 2597 1418 2655 patres,
1452 2587 1496 2642 si
1534 2595 1790 2654 peccator
1811 2584 1938 2645 sim,
1968 2584 2044 2636 uti

462 2681 730 2745 vicissim,
764 2681 807 2734 si
846 2680 1027 2749 justus
1081 2680 1302 2745 fuerim,
1345 2688 1504 2747 pater
1554 2691 1706 2730 meus
1755 2685 1839 2730 est
1885 2675 2044 2739 Deus,

459 2771 914 2842 quemadmodum
973 2771 1050 2824 ait
1091 2768 1405 2825 Salvator“
1450 2785 1464 2822 :
1540 2784 1560 2818 ι
1608 2767 1810 2831 Filioli,
1867 2767 2046 2820 adhuc

460 2863 734 2918 modicum
769 2864 1050 2918 vobiscum
1081 2878 1221 2917 sum.
1263 2881 1282 2913 ι
1323 2860 1389 2916 Ει
1421 2862 1620 2915 iterum
1656 2858 1704 2890 “
1741 2875 1754 2912 :
1815 2877 1834 2909 ι
1883 2857 2042 2921 Filia,

461 2952 597 3007 ﬁdes
633 2961 721 3006 tua
749 2962 799 3007 te
834 2952 1039 3007 salvam
1073 2951 1222 3006 fecit.
1258 2970 1277 3004 ι
1339 2952 1405 3006 Ει
1454 2967 1687 3005 rursus:
1736 2969 1754 3001 ι
1794 2949 1919 3015 Fili,
1965 2949 2044 3002 di-

459 3046 868 3101 mittuntur-tibi
908 3055 1156 3116 peccata.
1191 3064 1209 3097 ι
1261 3045 1352 3100 Sic
1404 3046 1540 3101 alios
1590 3062 1809 3114 quoque
1857 3058 2044 3115 patres

2158 571 2282 634 στὸς
2303 573 2416 634 τοῖς
2459 573 2884 643 ἁμαρτάνουσιν,
2919 574 3001 628 ὅτι
3035 594 3054 627 ι
3093 575 3276 646 Ὑμεῖς
3301 577 3365 630 ἐκ
3411 575 3503 630 τοῦ
3537 579 3742 650 πατρὸς

2155 661 2250 716 τοῦ
2285 662 2533 717 διαϐόλου
2561 665 2705 729 ἐστὲ,
2749 667 2844 719 καὶ
2889 667 2989 731 τὰς
3038 668 3332 738 ἐπιθυμίας
3390 669 3485 722 τοῦ
3533 671 3741 744 πατρὸς

2156 755 2310 826 ὑμῶν
2332 756 2514 809 θέλετε
2547 759 2792 828 ποιῆσαι.
2843 761 3082 823 Ἐκεῖνος
3116 761 3562 833 ἀνθρωποκτόνος
3593 765 3743 819 ἐστὶν

2156 847 2248 899 ἀπ’
2282 849 2480 920 ἀρχῆς,
2512 851 2602 902 καὶ
2623 853 2680 904 ἐν
2705 855 2770 923 τῇ
2804 853 3032 924 ἀληθείᾳ
3055 855 3151 923 οὐχ
3175 855 3426 926 ἕστηκεν.
3469 877 3487 907 ι
3531 858 3741 913 Οὐκοῦν

2155 939 2208 991 εἴ
2247 957 2332 1003 τις
2356 941 2682 1011 ἁμαρτάνει,
2714 945 2778 996 ὲκ
2806 943 2898 997 τοῦ
2933 944 3139 1016 πατρὸς
3182 945 3278 998 τοῦ
3317 946 3566 1002 διαϐόλου
3603 951 3739 1013 ἐστὶ,

2155 1032 2248 1085 καὶ
2276 1033 2364 1086 διὰ
2398 1035 2556 1088 τοῦτο
2579 1035 2639 1088 τὺ
2673 1036 2980 1108 ἁμάρτημα
3006 1037 3098 1090 τοῦ
3131 1037 3378 1092 διαϐόλου
3435 1042 3742 1095 ἀποδίδοται

2155 1128 2247 1180 ἐπὶ
2272 1127 2361 1180 τὸν
2385 1128 2518 1182 υἱόν.
2549 1128 2697 1201 Πλὴν
2743 1131 2948 1194 ἐκεῖνός
2982 1132 3128 1184 ἐστιν
3168 1133 3196 1184 6
3235 1133 3448 1203 πρῶτος
3479 1135 3743 1206 ἀμαρτω-

2153 1221 2316 1286 λὸς,ὁ
2343 1221 2627 1275 ὑποϐαλών
2678 1240 2765 1294 μοι
2812 1223 3240 1296 τδ⁹ἁμάρτημα·
3294 1223 3406 1293 ἐγὼ
3447 1226 3504 1279 δέ
3556 1229 3672 1298 εἰμι
3708 1229 3738 1282 6

2154 1315 2404 1387 δεύτερος
2425 1315 2768 1387 ἁμαρτωλὸς,
2799 1320 2827 1371 6
2855 1317 2928 1390 μὴ
2958 1319 3203 1374 ὲκϐιλὼν
3261 1319 3320 1370 τὸ
3369 1318 3616 1391 βούλημα
3644 1322 3728 1374 αὑ.

2153 1406 2268 1471 τοῦ,
2298 1405 2433 1458 ἀλλὰ
2454 1407 2901 1479 παραδεξάμενος
2925 1409 3090 1463 αὑτοῦ
3118 1409 3216 1480 τὴν
3247 1407 3528 1479 ἐνέργειαν
3561 1427 3574 1440 ·
3624 1410 3740 1464 δέοι

2157 1516 2224 1569 με
2257 1501 2446 1570 στῆναι
2489 1501 2942 1571 καθωπλισμένον
2984 1501 3080 1573 τὴν
3112 1505 3415 1558 πανοπλίαν
3456 1503 3550 1556 τοῦ
3583 1502 3735 1570 Θεοῦ,

2153 1591 2249 1645 καὶ
2273 1591 2467 1662 ἔχοντα
2497 1593 2587 1646 16v
2629 1592 2823 1663 θυρεὸν
2870 1594 2970 1662 τῆς
3015 1593 3270 1658 πίστεως,
3318 1596 3404 1648 ἵνα
3451 1594 3628 1648 πάντα
3672 1592 3741 1647 τὰ

2155 1681 2283 1750 βέλη
2334 1681 2426 1734 τοῦ
2480 1681 2718 1753 πονηροῦ
2770 1681 2840 1735 τὰ
2884 1685 3255 1752 πεπυρωμένα
3316 1684 3514 1755 σϐεσοῇ
3561 1687 3618 1737 ὲν
3664 1684 3743 1753 τῷ

2155 1773 2334 1844 ουρεῷ
2361 1774 2460 1843 τῆς
2484 1774 2718 1837 πίστεως
2747 1793 2868 1844 μου.
2888 1774 3013 1826 Ἐὰν
3037 1770 3127 1827 οὖν
3156 1776 3476 1846 ἁμαρτάνω,
3512 1775 3651 1828 ποιῶ
3673 1775 3742 1830 τὰ

2151 1865 2244 1918 τοῦ
2272 1866 2518 1920 διαϐόλου
2549 1866 2873 1936 βεϐληκότος
2899 1868 2980 1930 είς
3012 1868 3109 1938 τὴν
3134 1868 3381 1940 καρδίαν,
3410 1868 3497 1921 ἵνα
3532 1869 3653 1921 τόδε
3683 1868 3743 1922 16

2151 1957 2478 2027 ἁμάρτημα,
2533 1957 2566 2027 ἢ
2621 1957 2740 2009 τόδε
2804 1959 3035 2028 ποιήσω.
3090 1957 3312 2029 Πρῶτον
3364 1958 3740 2029 παραδέχομαι

2149 2045 2317 2098 αὐτοῦ
2352 2046 2412 2098 16
2443 2045 2616 2115 βέλος,
2653 2047 2746 2099 καὶ
2795 2047 2922 2099 ὅταν
2972 2047 3366 2119 παραδέξωμαι
3413 2048 3567 2111 αὐτὸ,
3622 2049 3738 2101 τότε

2151 2139 2436 2193 καὶαύτὸν
2480 2139 2881 2210 παραδέχομαι.
2949 2141 3057 2194 Καὶ
3106 2140 3214 2211 γὰρ
3262 2141 3356 2193 ἐπὶ
3414 2140 3510 2194 τοῦ
3571 2139 3738 2194 ’ἰούδα

2149 2231 2294 2284 οὕτω
2313 2231 2647 2302 γέγραπται,
2677 2232 2757 2285 ὅτι
2785 2232 2844 2284 οὐ
2872 2232 3084 2302 πρῶτον
3121 2231 3368 2302 εἰσῆλθεν
3414 2233 3442 2284 6
3495 2233 3738 2297 Σατανᾶς

2150 2325 2230 2388 εἰς
2263 2324 2446 2389 αὐτὸν,
2472 2324 2609 2378 ἀλλά
2656 2325 2869 2395 πρῶτον
2903 2324 2997 2377 τοῦ
3030 2325 3278 2378 διαϐόλου
3309 2324 3627 2395 βεϐληκότος
3656 2329 3734 2391 εἰς

2149 2417 2250 2486 τὴν
2296 2417 2526 2488 καρδίαν
2575 2417 2661 2469 ἵνα
2711 2415 2938 2488 παραδῷ
2993 2417 3160 2469 αὑτὸν
3226 2417 3424 2480 Ἰούδας
3484 2417 3663 2488 Σίμων
3705 2419 3734 2471 6

2163 2506 2536 2581 Ἰσκαριώτης,
2565 2505 2684 2562 εἶτα
2717 2509 2854 2580 μετά
2875 2509 2936 2561 τὸ
2958 2510 3170 2579 ψωμίον
3194 2509 3442 2580 εἰσῆλθεν
3471 2512 3550 2573 εἰς
3572 2511 3735 2563 αὐτὸν

2148 2603 2177 2654 6
2213 2601 2476 2665 Σατανᾶς.
2516 2601 2724 2655 Οὐκοῦν
2761 2601 2868 2672 ἔχω
2892 2604 3126 2675 πατέρα,
3174 2603 3222 2654 εί
3258 2602 3356 2672 μὲν
3395 2601 3550 2668 ἅγιός
3596 2603 3732 2673 εἰμι,

2145 2689 2299 2743 Θεὸν·
2322 2693 2371 2743 εἰ
2400 2691 2458 2743 δὲ
2490 2691 2814 2762 ἁμαρτωλός
2843 2693 2978 2762 εἰμι,
3010 2692 3100 2745 τὸν
3127 2691 3372 2745 διάϐολον
3413 2692 3522 2762 ἔχω
3572 2690 3736 2745 πατέ-

2154 2800 2240 2853 ρα·
2275 2782 2411 2836 ἀλλά
2441 2784 2534 2836 καὶ
2565 2784 2655 2836 τὸν
2682 2784 2970 2854 προσεχῶς
3014 2784 3146 2856 φέρε
3186 2786 3364 2836 εἰπεῖν
3407 2785 3735 2854 ἐνεργήσαν-

2145 2893 2217 2930 τα
2253 2876 2691 2946 Ἀντίχριστον,ἢ
2726 2875 2957 2943 ἄγγελόν
2982 2893 3104 2928 τινα
3133 2875 3226 2927 τοῦ
3261 2874 3530 2936 διαϐόλου,
3563 2877 3596 2945 ἢ
3621 2874 3734 2926 δαι-

2151 2970 2354 3040 μόνιον,
2389 2962 2450 3020 οὗ
2484 2968 2581 3039 τὴν
2615 2968 2896 3040 ἐνέργειαν
2933 2967 3337 3039 παρεδεξάμην.
3383 2969 3491 3020 Καὶ
3525 2967 3735 3032 ἁπαξα-

2148 3063 2296 3125 πλῶς
2326 3061 2430 3115 εἰσί
2465 3079 2553 3132 μοι
2577 3061 2809 3131 πατέρες
2857 3061 3062 3131 μυρίοι,
3121 3060 3216 3113 ἐὰν
3258 3060 3502 3130 γένωμαι
3555 3060 3732 3128 ἁμαρ-

459 3141 603 3203 novi,
637 3142 934 3195 secundum
984 3140 1034 3193 id
1083 3141 1226 3210 quod
1277 3139 1516 3195 Abrahae
1571 3141 1774 3194 dictum
1824 3149 1906 3194 est
1935 3140 1980 3172 ’⁸
2024 3157 2038 3193 :

2148 3155 2333 3216 τωλός·
2365 3152 2553 3224 ὥσπερ
2585 3152 2746 3206 πάλιν
2777 3151 2869 3204 ἐὰν
2892 3152 3138 3221 γένωμαι
3165 3151 3391 3214 δίκαιος,
3421 3151 3602 3220 πατήρ
3632 3165 3730 3216 μου

463 3252 483 3286 ι
518 3233 598 3288 'l‘u
629 3244 807 3288 autem
852 3233 956 3288 ibis
1007 3233 1074 3288 ad
1109 3243 1294 3302 patres
1360 3245 1505 3294 tuos.
1548 3252 1567 3284 ι
1627 3248 1730 3288 non
1789 3234 2041 3288 carnales

459 3337 665 3394 patres,
703 3338 878 3393 neque
909 3325 1054 3378 enim
1088 3335 1242 3379 erant
1271 3325 1479 3391 ﬁdeles,
1535 3339 1710 3394 neque
1755 3325 1952 3391 sancti,
1983 3335 2041 3379 ut

458 3416 628 3484 liquet
678 3432 742 3470 ex
788 3431 984 3470 eorum
1035 3417 1286 3472 historia.
1340 3416 1396 3471 Si
1457 3417 1601 3470 enim
1655 3426 1876 3471 sanctus
1921 3417 2040 3484 ejus

459 3517 633 3574 pater,
671 3523 776 3560 non
809 3508 858 3561 ei
891 3508 1165 3561 diceretur
1187 3507 1237 3538 “
1273 3524 1286 3560 :
1346 3524 1366 3558 ι
1434 3506 1708 3576 Egredere
1765 3511 1832 3563 de
1893 3517 2038 3563 terra

463 3611 572 3666 tua,
599 3609 652 3655 et
681 3602 747 3655 de
781 3600 1104 3668 cognatione
1138 3610 1253 3664 tua,
1287 3609 1341 3655 et
1378 3601 1443 3655 de
1472 3601 1632 3656 domo
1665 3602 1839 3671 patris
1877 3603 1973 3656 tui.
2015 3622 2036 3656 ι

463 3692 636 3747 Habet
667 3693 811 3746 enim
867 3707 1049 3747 sermo
1099 3707 1321 3746 sensum
1382 3707 1725 3762 corporeum,
1784 3693 1946 3748 habet
1989 3706 2045 3751 et

459 3789 781 3859 spiritalem.
812 3789 866 3844 Si
898 3799 1081 3858 patres
1113 3787 1455 3850 intellexisti,
1487 3789 1612 3843 vide
1655 3789 1769 3858 jam
1804 3791 1932 3861 quid
1987 3801 2041 3844 tu

462 3881 718 3948 recipias,
744 3882 833 3950 qui
870 3897 898 3934 a
933 3881 1154 3935 diabolo
1191 3892 1283 3934 aut
1311 3897 1338 3933 a
1381 3881 1646 3948 subjectis
1681 3884 1728 3935 ei
1760 3883 2042 3951 spiritibus

463 3971 846 4040 impulsionem
892 3974 1169 4042 peccando
1233 3975 1564 4042 susceperis.
1636 3974 1833 4030 Factus
1879 3976 2044 4045 igitur

465 4061 681 4116 illorum
723 4061 900 4129 ﬁlius,
957 4080 985 4116 a
1054 4065 1197 4118 bono
1258 4063 1368 4118 Deo
1417 4075 1467 4120 te
1516 4067 1770 4120 visitaute
1823 4068 2040 4138 recipis.

460 4157 650 4225 Neque
677 4157 821 4210 enim
848 4156 1034 4210 visilat
1059 4166 1268 4223 patrem
1303 4167 1482 4222 tuum,
1513 4161 1606 4212 sed
1651 4169 1702 4214 te
1736 4161 1954 4225 visitat,
1983 4178 2045 4217 ac

461 4248 592 4303 dicit
625 4249 776 4303 tibi"
813 4265 826 4300 :
869 4267 888 4300 ‹
928 4247 1088 4312 Audi,
1124 4246 1254 4312 ﬁlia,
1282 4259 1338 4304 et
1371 4251 1515 4313 vide,
1541 4262 1592 4304 et
1618 4252 1819 4306 inclina
1856 4268 2040 4308 aurem

462 4350 665 4400 tuam.»
689 4351 818 4404 etc.,
840 4357 1045 4412 proque
1073 4359 1170 4398 sua
1197 4345 1533 4412 benignitate
1563 4345 1659 4399 tibi
1687 4345 1882 4400 dat.Te
1902 4361 2045 4400 nam-

455 4447 564 4500 que
589 4433 715 4486 mali
745 4435 917 4502 patris
939 4433 1106 4487 lilium
1125 4433 1332 4498 visitat,
1349 4444 1570 4504 peccata
1593 4437 1841 4491 reddens.
1868 4436 2041 4492 «Visi-

2147 3248 2294 3300 ὲστὶν
2324 3247 2350 3297 ὁ
2385 3245 2538 3309 Θεὸς,
2571 3243 2824 3314 καθάπερ
2856 3243 3021 3314 φησὶν
3043 3246 3071 3296 6
3099 3244 3308 3314 Σωτὴρ,
3347 3262 3364 3292 ι
3411 3241 3628 3298 Τεκνία.
3650 3240 3728 3292 ἔτι

2149 3339 2344 3410 μικρὸν
2417 3336 2534 3407 μεθ’
2591 3334 2746 3406 ὑμῶν
2792 3336 2926 3406 είμι.
2993 3355 3010 3385 ι
3075 3335 3186 3388 Καὶ
3236 3333 3438 3397 πάλιν,
3501 3352 3518 3382 ι
3560 3333 3732 3401 Θύγα-

2143 3447 2260 3502 τερ,
2295 3431 2329 3500 ἡ
2356 3429 2534 3492 πίστις
2568 3445 2660 3480 σου
2696 3427 2905 3481 σέσωκέ
2941 3445 3020 3481 σε.
3057 3446 3075 3477 ι
3111 3427 3220 3481 Καὶ
3252 3427 3434 3489 πάλιν,
3474 3426 3726 3488 «Τέκνον,

2145 3521 2420 3591 ἀφέωνταί
2450 3538 2542 3573 σου
2576 3524 2630 3575 αἱ
2658 3521 2946 3592 ἁμαρτίαι,
2979 3539 2996 3570 ι
3036 3519 3223 3582 Οὕτως
3253 3515 3368 3571 οἶδα
3403 3519 3496 3570 καὶ
3535 3518 3728 3580 ἀλλους

2146 3614 2407 3685 πατέρας,
2437 3615 2578 3667 κατὰ
2607 3615 2667 3667 τὸ
2700 3613 3084 3685 γεγραμμένον
3110 3611 3187 3682 τῷ
3234 3612 3500 3682 Ἀϐραάμ·
3539 3612 3641 3663 «Σὺ
3670 3610 3726 3664 δὲ

2146 3703 2420 3776 ἀπελεύσῃ
2448 3704 2583 3774 πρὸς
2602 3704 2729 3766 τοὺς
2755 3704 2996 3774 πατέρας
3035 3719 3147 3756 σου·
3165 3723 3180 3752 ι
3219 3703 3278 3754 οὐ
3297 3703 3431 3771 πρὸς
3445 3703 3571 3766 τοὺς
3588 3701 3728 3755 κατὰ

2149 3795 2328 3866 σάρκα
2359 3795 2619 3866 πατέρας·
2652 3795 2713 3848 οὐ
2748 3795 2855 3866 γὰρ
2880 3791 3020 3864 ἦσαν
3043 3793 3241 3853 πιστοὶ,
3273 3795 3372 3846 οὐκ
3404 3790 3542 3864 ἦσαν
3561 3794 3724 3863 ἅγιοι,

2145 3885 2221 3949 ὠς
2254 3884 2410 3956 δῆλον
2446 3891 2509 3941 ὲκ
2551 3888 2650 3958 τῆς
2707 3887 2947 3957 ἱστορίας
3000 3886 3097 3956 τῆς
3153 3886 3544 3956 γεγραμμένης
3600 3884 3724 3955 περὶ

2147 3978 2348 4032 αὐτῶν.
2385 3981 2446 4033 Εἰ
2481 3979 2588 4052 γὰρ
2615 3979 2766 4048 ἅγιος
2800 3978 2964 4032 αὐτοῦ
2997 3979 3025 4030 6
3057 3979 3258 4050 πατὴρ,
3284 3980 3381 4030 οὐκ
3415 3978 3480 4032 ἂν
3512 3978 3730 4047 ἐλέγετο

2147 4069 2318 4140 αὐτῷ,
2353 4071 2608 4136 (Ἔξελθε
2646 4073 2710 4124 ὲκ
2736 4071 2832 4140 τῆς
2864 4071 2964 4141 γῆς
2997 4087 3113 4132 σου,
3143 4071 3236 4122 καὶ
3293 4072 3357 4122 ὲκ
3390 4070 3490 4140 τῆς
3544 4088 3732 4140 συΥΥ⁸“

2144 4162 2293 4224 νείας
2329 4179 2442 4226 σου,
2468 4164 2560 4215 καὶ
2589 4164 2654 4215 ὲκ
2683 4162 2778 4215 τοῦ
2805 4163 2956 4215 οἴκου
2987 4161 3081 4215 τοῦ
3117 4163 3322 4234 πατρός
3359 4180 3470 4216 σου.
3513 4184 3530 4214 ι
3578 4165 3728 4235 Ἔχει

2146 4254 2256 4324 γὰρ
2285 4256 2314 4307 6
2346 4254 2503 4320 λόγος
2529 4255 2590 4307 16
2628 4256 2963 4325 σωματικὸν,
3014 4254 3125 4324 ἔχει
3185 4254 3278 4306 καὶ
3335 4254 3396 4306 τὸ
3431 4272 3727 4323 πνευματι-

2147 4340 2260 4393 κόν.
2302 4341 2365 4393 El
2420 4342 2685 4414 νενόηκας
2739 4344 2864 4406 τοὺς
2913 4342 3188 4411 πατέρας,
3252 4344 3353 4413 ὅρα
3406 4342 3590 4396 λοιπὸν
3648 4345 3728 4396 ὅτι

2145 4430 2557 4501 ἀπολαμϐάνεις
2588 4435 2675 4495 σὺ,
2704 4436 2732 4486 6
2777 4432 3222 4504 παραδεξάμενος
3275 4433 3374 4504 τὴν
3417 4433 3720 4504 ἐνέργειαν,

459 4519 584 4573 tabo
613 4521 664 4573 in
685 4521 834 4590 virga
861 4523 1180 4591 iniquitates
1207 4541 1224 4574 ι
1249 4535 1460 4579 vestras
1474 4525 1541 4589 ’⁸,
1565 4524 1876 4581 licetsancti
1897 4527 2036 4590 sitis,

2148 4523 2236 4577 διὰ
2265 4525 2325 4577 16
2353 4525 2755 4596 ἡμαρτηκέναι,
2785 4526 2890 4578 ὑπὸ
2920 4526 3012 4578 τοῦ
3040 4525 3309 4587 διαϐόλου,
3339 4527 3371 4597 ἦ
3428 4543 3573 4589 τινος
3619 4527 3726 4580 τῶν

463 4609 623 4679 127
651 4611 877 4666 visitabo
917 4629 935 4662 ι
973 4623 1027 4666 et
1060 4613 1113 4665 in
1143 4613 1462 4668 verberibus
1511 4625 1734 4680 peccata
1787 4631 2033 4670 coruum

458 4703 766 4768 Quorsum?
792 4713 851 4758 ut
877 4722 896 4756 ι
938 4704 1364 4762 misericordiam
1393 4721 1567 4760 meam
1600 4723 1703 4762 non
1727 4707 2038 4780 dispergam

460 4792 530 4846 ab
563 4793 640 4848 eis
677 4795 746 4851 ²⁹.
787 4813 806 4847 ›
846 4795 947 4851 Uhi
977 4797 1120 4850 enim
1163 4798 1395 4868 aliquem
1431 4799 1733 4870 reliquerit,
1771 4815 1879 4854 non
1916 4816 2036 4855 am-

456 4884 598 4952 plius
632 4887 869 4956 castigat
899 4899 989 4944 aut
1024 4889 1284 4961 ﬂagellat.
1344 4910 1362 4944 ι
1396 4892 1658 4963 Flagellat
1689 4913 1708 4946 ι
1747 4895 1890 4948 enim
1927 4908 2032 4948 non

456 4993 671 5042 omnes,
703 4981 795 5034 sed
848 5000 867 5027 ι
917 4998 1133 5037 omnem
1191 4985 1359 5038 lilium
1395 5000 1552 5056 quem
1600 4987 1796 5056 recipit
1855 4985 2037 5040 Domi-

457 5083 560 5125 nus
587 5069 667 5136 ³⁰;
709 5091 729 5125 ι
766 5075 1072 5147 diciturque
1129 5080 1268 5148 apud
1315 5079 1637 5149 prophetam
1674 5079 1742 5133 de
1784 5079 2036 5133 maximis

457 5161 838 5228 peccatoribus
867 5164 907 5203 ³ι
949 5184 962 5219 :
1000 5186 1016 5216 ι
1051 5165 1167 5221 Νοιι
1195 5169 1426 5224 visitabo
1457 5183 1620 5238 super
1656 5170 1793 5224 ﬁlias
1827 5179 2035 5224 vestras

454 5265 576 5305 cum
605 5251 884 5307 loruicatm
914 5255 1138 5324 fuerint,
1176 5269 1229 5313 et
1256 5276 1418 5329 super
1445 5269 1894 5328 sponsasvestras
1912 5275 2033 5314 cum

458 5341 654 5397 fuerint
691 5355 1076 5417 constupratze.
1118 5371 1136 5403 ι
1183 5351 1391 5404 Tandiu
1445 5361 1528 5404 est
1579 5367 1642 5403 ex
1701 5365 1806 5420 quo
1850 5359 2037 5419 peccat

457 5434 704 5490 diabolus
733 5452 761 5490 a
792 5439 1070 5495 creatione
1096 5455 1158 5494 ac
1190 5441 1374 5495 mundi
1409 5441 1818 5504 constitutione,
1859 5455 1957 5494 nec
1985 5441 2034 5494 ci

461 5525 598 5596 ignis
629 5544 726 5581 nec
758 5527 1050 5598 ﬂagellum.
1088 5529 1202 5587 Non
1237 5533 1381 5586 enim
1419 5547 1701 5602 poenarum
1733 5532 1925 5600 dignus
1953 5541 2036 5585 est

530 5693 574 5721 “
604 5692 800 5758 Epiros.
827 5711 900 5759 vr,
935 5698 1019 5751 16.

461 5775 603 5826 κων,
640 5765 722 5814 tl.

1099 5700 1144 5730 ’³
1171 5699 1329 5754 Joan.
1364 5718 1478 5765 χιιι,
1505 5703 1594 5756 ⁸55.

801 5769 843 5798 ³⁸·
878 5767 1021 5821 l‘sal.
1057 5785 1323 5836 Lxxxvnt,
1350 5773 1440 5825 55.

1687 5706 1733 5736 ¹¹⁵
1766 5704 1954 5758 Matth.
1987 5722 2061 5772 ικ,
2083 5709 2154 5760 22
2183 5718 2226 5761 c'.
2261 5708 2313 5761 2.

1517 5775 1560 5805 ²⁹
1586 5776 1729 5833 l’sal.
1770 5790 2034 5842 Lxxxvtn,
2073 5779 2162 5832 δι.

2147 4617 2239 4669 ὑπ’
2272 4615 2434 4670 αὐτὸν
2458 4618 2804 4687 πνευμάτων.
2848 4618 3144 4687 Γενόμενος
3181 4613 3275 4671 οὖν
3305 4618 3531 4672 ἐκείνων
3586 4619 3722 4682 υίὸς,

2147 4706 2551 4777 ἀπολαμϐάνεις
2582 4707 2688 4761 ἀπὸ
2721 4709 2925 4776 ἀγαθοῦ
2958 4707 3092 4760 Θεοῦ
3134 4725 3191 4760 σε
3232 4708 3721 4778 ἐπισκεπτομένου.

2145 4801 2220 4853 Οὐ
2245 4798 2354 4872 γὰρ
2382 4799 2772 4854 ἐπισκέπτεται
2801 4802 2892 4854 τὸν
2937 4800 3149 4872 πατέρα
3181 4819 3274 4854 σου
3297 4841 3310 4865 ,
3356 4801 3470 4856 ἀλλ’
3500 4798 3710 4854 ἐπισκέ-

2140 4893 2336 4947 πτεταί
2398 4909 2478 4956 σε,
2536 4892 2630 4946 καί
2669 4892 2818 4961 λέγει
2884 4911 2998 4959 σοι,
3053 4914 3070 4944 ε
3125 4895 3410 4958 Ἄκουσον,
3465 4892 3721 4964 Θύγατερ,

2140 4990 2235 5042 καὶ
2261 4987 2356 5053 ἴδε,
2401 4989 2496 5041 καὶ
2543 4988 2722 5044 κλῖνον
2777 4988 2836 5042 16
2887 4984 2979 5052 οὖς
3032 5005 3165 5049 σου,
3222 5007 3240 5039 ι
3299 4989 3392 5040 καὶ
3431 4986 3501 5040 τὰ
3555 4985 3719 5057 ἑξῆς·

2140 5081 2235 5133 καὶ
2288 5081 2473 5134 δίδωσί
2539 5097 2621 5133 σοι
2675 5081 2750 5144 ὡς
2819 5080 3040 5148 ἀγαθός.
3113 5079 3536 5133 Ἑπισκέπτεται
3615 5076 3724 5148 γάρ

2141 5183 2202 5218 σε
2251 5166 2343 5220 τὸν
2400 5168 2514 5221 υἱὸν
2585 5168 2678 5221 τοῦ
2741 5168 2978 5240 πονηροῦ
3052 5167 3261 5239 πατρὸς
3295 5209 3309 5234 ,
3395 5168 3463 5220 τὰ
3541 5168 3717 5238 ἁμαρ-

2137 5261 2356 5329 τήματα
2425 5260 2728 5324 ἀποδιδούς.
2797 5280 2814 5312 ι
2881 5261 3284 5330 Ἐπισκέψομαι
3357 5254 3451 5313 οὖν
3505 5262 3562 5312 ὲν
3625 5257 3722 5328 ρά-

2137 5351 2247 5422 ϐδῳ
2287 5351 2386 5415 τὰς
2440 5352 2669 5423 ἀνομίας
2717 5372 2735 5402 ι
2780 5353 2933 5422 ὑμῶν
2963 5354 3071 5406 τῶν
3116 5351 3308 5420 ἁγίων·
3349 5350 3722 5420 ἐπισκέψομαι

2136 5443 2193 5496 δὲ
2216 5463 2232 5494 ι
2259 5445 2351 5496 καὶ
2376 5446 2433 5497 ὲν
2455 5444 2670 5514 μάστιξι
2699 5445 2796 5508 τὰς
2815 5444 3026 5507 ἀδικίας
3044 5445 3241 5498 αὐτῶν.
3272 5464 3289 5495 ι
3311 5443 3410 5498 Διὰ
3435 5443 3487 5496 τί
3514 5460 3528 5507 ;
3558 5443 3644 5496 ἵνα
3661 5440 3722 5494 16

2145 5552 2163 5582 ι
2196 5533 2343 5597 ἔλεός
2375 5552 2476 5605 μου
2507 5535 2580 5606 μὴ
2612 5535 2944 5590 διασκεδάσω
2961 5536 3053 5589 ἀπ’
3074 5535 3271 5590 αὐτῶν.
3313 5554 3330 5586 ι
3361 5536 3486 5589 Ὅτε
3504 5532 3610 5604 γὰρ
3631 5549 3718 5585 και

2394 5707 2441 5738 ³⁵
2477 5706 2612 5763 Gen.
2657 5725 2744 5775 xv,
2775 5707 2860 5764 l5.
2956 5708 3002 5739 "
3034 5707 3172 5762 Gen.
3211 5723 3308 5776 λιι,
3336 5707 3387 5761 ι.
3483 5706 3527 5738 ’τ
3569 5702 3712 5762 Ρειιί.

2241 5778 2285 5807 ³⁰
2324 5777 2454 5832 lleh.
2510 5795 2607 5843 χιι,
2635 5778 2688 5832 6.
2770 5779 2967 5833 “Osee
3001 5793 3071 5845 tv,
3115 5778 3198 5832 lt.
