4132 6482
441 415 548 472 ἓῧῦ

1671 408 1988 466 SELECTA
2023 406 2090 461 ΙΝ
2127 405 2440 464 EXODUM.
2488 417 2511 435 '

3594 412 3704 503 2θῶ

436 535 637 606 ταλίπῃ
663 536 804 598 τινὰ,
848 535 1032 590 οὐκέτι
1083 535 1246 589 αὐτὸν
1287 534 1526 600 κολάζει,
1570 531 1692 586 οὔτε
1746 534 2019 603 μαστιγοῖ.

2129 545 2248 599 quae
2291 545 2320 584 a
2367 531 2472 584 Deo
2521 530 2852 599 iulliguntur,
2902 545 2999 584 nec
3046 537 3222 598 potest
3270 528 3518 584 diabolus
3547 530 3696 586 dieeo

442 645 462 678 ι
510 629 777 696 Μαστιγοῖ
807 648 825 680 ›
857 630 964 700 γὰρ
1007 629 1066 682 ού
1111 629 1339 692 πάντας,
1372 627 1508 681 ἀλλὰ
1543 646 1560 678 ε
1611 627 1787 680 πάντα
1815 625 1928 679 υἱὸν
1955 625 2014 677 ὃν

437 717 798 787 παραδέχεται
839 717 1064 790 Ιῄύριος.
1101 738 1119 771 ι
1175 718 1285 771 Καὶ
1313 718 1530 786 λέγεται
1565 718 1623 770 ἐν
1651 717 1728 788 τῷ
1757 717 2016 787 προφήτῃ

439 807 698 876 περὶτῶν
729 809 868 862 πάνυ
890 809 1251 880 ἁμαρτωλῶν·
1294 828 1312 860 ι
1354 809 1467 862 Οὐκ
1511 806 1877 877 ἐπισκέψομαι
1923 805 2016 856 ἐπὶ

437 898 536 961 τὰς
561 897 866 972 θυγατέρας
915 902 1068 972 ὑμῶν
1104 903 1234 954 ὅταν
1263 899 1623 972 πορνεύσωσι,
1662 900 1756 953 καὶ
1786 898 1880 951 ἐπὶ
1916 897 2016 960 τὰς

437 990 655 1062 νύμφας
684 992 838 1063 ὑμῶν
867 995 996 1047 ὅταν
1031 993 1382 1065 μοιχευθῶσι.
1421 1013 1439 1047 ι
1476 993 1727 1064 Τοσούτῳ
1773 993 1950 1064 χρόνῳ
1987 993 2017 1044 6

436 1080 680 1145 διάϐολος
715 1084 1020 1155 ἁμαρτάνει
1052 1084 1161 1136 ἀπὸ
1184 1086 1434 1148 κτίσεως,
1465 1085 1558 1138 καὶ¹
1585 1083 1890 1154 καταϐολῆς
1925 1083 2018 1135 κό-

435 1189 595 1242 σμου,
630 1175 726 1227 καὶ¹
747 1175 870 1228 οὔτε
909 1175 1042 1247 πῦρ,
1071 1176 1193 1229 οὕτε
1223 1174 1451 1246 μάστιξ⁹
1471 1176 1550 1228 -ού
1583 1176 1692 1247 γάρ
1719 1175 1867 1240 ἄξιός
1898 1176 2016 1227 ἐστι

2124 639 2179 676 re
2209 623 2297 675 3’z
2343 642 2361 672 ι
2406 622 2648 690 Domine,
2683 640 2748 678 ne
2794 623 2846 676 in
2902 624 2982 677 ira
3033 634 3121 676 tua
3159 638 3353 688 arguas
3384 639 3494 687 me,
3535 641 3554 674 ι
3587 635 3694 678 etc.

2121 717 2382 785 Quisquis
2412 732 2542 786 ergo
2564 718 2664 772 sibi
2694 718 2900 788 peccati
2923 718 3172 772 conscius
3213 727 3316 780 est,
3349 725 3470 770 oret
3509 724 3566 770 ut
3596 732 3696 787 pu-

2123 808 2326 863 niatur.
2356 809 2584 865 Przestat
2613 811 2832 877 quidem
2881 809 3015 863 nihil
3040 809 3383 864 commisisse
3405 809 3546 878 quod
3584 823 3698 878 pw-

2123 915 2245 954 nam
2281 913 2573 955 mercatur.
2619 899 2713 954 Sin
2747 910 3138 968 autem-paena
3169 901 3387 970 dignum
3422 880 3695 968 quidpiam

2122 995 2360 1063 egimus,
2396 995 2474 1049 sic
2518 995 2806 1065 puniamur
2839 1003 2895 1048 ttt
2937 993 3190 1064 praesenti
3219 994 3433 1062 quidem
3464 1005 3578 1046 tero
3612 1005 3699 1045 re-

2121 1086 2413 1155 cipiamus,
2438 1100 2560 1156 post
2586 1088 2699 1142 haec
2730 1101 2857 1141 vero
2886 1087 2938 1140 in
2967 1087 3089 1140 sinu
3121 1084 3353 1139 Abrahae
3377 1083 3693 1152 requiesca-

2125 1191 2269 1230 IDUS.

431 1267 538 1323 τῶν
595 1268 868 1324 κολάσεων
901 1272 1010 1325 τῶν
1049 1272 1156 1326 ἀπὸ
1188 1271 1282 1327 τοῦ
1324 1271 1479 1325 Θεοῦ.
1520 1273 1594 1326 Οὐ
1648 1272 1757 1344 γάρ
1785 1271 2007 1326 δύναται
2065 1272 2236 1326 εἰπεῖν
2288 1274 2318 1324 6
2366 1272 2624 1337 διάόοιιος,
2671 1293 2689 1325 ι
2739 1273 2929 1345 Κύριε,
2959 1272 3032 1344 μὴ
3060 1271 3137 1343 τῷ
3163 1272 3316 1344 θυμῷ
3348 1289 3440 1325 σου
3473 1270 3698 1343 ἐλέγξῃς

436 1379 525 1432 με,
567 1381 587 1414 ι
635 1364 730 1416 καὶ
771 1364 841 1418 τά
890 1365 1038 1436 ἑξῆς.
1077 1366 1345 1429 Ἕκαστος
1385 1360 1476 1417 οὖν
1530 1363 1788 1427 συνειδὼς
1839 1363 2018 1433 ἑαυτῷ
2057 1365 2369 1436 ἁμαρτίας,
2423 1367 2663 1436 εὐχέσθω
2703 1365 3050 1437 κολασθῆναι.
3090 1366 3266 1420 Καλὸν
3326 1367 3423 1437 μὲν
3467 1364 3575 1436 γὰρ
3636 1364 3700 1418 τὸ

437 1454 602 1526 μηδὲν
633 1453 780 1519 ἄξιον
829 1456 1103 1520 κολάσεως
1149 1457 1532 1528 πεποιηκέναι.
1576 1458 1638 1509 Εἰ
1677 1457 1734 1509 δέ
1774 1473 1827 1508 τι
1862 1455 2011 1520 ἄξιον
2062 1457 2334 1522 κολάσεως
2391 1460 2805 1529 πεποιήκαμεν,
2839 1461 2980 1513 οὕτω
3027 1458 3400 1530 κολασθῶμεν,
3435 1458 3576 1512 ὥστε
3612 1457 3698 1513 ἑν-

435 1546 561 1602 θάδε
595 1550 692 1620 μὲν
722 1549 1037 1615 ἀπολαϐεῖν,
1085 1553 1222 1621 μετὰ
1265 1552 1322 1604 δέ
1367 1551 1540 1603 ταῦτα
1581 1552 1661 1614 εἰς
1703 1550 1831 1613 τοὺς
1869 1549 2102 1612 κόλπους
2141 1551 2392 1621 Ἀϐραὰμ
2419 1551 2854 1633 ἀναπαύσασθαι.

507 1665 527 1698 ε
557 1647 667 1701 Καὶ
694 1647 862 1700 ταῦτα
877 1648 945 1700 τὰ
972 1647 1318 1718 δικαιώματά
1344 1665 1467 1718 μου,
1503 1647 1538 1700 ά
1561 1645 1852 1720 παραθήσῃ
1883 1644 2014 1699 ἐνὼ-
2047 1656 2087 1708 Β

432 1753 556 1790 πιον
609 1737 807 1792 αὐτῶν.
845 1738 973 1790 Ἐὰν
1027 1739 1203 1808 κτήσῃ
1247 1737 1412 1790 παῖδα
1473 1737 1890 1808 Ἐϐραῖον,ικα“ι
1943 1735 2014 1790 τὰ

433 1826 583 1898 ἑξῆς.
651 1828 980 1896 Ἀναγκαῖον
1052 1827 1304 1894 ἐξετάσαι
1332 1830 1385 1882 τί
1416 1829 1598 1899 νόμος,
1630 1830 1726 1882 καί¹
1758 1830 1812 1882 τί
1850 1830 2020 1901 πρόσ-

435 1936 640 1990 ταγμα,
661 1918 712 1972 τί
736 1919 792 1972 δέ
818 1918 1179 1991 δικαιώματα,
1206 1922 1296 1973 καὶ
1313 1921 1574 1991 κρίματα,
1601 1922 1694 1974 καὶ
1723 1921 2015 1992 μαρτύρια,

440 2010 532 2063 καὶ
565 2010 794 2065 ἐντολαί.
824 2010 1178 2083 Δικαιώματα
1217 2014 1315 2083 μὲν
1341 2009 1433 2066 οὖν
1466 2013 1604 2076 ἐστι,
1635 2013 1694 2066 τὸ
1720 2012 1906 2066 ἐνθάδε
1938 2015 2017 2066 εἰ-

437 2101 692 2171 ρημένον,
738 2120 758 2154 ι
814 2102 940 2157 Ἐὰν
980 2105 1156 2178 κτήσῃ
1205 2105 1370 2157 παῖδα
1421 2103 1692 2175 Ἐϐραῖον,
1732 2121 1750 2156 ι
1791 2105 1885 2158 καὶ
1949 2105 2017 2159 τὰ

432 2191 580 2261 ἑξῆς,
607 2193 736 2263 περὶ
759 2192 923 2246 αὐτοῦ
949 2195 1216 2264 εἰρημένα
1237 2210 1249 2222 ·
1277 2193 1450 2264 κρίμα
1481 2193 1558 2257 δέ,
1595 2193 1679 2246 ἵνα
1714 2192 1904 2264 ἱερέως
1927 2192 2019 2244 θυ-

433 2283 610 2356 γάτηρ
647 2285 743 2339 ἐὰν
780 2286 1061 2357 μοιχευθῇ,
1109 2288 1239 2357 πυρὶ
1263 2286 1628 2356 κατακαίηται
1651 2302 1666 2315 °
1704 2286 1915 2339 ἐντολαὶ
1938 2286 2014 2352 δὲ,

435 2392 453 2426 ι
481 2375 594 2428 Οὐκ
615 2375 828 2430 ἔσονταί
844 2395 927 2430 σοι
957 2376 1069 2430 θεοὶ
1083 2377 1277 2449 ἕτεροι·
1293 2396 1312 2429 ο
1344 2376 1673 2448 πρόσταγμα
1693 2375 1770 2441 δὲ,
1793 2395 1810 2426 ι
1833 2377 2018 2430 Κατα-

433 2467 536 2530 ϐάς
568 2468 937 2541 διαμάρτυραι
983 2468 1061 2539 τῷ
1100 2469 1234 2539 λαῷ,
1269 2468 1364 2522 καὶ
1397 2468 1756 2522 πλυνάτωσαν
1789 2467 1858 2521 τὰ
1892 2467 2019 2538 ἱμά-

427 2576 520 2612 τια
566 2559 765 2614 αὐτῶν·
817 2580 835 2613 ι
877 2561 1149 2633 μαρτύρια
1189 2560 1266 2625 δὲ,
1331 2578 1350 2612 ι
1388 2558 1840 2630 Διαμαρτύρομαι
1889 2561 2018 2631 ὑμῖν

432 2653 668 2723 σήμερον
691 2655 784 2706 τὸν
813 2653 1038 2724 οὐρανὸν
1066 2653 1161 2708 καὶ
1192 2653 1290 2725 τὴν
1312 2653 1436 2722 γῆν.
1478 2671 1496 2704 ι

506 2761 525 2793 ι
569 2743 666 2808 Ἓξ
717 2744 812 2816 ἔτη
853 2745 1128 2799 δουλεύσει
1161 2762 1243 2798 σοι
1265 2762 1279 2776 ·
1314 2744 1392 2815 τῷ
1426 2744 1482 2798 δέ
1533 2745 1643 2798 ἑτει
1682 2744 1759 2816 τῷ
1785 2744 2015 2815 ἑϐδόμῳ,

431 2835 792 2891 ἀπελεύσεται
827 2837 1113 2909 ἐλεύθερος
1159 2836 1390 2908 δωρεάν.
1426 2856 1445 2887 ι
1469 2837 1734 2909 Σημαίνει
1779 2839 1812 2908 ή
1848 2839 1904 2890 ἐν
1936 2836 2014 2906 τῷ

430 2926 638 2997 ἑϐδόμῳ
670 2927 1051 2999 ἐλευθέρωσις,
1084 2927 1164 2979 ἔτι
1185 2927 1242 2979 δὲ
1275 2929 1366 2981 καὶ
1385 2929 1419 2996 ἡ
1445 2928 1502 2981 ἐν
1526 2927 1606 2998 τῷ
1635 2927 1888 2997 σαϐϐάτῳ
1907 2927 2017 2980 τῶν

431 3018 605 3088 ἔργων
647 3020 990 3082 κατάπαυσις
1039 3020 1140 3090 τὴν
1173 3020 1232 3072 ἐν
1281 3021 1463 3090 χάριτι
1493 3022 1625 3090 ἡμῖν
1656 3020 1746 3073 διὰ
1777 3020 2014 3093 Χριστοῦ

434 3109 615 3162 ἐλευθε
628 3111 773 3180 ρίαν.

511 3218 529 3250 ι
565 3200 832 3271 Προσάξει
864 3201 1026 3253 αὐτὸν
1056 3203 1084 3253 6
1115 3199 1303 3269 κύριος
1350 3199 1518 3250 αὐτοῦ
1560 3199 1699 3269 πρὸς
1742 3199 1804 3251 τὸ
1841 3201 2022 3271 κριτή-

441 3309 550 3364 ριον
578 3292 672 3345 τοῦ
695 3290 852 3345 Θεοῦ.
883 3311 898 3342 ι
935 3291 1165 3354 Ἀκύλας
1187 3289 1280 3343 καὶ
1309 3290 1601 3361 Σύμμαχος
1627 3287 1799 3356 εἷπον,
1834 3311 1852 3342 ι
1884 3293 2021 3364 πρὸς

438 3384 561 3447 τοὺς
594 3383 766 3446 θεούς.
806 3403 824 3435 ι
857 3383 1024 3446 Θεοὺς
1053 3383 1107 3436 δὲ
1136 3385 1263 3447 τοὺς
1304 3382 1498 3454 κριτὰς
1533 3381 1881 3452 ὀνομάζουσι,
1927 3385 2020 3437 καὶ

439 3474 557 3528 θεοῦ
597 3477 898 3545 κριτήριον,
926 3475 1025 3546 τὴν
1051 3474 1256 3528 τούτων
1283 3476 1486 3546 ψῆφον.

509 3584 527 3616 ι
566 3566 727 3636 Τρεῖς
755 3566 980 3636 καιροὺς
1006 3564 1100 3618 τοῦ
1143 3565 1391 3619 ἐνιαυτοῦ
1425 3565 1722 3638 ἑορτάσατέ
1763 3581 1873 3636 μοι.
1905 3566 2018 3637 Τὴν

435 3660 625 3730 ἑορτὴν
651 3658 759 3711 τῶν
788 3658 1011 3728 ἀζύμων
1035 3657 1363 3726 φυλάξασθε.
1400 3657 1568 3710 Ἑπτὰ
1592 3657 1804 3728 ἡμέρας
1835 3656 2016 3710 ἕδεσοε

435 3753 638 3824 ἄζυμα,
681 3751 932 3823 καθάπερ
984 3752 1337 3823 ἐνετειλάμην
1387 3768 1490 3815 σοι,
1531 3751 1673 3804 κατά
1707 3751 1798 3804 τὸν
1829 3752 2017 3822 καιρὸν

405 3843 528 3896 -τοῦ
564 3843 728 3915 μηνὸς
762 3843 870 3896 τῶν
903 3843 1056 3895 νέων.
1105 3842 1192 3894 Ἑν
1223 3843 1332 3911 γὰρ
1376 3840 1524 3912 αύτῷ
1559 3840 1784 3912 ἐξῆλθες
1821 3840 1880 3906 ἐξ
1918 3844 2014 3896 Al-

436 3935 664 4002 γύπι-ου.
700 3936 814 3988 Οὐκ
841 3934 1052 4005 ὁφθήσῃ
1082 3932 1310 3987 ἐνώπιόν
1344 3952 1443 4005 μου
1473 3935 1648 3996 κενὸς,
1697 3934 1791 4013 καὶ
1823 3935 2016 4006 ἑορτὴν

435 4027 529 4079 τοῦ
571 4025 832 4096 θερισμοῦ
851 4025 1388 4097 πρωτογεννημάτων
1419 4026 1666 4097 ποιήσεις
1694 4025 1805 4079 τῶν
1841 4025 2016 4097 ἔργων

438 4136 554 4172 σου.
595 4135 614 4168 ι
657 4119 720 4168 Αἱ
753 4117 937 4184 ἑορταὶ
968 4116 1146 4168 τοίνυν
1183 4115 1276 4168 τοῦ
1309 4116 1468 4178 Θεοῦ,
1500 4113 1583 4180 οἷς
1612 4119 1728 4170 ἐστι
1775 4117 2014 4188 πνεῦμα,

439 4205 803 4276 πνευματικαί
849 4207 988 4257 εισι·
1033 4205 1126 4258 καὶ
1173 4205 1349 4267 οὐδεὶς
1393 4206 1577 4274 χοῖκὸς
1633 4205 1878 4276 ἑορτάζει
1917 4207 2018 4270 τὰς

2191 1666 2210 1699 ι
2256 1649 2321 1702 Et
2361 1649 2442 1702 ha:
2463 1648 3027 1713 suntjustilicationes
3043 1665 3181 1719 quas
3211 1665 3482 1720 propoues
3512 1665 3694 1707 coram

2121 1739 2219 1792 eis.
2256 1741 2311 1793 Si
2339 1741 2542 1794 emeris
2569 1755 2784 1793 servum
2830 1739 3113 1794 llebrzeum
3138 1742 3207 1808 ³³,
3247 1761 3265 1792 ι
3303 1752 3409 1796 etc.
3459 1742 3697 1798 Necesse

2119 1839 2203 1883 est
2238 1831 2669 1899 utexquiramus
2716 1830 2846 1898 quid
2901 1831 2973 1883 sit
3019 1830 3129 1893 lex,
3163 1831 3291 1898 quid
3343 1843 3696 1900 przeceptum,

2119 1919 2250 1988 quid
2282 1921 2410 1975 item
2437 1920 2881 1990 justiﬁeationes,
2912 1935 2973 1973 ac
3002 1918 3228 1986 judicia,
3268 1931 3325 1974 et
3360 1922 3695 1985 testimonia,

2119 2021 2173 2066 et
2197 2013 2473 2068 mandata.
2531 2012 2963 2068 Jusdlicationes
3005 2014 3189 2081 itaque
3232 2022 3380 2078 sunt,
3432 2013 3574 2080 quod
3609 2014 3699 2067 hic

2119 2103 2321 2157 dictum
2353 2115 2435 2159 est
2471 2123 2483 2160 :
2519 2123 2538 2156 ι
2583 2104 2639 2159 Si
2692 2103 2891 2159 emeris
2939 2119 3157 2158 servum
3213 2103 3522 2171 Hebrzeutn,
3559 2125 3580 2159 ι
3634 2121 3701 2163 ac

2118 2209 2241 2264 quae
2273 2208 2580 2266 sequuntur
2607 2199 2671 2261 de
2702 2213 2766 2252 eo
2795 2196 2972 2262 dicta;
3001 2197 3286 2266 judicium,
3312 2208 3370 2252 nt
3398 2199 3441 2253 si
3479 2200 3584 2254 ﬁlia
3612 2218 3700 2254 sa-

2119 2290 2360 2344 cerdotis
2387 2301 2737 2361 constuprata
2771 2291 2962 2355 fuerit,
2983 2292 3106 2361 igne
3132 2294 3510 2358 couihuratur;
3547 2311 3700 2348 man-

2121 2379 2244 2433 data
2282 2396 2410 2436 vero
2443 2383 2490 2414 ³⁵
2523 2400 2537 2436 z
2584 2404 2600 2434 ι
2642 2382 2757 2438 Non
2793 2394 2959 2440 erunt
2993 2384 3087 2439 tibi
3143 2384 3216 2437 dii
3266 2384 3392 2450 alii;
3430 2403 3450 2436 ι
3492 2400 3698 2454 praece-

2122 2480 2272 2540 plum
2296 2473 2341 2504 ³⁸
2375 2489 2389 2525 :
2429 2492 2448 2526 ε
2495 2474 2846 2531 Descendens
2879 2485 3082 2531 testare
3115 2475 3341 2546 populo,
3377 2486 3430 2530 et
3473 2477 3700 2533 abluaut

2120 2563 2445 2617 vestimenta
2477 2579 2611 2629 sua;
2655 2583 2672 2615 ι
2709 2566 3017 2621 testimonia
3052 2566 3285 2637 denique
3318 2565 3364 2598 ³⁸
3395 2584 3410 2623 :
3447 2585 3464 2619 ι
3500 2567 3698 2624 Testor

2122 2655 2277 2709 vobis
2308 2654 2478 2709 hodie
2503 2655 2772 2710 coelnmet
2798 2666 3020 2712 terram.
3070 2675 3091 2710 ι

2197 2765 2218 2798 ι
2250 2746 2355 2802 Sex
2398 2749 2557 2803 annis
2601 2750 2807 2804 serviet
2852 2750 2981 2813 tibi;
3031 2765 3177 2806 anno
3229 2759 3412 2805 autem
3466 2747 3697 2821 septimo

2121 2839 2294 2894 abibit
2325 2839 2462 2893 liber
2500 2841 2670 2909 gratis
2704 2841 2770 2893 ³⁷.
2833 2859 2850 2890 ι
2893 2840 3180 2911 Signiﬁcat
3207 2857 3330 2910 qua:
3365 2843 3418 2896 in
3468 2843 3698 2911 septimo

2122 2930 2499 2998 iudulgehatur
2548 2930 2798 2994 libertas,
2843 2932 3018 2986 adhuc
3065 2943 3250 2987 autem
3301 2943 3354 2987 et
3403 2949 3522 3000 qua:
3558 2932 3698 2987 Sab-

2121 3021 2250 3074 hato
2282 3030 2396 3074 erat
2427 3022 2496 3074 ab
2553 3023 2815 3089 operibus
2848 3023 3086 3091 requies,
3127 3033 3368 3078 nostram
3421 3025 3474 3078 in
3522 3026 3696 3094 gratia

2119 3125 2213 3178 per
2236 3111 2514 3164 Christum
2555 3110 2887 3165 libertatem.

2198 3216 2216 3248 ο
2265 3199 2651 3271 Adduceteum
2685 3201 2936 3254 dominus
2965 3199 3081 3267 ejus
3114 3202 3179 3254 ad
3207 3202 3442 3257 tribunal
3479 3205 3692 3272 Dei_".s

2119 3287 2313 3356 Aquila
2342 3300 2395 3342 et
2430 3288 2795 3358 Symmachus
2824 3289 3104 3356 dixerunt,
3142 3311 3162 3343 ‹
3206 3295 3274 3346 ad
3317 3293 3466 3350 deos.
3509 3314 3527 3347 ι
3559 3297 3697 3351 Deos

2123 3388 2327 3443 autem,
2365 3379 2580 3447 judices
2615 3379 2913 3448 appellant,
2956 3396 3019 3436 ac
3063 3381 3156 3437 Dei
3195 3383 3462 3449 judicium
3506 3401 3697 3441 eorum

2119 3471 2471 3526 scnlet'ttiant.

2196 3578 2214 3612 ‹
2252 3562 2450 3616 'l‘ribus
2503 3561 2837 3632 temporibus
2879 3563 3006 3616 anui
3063 3562 3262 3619 festum
3315 3564 3489 3635 agetis
3541 3564 3694 3620 mihi.

2121 3651 2531 3707 Solemnitate‘m
2566 3670 2883 3724 azymorum
2920 3656 3210 3710 custodite.
3252 3655 3470 3726 Septem
3503 3657 3699 3711 diebus

2118 3747 2289 3799 edetis
2342 3761 2561 3816 azyma,
2616 3749 2758 3801 sicut
2805 3749 3034 3816 praecepi
3085 3747 3178 3802 tibi
3215 3757 3459 3818 tempore
3495 3751 3700 3804 mensis

2119 3853 2404 3892 novorum.
2441 3838 2497 3892 In
2555 3839 2670 3907 ipso
2713 3839 2857 3892 enim
2908 3855 3166 3910 egressus
3217 3855 3274 3894 es
3323 3840 3388 3894 de
3433 3838 3697 3911 Aigyplo.

2118 3926 2232 3982 Non
2269 3929 2556 3998 apparebis
2590 3930 2643 3982 in
2680 3941 2976 3999 conspectu
3011 3946 3130 3986 meo
3157 3947 3387 3994 vacuus,
3415 3939 3468 3985 et
3496 3932 3696 3986 solem-

2120 4019 2343 4072 nitatem
2406 4019 2600 4072 messis
2654 4021 2950 4087 primarum
2997 4021 3210 4090 frugum
3257 4020 3425 4076 facies
3470 4037 3698 4091 operum

2119 4122 2334 4166 tuorum
2371 4113 2436 4165 ³⁰.
2481 4131 2499 4164 ι
2533 4113 2626 4167 Dei
2678 4114 2865 4182 itaque
2903 4115 3275 4171 solemnitate:
3315 4118 3382 4171 iis
3423 4119 3700 4184 spiritales

2117 4212 2268 4266 sunt,
2306 4203 2500 4270 quibus
2551 4204 2772 4272 spiritus
2807 4214 2908 4268 est,
2949 4220 3049 4258 nec
3075 4205 3214 4258 ullus
3254 4215 3509 4260 terrenus
3539 4208 3699 4276 spiri-

438 4300 632 4370 ἑορτὰς
661 4295 1068 4367 πνευματικῶς.
1120 4314 1136 4346 ι
1173 4295 1270 4358 Τίς
1294 4295 1403 4366 γὰρ
1441 4296 1726 4366 συμφωνία
1753 4296 2019 4349 δικαιοσύσ

2124 4292 2302 4344 taliter
2334 4290 2468 4344 festa
2509 4293 2740 4360 peragit.
2776 4310 2794 4343 ι
2831 4292 2962 4357 Quae
2987 4293 3134 4346 enim
3167 4293 3453 4346 concordia
3475 4294 3699 4360 jnslitite

439 4404 536 4456 νης
569 4387 660 4439 καὶ
683 4386 916 4456 ἀνομίας
935 4403 984 4452 ;ι
1023 4385 1108 4438 ἵνα
1145 4383 1218 4456 μὴ
1244 4383 1314 4437 τὰ
1337 4384 1462 4455 ἑξῆς
1493 4384 1657 4453 λέγω.
1694 4386 1767 4437 Οὐ
1798 4385 2020 4440 δύναται

439 4478 622 4550 χοῖκὸς
677 4478 931 4548 ἑορτάσαι
975 4477 1168 4548 ἑορτὰς
1214 4477 1612 4548 πνευματικὰς,
1671 4476 1856 4549 ὥσπερ
1901 4479 2023 4532 οὐδὲ

442 4573 807 4642 πνευματικὸς
855 4570 1045 4642 ἑορτὴν
1101 4571 1308 4641 χοῖκήν.
1364 4569 1473 4624 Καὶ
1517 4571 1644 4639 μετ’
1702 4570 1898 4640 ὀλίγα.
1957 4571 2020 4623 Τί

442 4668 590 4719 ἐστιν
620 4667 650 4718 6
685 4666 789 4736 μὴν
826 4665 934 4718 τῶν
968 4663 1140 4729 νέων;
1175 4665 1302 4728 τοὺς
1333 4663 1626 4734 αἰσθητοὺς
1657 4664 1855 4734 φήσεις
1884 4681 2021 4736 καρι

442 4757 596 4820 πούς
625 4755 777 4808 οὔπω
801 4756 1093 4827 ἐνέστηκεν
1121 4755 1150 4807 ὁ
1191 4756 1296 4827 μὴν
1321 4755 1430 4808 τῶν
1466 4755 1621 4822 νέων,
1646 4754 1741 4808 τοῦ
1771 4755 2018 4809 ἐνιαυτοῦ

444 4850 577 4920 φέρε
609 4851 782 4902 εἰπεῖν
813 4848 1151 4919 ὀψιμωτέρου
1196 4847 1366 4911 ὗντος.
1420 4848 1494 4901 Τὸ
1536 4847 1614 4910 δὲ,
1664 4846 1759 4900 ἐὰν
1797 4847 2020 4918 γένηταί

444 4958 573 4993 ποτε
594 4940 857 5003 ἐνιαυτὸς,
892 4938 1032 4991 ὥστε
1068 4939 1203 5010 μηδὲ
1238 4939 1424 5008 φέρειν
1458 4936 1558 5008 τὴν
1589 4937 1692 5009 γῆν
1723 4937 1850 5001 τοὺς
1894 4955 2023 5010 καρ-

446 5034 600 5095 ποὺς,
636 5029 744 5103 ἆρα
768 5031 1044 5102 δυνάμεθα
1073 5029 1351 5100 ἑορτάζειν
1388 5031 1446 5082 ἐν
1472 5028 1550 5100 τῷ
1576 5030 1707 5101 μηνὶ
1727 5029 1832 5084 τῶν
1861 5030 2016 5096 νέων,

443 5124 518 5188 ὡς
547 5124 868 5177 κεκέλευκεν
897 5124 925 5175 6
979 5121 1110 5185 Θεὸς
1150 5120 1426 5193 ἑορτάζειν
1459 5122 1585 5186 τοὺς
1631 5120 2018 5192 ἑορτάζοντας

444 5215 653 5270 Οὐκοῦν
674 5217 755 5268 δεῖ
785 5215 904 5268 κατ’
925 5215 1167 5267 ἐνιαυτὸν
1193 5213 1292 5285 τὴν
1307 5211 1499 5284 ἑορτὴν
1531 5211 1825 5282 ἑορτάζειν.
1857 5213 2022 5265 Ἐπα-

444 5307 598 5379 πορῶ
642 5306 700 5360 δὲ
744 5307 902 5360 πάλιν
931 5307 1031 5378 ,καὶ
1077 5305 1207 5377 περὶ
1253 5304 1346 5358 τοῦ
1397 5304 1652 5375 δευτέρου
1697 5305 1886 5375 νόμου,
1926 5301 2020 5356 τοῦ

444 5402 586 5456 κατὰ
623 5401 720 5472 τὴν
761 5399 952 5472 ἑορτὴν
981 5398 1078 5469 τὴν
1111 5398 1387 5468 δευτέραν.
1421 5398 1558 5468 Φησὶ
1609 5395 1719 5466 γὰρ
1760 5414 1779 5448 ι
1830 5395 2022 5466 ἑορτὴν

446 5494 540 5546 τοῦ
573 5491 830 5564 θερισμοῦ
860 5490 968 5544 τῶν
997 5487 1730 5559 πρωτογεννημάτωνοιἘάν
1753 5505 1837 5552 τις
1868 5487 2022 5540 σπεί-

451 5602 541 5657 ρῃ,
573 5586 668 5637 καὶ
706 5583 778 5654 μὴ
803 5581 1068 5650 γένωνται
1095 5581 1144 5632 οἱ
1169 5579 1369 5650 καρποὶ
1402 5577 1628 5650 πρῶτοι,
1661 5577 1798 5632 ἀλλὰ
1831 5575 2019 5630 τελευ-

523 5769 564 5796 ³¹
585 5765 726 5818 Psal.
749 5782 820 5827 rt,
841 5765 894 5817 ἓ.
957 5761 999 5792 ³³
1022 5759 1186 5813 Exod.
1209 5773 1318 5817 xxt.
1357 5759 1404 5811 l.

2121 4391 2176 4437 et
2201 4382 2506 4449 iniquitatis
2539 4380 2626 4431 δοῖ)
2658 4401 2678 4432 ›
2731 4397 2798 4436 ne
2828 4399 2948 4450 quae
2983 4383 3237 4451 deinceps
3279 4396 3581 4452 sequuntur
3613 4388 3698 4440 di-

2122 4487 2259 4526 cam.
2292 4472 2410 4526 Non
2439 4482 2612 4542 potest
2646 4481 2896 4528 terrenus
2930 4473 3067 4528 festa
3098 4474 3364 4544 spiritalia
3396 4475 3694 4541 celebrare.

2121 4563 2194 4616 uti
2228 4578 2402 4631 neque
2440 4561 2705 4630 spiritalis
2754 4561 2891 4616 festa
2940 4574 3178 4617 terrena.
3227 4563 3289 4616 Et
3330 4574 3446 4633 post
3489 4581 3694 4634 pauca.-

2118 4655 2256 4721 Quid
2291 4665 2373 4708 est
2406 4653 2566 4722 128
2593 4654 2792 4708 mensis
2817 4654 3122 4708 novorum?
3159 4655 3407 4719 Fructus,
3455 4655 3695 4725 inquies,

2116 4747 2362 4802 sensiles.
2414 4746 2665 4800 Nondum
2722 4747 2941 4802 advenit
2996 4748 3204 4802 mensis
3245 4764 3530 4816 novorum,
3571 4765 3696 4804 cum

2116 4837 2350 4908 exeutpli
2386 4853 2549 4891 causa
2585 4852 2760 4890 annus
2793 4839 3002 4894 tardior
3027 4848 3132 4894 est.
3174 4838 3327 4906 Quod
3357 4840 3400 4894 si
3428 4840 3693 4910 ejusmodi

2117 4931 2408 5000 aliquando
2437 4930 2716 4999 contingat
2743 4945 2938 4997 anuus,
2974 4939 3032 4984 ut
3073 4930 3250 4984 nullos
3289 4940 3433 4986 terra
3475 4931 3691 4986 fructus

2116 5020 2278 5083 ferat,
2306 5038 2435 5074 nutu
2470 5035 2761 5091 possumus
2809 5021 2861 5074 in
2907 5035 3094 5076 mense
3124 5038 3388 5076 novorum
3437 5022 3578 5077 diem
3616 5021 3697 5077 fe-

2118 5120 2261 5166 stum
2301 5126 2485 5180 agere,
2551 5113 2691 5166 sicut
2742 5114 3001 5182 prmcepit
3043 5112 3222 5168 Deus?
3275 5129 3405 5185 ergo
3462 5113 3694 5184 singulis

2121 5204 2281 5258 annis
2313 5203 2509 5258 festum
2543 5205 2942 5273 percolendum.
2987 5205 3147 5258 Subit
3201 5221 3390 5261 rursus
3427 5204 3588 5258 etiam
3623 5205 3693 5260 de

2117 5298 2352 5352 secunda
2387 5299 2522 5368 lege,
2560 5312 2681 5365 quae
2714 5297 3007 5351 secundam
3037 5298 3412 5352 celebritatem
3451 5306 3690 5365 spectat,

2118 5389 2402 5443 dubitatio.
2441 5388 2529 5441 Ait
2562 5387 2706 5441 enim
2741 5402 2753 5438 :
2797 5405 2814 5438 ι
2855 5387 3244 5442 Celebritatcm
3277 5387 3470 5440 messis
3499 5387 3697 5454 prima-

2115 5496 2234 5534 rum
2267 5479 2500 5549 irugnm.
2534 5497 2553 5530 ι
2585 5477 2639 5531 Si
2686 5477 2809 5546 quis
2861 5478 3113 5541 setninet,
3144 5493 3248 5530 nec
3296 5477 3480 5546 prima:
3515 5476 3695 5545 fruges

2118 5569 2466 5639 proveniant,
2515 5567 2607 5620 sed
2647 5565 2979 5633 novissimae,
3022 5569 3066 5620 is
3107 5566 3320 5619 initium
3363 5567 3553 5622 messis
3582 5568 3696 5638 pri-

1483 5760 1526 5791 ³⁵
1559 5759 1724 5812 Exod.
1754 5775 1847 5818 xx.
1899 5759 1953 5813 5.
2029 5758 2074 5790 ³⁵
2111 5757 2276 5811 Exod.
2336 5770 2446 5821 xxx,
2500 5754 2584 5808 l0.
2665 5753 2709 5784 "’
2735 5752 2888 5806 Deut.
2921 5764 3048 5814 xxx,
3079 5749 3161 5802 l9.
3240 5745 3452 5802 "Exod.
3490 5761 3602 5812 ut,
3632 5744 3692 5802 2.

455 5837 498 5869 ³⁸
533 5837 685 5901 ibid.,
716 5840 765 5890 ϋ.
842 5835 886 5864 ³³
929 5833 1095 5885 Exod.
1123 5845 1277 5894 xaul,
1319 5829 1403 5892 li,
1439 5831 1521 5895 15,
1553 5831 1629 5884 Hi.
1709 5829 1754 5860 ⁵ο
1783 5830 1822 5882 ll
1857 5831 1978 5884 Cor.
2014 5844 2088 5899 γι,
2128 5829 2207 5882 14.
