4132 6436
449 380 559 438 295

1878 382 1966 437 EX
2007 382 2306 440 ORIGENE

3596 393 3703 449 996

450 512 665 551 marum
692 495 905 567 frugum
935 496 1213 554 celebrare
1238 513 1344 553 non
1374 499 1598 569 poterit.
1625 498 1853 554 Necesse
1881 502 2012 554 enitr

2129 505 2289 565 ταῖοι,
2322 494 2475 565 οὗτος
2506 500 2604 555 οὐκ
2648 504 2715 556 ἂν
2741 502 2956 558 δύναιτο
2992 505 3244 578 ἑορτάσαι
3281 504 3380 579 τὴν
3406 507 3580 581 ἀρχὴν
3608 511 3700 564 τοῦ

450 598 536 645 est
565 588 768 644 habere
803 598 855 643 te
890 588 1093 659 fruges,
1126 601 1186 644 ut
1221 593 1417 645 festum
1460 607 1621 661 agere
1657 593 1856 661 possis.
1884 592 2023 658 Quid

452 697 608 745 vero,
635 682 677 735 si
708 696 897 750 agrum
946 697 1052 735 non
1107 682 1302 747 habeo,
1360 686 1631 750 quomodo
1672 683 1867 737 festum
1922 685 2025 739 hoc

454 787 621 841 agere.
641 781 850 840 potero,
883 786 1003 825 cum
1037 772 1320 840 Scriptura
1353 773 1495 827 dicat
1526 789 1539 825 :
1573 792 1591 823 ‹
1616 772 1682 825 Et
1714 772 2026 826 solemnita-

451 880 555 922 tem
613 870 806 923 messis
858 868 1157 937 primarum
1198 870 1414 939 frugum
1439 870 1606 923 facies
1647 886 1870 938 operum
1903 880 2025 925 tuo-

450 978 591 1027 rum,
618 977 960 1030 quaecunque
1012 961 1370 1016 seminaveris
1414 963 1465 1016 in
1500 978 1630 1032 agro
1655 964 1787 1018 tuo?
1832 982 1850 1015 ›
1908 964 2021 1018 Non

447 1053 736 1117 semiuavi,
779 1052 1114 1107 architectus
1164 1068 1307 1107 sum.
1355 1054 1471 1108 Non
1523 1056 1811 1121 seminavi,
1848 1066 2025 1112 textor

448 1162 602 1209 sum;
642 1161 832 1213 agrum
877 1160 981 1198 non
1016 1145 1210 1208 habeo,
1244 1148 1512 1214 quomodo
1548 1162 1764 1215 possum
1795 1149 2021 1203 alterum

448 1236 643 1288 festum
698 1238 898 1305 agere?
954 1238 1097 1303 quod
1163 1236 1291 1290 item
1356 1248 1566 1303 spectat
1627 1240 1692 1292 ad
1755 1241 2019 1293 tertium:

452 1348 469 1379 ι
509 1330 570 1382 Ει
597 1329 989 1383 solemnitatem
1020 1332 1511 1386 consummationis
1538 1334 1589 1387 in
1618 1335 1764 1387 cxitu
1804 1335 1954 1390 anni.
1997 1353 2016 1385 ι

519 1512 584 1564 Et
610 1523 725 1581 post
753 1514 885 1568 alia.
943 1513 1082 1579 Quid
1116 1514 1217 1568 sibi
1258 1514 1372 1566 vult
1418 1515 1700 1584 Scriptura
1729 1532 1849 1571 cum
1880 1516 2020 1573 cele-

447 1607 607 1660 brare
636 1624 735 1660 nos
764 1608 917 1676 jubet
950 1609 1143 1661 festum
1189 1623 1501 1678 azymorum
1544 1607 1594 1661 in
1626 1624 1811 1662 mense
1852 1626 2019 1663 novo-

450 1703 605 1753 rum?
648 1701 866 1769 Depone
895 1712 1130 1755 veterem
1160 1701 1433 1754 hominem
1466 1717 1589 1754 cum
1621 1702 1831 1755 actilms
1867 1703 2017 1756 suis:

445 1802 496 1843 et
527 1800 581 1842 ut
617 1791 666 1842 in
701 1805 886 1843 mense
926 1805 1183 1843 novorum
1234 1789 1636 1844 solemnitatem
1670 1791 1933 1857 celebres,
1967 1804 2018 1846 tu

444 1894 657 1946 quoque
686 1895 856 1932 novus
883 1878 1115 1943 eilicere,
1154 1886 1209 1931 ut
1241 1880 1445 1932 mensis
1479 1880 1815 1934 celebritatis
1847 1897 2019 1935 novo-

445 1988 586 2032 rum,
615 1981 735 2025 tuus
764 1973 967 2025 mensis
1000 1971 1111 2025 liat.
1142 1970 1410 2024 Novorum
1442 1973 1608 2036 enim,
1640 1989 1745 2026 non
1777 1983 2018 2028 veterum

443 2065 647 2117 mensis
678 2072 760 2116 est
788 2064 910 2119 iste.
944 2065 1058 2128 Qua
1093 2080 1222 2128 ergo
1258 2065 1466 2118 ratione
1498 2080 1695 2118 novum
1729 2081 1942 2135 quoque
1968 2076 2021 2123 te

444 2155 563 2208 ﬁeri
611 2156 922 2223 oportebit?
950 2154 1085 2209 Cum
1113 2156 1517 2210 soleninitatum
1558 2161 1794 2211 rationes
1828 2158 2017 2227 explo-

443 2259 591 2299 ratas
627 2247 855 2300 haberet
887 2246 1163 2312 apostolus
1199 2244 1416 2310 Paulus,
1463 2247 1530 2301 de
1588 2247 1725 2302 festo
1756 2263 2017 2304 novorum

439 2342 512 2390 ait
538 2339 577 2369 “
619 2354 671 2389 τι
709 2338 1078 2406 Exspoliantes
1110 2353 1203 2391 vos
1228 2348 1461 2390 veterem
1490 2340 1758 2392 hominem
1778 2356 1899 2393 cum
1930 2356 2020 2395 ac-

441 2432 584 2481 tibus
618 2431 752 2493 suis,
797 2438 852 2482 et
884 2430 1169 2482 iuduentes
1207 2445 1405 2482 novum
1436 2445 1560 2484 eum
1602 2432 1695 2499 qui
1727 2442 2019 2485 renovatur

439 2521 491 2574 in
520 2523 876 2590 agnitionem,
908 2522 1205 2575 secuudmn
1240 2521 1529 2591 imaginem
1569 2523 1706 2592 ejus,
1742 2527 1829 2592 qui
1860 2540 2016 2578 crea-

437 2615 536 2665 vit.
576 2634 593 2664 ι
624 2612 691 2665 Ut
721 2613 884 2682 igitur
921 2612 1114 2668 festum
1146 2629 1273 2683 agas
1300 2614 1352 2667 in
1388 2629 1573 2669 mense
1602 2629 1885 2678 novorum,
1923 2630 2018 2668 ne-

438 2721 589 2761 cesse
619 2716 702 2759 est
733 2717 790 2759 ut
827 2721 997 2760 novus
1025 2709 1142 2770 tias,
1177 2716 1230 2760 et
1256 2721 1475 2760 omnem
1509 2707 1757 2774 deponas
1779 2716 2017 2761 vetusta-

440 2807 567 2850 tem.
602 2798 800 2851 Deinde
826 2814 985 2867 quam
1022 2798 1252 2867 primani
1287 2798 1405 2865 agis
1436 2795 1878 2852 solemnitatem?
1911 2797 2013 2851 So-

437 2889 771 2942 leumitatem
816 2905 1011 2958 nempe
1060 2903 1407 2959 azymorum,
1444 2890 1677 2942 docente
1712 2888 2014 2958 Apostolo:

440 2999 460 3031 ι
502 2981 706 3035 Pascha
738 2982 904 3045 enim,
936 2984 1110 3052 inquit
1131 2984 1197 3048 δ’,
1236 2990 1478 3035 nostrum
1502 2996 1599 3051 pro
1631 2981 1786 3035 nobis
1820 2981 2016 3035 immo-

437 3073 581 3128 latus
611 3084 691 3128 est
723 3073 992 3129 Christus.
1030 3073 1217 3143 Itaque
1258 3073 1455 3127 festum
1509 3088 1757 3143 agamus,
1801 3088 1908 3127 non
1958 3076 2011 3126 in

434 3166 706 3220 fcrutcnto
735 3167 926 3232 veteri,
960 3179 1133 3235 neque
1180 3167 1230 3219 iu
1280 3166 1552 3220 lermento
1579 3164 1800 3219 malitia:
1836 3173 1891 3217 et
1918 3179 2010 3219 ne-
2037 3198 2079 3256 ο

434 3260 640 3326 quitiae,
679 3260 771 3314 sed
812 3258 865 3313 in
896 3260 1101 3328 azymis
1130 3258 1463 3313 sinceritatis
1485 3266 1539 3312 et
1566 3257 1832 3311 veritatis.
1871 3275 1890 3308 ι
1920 3256 2011 3311 Si-

433 3350 547 3403 mul
582 3359 761 3403 autem
791 3350 981 3416 collige
1015 3348 1157 3418 leges
1182 3350 1247 3402 de
1271 3350 1499 3419 azymis,
1526 3365 1588 3403 ac
1613 3348 1821 3402 videbis
1849 3364 2009 3417 quam

433 3443 545 3496 sint
582 3459 609 3495 a
644 3444 855 3497 ratione
890 3442 1050 3496 alieni
1097 3444 1186 3512 qui
1217 3445 1282 3497 ad
1318 3443 1617 3511 spiritalem
1658 3445 1854 3498 litterae
1889 3459 2013 3498 sen-

433 3552 551 3590 sum
583 3552 686 3589 non
723 3536 1029 3603 attendunt,
1060 3536 1154 3591 sed
1185 3536 1455 3606 spiritalia
1491 3548 1747 3606 tanquam
1798 3535 2009 3589 inutilia

434 3636 721 3697 spernunt.

505 3734 526 3769 ι
559 3718 673 3771 Non
714 3718 1003 3789 apparebis
1050 3718 1103 3772 ir.
1155 3728 1452 3786 conspectu
1498 3732 1619 3773 meo
1647 3733 1854 3775 vacuus
1884 3718 1947 3773 ".
1986 3737 2005 3770 ι

431 3811 584 3865 Scito
614 3827 824 3864 omnem
852 3810 1124 3864 hominem
1151 3819 1245 3863 aut
1269 3825 1501 3865 vacuum
1521 3822 1614 3865 aut
1632 3811 1846 3883 plenum
1866 3827 2007 3867 esse.

431 3902 488 3957 Si
523 3903 666 3955 enim
703 3917 811 3956 non
865 3902 1029 3956 habet
1069 3901 1332 3969 Spiritum
1379 3912 1650 3969 sanctum,
1703 3919 1810 3958 non
1848 3906 2010 3959 habet

430 3997 711 4050 Creatoris
738 3996 1009 4059 uetitiam,
1036 4011 1144 4050 nor:
1176 3997 1383 4065 recepit
1421 3998 1589 4050 vitam
1622 3995 1807 4051 Jesum
1843 3996 2006 4053 Chri-

426 4100 608 4155 stum;
643 4089 688 4142 si
721 4102 825 4142 non
856 4088 1004 4142 novit
1026 4087 1240 4142 Patrem
1272 4090 1364 4159 qui
1394 4089 1445 4143 in
1478 4089 1631 4143 ctelis
1662 4098 1768 4154 est,
1810 4090 1855 4145 si
1899 4104 2004 4145 non

427 4180 563 4233 vivit
600 4195 667 4234 ex
714 4179 950 4246 ratione,
998 4179 1067 4234 ad
1110 4179 1248 4250 legis
1287 4180 1529 4236 caelestis
1576 4196 1847 4247 normam,
1896 4197 2002 4236 non

426 4270 627 4335 sobrie,
669 4286 775 4325 non
802 4268 947 4337 juste
973 4269 1085 4340 agit
1106 4268 1129 4334 ;'
1156 4283 1359 4323 vacuus
1380 4278 1465 4323 est
1495 4271 1583 4339 qui
1610 4270 1872 4339 ejusmodi
1896 4278 2001 4326 est.

427 4365 526 4431 Qui
562 4373 741 4418 autem
772 4362 932 4433 129
961 4363 1111 4431 capit
1152 4362 1320 4417 Deum
1349 4363 1441 4433 qui
1476 4364 1611 4418 dixit
1651 4363 1765 4398 “M
1804 4381 1816 4416 :
1850 4381 1869 4416 ι
1905 4362 2000 4418 Ιη-

425 4456 686 4510 habitabo
717 4457 769 4509 in
798 4458 898 4519 eis,
927 4464 981 4508 et
1026 4455 1402 4521 inambulabo,
1440 4466 1497 4511 et
1526 4471 1623 4511 ero
1659 4457 1739 4511 eis
1767 4456 1929 4523 Deus,
1974 4474 1995 4509 ι

427 4549 473 4601 is
503 4564 606 4601 non
642 4563 867 4620 vacuus,
899 4547 991 4601 sed
1031 4548 1221 4615 plenus
1264 4557 1369 4601 est.

501 4655 521 4688 ι
552 4637 746 4692 Tribus
760 4638 1091 4705 temporibus
1112 4640 1234 4692 anni
1268 4639 1552 4709 apparebit
1576 4654 1736 4694 oume
1777 4656 1997 4696 mascu-

428 4731 595 4786 linum
628 4742 775 4787 tuum
826 4746 1008 4785 coram
1064 4731 1289 4787 Domino
1339 4732 1448 4786 Deo
1504 4742 1593 4787 tuo
1633 4732 1699 4786 “.
1744 4751 1763 4786 ι
1813 4734 1997 4788 Dicam

428 4826 554 4894 quid
590 4825 691 4879 sibi
728 4825 876 4878 locus
909 4822 1010 4876 iste
1042 4824 1189 4877 velit.
1240 4824 1393 4889 Quod
1431 4824 1665 4892 agimus,
1706 4833 1800 4877 aut
1834 4823 2000 4878 ferui-

428 4935 517 4983 na,
546 4927 638 4971 aut
667 4932 782 4971 mas
811 4928 915 4975 est.
943 4917 999 4970 Si
1034 4916 1322 4971 femineum
1352 4926 1433 4969 est
1457 4916 1600 4985 quod
1640 4916 1871 4986 agimus,
1904 4922 1998 4968 aut

427 5024 743 5078 corporeum
794 5017 877 5063 est
929 5019 1014 5062 aut
1068 5008 1306 5063 carnale.
1362 5008 1701 5063 Seminantes
1742 5008 1886 5062 enim
1939 5008 1993 5062 in

424 5117 609 5167 carne,
647 5117 751 5155 non
780 5116 983 5155 marem
1019 5103 1110 5156 sed
1146 5101 1400 5155 feminam
1436 5101 1649 5156 edimus
1690 5101 1884 5155 anima:
1918 5099 1999 5154 l'e-

428 5204 559 5257 tum,
598 5207 788 5262 nempe
829 5207 1104 5257 enervem,
1136 5193 1456 5263 mollemque
1487 5208 1549 5247 ac
1586 5196 1809 5248 materia
1839 5206 1995 5246 cras-

424 5301 562 5339 sum.
596 5284 654 5338 Si
680 5300 809 5339 vero
831 5294 1031 5338 aeterna
1056 5293 1353 5352 spectantes
1377 5292 1430 5338 et
1453 5284 1518 5338 ad
1563 5284 1784 5337 meliora
1819 5292 1999 5336 atten-

426 5392 535 5432 tum
590 5380 853 5432 habentes
896 5376 1156 5443 animum,
1211 5377 1423 5431 fructus
1488 5378 1711 5446 spiritus
1756 5377 1991 5442 edimus,

422 5484 609 5525 OllllleS
647 5468 786 5522 fetus
814 5469 978 5523 nostri
1018 5483 1191 5522 mares
1214 5478 1358 5523 sunt.
1393 5467 1521 5532 Quae
1552 5469 1716 5536 igitur
1757 5465 1995 5521 olierun-

425 5568 513 5611 tur
558 5560 610 5613 in
656 5569 945 5629 conspectu
972 5560 1089 5627 Dei,
1128 5576 1351 5629 qumque
1386 5560 1663 5614 Creatoris
1709 5557 1881 5613 oculis
1912 5573 2000 5626 ap-

501 5737 536 5767 “
578 5738 789 5794 Coloss.
842 5761 922 5805 nt,
966 5747 1019 5804 9,
1072 5746 1157 5801 10.

425 5808 468 5837 ⁸⁸
510 5809 673 5861 lixutl.
718 5828 867 5879 mn,
914 5816 996 5867 l7.

1266 5747 1309 5777 "'
1341 5746 1502 5801 lCor.
1556 5759 1607 5811 v,
1640 5745 1692 5799 8.

1804 5742 1849 5775 “
1883 5740 2057 5797 Evod.
2112 5756 2267 5806 uin,
2310 5742 2393 5795 15.

2126 591 2386 663 Θερισμοῦ
2429 592 2537 645 τῶν
2593 596 3265 668 πρυπογεννημάτων.Δεῖ
3300 598 3407 670 γὰρ
3455 599 3599 669 ἔχειν
3641 617 3701 653 σε

2124 682 2456 751 γεννήματα,
2474 684 2561 736 ἵνα
2595 684 2825 756 δυνηθῇς
2860 687 3156 757 ἑορτάζειν.
3200 690 3263 742 Τί
3293 690 3369 755 δὲ,
3405 693 3471 746 ἂν
3519 692 3703 764 χώραν

2128 770 2203 840 μὴ
2226 771 2353 840 ἔχω,
2377 772 2493 836 πῶς
2519 775 2584 826 ἂν
2613 774 2877 847 δυναίμην
2915 780 3013 849 τὴν
3043 782 3235 853 ἑορτὴν
3267 784 3469 854 ταύτην
3514 786 3706 856 ἑορτά-

2126 858 2260 925 ζειν,
2302 861 2400 930 τῆς
2441 862 2637 927 λέξεως
2670 864 2959 936 λεγούσης,
3006 886 3025 918 ι
3066 870 3173 921 Καὶ
3214 872 3404 943 ἑορτήν
3440 872 3702 945 θερισμοῦ

2125 950 2231 1003 τῶν
2265 955 2801 1025 πρωτογεννημάτων
2819 960 3066 1029 ποιήσεις
3113 960 3218 1013 τῶν
3266 962 3441 1033 ἔργων
3478 982 3592 1027 σου,
3628 960 3703 1019 ὧν

2128 1043 2221 1097 ἐὰν
2256 1046 2486 1119 σπείρης
2523 1048 2580 1100 ἐν
2610 1047 2686 1117 τῷ
2725 1050 2881 1120 ἀγρῴ
2914 1068 3045 1115 σονς
3082 1073 3101 1105 ι
3133 1056 3231 1107 οὐκ
3276 1056 3523 1127 ἔσπειρα,
3565 1058 3707 1112 οἱκο-

2124 1136 2283 1207 δόμος
2312 1140 2458 1208 εἰμί·
2488 1140 2587 1193 οὐκ
2640 1141 2887 1214 ἔσπειρα,
2923 1144 3165 1215 ὑφάντης
3208 1148 3351 1215 είμί⁹
3389 1147 3557 1219 ἀγρὸν
3602 1150 3703 1207 οὐκ

2125 1227 2252 1297 ἔχω,
2290 1230 2406 1293 πῶς
2448 1231 2682 1302 δύναμαι
2712 1235 2810 1305 τὴν
2847 1235 3103 1307 δευτέραν
3146 1237 3422 1307 ἑορτάζειν
3468 1240 3690 1310 ἑορτήν;

2125 1318 2232 1371 Καὶ
2282 1319 2345 1390 δὴ
2376 1322 2469 1374 καὶ
2516 1324 2643 1394 περὶ
2694 1324 2790 1395 τὴν
2823 1327 3034 1397 τρίτην,
3068 1346 3086 1377 ι
3136 1328 3246 1380 Καὶ
3284 1329 3475 1400 ἑορτὴν
3517 1346 3704 1383 συντε-

2123 1410 2273 1474 λείας
2306 1413 2391 1464 ἐπ’
2432 1412 2594 1482 ἐξόδῳ
2623 1415 2715 1467 τοῦ
2742 1417 3008 1471 ἐνιαυτοῦ.
3043 1436 3060 1468 ι

2196 1503 2305 1557 Καὶ
2334 1506 2463 1572 μεθ’
2497 1504 2688 1572 ἕτερα.
2732 1506 2796 1558 Τί
2829 1508 3071 1577 βούλεται
3110 1508 3265 1578 λόγος
3291 1512 3419 1581 ἡμῖν
3455 1510 3633 1580 λέγειν
3672 1512 3704 1567 ὁ

2125 1597 2362 1650 κελεύων
2395 1600 2426 1667 ἡ
2438 1600 2543 1668 μᾶς
2567 1598 2842 1670 ἑορτάζειν
2876 1602 2973 1672 τήν
3017 1603 3210 1674 ἑορτὴν
3234 1604 3341 1656 τῶν
3374 1604 3599 1676 ἀζύμων
3624 1607 3701 1677 τῷ

2127 1690 2258 1757 μηνὶ
2284 1689 2392 1742 τῶν
2420 1690 2590 1754 νέων;
2639 1691 2863 1745 Ἀπόθου
2904 1693 2997 1746 τὸν
3029 1695 3253 1749 παλαιὸν
3286 1696 3567 1767 ἄνθρωπον
3604 1700 3700 1752 σὺν

2124 1783 2241 1843 ταῖς
2264 1780 2525 1852 πράξεσιν
2559 1783 2744 1836 αὑτοῦ.
2776 1786 2883 1837 Καὶ
2916 1785 3001 1838 ἴνα
3030 1803 3093 1854 γε
3124 1788 3355 1857 ποιήσῃς
3382 1791 3480 1858 τὴν
3507 1789 3700 1859 ἑορτὴν

2123 1874 2181 1924 ἐν
2208 1871 2284 1941 τῷ
2314 1874 2447 1943 μηνὶ
2466 1873 2574 1927 τῶν
2612 1874 2765 1939 νέων,
2790 1878 2885 1928 καὶ
2922 1879 2984 1931 συ
3009 1878 3126 1941 νέος
3153 1878 3330 1946 γενοῦ,
3359 1879 3444 1931 ἵνα
3478 1879 3701 1950 γένηται

2122 1965 2151 2016 ὁ
2177 1964 2280 2034 μὴν
2312 1964 2410 2033 τῆς
2434 1966 2628 2036 ἑορτῆς
2660 1967 2767 2020 τῶν
2797 1969 2952 2032 νέων,
2983 1970 3078 2022 καὶ
3109 1970 3199 2034 σὸς
3231 1972 3355 2041 μήν.
3390 1970 3545 2023 Νέων
3568 1971 3699 2043 γὰρ,

2123 2061 2217 2114 καὶ
2250 2061 2309 2113 οὐ
2374 2060 2617 2114 παλαιῶν
2656 2061 2803 2113 ἑστιν
2857 2055 3009 2124 οὗτος
3039 2063 3067 2115 ὁ
3107 2063 3234 2133 μήν.
3268 2063 3391 2125 Πῶς
3438 2060 3530 2115 οὖν
3574 2063 3695 2131 δεή-

2124 2168 2206 2202 σει
2236 2152 2354 2204 νέον
2398 2151 2493 2204 καὶ
2540 2150 2600 2202 σὲ
2641 2149 2924 2218 γενέσθαι;
2962 2152 3179 2220 Νοήσας
3218 2152 3318 2215 τὰς
3358 2152 3572 2223 ἑορτὰς,
3601 2152 3697 2224 τὴν

2123 2244 2316 2315 ἑορτὴν
2346 2242 2453 2295 τῶν
2483 2243 2617 2296 νέων
2660 2244 2688 2295 ὁ
2720 2241 3013 2305 ἀπόστολος
3030 2242 3240 2305 Παῦλός
3264 2260 3448 2313 φησιν,
3468 2263 3485 2295 ι
3511 2244 3698 2297 Ἐκδυ-

2112 2337 2344 2407 νσάμενοι
2378 2334 2467 2389 τὸν
2517 2335 2745 2388 παλαιὸν
2804 2330 3085 2407 ἄνθρωπον
3131 2338 3225 2388 σὺν
3276 2338 3394 2399 ταῖς
3436 2335 3695 2405 πράξεσιν

2118 2428 2283 2482 αὐτοῦ
2310 2469 2324 2493 ,
2395 2426 2488 2477 καὶ
2578 2427 2929 2497 ἐνδυσάμενοι
2963 2427 3053 2479 τὸν
3090 2428 3213 2487 νέον
3253 2427 3342 2481 τὸν
3370 2427 3691 2481 ἀνακαινού-

2122 2538 2280 2591 μενον
2333 2522 2413 2585 είς
2456 2521 2750 2590 ἐπίγνωσιν
2796 2522 2917 2574 κατ’
2964 2520 3147 2575 εἰκόνα
3195 2520 3289 2573 τοῦ
3321 2522 3625 2585 κτίσαντος.
3670 2539 3689 2573 ι

2115 2613 2325 2667 Οὐκοῦν
2373 2614 2460 2667 ἵνα
2503 2614 2717 2684 ἀγάγῃς
2753 2612 2849 2684 τὴν
2885 2613 3077 2684 ἑορτὴν
3126 2615 3183 2665 ἑν
3233 2615 3363 2683 μηνὶ
3394 2614 3501 2666 τῶν
3535 2614 3691 2678 νέων,

2117 2707 2235 2762 νέον
2279 2725 2337 2760 σε
2368 2707 2621 2776 γενέσθαι
2646 2707 2744 2772 δεῖ,
2777 2707 2869 2759 καὶ
2906 2708 3085 2760 πᾶσαν
3117 2706 3416 2761 ἀποθέσθαι
3469 2705 3695 2760 παλαιό-

2117 2816 2273 2870 τητα.
2305 2793 2437 2851 Εἶτα
2467 2798 2623 2851 ποίαν
2656 2799 2847 2871 ἑορτὴν
2875 2798 3097 2870 πρώτην
3123 2798 3310 2866 άγεις;
3341 2798 3421 2850 ὃτι
3454 2798 3553 2868 τὴν
3584 2799 3695 2869 top-

2116 2891 2213 2961 τὴν
2237 2890 2344 2944 τῶν
2376 2890 2620 2962 ἀζύμων,
2661 2893 2893 2963 μάνθανε
2929 2892 3036 2945 ἀπὸ
3068 2891 3158 2945 τοῦ
3190 2891 3536 2945 Ἀποστόλοψ
3568 2912 3586 2943 ι
3623 2893 3694 2945 Τδ

2117 2980 2225 3053 γὰρ
2257 2984 2441 3054 πάσχα
2472 2984 2648 3055 ἡμῶν,
2682 2985 2865 3056 φησὶν,
2891 2986 3031 3057 ὑπὲρ
3062 2985 3217 3055 ἡμῶν
3248 2984 3408 3055 ἐτύθη
3436 2984 3687 3056 Χριστόςο

2117 3074 2256 3128 ὥστε
2294 3075 2635 3147 ἑορτάζωμεν
2663 3077 2736 3147 μὴ
2763 3079 2817 3129 ὲν
2852 3075 2997 3150 ζύμῃ
3033 3078 3255 3147 παλαιᾷ,
3290 3077 3425 3147 μηδὲ
3452 3078 3509 3129 ὲν
3543 3075 3689 3150 ζύμῃ

2116 3167 2315 3230 κακίας
2344 3170 2437 3221 καὶ
2493 3168 2777 3240 πονηρίας,
2818 3168 2931 3221 ἀλλ’
2962 3170 3019 3221 ὲν
3064 3167 3293 3239 ἀζύμοις
3345 3168 3689 3238 είλικρινείας

2117 3261 2211 3313 καὶ
2251 3259 2530 3331 ἀληθείας.
2574 3280 2591 3312 ι
2628 3262 2779 3332 ’Ἅμα
2820 3262 2876 3314 δὲ
2908 3262 3181 3329 συνάγαγε
3225 3260 3295 3313 τὰ
3338 3260 3689 3330 νενομοθετη-

2120 3352 2258 3422 μένα
2291 3354 2419 3425 περὶ
2449 3355 2545 3424 τῆς
2573 3354 2765 3425 ἑορτῆς
2801 3353 2908 3407 τῶν
2936 3353 3178 3423 ἀζύμων,
3221 3353 3315 3405 καὶ
3345 3352 3463 3422 ὕψει
3506 3353 3603 3422 μὲν
3629 3352 3690 3407 τδ

2115 3444 2306 3511 ἄλογον
2356 3443 2465 3497 τῶν
2502 3443 2579 3514 τῷ
2620 3444 2767 3515 ῥητῷ
2794 3444 2869 3509 ὡς
2898 3442 3251 3515 πνευματικῷ
3283 3443 3356 3513 μὴ
3396 3442 3691 3513 προσεχόν-

2114 3551 2244 3597 των,
2281 3534 2760 3605 καταφρονούντων
2801 3536 2857 3588 δὲ
2904 3536 3011 3588 τῶν
3061 3533 3447 3605 πνευματικῶν
3491 3534 3567 3597 ὡς
3615 3533 3689 3605 μὴ

2116 3626 2424 3697 χρησίμων.

2192 3738 2210 3769 ‹
2248 3719 2361 3772 Οὐκ
2387 3719 2597 3794 ὀφθήσῃ
2622 3720 2849 3775 ἐνώπιόν
2884 3738 2984 3789 μου
3018 3721 3193 3786 κενός.
3229 3741 3246 3773 ι
3289 3722 3427 3775 Ἰσθι
3464 3721 3545 3775 ὃτι
3578 3721 3689 3783 πᾶς

2111 3810 2451 3883 ἄνθρωποςῆ
2485 3814 2638 3877 κενός
2671 3816 2839 3878 ἑστιν,
2867 3814 2899 3884 ἧ
2938 3812 3170 3885 πλήρης.
3214 3815 3276 3868 Ei
3309 3815 3405 3885 μὲν
3441 3814 3549 3885 γὰρ
3587 3814 3689 3866 οὐκ

2110 3903 2397 3975 ἔχειᾶγιον
2434 3904 2675 3974 Πνεῦμα,
2707 3904 2806 3957 οὐκ
2849 3904 2960 3974 ἔχει
3000 3903 3196 3971 γνῶσιν
3242 3904 3334 3956 τοῦ
3380 3905 3685 3971 κτίσαντος,

2108 3998 2170 4051 οὐ
2195 3996 2527 4069 παρεδέξατο
2556 3997 2699 4069 ζωὴν
2738 3996 2945 4067 Ἰησοῦν
2972 3997 3063 4052 τὸν
3092 3998 3343 4069 Χριστόν·
3380 4000 3427 4050 εί
3456 3998 3553 4050 οὐκ
3577 3993 3685 4050 οἶδε

2106 4093 2197 4146 τὸν
2220 4093 2444 4163 Πατέρα
2463 4090 2552 4144 τὸν
2586 4092 2641 4143 ἑν
2673 4091 2941 4163 οὐρανοῖς,
2978 4092 3026 4142 εἰ
3053 4090 3113 4143 οὐ
3156 4090 3262 4161 βιοῖ
3298 4092 3438 4143 κατὰ
3481 4090 3571 4147 τὴν
3598 4090 3687 4143 λόε-

2106 4202 2221 4255 γον,
2259 4184 2400 4237 κατὰ
2423 4183 2513 4236 τὸν
2555 4184 2717 4253 νόμον
2751 4184 3000 4255 οὐράνιον
3024 4199 3038 4213 ⁸
3083 4182 3145 4235 οὐ
3184 4185 3469 4253 σωφρονεῖ,
3513 4184 3571 4237 οὗ
3606 4182 3684 4235 δι-

2108 4278 2469 4348 καιοπραγεῖο
2495 4275 2523 4327 ὁ
2554 4274 2795 4339 τοιοῦτος
2825 4274 2980 4337 κενός
3018 4275 3180 4328 ἐστιν.
3209 4275 3271 4327 Ei
3309 4274 3365 4328 δὲ
3397 4274 3682 4345 κεχώρηκε

2102 4368 2433 4422 τὺνεὶπόντα
2454 4366 2605 4420 Θεὸν·
2639 4385 2657 4416 ι
2699 4367 2996 4437 Ἐνοικήσω
3021 4367 3077 4419 ὲν
3108 4366 3311 4429 αὐτοῖς,
3330 4367 3422 4419 καὶ
3455 4368 3683 4437 ἐμπερι-

2106 4462 2357 4532 πατήσω,
2386 4460 2480 4513 καὶ
2506 4458 2700 4529 ἔσομαι
2732 4457 2914 4521 αὐτοῖς
2935 4457 3084 4523 Θεὸς,
3102 4451 3282 4520 »οὗτος
3308 4458 3409 4510 οὐκ
3438 4458 3553 4510 ἔστι
3588 4475 3681 4511 κε-

2034 4541 2079 4596 Ῑ)
2109 4552 2217 4616 νὸς,
2254 4550 2408 4604 anan
2432 4549 2538 4617 πλή
2548 4566 2664 4618 ρης.

2182 4659 2201 4691 ι
2226 4640 2385 4710 Τρεῖς
2411 4638 2633 4708 καιροὺς
2662 4636 2753 4689 τοῦ
2771 4635 3018 4691 ἐνιαυτοῦ
3051 4638 3345 4710 ὀφθήσεται
3383 4639 3490 4691 πᾶν
3522 4638 3683 4708 ἀρσε-

2103 4732 2253 4787 νικόν
2288 4748 2379 4784 σου
2414 4728 2640 4783 ἐνώπιον
2675 4728 2881 4801 Κυρίου
2910 4729 3000 4782 τοῦ
3031 4729 3166 4782 Θεοῦ
3209 4747 3321 4782 σου.
3366 4749 3384 4779 ι
3406 4728 3469 4781 Τί
3491 4729 3682 4781 ἑστιτὸ

2104 4825 2267 4897 ῥητὸν
2316 4823 2523 4891 εἴποιμι
2558 4822 2642 4876 ἄν.
2684 4824 2749 4875 Ὅ
2806 4822 3137 4893 πράττομεν,
3188 4822 3219 4892 ἧ
3276 4821 3407 4892 θῆλύ
3440 4824 3607 4885 ἑστιν,
3645 4820 3677 4891 ἢ

2104 4913 2410 4986 ἀρσενικόν.
2434 4914 2496 4965 El
2535 4912 2632 4983 μὲν
2677 4908 2769 4965 οὖν
2801 4911 3030 4982 θηλυκόν
3062 4913 3207 4965 ἑστιν
3246 4912 3273 4965 ὂ
3325 4912 3606 4982 ποιοῦμεν,
3645 4910 3677 4979 ἢ

2104 5006 2414 5077 σωματικόν
2440 5007 2605 5066 ἐστιν,
2630 5004 2661 5075 ἢ
2698 5004 2977 5076 σαρκικόν.
3008 5005 3328 5076 Σπείροντες
3344 5005 3450 5075 γὰρ
3489 5005 3567 5067 εἰς
3582 5004 3679 5075 τὴν

2101 5100 2303 5169 σάρκα,
2344 5096 2602 5166 ποιοῦμεν
2643 5095 2772 5166 θῆλυ
2814 5096 2873 5149 τὸ
2907 5097 3147 5167 γέννημα
3202 5097 3301 5165 τῆς
3334 5096 3527 5166 ψυχῆς,
3580 5096 3679 5148 οὐκ

2097 5192 2282 5265 ἄρρεν·
2319 5190 2431 5244 ἁλλ’
2470 5192 2965 5263 ὲκνενευρισμένον,
3003 5190 3210 5243 ἁπαλόν
3256 5207 3314 5241 τε
3346 5190 3437 5243 καὶ
3472 5189 3673 5241 ὑλικόν.

2098 5284 2159 5335 Ei
2197 5286 2376 5353 μέντοι
2412 5284 2697 5354 βλέποντες
2732 5284 2798 5337 τὰ
2836 5284 3044 5349 αἰώνια,
3069 5286 3161 5338 καὶ
3192 5284 3326 5353 πρὸς
3351 5286 3459 5346 τοῖς
3498 5283 3674 5354 κρείτ-

2094 5392 2243 5427 τοσιν
2307 5375 2520 5444 ἔχοντες
2575 5374 2670 5446 τὴν
2728 5375 2983 5439 διάνοιαν,
3045 5374 3501 5447 καρποφοροῦμεν
3552 5372 3674 5434 τοὺς

2099 5467 2345 5536 καρποὺς
2397 5464 2489 5518 τοῦ
2530 5466 2858 5537 πνεύματος,
2892 5468 2985 5520 καὶ
3025 5468 3202 5520 πάντα
3256 5467 3321 5519 τὰ
3361 5467 3674 5537 γεννήματα

2104 5556 2259 5629 ἡμῶν
2293 5557 2495 5627 spesve
2537 5560 2668 5610 ἐστι.
2702 5558 2781 5611 Τὰ
2810 5560 2987 5613 τοίνυν
3028 5560 3299 5630 φερόμενα
3325 5557 3553 5611 ἐνώπιον
3582 5554 3675 5609 τοῦ

2506 5742 2624 5775 tm:
2669 5745 2840 5801 Lavit.
2885 5760 3030 5813 xxvi,
3081 5746 3178 5814 l2;
3217 5745 3253 5799 ll
3303 5744 3429 5801 Cor.
3466 5760 3538 5810 vl.
3582 5742 3670 5798 ίδο

2219 5951 2244 5958 ἡ
