4132 6432
357 390 461 445 ἓέΠ

1577 375 1640 432 ΙΝ
1679 372 1967 429 EXODUM
2010 367 2295 426 HOMILIA
2340 368 2379 422 1.

3542 356 3647 409 298

356 504 514 568 Θεοῦ,
549 504 613 556 τὰ
652 501 743 555 καὶ
769 501 1115 571 ὁφθησόμενα
1148 499 1213 568 τῇ
1239 496 1358 567 ὄψει
1384 494 1476 548 τοῦ
1514 494 1816 554 κτίσαντος,
1850 491 1950 562 ἀρ·
1985 538 1991 553 Α

2065 496 2273 558 parent,
2329 486 2441 539 hzee
2496 482 2760 545 mascula,
2810 496 2916 536 non
2972 482 3203 535 feminea
3252 490 3400 535 Sttnt.
3463 480 3646 549 Neque

362 596 549 652 σενικά
580 597 748 656 ἐστιν,
768 595 890 663 οὐχὶ
925 593 1109 663 θήλεα.
1149 589 1223 643 Οὐ
1253 589 1364 660 γὰρ
1391 587 1459 640 τὰ
1494 584 1722 657 θηλυκὰ,
1759 583 1851 637 καὶ
1879 582 1946 636 τὰ

362 686 652 759 σωματικὰ
689 685 831 749 ἁξιθῖ
857 684 1074 755 βλέπειν
1106 683 1135 733 ὁ
1169 680 1321 741 Θεὸς.

2054 581 2198 635 enim
2256 578 2488 632 feminea
2526 586 2619 630 aut
2676 590 2939 644 corporea
2993 576 3244 646 dignatur
3301 576 3444 629 Deus
3475 575 3650 645 respi-

2056 686 2203 725 cere.

1272 824 3642 855 Μ

380 835 2871 868 W

1181 992 1857 1120 ORIGENIS
1941 1002 2088 1116 ΙΝ
2183 982 2824 1113 EXODUM.

868 1372 1149 1447 liOMlLlA
1214 1387 1450 1443 ruma.

440 1490 494 1547 1.
528 1470 755 1544 Videtur
782 1484 911 1539 mihi
941 1482 1312 1551 unusquisque
1343 1496 1523 1556 sermo
1575 1479 1772 1533 divina:
1803 1476 1955 1533 Scri-

369 1598 540 1653 p'ttrte
563 1581 759 1635 similis
787 1592 908 1632 esse
934 1577 1095 1631 alicui
1129 1574 1423 1636 seminum,
1443 1574 1601 1643 cujus
1628 1582 1820 1625 natura
1844 1572 1959 1625 lace

369 1687 471 1739 est,
510 1685 570 1729 ut
599 1690 722 1728 cum
753 1669 961 1740 jaCtum
1007 1668 1171 1721 fuerit
1206 1667 1258 1720 in
1303 1674 1533 1730 terram,
1578 1672 1956 1735 regeneratum

2066 1370 2342 1437 triarchzr.
2384 1402 2399 1433 ι
2448 1367 2646 1451 .ioscph
2679 1387 2878 1443 autem,
2916 1381 3112 1451 inquit,
3149 1382 3266 1435 erat
3301 1382 3351 1434 in
3391 1364 3647 1452 Egypio'.

2065 1473 2232 1526 Erant
2278 1480 2453 1527 autem
2504 1472 2694 1526 omnes
2726 1469 2920 1523 animm
2974 1474 3039 1525 de
3087 1468 3257 1526 Jacob
3304 1474 3651 1541 Septuaginta“

2066 1558 2325 1634 quinque.
2361 1583 2378 1615 ι
2413 1562 2601 1617 Simile
2628 1563 2753 1617 huic
2799 1564 3058 1632 mysterio
3090 1573 3143 1618 et
3180 1559 3308 1617 illud
3342 1566 3461 1619 esse
3494 1577 3651 1635 puto,-

2066 1654 2209 1728 quod
2253 1672 2347 1727 per
2396 1655 2718 1738 prophetam
2752 1654 2972 1719 dicitur,
3017 1656 3059 1709 ’si
3089 1654 3213 1725 quis
3239 1655 3521 1711 advertere
3550 1665 3651 1726 pd-

371 1769 425 1821 in
476 1768 704 1835 spicam,
758 1763 837 1817 vel
887 1763 940 1834 in
972 1772 1355 1835 quamcunque
1404 1756 1565 1811 aliam
1616 1758 1697 1811 sui
1745 1752 1960 1827 generis
1992 1756 2034 1810 B
2067 1760 2170 1829 test
2201 1771 2214 1805 :
2248 1771 2264 1803 t
2290 1743 2659 1820 InIEgyptum
2699 1749 2979 1803 descendit
3009 1749 3240 1817 pepulu‘s
3275 1754 3449 1813 mcu‘s,
3476 1748 3534 1806 ut
3557 1754 3656 1807 ha-

374 1859 607 1923 speciem
645 1842 1014 1923 multipliciter
1048 1850 1402 1923 diffundatur,
1448 1838 1501 1904 et
1534 1858 1684 1902 tanto
1714 1850 1960 1903 cumula-

378 1951 504 2011 tius,
539 1956 741 2016 quanto
775 1944 855 1998 vel
891 1941 1098 2013 peritus
1122 1943 1360 2017 agricola
1390 1941 1512 2012 plus
1557 1942 1858 1996 seminibus
1887 1928 1963 1993 la-

377 2041 522 2093 boris
570 2037 913 2107 impenderit,
949 2034 1029 2087 vel
1073 2035 1391 2111 beneﬁcium
1430 2044 1587 2089 terrae
1629 2030 1964 2089 fecundioris

376 2131 681 2185 indulserit.
732 2130 822 2183 Sic
876 2144 1007 2199 ergo
1056 2125 1290 2183 edicitur
1320 2136 1378 2179 ut
1407 2126 1637 2181 cultura:
1680 2126 1959 2196 diligentia

374 2224 630 2291 exiguum
667 2231 875 2285 semen,
912 2221 1061 2275 verbi
1093 2234 1286 2280 causa,
1324 2215 1553 2288 sinapis,
1581 2210 1725 2286 quod
1751 2226 1833 2271 est
1864 2217 1964 2270 mi-

377 2315 580 2367 niuium
603 2312 867 2375 omnium,
920 2311 1186 2364 efﬁciatur
1222 2308 1393 2375 majus
1415 2309 1669 2363 oumibus
1698 2294 1961 2371 oleribus,

374 2416 428 2460 et
446 2398 537 2459 ﬁat
563 2406 725 2459 arbor
762 2420 775 2455 :
808 2426 824 2453 ι
872 2404 947 2457 Ita
982 2414 1038 2457 ut
1063 2404 1283 2481 veniant
1321 2390 1556 2455 volatiiia
1592 2399 1738 2461 (αξη,
1778 2394 1831 2453 et
1867 2400 1962 2453 ha—

378 2499 545 2553 bitent
570 2499 624 2552 in
667 2498 832 2552 ramis
873 2498 988 2565 ejus
1024 2482 1091 2553 ⁸⁷.
1124 2515 1143 2549 ι
1180 2487 1258 2550 ita
1281 2506 1336 2551 et
1366 2496 1452 2569 hic
1494 2510 1677 2551 sermo
1708 2492 1797 2563 qui
1821 2508 1965 2548 nunc

378 2591 535 2645 nobis
571 2607 634 2644 ex
670 2590 872 2644 divinis
904 2588 1271 2643 voluminibus
1302 2587 1565 2643 recitatus
1602 2595 1703 2650 est,
1737 2586 1781 2640 si
1816 2585 1962 2655 peri—

379 2691 493 2736 tum
540 2681 778 2736 inveniat
824 2690 879 2734 et
937 2682 1251 2751 diligentem
1296 2664 1569 2745 eoionum,
1611 2694 1734 2733 cum
1786 2680 1965 2748 primo

378 2785 583 2827 attactu
616 2774 864 2829 videatur
890 2773 1117 2843 exiguus
1134 2782 1186 2826 et
1208 2771 1413 2837 brevis,
1445 2781 1502 2825 ut
1537 2771 1768 2836 cmperit
1789 2760 1966 2825 exceli

380 2877 431 2919 et
471 2865 790 2936 spiritaliter
818 2864 1067 2926 traCtari,
1100 2864 1299 2917 crescit
1354 2863 1407 2917 in
1458 2862 1729 2929 arbarem,
1779 2861 1835 2917 in
1872 2872 1954 2915 ra-

382 2973 498 3014 mos
531 2966 586 3012 et
622 2959 673 3011 in
708 2958 941 3027 virgulta
983 2954 1334 3020 diﬂunditur;
1359 2944 1429 3007 ita
1454 2964 1513 3008 ιιι
1548 2955 1759 3024 possint
1781 2948 1968 3008 ventre

382 3052 770 3119 disputatores,
821 3048 1090 3112 rhetores,
1125 3055 1371 3099 oratores
1420 3044 1577 3112 hujus
1619 3044 1801 3099 nmndi
1829 3028 1969 3115 ('i'ti,

383 3109 487 3212 qui
505 3141 651 3195 velut
680 3109 810 3194 aves
838 3138 963 3193 caeli
999 3109 1208 3191 levibus
1252 3137 1467 3205 pennis,
1491 3109 1795 3190 verborum
1831 3109 1968 3192 dun;
1997 3109 2041 3167 ε

383 3243 534 3288 taxat
571 3245 789 3301 pompa,
820 3228 1036 3284 excelsa
1062 3236 1344 3283 sectantur
1368 3236 1422 3281 et
1445 3227 1635 3289 ardua.
1662 3236 1716 3282 et
1746 3227 1973 3283 rationi-

384 3326 489 3380 bus
518 3323 661 3391 capti
693 3320 861 3375 velint
905 3319 1150 3374 habitare
1184 3319 1236 3373 in
1289 3319 1458 3373 ramis
1504 3318 1643 3383 istis,
1677 3319 1729 3372 in
1776 3322 1973 3388 quibus

386 3433 495 3472 non
529 3415 778 3485 loquendi
805 3415 968 3467 decor
993 3420 1097 3478 est,
1122 3411 1215 3485 se_d
1245 3412 1385 3466 ratio
1413 3412 1644 3465 vivendi.
1669 3412 1809 3479 Quid
1840 3418 1973 3483 ergo

384 3481 653 3563 faciemus
675 3517 726 3561 et
750 3522 848 3560 nos
868 3504 934 3558 de
969 3490 1055 3559 bis
1071 3481 1194 3575 qua;
1214 3504 1347 3559 lecta
1372 3510 1496 3557 sunt
1518 3492 1713 3559 nobis?
1745 3506 1801 3559 Si
1836 3481 1969 3560 mihi

387 3600 647 3654 Dominus
678 3600 980 3653 concedere
1007 3596 1323 3665 dignaretur
1347 3596 1608 3665 spiritalis
1640 3598 1754 3666 agri
1790 3586 1968 3655 cuiui-

384 3708 459 3748 rse
484 3692 846 3759 disciplinam,
894 3690 940 3743 si
994 3689 1244 3759 peritiam
1281 3688 1493 3744 colendi
1547 3689 1687 3745 ruris
1719 3692 1967 3757 donaret,

385 3800 527 3839 unus
553 3799 735 3839 sermo
763 3797 828 3835 ex
858 3783 941 3835 his
966 3796 1087 3851 quae
1120 3782 1345 3836 recitata
1375 3793 1501 3837 sunt
1528 3784 1579 3835 in
1600 3794 1808 3836 tantum
1841 3800 1968 3850 pos-

385 3889 469 3935 set
510 3880 669 3949 longe
706 3878 922 3945 lateque
971 3873 1223 3938 diﬂ'undi,
1272 3876 1316 3930 si
1364 3885 1542 3930 tamen
1577 3885 1630 3930 et
1658 3877 1969 3930 auditorum

386 3971 663 4040 capacitas
695 3970 921 4032 sineret,
958 3976 1015 4020 ut
1038 3967 1124 4021 vix
1156 3966 1312 4021 nobis
1343 3968 1409 4021 ad
1440 3968 1821 4037 explicandum
1854 3952 1970 4022 sui-

389 4064 575 4119 ticerct
602 4063 736 4115 dies.
776 4056 1137 4115 Tentabimus
1178 4069 1358 4113 tamen
1406 4074 1503 4126 pro
1534 4060 1742 4113 viribus
1770 4060 1974 4114 nostris

389 4155 564 4223 aliqua
588 4154 887 4213 disserere,
925 4152 1090 4204 etiam
1131 4151 1176 4205 si
1205 4166 1379 4219 neque
1410 4150 1565 4206 nobis
1593 4152 1841 4205 universa
1873 4153 1970 4205 eit-

391 4247 618 4314 plicare,
674 4259 851 4312 neque
885 4241 1043 4296 vobis
1090 4251 1285 4296 cuncta
1322 4241 1511 4295 audire
1555 4225 1813 4310 possibiie
1868 4250 1973 4295 est.

389 4338 526 4403 Quia
551 4347 606 4393 et
637 4342 738 4395 hoc
772 4335 947 4405 ipsum
980 4346 1297 4402 agnoscere,
1331 4332 1477 4402 quod
1512 4347 1673 4400 supra
1704 4332 1849 4387 vires
1882 4348 1977 4385 no-

2066 1846 2266 1900 bitaret
2297 1843 2393 1909 ibi,
2426 1852 2480 1897 et
2516 1843 2568 1895 in
2608 1836 2859 1911 Assyrios
2897 1836 2947 1895 vi
2978 1835 3246 1896 abducttis
3269 1852 3351 1894 est
3380 1840 3490 1913 (Η)
3523 1842 3592 1896 δ’.
3630 1853 3650 1895 1

2067 1937 2125 1991 Si
2155 1937 2276 2005 quis
2305 1949 2435 2004 ergo
2458 1938 2633 2004 potest
2668 1931 2901 1987 invicem
2934 1928 3035 1987 siiii
3071 1932 3171 1986 ista
3208 1932 3480 1997 conferre,
3513 1937 3567 1987 et
3587 1945 3655 1988 ex

2068 2012 2151 2086 his
2183 2046 2303 2100 quae
2330 2020 2410 2084 vei
2440 2045 2467 2082 a
2490 2028 2762 2099 priOribus
2788 2028 3012 2090 nostris,
3052 2025 3132 2082 vel
3159 2028 3322 2082 etiam
3348 2044 3375 2082 a
3410 2030 3659 2097 c'o'a'equas

2067 2125 2232 2187 libus,
2262 2125 2354 2178 sed
2386 2134 2438 2178 et
2469 2138 2498 2177 a
2552 2121 2707 2177 nobis
2741 2116 3131 2191 nonnunquam
3182 2121 3456 2191 disputata
3506 2123 3656 2187 sunt,

2068 2216 2370 2287 intelligere
2403 2206 2597 2284 poterit
2630 2214 2749 2284 quae
2782 2216 2853 2269 sit
2898 2210 3169 2287 .Eg'yptus
3208 2214 3261 2270 in
3291 2215 3450 2286 quam
3484 2220 3654 2288 popu:

2069 2305 2151 2364 bis
2187 2300 2278 2365 Dei
2317 2326 2421 2364 non
2473 2318 2581 2363 tam
2611 2310 2676 2363 ad
2718 2308 3067 2363 habitandum
3108 2310 3270 2378 quam
3311 2310 3377 2363 ad
3412 2309 3656 2366 incolen-

2067 2405 2195 2459 dutn
2228 2396 2528 2467 descendit,
2560 2398 2653 2474 qui
2682 2402 2845 2457 etiam
2877 2405 2986 2457 sint
3015 2404 3246 2473 Assj’rii,
3290 2405 3381 2472 qui
3420 2412 3514 2460 eos
3548 2406 3656 2458 vim

2069 2491 2336 2552 facientes
2362 2494 2727 2561 abduxerunt,
2765 2494 3166 2565 consequenter
3202 2498 3444 2552 advertat
3497 2493 3659 2569 130

2068 2591 2193 2660 quis
2245 2590 2315 2669 sit
2362 2589 2798 2656 patriarcharum
2858 2600 3120 2644 numerus
3168 2599 3223 2644 et
3270 2592 3426 2658 ordo,
3470 2594 3660 2660 qumvis

2069 2692 2255 2737 eorum
2280 2682 2474 2736 domus
2513 2690 2566 2735 et
2592 2678 2809 2735 familia:
2836 2680 3211 2752 designentur,
3250 2698 3369 2751 quas
3398 2682 3500 2735 itna
3534 2696 3657 2737 cum

2069 2768 2237 2830 Jacob
2283 2782 2437 2843 patre
2489 2790 2590 2850 suo
2640 2770 2903 2843 ingressa:
2953 2776 3213 2830 dicuntur
3249 2777 3302 2831 in
3336 2775 3655 2850 Egyptian.

2074 2850 2363 2921 Descendit
2393 2868 2536 2919 enim
2576 2849 2765 2918 Ruben
2793 2874 2914 2919 cum
2949 2866 3059 2921 tota
3102 2870 3262 2921 domo
3294 2887 3413 2935 sua,
3448 2849 3501 2925 et
3526 2866 3659 2926 Levi

2071 2971 2197 3011 cum
2235 2966 2346 3010 tota
2387 2958 2549 3013 domo
2591 2972 2712 3021 sua,
2749 2962 2841 3013 Sed
2885 2967 2939 3013 ει
2982 2958 3163 3014 cieteri
3208 2966 3422 3016 omnes.
3456 2963 3656 3035 Joseph’

2076 3047 2280 3111 autem,
2315 3048 2511 3117 inquit,
2544 3044 2661 3102 erat
2698 3051 2750 3102 in
2780 3048 3037 3120 JEg'ypto,
3073 3062 3125 3106 et
3159 3056 3379 3104 umrem
3407 3062 3472 3107 de
3493 3053 3660 3124 (Egys

2076 3131 2169 3210 pto
2195 3141 2424 3208 accepit,
2451 3149 2506 3193 et
2531 3126 2742 3195 iicetibi
2769 3139 2996 3210 positus,
3026 3146 3204 3197 tamen
3235 3140 3287 3196 in
3325 3138 3662 3209 patriarchas

2074 3245 2197 3284 rum
2230 3246 2457 3285 numero
2495 3231 2740 3286 habetur.
2774 3233 2831 3287 Si
2887 3233 3009 3300 quis
3050 3248 3180 3302 ergo
3219 3243 3395 3299 potest
3437 3237 3653 3305 spirita‘a

2077 3315 2202 3374 liter
2240 3320 2339 3374 ista
2382 3317 2657 3376 discutere
2690 3323 3000 3392 etAp'ostoli
3033 3329 3254 3379 scnSum
3286 3326 3435 3397 srqui
3464 3325 3532 3392 '°,
3554 3338 3666 3397 quo

2075 3412 2339 3466 discernit
2371 3416 2423 3468 et
2459 3412 2712 3485 segregat
2741 3413 2927 3477 Israel,
2979 3426 3029 3469 et
3066 3417 3197 3470 dicit
3231 3423 3352 3471 esse
3373 3419 3660 3487 quemdam‘

2075 3505 2375 3558 secundum
2415 3510 2638 3560 carnem
2682 3500 2874 3571 Israel,
2905 3517 2960 3561 ut
2990 3509 3154 3561 alium
3179 3510 3296 3564 sine
3332 3511 3492 3566 dubio
3519 3513 3663 3568 indi-'

2076 3605 2164 3650 cet
2190 3611 2311 3651 esse
2352 3598 2650 3652 secundum
2682 3599 2970 3668 spiritum;
3015 3601 3109 3654 sed
3142 3608 3191 3654 et
3221 3601 3264 3655 si
3295 3601 3418 3669 quis
3453 3617 3666 3657 sermo-

2077 3696 2198 3746 nem
2244 3687 2454 3745 Domini
2479 3685 2791 3757 diligentius
2825 3689 3149 3750 consideret.
3185 3695 3327 3762 quod
3360 3694 3462 3749 ho‘c
3486 3694 3663 3763 ipsum

2076 3785 2325 3853 designat
2370 3800 2494 3838 cum
2539 3785 2667 3839 dicit
2717 3785 2783 3839 de
2816 3782 3052 3854 quodam
3088 3784 3179 3838 ἰε
3233 3803 3252 3836 t
3297 3785 3436 3840 Ecce
3495 3800 3667 3841 verus

2076 3877 2352 3941 istaelita,
2410 3879 2464 3933 in
2513 3892 2619 3947 quo
2665 3877 2819 3933 dolus
2865 3880 2971 3932 non
3001 3888 3112 3943 est;
3157 3898 3174 3930 ›
3213 3887 3266 3932 et
3296 3879 3384 3932 dat
3437 3878 3665 3947 intelligi

2076 3984 2197 4025 esse
2236 3958 2450 4039 aliquos
2482 3974 2638 4024 veros
2667 3960 2971 4033 lsraeiitas,
3002 3972 3217 4040 aliquos
3236 3970 3352 4025 sine
3376 3971 3667 4025 dubio‘nmt

2078 4076 2279 4124 veros;
2333 4062 2533 4131 poterit
2572 4052 2805 4116 fortasse
2845 4060 3188 4130 spiritalibus
3236 4063 3497 4131 Spiritalia
3531 4070 3667 4117 co'u-s

2080 4155 2264 4207 ferens
2320 4163 2375 4206 et
2411 4153 2567 4207 novis
2603 4158 2787 4206 vt-tera
2827 4168 2888 4206 ac
2933 4153 3214 4206 veteribus
3266 4166 3404 4206 nova
3443 4160 3667 4221 compoé

2083 4259 2237 4305 nens,
2288 4242 2606 4312 mysterium
2638 4227 2857 4310 Egypti
2885 4250 2939 4293 et
2978 4244 3413 4311 patriarcharum
3449 4243 3500 4296 in
3547 4258 3667 4297 eam

2082 4320 2451 4389 descensionis
2486 4332 2601 4401 (73)
2638 4335 2945 4385 advertere.
2981 4331 3086 4384 Sed
3115 4342 3170 4385 et
3208 4327 3543 4386 dilferentias
3574 4335 3673 4388 tri-

389 4414 545 4484 stras‘
586 4430 656 4484 sit
687 4429 879 4482 horum
927 4425 1175 4489 scientia,
1206 4440 1312 4480 non
1352 4439 1533 4493 parva!
1560 4410 1817 4505 arbitror
1857 4438 1977 4478 esse
2011 4442 2054 4498 ι)
2086 4410 2248 4478 hutnn
2294 4423 2773 4491 rentemplabitur,
2812 4425 2871 4476 ut
2905 4422 3161 4489 conjiciat
3213 4425 3345 4492 quitt
3406 4422 3673 4480 eximium

393 4522 618 4592 periti:e.
657 4520 945 4574 Videamus
971 4534 1100 4590 ergo
1125 4518 1254 4588 quid
1286 4517 1469 4573 statim
1502 4518 1554 4570 in
1586 4516 1755 4572 initiis
1801 4512 1977 4572 Exodi

394 4614 554 4669 lectio
581 4614 878 4676 contineat,
899 4618 954 4663 ct
982 4624 1086 4679 qua
1114 4624 1401 4677 possumus
1430 4608 1695 4663 brevitate
1714 4619 1974 4679 quantum

392 4708 458 4758 ad
489 4705 905 4760 aediﬁcationem
934 4703 1245 4756 auditorum
1291 4700 1509 4765 sufﬁcit,
1541 4715 1974 4770 persequamur;

393 4799 437 4851 si
494 4807 674 4851 tamen
730 4795 983 4865 precibus
1032 4794 1228 4847 vestris
1277 4792 1503 4862 jnvetis,
1546 4803 1601 4847 ut
1653 4794 1794 4848 adsit
1822 4782 1980 4850 nobis

395 4905 577 4943 sermo
627 4888 747 4944 Dei.
780 4899 837 4943 et
888 4887 1004 4955 ipse
1034 4886 1140 4939 dum
1177 4886 1352 4940 nostri
1409 4886 1659 4952 dignetur
1698 4898 1818 4941 esse
1856 4896 1978 4941 scr-

398 4994 593 5031 IIIOIHS.

465 5072 519 5125 2.
552 5090 570 5122 ι
614 5071 738 5124 lltec
775 5079 923 5135 sunt,
959 5068 1135 5139 inquit
1176 5068 1241 5131 ⁸⁸,
1282 5067 1499 5121 nomina
1528 5065 1763 5121 ﬁliorum
1791 5052 1976 5133 israel,

394 5165 484 5234 qui
511 5163 738 5232 ingrcssi
772 5172 898 5216 sunt
929 5163 979 5215 in
1005 5160 1302 5231 .‘Egyptum
1333 5174 1440 5212 una
1475 5174 1599 5213 cum
1631 5142 1799 5214 .iacob
1826 5164 1980 5228 patre

395 5274 518 5322 suo,
550 5263 920 5327 unusquisque
945 5271 1069 5312 cum
1114 5256 1370 5311 univerSa
1410 5256 1574 5309 domo
1602 5270 1698 5309 sua
1735 5255 1978 5309 intrave-

399 5362 546 5418 rant,
578 5349 793 5414 Buben,
821 5347 1065 5417 Simeon,
1100 5348 1250 5415 Levi,
1293 5335 1487 5414 ludas,
1531 5365 1548 5399 ι
1592 5354 1644 5403 et
1671 5347 1852 5402 cmte'ri
1882 5363 1979 5416 pa-

477 5490 522 5523 "
554 5488 752 5543 Matth.
788 5502 908 5548 XIII,
939 5487 1031 5541 '52.
1107 5486 1153 5519 “'
1172 5486 1341 5542 Exod.
1368 5501 1408 5552 t,
1449 5486 1500 5551 l,
1524 5484 1578 5538 2.

469 5613 582 5683 (7|)
636 5611 902 5683 Sientss.
941 5610 1110 5674 Alias,
1157 5627 1175 5661 ι
1215 5610 1591 5679 disputatores
1636 5610 1691 5663 et
1730 5606 1983 5663 rhetores

394 5682 784 5750 hujltsmundi.
833 5701 851 5731 ι

468 5748 582 5823 (ἸΞ)
618 5754 834 5818 Aliquot
879 5765 1035 5810 mss..
1087 5768 1105 5800 ι
1138 5761 1194 5803 nt
1226 5749 1512 5823 Jtabitaret
1540 5750 1613 5803 ibi
1647 5762 1702 5803 et
1726 5748 1981 5823 Assyrio":

388 5818 518 5877 ,t‘utn
564 5818 625 5876 'vi
682 5823 947 5874 abductus
1006 5831 1108 5873 est.
1148 5840 1165 5871 ι
1226 5818 1389 5873 Paulo
1444 5828 1564 5890 post
1626 5836 1782 5886 tnss.,
1842 5837 1858 5867 ι
1900 5818 1987 5871 Vel

715 5915 986 5975 Panos.
1035 5915 1150 5975 Gs.
1204 5913 1340 5973 XII.

2085 4519 2259 4573 visum
2288 4518 2359 4573 sit
2388 4518 2441 4571 in
2481 4517 2625 4572 tribu
2656 4512 2807 4583 Levi,
2834 4519 2976 4585 quod
3006 4526 3072 4572 ex
3118 4532 3185 4572 ea
3212 4516 3525 4573 sacerdotes
3570 4519 3675 4571 bu.

2085 4610 2216 4665 mitti
2269 4598 2541 4681 clig'un'tur
2591 4616 2655 4665 ac
2702 4609 2973 4675 ministri;
3034 4608 3167 4679 quid
3217 4608 3384 4664 etiam
3427 4608 3480 4664 in
3530 4611 3676 4663 tribu

2079 4682 2213 4757 .iuda
2245 4701 2577 4770 pnecip'uum
2607 4689 2866 4757 Dominus
2889 4700 3142 4766 senserit,
3170 4702 3312 4770 quod
3332 4701 3394 4755 ei
3419 4715 3483 4755 ea
3520 4712 3680 4770 reges

2080 4788 2436 4850 assumuntur
2485 4803 2538 4847 et
2578 4794 2894 4863 principes;
2935 4802 2990 4847 et
3041 4794 3185 4864 quod
3229 4803 3313 4849 est
3345 4794 3517 4862 majus
3557 4800 3660 4846 (tm-

2083 4887 2255 4951 nium,
2289 4887 2432 4956 quod
2461 4885 2525 4938 ei
2562 4887 2673 4953 ipsa
2707 4885 2873 4939 etiam
2926 4882 3188 4939 Dominus
3214 4894 3269 4940 et
3302 4884 3552 4941 Salvator
3582 4888 3690 4940 rm-

2080 4990 2194 5034 ster
2246 4979 2543 5033 secundum
2591 4982 2815 5032 carnem
2864 4979 3124 5033 nascitur.
3172 4977 3368 5033 Nescio
3419 4978 3568 5034 enim
3622 4978 3669 5031 si

2080 5056 2457 5144 hujuscemoli
2495 5072 2775 5141 privilegia
2806 5072 2871 5123 ad
2906 5071 3120 5125 illorum
3153 5072 3350 5126 merita
3377 5071 3668 5128 referenda

2079 5166 2209 5231 siut,
2240 5164 2304 5219 ex
2332 5180 2560 5233 quorum
2600 5165 2770 5231 stirpe
2796 5168 2991 5217 nomen
3026 5163 3108 5218 vel
3136 5163 3399 5233 originem
3436 5163 3667 5225 ducunt,

2082 5259 2133 5312 id
2178 5267 2262 5313 est
2297 5258 2379 5312 vel
2430 5257 2496 5311 ad
2548 5258 2721 5324 ipsum
2766 5252 2984 5322 Judatn,
3033 5256 3118 5309 vel
3156 5257 3223 5309 ad
3284 5254 3435 5321 Levi,
3472 5252 3558 5308 vel
3599 5251 3668 5308 ad

2080 5352 2524 5418 unumquemque
2553 5360 2767 5414 eorum,
2806 5349 2895 5418 qui.
2935 5349 3097 5405 tribui
3124 5361 3324 5402 nomen
3358 5344 3523 5400 dedit.
3557 5342 3671 5420 Muf-

1662 5484 1706 5516 "
1790 5484 1891 5538 Isa.
1950 5500 2044 5553 ιιι,
2075 5486 2129 5541 4.
2205 5486 2307 5539 “1
2358 5488 2487 5542 Cor.
2522 5504 2576 5553 κ,
2627 5484 2710 5541 l8.
2787 5471 2833 5518 ⁸¹
2874 5484 3031 5541 Joan.
3077 5501 3116 5550 ι,
3150 5484 3236 5540 17.

2092 5609 2253 5730 “iam
2280 5624 2307 5660 a
2337 5608 2723 5674 comqualibus.
2765 5625 2785 5658 ι
2815 5602 2982 5668 Alias,
3022 5622 3039 5656 t
3076 5607 3157 5657 vel
3190 5601 3355 5657 etiam
3382 5605 3447 5656 ab
3484 5619 3673 5674 a'qua-
3706 5615 3713 5623 ‘

2114 5693 2251 5730 tms.
2300 5698 2316 5728 ι

2114 5693 2251 5731 111118.
2300 5698 2316 5728 1

2164 5748 2273 5818 (73)
2306 5747 2479 5811 Alias,
2515 5762 2533 5797 ι
2574 5744 3005 5800 descensionem.
3043 5762 3060 5797 ν

3288 5900 3362 5955 10
