4132 6464
438 374 551 430 seu

1907 378 2231 438 ORIGENIS

3624 398 3735 455 300

440 517 534 557 vet
565 501 709 556 enim
750 516 835 557 me
868 502 919 556 in
946 501 1049 555 hac
1090 502 1392 557 intentione
1421 510 1475 557 et
1507 502 1657 568 illud,
1708 504 1849 572 quod
1876 503 2043 559 Joan-
2074 509 2115 565 Α
2148 507 2384 573 habere,
2437 514 2529 563 aut
2570 518 2866 580 nequeunt.
2909 508 3161 583 Denique
3219 515 3407 570 statim
3456 514 3510 572 in
3566 517 3735 577 initiis

441 607 542 647 nes
583 594 633 645 in
666 592 989 663 Apocalypsi
1020 592 1084 646 de
1119 591 1317 662 populo
1349 592 1451 645 hoc
1480 593 1570 661 qui
1606 590 1821 647 Christo
1852 593 2029 647 credi-

441 684 539 749 dit,
567 686 754 739 scribit
786 683 850 740 ".
885 685 1020 739 Dieit
1048 685 1191 738 enim
1215 684 1341 753 quia
1376 699 1439 738 ex
1478 684 1619 738 tribu
1654 684 1842 739 Ruben
1887 684 2027 741 duo-

438 776 614 831 dec'm
653 776 841 844 millia,
866 792 930 832 ex
970 776 1110 830 tribu
1159 776 1380 829 Simeon
1414 776 1699 829 duodecim
1732 776 1921 839 millia,
1954 777 2027 831 si-

436 868 640 924 militer
688 879 868 923 autem
918 877 971 923 et
1022 884 1087 922 ex
1142 867 1371 938 singulis
1425 868 1733 937 quibusque
1777 871 2025 927 tribubus

434 965 683 1019 duodena
719 964 907 1028 millia,
929 979 1065 1032 quos
1092 962 1251 1017 simul
1276 977 1467 1016 omnes
1492 961 1627 1015 dicit
1658 976 1780 1017 esse
1806 973 2022 1018 centum

432 1057 799 1127 quadraginta
856 1066 1091 1125 quatuor
1136 1056 1326 1121 millia,
1350 1056 1440 1126 qui
1474 1071 1533 1111 se
1556 1071 1678 1111 cum
1707 1056 2023 1111 mulieribus

433 1167 540 1203 non
561 1149 1051 1217 coinquinaverint,
1071 1149 1416 1213 sedvirgiues
1434 1149 1850 1218 permanserint.
1869 1148 2021 1215 Quod

432 1244 622 1310 utique
675 1257 799 1293 cum
852 1242 1073 1309 dicitur,
1129 1256 1225 1294 nec
1270 1241 1670 1311 qualiscunque
1723 1243 1802 1296 vel
1839 1244 2019 1312 inepta

434 1336 613 1404 potest
639 1350 760 1389 esse
796 1336 1034 1402 suspicio
1080 1336 1211 1404 quin
1246 1337 1311 1389 ad
1345 1338 1473 1389 istas
1504 1338 1677 1392 tribus
1710 1336 2017 1392 Judamrtnn

432 1428 677 1491 Sitneou,
704 1437 751 1479 cl
790 1427 938 1492 Levi,
964 1438 1017 1481 ct
1046 1438 1270 1482 caeteras
1296 1445 1414 1498 quae
1437 1430 1501 1484 de
1531 1428 1697 1485 Jacob
1727 1446 1897 1501 genus
1919 1433 2018 1485 du-

430 1529 583 1582 r-unt,
638 1520 850 1587 possint
906 1519 1171 1573 revocari.
1205 1520 1282 1573 Ad
1332 1536 1470 1589 quos
1498 1522 1661 1591 igitur
1693 1535 1873 1591 patres
1917 1526 2020 1580 iste

430 1625 688 1664 numerus
720 1610 992 1678 virginum
1026 1608 1341 1663 referendus
1364 1612 1453 1673 sit,
1483 1622 1590 1665 tam
1630 1614 1881 1681 :equalis,
1908 1626 2014 1670 tant

428 1706 663 1775 integer,
704 1716 922 1773 tamque
973 1703 1333 1772 compositus,
1382 1705 1451 1758 ita
1513 1715 1571 1757 ut
1629 1706 1809 1760 nullus
1842 1708 2017 1763 altero

427 1799 675 1867 superior
718 1806 809 1848 aut
842 1796 1065 1851 inferior
1119 1806 1457 1859 numeretur,
1504 1811 1603 1863 ego
1639 1799 1858 1867 quidem
1886 1816 2014 1867 pro-

2136 599 2251 667 ipse
2278 598 2454 654 Adam
2481 601 2611 670 quid
2659 603 2791 657 dicit
2818 603 2975 672 (76)?
3023 623 3042 657 ι
3082 606 3194 662 lloe
3225 624 3369 663 nunc
3395 625 3458 665 os
3486 611 3556 666 de
3591 615 3735 670 ossi-

2132 692 2233 746 bus
2281 693 2434 753 meis.
2477 703 2532 747 et
2589 709 2719 749 caro
2762 695 2829 750 de
2856 710 3025 753 carne
3074 715 3192 753 mea
3231 700 3299 763 ”,
3338 721 3357 754 ι
3411 718 3512 757 nec
3544 715 3729 763 tamen

2129 783 2337 837 addidit
2365 801 2379 838 :
2406 784 2466 837 Et
2514 786 2695 838 anima
2733 787 2800 841 de
2843 787 3024 841 anima
3068 806 3208 845 mea.
3244 791 3350 846 Sed
3378 796 3543 848 velim
3596 800 3729 855 mihi

2129 873 2362 935 diceres,
2390 888 2423 927 ο
2456 874 2649 939 Adam,
2682 876 2725 930 si
2760 892 2821 930 os
2851 878 2916 931 de
2948 878 3054 931 tuis
3087 880 3303 936 ossibus
3348 884 3646 953 agnovisti,
3676 898 3731 943 et

2127 980 2348 1020 carnem
2394 966 2460 1021 de
2490 975 2578 1021 tua
2613 983 2778 1022 carne
2828 971 3070 1035 sensisti,
3118 988 3215 1026 cur
3258 989 3363 1027 non
3405 976 3728 1037 intellexisti

2125 1057 2288 1111 etiam
2318 1059 2555 1111 animam
2580 1060 2645 1113 de
2682 1069 2771 1113 tua
2809 1063 2988 1114 anima
3043 1066 3423 1131 processisse?
3458 1069 3517 1123 Si
3574 1071 3725 1127 enim

2124 1150 2307 1205 omnia
2353 1166 2473 1220 qme
2506 1151 2557 1205 iu
2600 1161 2649 1206 te
2696 1165 2854 1206 erant
2895 1156 3187 1221 tradidisti,
3238 1174 3337 1211 cur
3385 1176 3493 1215 non
3553 1164 3723 1220 etiam

2126 1244 2324 1295 animae
2356 1242 2490 1297 facis
2542 1258 2665 1298 cum
2718 1244 2933 1300 caeteris
2961 1249 3316 1314 mentionem,
3359 1266 3481 1321 qua:
3531 1254 3723 1308 melior

2127 1334 2293 1387 totius
2334 1335 2570 1389 hominis
2617 1351 2743 1403 pars
2779 1338 2905 1391 est?
2958 1340 3064 1393 Sed
3098 1341 3314 1395 videtur
3349 1358 3447 1411 per
3488 1345 3605 1399 luce
3640 1348 3725 1401 in-

2127 1425 2496 1496 telligentibus
2528 1426 2794 1482 indicium
2851 1428 3004 1494 dare,
3035 1432 3178 1500 quod
3212 1430 3325 1502 (77)
3363 1450 3486 1488 cum
3547 1437 3677 1491 dicit
3703 1456 3723 1495 :

2128 1537 2147 1568 ι
2186 1519 2258 1574 Os
2291 1521 2359 1574 de
2395 1521 2611 1575 ossibus
2643 1522 2800 1589 meis,
2826 1532 2879 1575 et
2913 1538 3045 1578 caro
3085 1528 3151 1579 de
3178 1541 3343 1581 carne
3374 1543 3513 1596 mea,
3552 1548 3570 1581 ι
3599 1546 3723 1600 qua

2122 1612 2187 1665 de
2217 1620 2357 1664 terra
2388 1624 2627 1665 suntsua
2654 1627 2776 1667 esse
2805 1614 3071 1682 proﬁteri,
3103 1633 3209 1672 non
3243 1620 3446 1675 audere
3472 1636 3600 1675 vero
3619 1637 3720 1678 sua

2122 1702 2301 1756 dicere
2346 1719 2466 1773 qua:
2496 1706 2600 1759 scit
2638 1720 2745 1760 non
2793 1721 2918 1761 esse
2952 1706 3231 1763 de‘terra.
3268 1709 3372 1765 Sed
3424 1722 3476 1765 et
3522 1712 3714 1768 Laban

2121 1794 2372 1849 similiter
2403 1812 2522 1851 cum
2558 1799 2691 1853 dicit
2732 1799 2797 1852 ad
2836 1798 3024 1865 Iacob,
3052 1802 3314 1870 quoniam
3353 1822 3371 1853 ι
3408 1818 3471 1857 os
3511 1820 3716 1873 meum,

424 1892 574 1958 gredi
607 1891 747 1944 ultra
792 1890 1120 1958 inquirendo
1175 1906 1281 1944 non
1318 1893 1512 1957 audeo,
1546 1892 1637 1946 sed
1667 1903 1717 1946 et
1747 1892 2012 1949 hactenus
2047 1878 2087 1932 Β
2118 1892 2171 1943 el
2199 1905 2328 1944 caro
2359 1905 2476 1944 mea
2507 1906 2567 1943 es
2598 1901 2649 1943 lu
2675 1892 2745 1957 °°,
2785 1910 2801 1942 ι
2836 1907 2935 1947 nec
2979 1894 3095 1962 ipse
3123 1895 3357 1962 amplius
3392 1896 3600 1965 aliquid
3633 1900 3716 1951 vi-

420 2000 557 2055 peue
598 2001 718 2038 cum
754 1984 936 2054 aliquo
985 1983 1301 2037 discrimine
1336 1983 1550 2038 incedo.
1586 1985 1883 2055 Apostolus
1934 1997 2009 2040 ta-

421 2094 545 2133 men
577 2078 842 2146 quasdam
871 2076 1207 2145 suspiciones
1240 2076 1325 2130 his
1352 2077 1440 2146 qui
1478 2077 1642 2131 altius
1664 2078 1859 2132 intueri
1888 2095 2010 2146 pos-

419 2180 567 2237 sunt,
599 2170 852 2238 subjecit,
880 2184 1001 2223 cum
1045 2169 1177 2223 dicit
1204 2167 1250 2199 ⁵³
1280 2186 1294 2223 :
1331 2188 1349 2220 ε
1390 2169 1622 2239 Pr0ptcr
1658 2172 1801 2239 quod
1847 2171 2007 2227 flecto

420 2280 597 2331 gentia
627 2280 750 2317 mea
795 2264 859 2317 ad
891 2256 1109 2317 Patrem
1144 2262 1355 2317 Domini
1392 2264 1565 2319 nostri
1596 2261 1723 2319 Jesu
1779 2265 2007 2331 Christi,

416 2377 484 2414 ex
515 2377 623 2429 quo
655 2358 833 2412 omnis
871 2359 1169 2428 paternitas
1202 2358 1254 2412 in
1293 2359 1446 2413 cmlis
1474 2359 1605 2411 etin
1644 2367 1787 2411 terra
1829 2359 2007 2411 nomi-

420 2464 600 2507 natur.
638 2472 656 2505 ι
700 2453 758 2507 Et
793 2455 1008 2521 quidem
1053 2451 1119 2505 de
1167 2450 1405 2505 terrenis
1464 2450 1888 2519 pateruitatihus
1928 2452 2010 2504 itt-

419 2546 667 2599 tellectus
699 2562 802 2598 nnu
839 2545 1050 2597 videtur
1081 2557 1204 2596 esse
1245 2540 1481 2595 dillicilis
1525 2558 1537 2593 :
1576 2552 1760 2612 patres
1804 2544 2006 2595 etenim

420 2640 657 2692 tribuum
688 2638 766 2692 vel
793 2639 1101 2701 domorum,
1122 2635 1187 2687 ad
1210 2650 1348 2703 quos
1373 2636 1652 2689 successio
1670 2636 2007 2702 posteritatis

419 2732 675 2795 refertur,
729 2730 891 2784 simul
923 2728 1101 2783 omnis
1136 2727 1439 2797 paternitas
1492 2725 1834 2796 appellantur
1868 2726 2005 2796 (7i).

415 2824 472 2877 ltt
504 2824 641 2877 caelo
675 2840 801 2876 vero
830 2822 970 2891 quod
1010 2821 1164 2885 dicit,
1198 2818 1471 2889 quomodo
1500 2828 1592 2872 aut
1624 2818 1863 2889 qualiter
1894 2821 2007 2875 sint

416 2926 622 2986 patres,
668 2926 761 2969 aut
799 2931 896 2983 pro
929 2913 1128 2984 quibus
1182 2909 1594 2979 posteritatibus
1637 2910 1877 2964 cmlestis
1909 2926 2004 2981 pa-

418 3009 644 3061 ternitas
700 3008 1033 3068 nominetur,
1084 3004 1252 3072 ipsius
1295 3012 1379 3056 est
1416 3016 1577 3055 nosse
1630 3002 1823 3067 solius,
1852 3018 2007 3071 cupis

420 3119 437 3150 ι
480 3100 676 3154 coelum
702 3099 822 3154 coeli
852 3108 954 3164 est,
982 3106 1189 3152 terram
1243 3105 1423 3149 autem
1457 3094 1606 3150 dedit
1648 3093 1776 3149 filiis
1824 3096 2004 3150 homi-

415 3212 541 3247 num
572 3195 638 3245 °‘.
680 3212 698 3244 ι

484 3291 541 3343 '5.
573 3286 978 3341 Dcscenderuut
1002 3284 1198 3349 ergoiu
1227 3281 1523 3353 z‘Egyptum
1560 3266 1999 3351 patres,Rubea,

416 3380 661 3441 Simeon,
722 3376 873 3442 Levi,
930 3395 948 3428 ‹
1015 3378 1389 3445 unusquisque
1451 3391 1574 3428 cum
1642 3376 1790 3429 omni
1843 3376 2003 3429 domo

415 3490 512 3527 sua
535 3474 602 3527 ".
643 3492 660 3524 ι
692 3471 971 3537 Quomodo
1007 3471 1131 3540 quis
1159 3483 1212 3524 et
1245 3472 1345 3524 hoc
1376 3470 1666 3534 edisserat,
1697 3469 1839 3537 quod
1876 3483 2002 3521 cum

415 3567 561 3621 enini
624 3565 785 3620 domo
817 3579 913 3616 sua
948 3562 1275 3617 introierunt
1308 3562 1359 3614 in
1406 3556 1737 3631 IEgyptum?
1795 3558 2004 3624 Quibus

417 3660 631 3711 additur
659 3655 772 3725 (Ἰῦ)
810 3674 822 3708 :
872 3672 890 3705 ι
934 3653 999 3707 Ει
1051 3667 1266 3719 omnes,
1300 3649 1501 3720 inquit,
1534 3648 1728 3701 anima:
1757 3662 1873 3715 (pne
1918 3646 1970 3698 in

419 3750 685 3804 troierunt
723 3762 844 3801 cum
889 3744 1079 3807 Jacob,
1128 3756 1290 3796 Lxsv.
1340 3761 1357 3794 ι
1398 3740 1497 3794 Hic
1522 3740 1635 3809 jam
1668 3740 2004 3791 nominando

414 3844 627 3897 animas
662 3854 799 3909 pene
844 3837 1147 3892 nudaverat
1191 3834 1517 3904 mysterium
1549 3846 1735 3886 sermo
1766 3830 2003 3899 prophe-

413 3935 555 3988 ticus
599 3932 743 4001 quod
799 3930 1000 3998 ubique
1047 3933 1389 3985 contexerat,
1439 3932 1497 3975 ut
1549 3921 1803 3991 proderet
1858 3920 2002 3989 quod

412 4040 518 4079 non
545 4023 612 4077 de
644 4020 985 4091 corporibus,
1008 4017 1103 4071 sed
1137 4015 1203 4070 de
1232 4014 1524 4068 animabus
1549 4013 1661 4066 hare
1706 4009 1860 4065 dicit.
1895 4010 2001 4065 Ve-

414 4125 719 4170 rumtamen
750 4113 911 4168 habet
933 4111 1110 4165 adhuc
1145 4107 1390 4163 velamen
1422 4120 1605 4161 suum.
1641 4096 1697 4157 ln
1731 4119 1828 4158 usu
1846 4118 2003 4156 nam-

409 4225 515 4279 que
547 4222 667 4264 esse
700 4207 962 4271 creditur,
993 4202 1211 4256 animas
1240 4216 1336 4270 pro
1367 4199 1684 4255 hominibus
1708 4196 1998 4267 appellari.

407 4301 626 4356 interim
680 4313 823 4356 xxxv
870 4297 1067 4351 animae
1107 4295 1513 4349 descenderunt
1564 4307 1686 4346 cum
1732 4288 1903 4344 Jacob
1947 4290 2000 4344 in

406 4394 722 4463 Egyptum.
775 4391 897 4445 Ista:
946 4398 1075 4443 sunt
1130 4391 1348 4453 animae,
1397 4399 1536 4455 quas
1573 4384 1763 4453 genuit
1807 4379 1998 4437 Jacoh.

408 4487 520 4554 Ego
550 4501 654 4539 non
684 4492 815 4553 puto
835 4482 977 4552 quod
996 4481 1223 4550 quilibet
1248 4480 1527 4535 hominum
1558 4476 1727 4547 possit
1756 4476 1996 4529 animam

2116 1982 2275 2037 detur
2306 1984 2509 2038 audere
2560 1999 2715 2037 stium
2752 1984 2955 2052 dicere,
2992 1986 3093 2039 nisi
3121 1988 3266 2054 quod
3313 1997 3548 2044 terrenas
3594 2006 3718 2046 esse

2115 2076 2605 2147 consanguinitatis
2634 2082 2899 2149 agnoscit.
2923 2080 3037 2133 Alia
3062 2081 3261 2149 quippe
3292 2092 3376 2136 est
3403 2083 3713 2138 animarum

2114 2172 2395 2241 cognatio,
2442 2186 2562 2240 qua:
2589 2172 2666 2226 vel
2714 2170 2886 2226 Iacob
2918 2172 3266 2227 descendenti
3314 2174 3366 2227 in
3412 2173 3712 2246 Egyptum

2115 2263 2375 2326 sor-iatur,
2401 2262 2482 2316 vel
2513 2263 2730 2317 cmleris
2765 2264 3099 2331 patriarchis
3130 2273 3185 2319 et
3210 2266 3418 2319 sanctis
3442 2269 3545 2321 sub
3577 2282 3717 2323 enu-

2115 2355 2421 2408 meratione
2484 2353 2637 2424 131
2699 2354 2945 2424 mystica
2999 2356 3336 2423 posteritatis
3391 2358 3709 2415 ascribitur.

2114 2446 2222 2500 Sed
2284 2447 2374 2516 qui
2412 2446 2651 2500 vicinum
2716 2455 2875 2499 terra:
2912 2448 3231 2517 navigantes
3266 2462 3491 2505 servare
3525 2451 3712 2521 dispo-

2112 2537 2322 2590 suimus
2381 2552 2625 2602 cursum,
2661 2544 2715 2592 et
2753 2538 2926 2608 ipsam
2980 2542 3382 2609 quodammodo
3436 2556 3587 2597 oram
3623 2544 3711 2598 lit-

2116 2631 2249 2685 loris
2274 2630 2566 2699 stringere,
2613 2631 2664 2685 in
2700 2631 2867 2684 altum
2909 2633 3093 2687 nescio
3135 2635 3407 2702 quomodo
3441 2636 3708 2690 undarum

2112 2741 2211 2779 nos
2234 2723 2528 2777 violentior
2548 2731 2715 2776 mstus
2744 2723 2985 2777 abducit.
3032 2723 3339 2780 Redeamus
3364 2726 3531 2797 igitur
3548 2737 3615 2781 att
3645 2741 3709 2781 ea

2110 2832 2233 2887 qum
2264 2824 2666 2884 consequenter
2692 2813 2995 2869 adduntur.

2180 2916 2232 2963 4.
2277 2925 2295 2958 ‹
2330 2906 2571 2961 Mortuus
2605 2916 2707 2970 est,
2734 2904 2991 2974 inquit“,
3033 2906 3234 2977 Jnseph
3265 2916 3320 2965 et
3352 2923 3546 2965 omnes
3582 2907 3694 2963 fra-

2112 3012 2223 3056 tres
2242 2998 2381 3068 eius,
2415 3009 2471 3054 et
2496 3001 2677 3054 omnis
2710 3000 2998 3069 generatio
3026 3001 3139 3055 illa.
3170 3000 3292 3055 Filii
3316 3012 3499 3055 autem
3534 3001 3702 3057 Israel

2110 3101 2401 3148 creverunt
2440 3100 2493 3144 et
2536 3090 2880 3161 multiplicati
2921 3101 3072 3155 sunt,
3129 3105 3184 3147 et
3235 3092 3288 3147 ia
3338 3092 3693 3149 multitudine

2112 3200 2305 3255 magna
2334 3180 2517 3235 diffusi
2546 3190 2694 3245 sunt,
2741 3189 2796 3234 et
2848 3180 3203 3237 inval-ueruut
3247 3184 3475 3237 tnultnm
3508 3183 3703 3248 valde;

2112 3276 2488 3345 multiplicavil
2521 3274 2668 3326 enim
2700 3272 2821 3327 illos
2862 3283 3031 3327 terra.
3076 3293 3095 3327 ο
3135 3275 3315 3330 Donec-
3369 3276 3579 3331 vivt-ret
3607 3274 3701 3329 Ju-

2107 3368 2263 3438 scph,
2300 3382 2406 3422 non
2460 3366 2699 3420 refertur
2747 3367 2890 3435 quod
2941 3366 3281 3435 multiplicati
3337 3369 3543 3423 fuerint
3605 3368 3700 3425 lilii

2108 3461 2295 3525 Israel,
2328 3474 2427 3515 nec
2454 3459 2661 3529 aliquid
2708 3460 2933 3534 omninp
2969 3460 3022 3513 in
3067 3460 3151 3515 his
3201 3464 3269 3516 de
3309 3463 3615 3532 augmenti:
3644 3473 3700 3519 et

2108 3551 2505 3604 numerositate
2560 3561 2916 3605 memoratur.
2952 3551 3063 3621 Ego
3101 3554 3333 3606 credens
3381 3555 3564 3608 verbis
3593 3553 3702 3608 Do-

2110 3643 2242 3695 mini
2272 3642 2374 3696 mei
2405 3639 2533 3695 Jesu
2566 3642 2794 3710 Christi,
2820 3644 2875 3698 in
2908 3644 3028 3713 lege
3056 3654 3108 3698 et
3133 3645 3416 3713 prophetis
3448 3656 3554 3700 tota
3579 3645 3702 3713 qui-

2108 3735 2229 3787 dem
2263 3752 2431 3789 unum
2470 3745 2563 3789 aut
2598 3751 2764 3789 unum
2793 3736 3002 3804 apicem
3036 3754 3143 3791 non
3183 3747 3315 3805 puto
3349 3750 3471 3792 esse
3495 3746 3698 3804 myste—

2108 3827 2204 3881 riis
2268 3843 2537 3893 vacuum,
2592 3842 2689 3881 nec
2748 3838 2883 3896 puto
2944 3828 3149 3897 aliquid
3203 3831 3397 3884 horum
3460 3833 3699 3884 transire

2106 3935 2285 3989 posse.
2313 3922 2485 3974 donec
2519 3922 2702 3974 omnia
2742 3920 2900 3976 flant.
2953 3921 3159 3976 Verum
3198 3922 3460 3992 quoniam
3491 3920 3699 3991 exigua

2106 4014 2427 4082 capacitatis
2454 4029 2665 4080 sumus,
2695 4028 2757 4069 ea
2783 4028 2929 4069 nunc
2959 4025 3169 4069 tantum
3188 4016 3486 4085 pulsemus,
3505 4014 3699 4084 quibus

2108 4107 2278 4161 tutius
2306 4106 2644 4161 iucedamus.
2696 4107 3000 4177 Antequam
3031 4117 3344 4163 moreretur
3385 4118 3572 4163 noster
3601 4105 3697 4161 Jo-

2107 4199 2266 4268 seph,
2303 4197 2391 4251 ille
2426 4198 2519 4268 qui
2573 4199 2882 4253 distractus
2930 4206 3015 4253 est
3056 4195 3278 4269 triginta
3313 4200 3586 4269 argenteis
3631 4200 3700 4253 ab

2106 4306 2215 4345 uno
2246 4307 2311 4345 ex
2347 4290 2611 4346 fratribus
2640 4293 2755 4346 suis
2786 4289 2948 4356 Juda,
2978 4291 3135 4345 valde
3191 4292 3348 4361 pauci
3392 4301 3550 4347 erant
3591 4292 3690 4346 illii

2105 4382 2292 4439 Israel.
2321 4383 2457 4438 Cum
2488 4398 2618 4438 vero
2643 4394 2742 4453 pro
2765 4383 3023 4438 omnibus
3047 4385 3289 4453 gustavit
3321 4394 3573 4451 mortem,
3601 4398 3699 4454 per

2102 4490 2266 4545 quam
2296 4475 2568 4529 destruxit
2602 4489 2726 4529 eum
2755 4473 2847 4542 qui
2886 4474 3121 4529 habebat
3155 4475 3353 4529 mortis
3382 4475 3694 4545 imperium,

406 4579 650 4647 gignere,
688 4576 793 4630 nisi
829 4576 872 4630 si
909 4575 1035 4644 quis
1079 4573 1218 4629 forte
1257 4574 1386 4627 talis
1427 4576 1524 4636 sit,
1552 4570 1731 4641 qualis
1767 4569 1861 4623 ille
1905 4568 1996 4638 qui
2030 4574 2079 4635 ι)
2107 4568 2160 4622 id
2194 4574 2280 4621 est
2307 4567 2586 4622 diabolum
2615 4568 2683 4633 ⁶¹,
2716 4566 3108 4635 multiplicatus
3147 4576 3226 4622 est
3256 4566 3493 4621 fidelium
3522 4581 3696 4636 popu-

406 4670 627 4725 dieebat
667 4670 711 4701 ⁸⁷
742 4683 757 4722 :
803 4687 820 4720 ι
860 4667 992 4722 Nam
1029 4667 1131 4722 etsi
1169 4667 1337 4721 multa
1372 4664 1540 4719 millia
1577 4663 1993 4734 pmdagogorum

406 4763 658 4818 habeatis
691 4763 745 4817 in
775 4762 1020 4824 Christo.
1051 4762 1143 4814 sed
1170 4776 1275 4813 non
1310 4758 1509 4813 multos
1539 4766 1744 4827 patres.
1779 4754 1912 4808 Nam
1940 4752 1993 4806 iu

404 4858 624 4911 Christo
666 4855 792 4911 Jesu
843 4870 938 4926 per
970 4853 1322 4924 Evangelium
1351 4865 1452 4923 ego
1484 4866 1583 4907 vos
1618 4848 1801 4920 genui.
1845 4865 1863 4899 ι
1902 4845 1992 4900 lsti

406 4947 543 5001 tales
578 4956 727 5012 sunt,
758 4948 848 5016 qui
882 4953 1147 5016 generant
1191 4943 1425 5009 animas,
1452 4950 1507 4996 et
1539 4938 1849 5010 parturiunt
1872 4950 1990 4998 eas,

403 5042 547 5097 sicut
583 5050 635 5094 et
684 5039 809 5092 alibi
866 5038 1112 5092 dicit“:
1162 5055 1180 5088 ι
1222 5035 1401 5091 Filioli
1440 5034 1568 5100 tnei,
1603 5047 1742 5102 quos
1792 5032 1990 5085 iterum

401 5135 647 5205 parturio
676 5132 848 5187 donec
898 5129 1163 5184 formetur
1212 5129 1466 5184 Christus
1510 5129 1562 5181 in
1622 5125 1796 5179 vobis.
1835 5140 1854 5174 δ
1889 5120 1991 5175 Alii

401 5227 546 5281 enim
597 5225 905 5293 huiusmodi
951 5222 1319 5294 generationis
1374 5235 1593 5284 curam,
1660 5226 1754 5271 aut
1800 5215 1994 5269 nolunt

915 5342 961 5374 ⁸³
993 5340 1192 5411 Ephes.
1230 5356 1312 5407 Ill,
1353 5340 1443 5393 14.

469 5342 515 5375 ¹¹
541 5344 712 5412 Apoc.
738 5358 835 5398 vn.
915 5342 961 5374 ⁸³
993 5342 1192 5411 Ephes.
1230 5356 1312 5407 Ill,
1353 5342 1392 5393 ιι

469 5414 641 5469 Galat.
666 5430 716 5468 tv
762 5414 846 5468 19.
927 5414 973 5445 ⁸⁸
996 5413 1194 5467 Cenes.
1221 5429 1278 5475 tt,
1302 5411 1392 5465 25.

404 5409 447 5443 ⁸⁸
467 5409 641 5469 Galat.
666 5430 716 5468 tv
762 5414 846 5468 19.

475 5568 583 5641 (74)
610 5571 698 5625 Sic
722 5588 853 5627 mss.
884 5572 1029 5627 Alias
1057 5586 1207 5637 Vero,
1242 5589 1261 5621 ι
1303 5571 1383 5624 vel
1421 5571 1705 5625 domorum
1736 5578 1882 5634 sunt,
1917 5568 1984 5620 ad

401 5655 545 5712 quos
571 5644 915 5712 successio...
947 5646 1245 5712 pateruitas
1275 5643 1611 5712 nominatur.
1657 5658 1675 5690 ι

473 5709 584 5781 (ἶὸ)
617 5711 832 5781 Aliquot
864 5709 1017 5775 mss,
1045 5734 1062 5764 ι
1100 5716 1164 5767 de
1197 5715 1395 5781 quibus
1423 5710 1644 5765 dicitur.
1689 5727 1709 5760 ι

474 5778 587 5847 (7(3)
635 5780 802 5841 Alias,
853 5802 871 5833 ‹
910 5786 1001 5851 qui
1036 5785 1189 5837 dicit.
1215 5778 1253 5835 in
1306 5782 1424 5834 Mox
1478 5796 1575 5848 pro
1617 5781 1699 5833 his
1737 5780 1980 5843 vocrbus,

404 5868 424 5902 ι
464 5864 561 5904 nec
617 5860 796 5904 tamen
857 5858 1081 5917 addidit,
1133 5865 1187 5907 et
1224 5854 1402 5907 anima
1453 5855 1519 5905 dt:
1554 5852 1732 5904 anima
1776 5868 1916 5917 mea,
1962 5870 1979 5900 ι

1545 5339 1593 5370 ⁵⁸
1628 5336 1773 5392 Psal.
1803 5350 1959 5397 est",
1988 5328 2076 5384 16.

1472 5408 1517 5441 ⁶⁰
1539 5409 1739 5464 Cenes.
1779 5422 1931 5471 nix,
1960 5400 2046 5455 14.

2106 4656 2209 4724 lus,
2242 4671 2296 4715 et
2331 4659 2513 4714 diliusl
2567 4669 2695 4714 sunt
2726 4660 2818 4711 lilii
2866 4658 3055 4726 Israel,
3097 4662 3152 4714 et
3183 4658 3567 4729 multiplicavit
3598 4673 3697 4713 eos

2105 4763 2278 4819 terra,
2318 4763 2373 4807 et
2423 4765 2716 4807 creverunt
2749 4756 2912 4810 nimis
2955 4754 3132 4809 valde.
3168 4751 3282 4806 Nisi
3316 4754 3462 4806 enim
3487 4791 3503 4817 ,
3551 4751 3696 4806 sicut

2108 4843 2224 4911 ipse
2252 4842 2391 4896 dixit
2429 4843 2495 4908 ⁸³,
2520 4845 2813 4900 cecidisset
2844 4860 3074 4915 granum
3108 4845 3367 4898 frumenti
3404 4844 3458 4896 in
3493 4852 3695 4897 terram

2105 4945 2161 4992 et
2194 4947 2466 4991 mortuum
2501 4938 2713 5005 fuisset,
2743 4953 2849 4993 non
2891 4939 3086 5008 utique
3115 4938 3351 4992 fructum
3398 4936 3546 4991 hunc
3573 4936 3696 5005 plu-

2106 5029 2303 5083 rimum
2339 5030 2508 5082 totius
2534 5030 2687 5085 orbis
2719 5042 2882 5086 terra:
2924 5025 3168 5086 Ecclesia
3196 5029 3494 5083 attulisset.
3526 5026 3695 5098 Igitur

2100 5129 2466 5189 posteaquam
2499 5122 2697 5176 cecidit
2731 5136 2963 5193 granum
3001 5123 3053 5177 in
3084 5131 3289 5175 terram
3326 5131 3381 5174 et
3418 5130 3695 5174 mortuum

2103 5220 2209 5278 est,
2246 5214 2426 5268 omnis
2461 5215 2581 5269 haec
2618 5228 2684 5269 ex
2720 5216 2837 5284 ipso
2877 5215 3116 5271 surrexit
3158 5213 3395 5268 fidelium
3428 5227 3607 5283 seges,
3642 5223 3698 5267 et

2182 5331 2225 5362 ⁸⁸
2260 5332 2427 5386 Exod.
2460 5349 2499 5398 t,
2534 5334 2584 5387 l.
2695 5336 2741 5365 "
2773 5335 2943 5391 Exod.
2978 5352 3017 5399 ι,
3049 5334 3102 5388 5.
3215 5335 3259 5367 ³⁷
3288 5332 3305 5386 Ι
3334 5335 3462 5392 Cor.
3497 5349 3572 5399 tv,
3612 5333 3694 5387 l5.

2127 5402 2168 5432 ⁶¹
2203 5402 2373 5459 Exod.
2402 5421 2438 5468 ι,
2466 5405 2519 5471 6,
2547 5406 2601 5457 7.
2679 5405 2723 5436 ⁸¹
2753 5405 2914 5460 llebr.
2956 5422 3018 5472 ιι,
3044 5406 3133 5458 M.
3209 5404 3255 5437 “
3277 5406 3432 5461 Joau.
3459 5418 3558 5472 ιιι,
3600 5402 3695 5461 26.

2096 5572 2268 5624 codex
2329 5571 2685 5641 t'iemigianus
2748 5575 2907 5629 habet
2945 5593 2958 5628 :
3002 5595 3018 5625 ι
3056 5574 3168 5628 Cur
3212 5590 3320 5629 non
3377 5572 3691 5635 intellexisti

2096 5644 2261 5695 etiam
2292 5646 2530 5697 animam
2564 5648 2630 5699 de
2664 5657 2750 5698 tua
2788 5649 2967 5699 anima
3005 5646 3381 5714 processisse?
3418 5663 3435 5697 ι

2169 5714 2285 5783 (77)
2313 5714 2402 5767 Vel
2432 5718 2851 5784 expungendum
2899 5718 3029 5769 illud
3065 5736 3082 5767 ι
3122 5720 3289 5785 quod,
3338 5735 3356 5767 ι
3392 5716 3477 5769 vel
3546 5716 3688 5771 infra

2098 5784 2383 5853 legendum
2416 5804 2433 5835 ι
2468 5802 2565 5840 sua
2598 5803 2720 5841 esse
2758 5790 3065 5856 profitetur,
3089 5784 3194 5840 non
3230 5790 3394 5840 audet
3420 5802 3568 5842 vero.
3597 5806 3616 5838 ι
