4132 6412
389 444 487 500 3N

1583 440 1647 495 IN
1690 439 1978 495 EXODUM
2012 438 2290 495 IiOiIIIJA
2336 441 2374 495 Ι.

3552 448 3654 501 302

393 566 734 637 multiplicati
780 578 907 622 sunt
938 566 1032 622 Illii
1083 566 1273 630 Israel,
1306 576 1360 620 et
1412 566 1756 619 invalueruut
1805 566 1967 619 nimis
1998 571 2041 627 Α
2071 566 2254 634 quitur
2284 575 2501 636 gentem
2536 581 2718 629 suam,
2758 583 3051 635 corporeas
3073 570 3281 622 sciliiet
3306 570 3646 639 voluptates,

393 659 569 714 valde.
601 678 620 711 ι
663 660 718 713 In
742 675 959 714 omnem
995 662 1136 714 enim
1184 670 1381 713 terram
1410 660 1577 712 exivit
1614 674 1780 712 sonus
1830 674 1964 726 apo-

395 750 681 812 stolorum,
707 760 762 804 et
793 750 845 804 in
888 751 1022 804 lines
1051 751 1202 803 orbis
1227 760 1389 803 terra:
1417 750 1580 802 verba
1613 763 1803 801 eorum
1829 750 1892 809 ⁸⁸,
1944 766 1961 799 ι

391 852 448 897 et
484 856 581 911 per
624 843 793 911 ipsos,
848 843 986 895 sicut
1032 841 1296 908 scriptum
1334 852 1413 895 est
1440 841 1507 904 ⁸⁵,
1547 859 1567 891 ι
1597 842 1822 895 verbum
1858 840 1967 894 Do-

394 935 523 988 mini
556 935 871 997 crescebat,
904 944 958 987 et
989 933 1467 1002 multiplicabatur.
1512 955 1530 988 ι
1558 933 1679 988 ll:cc
1704 944 1969 1003 quantum

393 1026 458 1079 ad
488 1027 773 1095 mysticum
810 1027 1050 1095 pertinet
1080 1025 1435 1117 intellectum.
1464 1025 1570 1078 Sed
1603 1034 1658 1079 et
1706 1026 1967 1080 moralem

394 1116 446 1169 itt
478 1118 560 1173 his
591 1134 699 1170 non
753 1116 1091 1171 omittamus
1127 1117 1322 1171 locum.
1360 1116 1619 1170 IEdificat
1655 1118 1800 1171 enim
1854 1118 1971 1169 aui-

394 1219 508 1261 mas
533 1206 863 1259 auditorum.
897 1204 1065 1273 Igitur
1097 1215 1149 1259 ct
1186 1207 1237 1259 in
1266 1217 1316 1259 te
1350 1207 1393 1259 si
1443 1208 1709 1261 moriatur
1729 1206 1927 1275 Ioseph
1953 1249 1967 1272 ,

396 1297 446 1349 id
466 1309 550 1350 est
564 1296 607 1350 si
631 1295 1106 1350 mortiﬁcationem
1128 1297 1331 1350 Christi
1350 1297 1402 1350 in
1423 1313 1649 1366 corpore
1668 1308 1757 1348 tuo
1790 1298 1969 1351 susei-

394 1388 542 1455 pias,
574 1402 629 1441 et
656 1388 952 1441 mertilices
988 1386 1230 1442 membra
1270 1398 1354 1441 tua
1387 1399 1644 1457 peccato,
1673 1397 1801 1442 tunc
1830 1389 1882 1440 in
1920 1398 1972 1442 te

396 1479 901 1548 multiplicabuntur
933 1479 1025 1533 lilii
1058 1478 1243 1532 Israel.
1274 1479 1396 1532 Filii
1428 1478 1593 1533 Israel
1623 1494 1820 1533 sensus
1846 1479 1969 1531 boni

393 1580 449 1628 et
469 1571 741 1640 spiritales
772 1571 1137 1640 accipiuntur.
1169 1570 1226 1624 Si
1247 1584 1378 1638 ergo
1408 1584 1599 1623 sensus
1624 1571 1805 1623 carnis
1832 1585 1977 1622 mor-

396 1664 693 1724 liticentur.
716 1677 911 1719 sensus
936 1662 1162 1731 spiritus
1183 1668 1463 1726 crescunt,
1483 1670 1537 1714 et
1553 1662 1793 1729 quotidie
1820 1676 1974 1715 cmo-

398 1757 667 1812 rientibus
709 1756 764 1810 in
798 1765 850 1810 te
901 1755 1079 1821 vitiis,
1116 1754 1382 1808 virtutum
1430 1768 1689 1808 nutncrus
1716 1765 1974 1823 augetur,

397 1850 493 1902 sed
521 1858 576 1902 et
605 1858 751 1901 terra
803 1856 854 1902 te
895 1846 1219 1915 multiplicat
1269 1847 1320 1899 in
1348 1846 1603 1916 operibus
1647 1845 1823 1913 benis,
1857 1859 1976 1912 qua:

2068 670 2123 715 et
2152 662 2405 715 vitiorum
2444 660 2672 714 ducibus
2702 663 2764 714 ad
2800 663 3091 716 consilium
3117 665 3452 726 convocatis,
3481 664 3650 718 initur

2066 752 2390 806 deliberatio
2425 753 2689 807 adversus
2729 752 2867 807 filios
2899 751 3065 806 Israel
3099 755 3370 821 quomodo
3409 755 3642 807 circum-

2067 843 2375 902 veniantur.
2412 845 2687 911 quomodo
2718 845 3119 912 opprimantur,
3150 854 3205 895 ut
3235 843 3346 895 luto
3374 853 3430 897 et
3469 844 3648 897 lateri-

2068 935 2169 990 bus
2202 933 2535 1004 afﬂigantur,
2568 944 2627 987 ttt
2656 950 2835 988 mares
2858 943 3155 1002 exponant,
3192 935 3425 989 feminas
3474 935 3646 998 alant,

2068 1036 2128 1079 ut
2156 1027 2426 1081 aedificent
2451 1028 2710 1081 civitates
2758 1027 2997 1097 Egypti,
3032 1038 3085 1082 et
3108 1028 3361 1083 civitates
3391 1032 3647 1087 munitas.

2070 1117 2186 1171 Non
2217 1117 2371 1172 nobis
2400 1119 2516 1172 lucc
2539 1118 2604 1173 ad
2627 1119 2911 1172 historiam
2936 1120 3136 1188 scripta
3163 1120 3441 1191 suntt80),
3475 1136 3651 1190 neque

2072 1211 2368 1280 putandum
2428 1220 2513 1266 est.
2569 1212 2737 1265 libros
2786 1213 3005 1267 divinos
3058 1211 3435 1283 Egyptiorum
3496 1227 3647 1285 gesta

2075 1315 2333 1366 narrare;
2361 1306 2455 1356 sed
2480 1317 2601 1369 qua:
2624 1303 2825 1369 scripta
2860 1312 3009 1367 sunt,
3064 1306 3133 1357 ad
3165 1315 3411 1359 nostram
3444 1306 3651 1360 doctri-

2076 1408 2199 1448 nam
2232 1402 2286 1447 et
2310 1394 2785 1449 commonitionem
2815 1396 3018 1464 Scripta
3049 1408 3174 1451 sunt
3202 1414 3218 1453 :
3249 1410 3303 1453 ιιι
3330 1409 3384 1453 tu
3418 1399 3509 1467 qui
3535 1397 3654 1453 haec

2076 1485 2249 1547 audis,
2283 1484 2328 1537 si
2358 1483 2497 1539 forte
2527 1482 2637 1551 iam
2664 1485 2893 1553 gratiam
2926 1487 3179 1557 baptismi
3213 1498 3538 1544 consecutus
3567 1504 3656 1550 es,

2076 1586 2129 1629 et
2161 1585 2551 1630 annumeratns
2588 1591 2646 1629 es
2680 1578 2821 1631 inter
2853 1576 2992 1631 ﬁlios
3037 1578 3221 1639 Israel,
3262 1594 3325 1634 ac
3365 1581 3651 1649 suscepisti

2079 1668 2131 1721 in
2175 1677 2225 1719 te
2258 1666 2427 1720 Deum
2461 1683 2665 1736 regem,
2716 1678 2771 1721 et
2804 1678 2921 1736 post
2957 1671 3071 1724 haec
3098 1671 3373 1725 declinare
3414 1673 3652 1726 volueris

2078 1759 2143 1811 ad
2171 1773 2333 1827 epera
2364 1759 2566 1814 ειειτιιιί.
2595 1774 2757 1828 agere
2788 1768 2941 1813 actus
2972 1770 3154 1822 terrm,
3181 1774 3231 1815 et
3263 1763 3403 1815 lutea
3431 1763 3654 1831 explere

2081 1852 2407 1914 ministeria,
2448 1853 2593 1905 scias
2641 1862 2696 1906 et
2751 1866 3019 1921 agnoscas
3050 1854 3180 1921 quia
3228 1855 3466 1907 surrexit
3513 1855 3566 1907 in
3604 1866 3655 1908 te

400 1954 495 2006 per
517 1938 753 1994 elliciutn
789 1940 1033 2009 corporis
1062 1938 1458 1993 tuinistrautur.
1494 1936 1690 1991 Verum
1717 1938 1760 1993 si
1802 1937 1884 1990 vis
1917 1947 1974 1990 nt
2007 1922 2049 1976 Β
2080 1941 2170 1998 rex
2204 1945 2363 2011 alius,
2391 1943 2482 2011 qui
2521 1944 2694 1998 nescit
2719 1941 2943 2012 Ioseph,
2976 1959 3071 1997 rex
3102 1941 3342 2015 Aigypti,
3375 1954 3428 1999 et
3458 1946 3572 2013 ipse
3601 1954 3655 1998 te

398 2032 684 2087 ostendam
735 2032 829 2086 tibi
874 2033 942 2086 de
993 2032 1317 2101 Scripturis,
1348 2032 1472 2101 quis
1501 2040 1585 2085 est
1618 2045 1777 2099 quem
1829 2039 1971 2084 terra

398 2123 863 2192 multiplicaverit,
892 2125 1102 2178 intuere
1126 2104 1427 2193 apostolum
1458 2116 1681 2176 Paulum
1702 2122 1974 2191 quomodo

396 2218 530 2272 dicit
559 2217 604 2247 “
633 2235 647 2271 :
670 2235 690 2270 ι
717 2215 773 2271 Si
796 2228 983 2271 autem
1005 2216 1186 2271 vivere
1212 2217 1264 2270 in
1288 2231 1468 2279 carne,
1500 2218 1586 2270 hic
1611 2216 1739 2269 tuilti
1766 2215 1974 2269 fructus

396 2309 577 2377 epcris
610 2318 716 2372 est,
748 2317 803 2361 et
824 2308 954 2377 quid
980 2308 1174 2378 eligam
1205 2308 1414 2377 ignoro.
1448 2307 1869 2361 Coarcterenim
1904 2321 1970 2359 cx

396 2399 630 2467 duobus,
672 2399 1007 2455 desiderium
1062 2400 1270 2455 habens
1318 2398 1539 2453 dissolvi
1571 2408 1626 2453 et
1678 2406 1800 2453 esse
1849 2413 1971 2451 cmn

393 2491 636 2555 Christo,
680 2492 849 2549 multo
879 2491 1025 2546 enim
1079 2490 1294 2556 melius,
1330 2505 1654 2559 permanere
1700 2498 1883 2545 autem
1918 2492 1971 2543 in

393 2598 561 2640 carne
575 2585 745 2654 magis
756 2585 1122 2639 necessarium
1138 2595 1357 2652 propter
1370 2598 1484 2637 ves.
1499 2600 1517 2635 ι
1532 2583 1690 2637 Vides
1702 2583 1974 2652 quomodo

400 2678 548 2732 hunc
585 2686 729 2732 terra
762 2677 1087 2747 multiplicat
1141 2674 1300 2746 (78)?
1346 2677 1479 2733 lium
1529 2676 1672 2729 enim
1704 2685 1884 2729 manet
1919 2675 1971 2727 in

396 2779 568 2832 terra,
606 2769 657 2822 id
679 2778 763 2823 est
798 2768 849 2821 in
874 2782 1042 2822 carne
1075 2782 1193 2832 sua,
1246 2766 1639 2835 multiplicatur
1683 2766 1969 2820 condendo

396 2858 687 2924 Ecclesias,
718 2860 1117 2930 multiplicatur
1156 2859 1488 2927 acquirendo
1535 2858 1790 2926 populum
1840 2859 1972 2919 Dee,

393 2963 446 3005 et
486 2951 555 3006 ab
581 2950 918 3006 Hierusalem
950 2951 1003 3004 in
1030 2951 1262 3005 circuitu
1288 2948 1540 3018 usquead
1574 2947 1849 3017 Illyricum
1879 2944 1970 3002 Dei

396 3042 751 3110 Evangelinm
790 3041 1160 3107 praedicando.
1192 3039 1302 3094 Sed
1334 3039 1619 3093 videamus
1645 3039 1776 3109 quid
1818 3038 1971 3092 addi-

396 3141 487 3188 Iur
515 3132 569 3186 in
596 3128 1081 3199 consequentibus.

470 3222 526 3275 5.
570 3238 593 3272 ι
636 3218 893 3274 Surrexit
951 3226 1163 3284 autem,
1218 3216 1397 3285 inquit
1428 3216 1511 3283 ⁸⁷,
1579 3230 1672 3272 rex
1734 3217 1873 3272 alius
1920 3218 1976 3273 in

397 3309 661 3382 ﬁgypto,
692 3309 783 3378 qui
811 3308 1093 3363 nesciebat
1125 3307 1352 3377 Josepb,
1376 3317 1433 3363 et
1465 3306 1605 3364 dixit
1643 3308 1789 3379 genti
1820 3322 1930 3363 suae
1958 3326 1973 3366 ;

399 3404 542 3459 Ecce
566 3419 697 3472 gens
730 3402 967 3457 filiorum
1002 3399 1171 3455 Israel
1201 3400 1425 3470 grandis
1472 3399 1762 3454 multitudo
1791 3409 1895 3464 est,
1922 3409 1977 3453 et

401 3495 544 3550 valet
580 3510 745 3564 super
792 3508 909 3546 nos.
944 3511 963 3544 ι
1000 3492 1201 3546 Primo“
1223 3494 1465 3545 omnium
1522 3493 1801 3561 requirere
1853 3492 1976 3547 velo

397 3588 520 3655 quis
552 3597 637 3639 et
671 3600 760 3637 rex
795 3584 846 3636 in
874 3582 1111 3653 JEgypte
1144 3582 1232 3653 qui
1269 3584 1372 3638 scit
1394 3579 1617 3651 Ioseph,
1648 3592 1702 3637 et
1732 3583 1854 3651 quis
1879 3592 1974 3637 est

402 3696 494 3735 rex
525 3679 616 3746 qui
652 3678 827 3732 nescit
860 3675 1082 3746 Ioseph.
1118 3676 1250 3733 Dum
1280 3678 1427 3733 enim
1468 3676 1557 3729 ille
1594 3686 1844 3744 regnaret
1882 3675 1972 3743 qui

401 3773 612 3827 sciebat
655 3771 875 3838 Ioseph,
933 3786 1039 3826 non
1099 3770 1417 3825 referuntur
1469 3768 1649 3823 amicti
1708 3784 1831 3823 esse
1880 3768 1973 3822 lilii

406 3865 594 3933 Israel,
644 3880 821 3935 neque
871 3865 922 3917 in
961 3864 1071 3917 luto
1104 3873 1159 3917 et
1205 3864 1378 3917 latere
1425 3861 1755 3929 consumpti,
1799 3875 1976 3930 neque

402 3959 623 4014 masculi
660 3971 850 4013 eorum
886 3957 1084 4023 necati,
1139 3966 1192 4010 et
1245 3956 1457 4010 fetuiuze
1509 3955 1814 4008 vivificatsc.
1867 3953 1975 4009 Sed

402 4069 526 4108 cum
560 4052 803 4106 surrexit
832 4048 932 4103 iste
965 4050 1057 4116 qui
1088 4063 1195 4101 nett
1227 4056 1451 4102 neverat
1479 4046 1708 4115 Ioseph,
1735 4056 1789 4100 et
1811 4046 1979 4115 ca‘pit

403 4145 519 4215 ipse
552 4157 802 4211 regnare,
854 4150 983 4193 tunc
1028 4139 1147 4192 haec
1195 4137 1375 4192 omnia
1431 4147 1581 4207 gesta
1639 4135 1975 4193 referuntur.

404 4238 540 4304 Quis
561 4249 695 4303 ergo
720 4243 802 4287 est
830 4232 931 4285 iste
976 4245 1097 4296 rex,
1128 4229 1426 4285 videamus.
1462 4228 1519 4283 Si
1544 4227 1806 4283 Dominus
1840 4226 1980 4294 regit

404 4342 523 4393 nos,
560 4337 615 4381 et
645 4339 840 4380 seusus
882 4323 1076 4377 tuentis
1106 4331 1311 4375 nostrae
1343 4320 1675 4375 illuminatus
1700 4334 1726 4369 a
1752 4316 1979 4369 Domino

402 4419 606 4475 Christi
639 4431 857 4485 seraper
883 4414 1200 4471 memoriam
1235 4420 1405 4476 tenet,
1441 4410 1649 4467 faciens
1678 4408 1809 4464 illud
1836 4408 1981 4477 quod

407 4513 603 4571 Paulus
632 4509 699 4565 ad
733 4508 1075 4563 'I’imetbcum
1102 4504 1292 4561 scribit
1317 4503 1361 4535 “
1392 4521 1406 4561 :
1436 4522 1454 4555 ι
1497 4501 1700 4557 Memor
1737 4510 1853 4559 CSIO
1884 4497 1979 4555 tle-

2074 2036 2222 2106 cogit
2259 2036 2326 2090 ad
2359 2050 2524 2104 opera
2557 2050 2676 2101 sua,
2711 2045 2769 2090 et
2821 2037 2940 2107 ipse
2994 2046 3045 2091 te
3095 2037 3229 2091 facit
3282 2037 3509 2092 laterem
3546 2036 3651 2092 sibi

2072 2128 2289 2198 operari
2322 2137 2376 2183 et
2398 2127 2591 2181 lutum.
2627 2126 2746 2196 Ipse
2768 2138 2852 2182 est
2884 2129 2975 2197 qui
3016 2138 3066 2181 te
3096 2130 3455 2198 superpositis
3482 2131 3653 2200 magi-

2074 2220 2207 2275 stris
2240 2229 2294 2274 et
2323 2220 2762 2288 compulsoribus
2817 2221 2886 2272 ad
2914 2235 3079 2288 opera
3122 2231 3334 2274 terrena
3378 2218 3558 2289 flagris
3588 2237 3653 2274 ac

2073 2313 2397 2369 verberibus
2427 2314 2559 2381 agit,
2605 2321 2663 2366 ut
2695 2312 2935 2366 miliilt-es
2977 2313 3052 2366 illi
3097 2313 3369 2368 civitates.
3405 2311 3523 2382 Ipse
3567 2322 3654 2365 est

2073 2404 2164 2472 qui
2194 2412 2245 2456 te
2274 2402 2405 2457 facit
2431 2401 2741 2456 discurrere
2772 2417 2868 2472 per
2904 2403 3183 2465 stecnlum,
3209 2402 3377 2455 maris
3405 2417 3468 2456 ac
3494 2411 3653 2456 terra:

2074 2495 2345 2550 elementa
2374 2509 2470 2563 pro
2492 2494 2795 2562 cupiditate
2828 2493 3065 2549 turbare.
3114 2493 3231 2564 Ipse
3261 2492 3417 2563 132
3452 2501 3536 2548 est
3566 2492 3654 2547 hic

2073 2583 2291 2655 ,Ευριί
2330 2599 2450 2648 rex,
2476 2585 2567 2653 qui
2622 2594 2675 2640 te
2718 2583 2895 2639 forum
2929 2584 3145 2655 pulsare
3190 2584 3380 2639 litibus
3415 2583 3565 2647 facit,
3596 2594 3657 2639 et

2074 2690 2174 2742 pro
2204 2675 2400 2745 exigue
2423 2686 2582 2730 terra:
2615 2677 2823 2745 cespite
2846 2678 3181 2747 propinquos
3222 2675 3420 2746 jurgiis
3454 2675 3657 2747 fatiga-

2077 2782 2159 2832 re,
2190 2777 2264 2833 et,
2304 2778 2363 2821 ut
2387 2769 2457 2821 ita
2493 2768 2671 2822 dicam
2717 2767 2882 2839 (80‘),
2933 2769 3170 2825 castitati
3211 2768 3478 2833 insidiari,
3514 2770 3659 2823 deci-

2075 2873 2205 2929 pere
2236 2858 2630 2922 inuocentiam,
2666 2860 2809 2912 domi
2839 2859 3005 2925 Iade,
3036 2859 3171 2914 foris
3218 2858 3483 2923 crudelia,
3515 2860 3656 2913 intra

2076 2948 2466 3001 conscientiam
2490 2947 2761 3016 ﬂagitiosa
2796 2952 3161 3003 committere.
3195 2947 3331 3001 Cum
3358 2962 3490 3015 ergo
3524 2949 3659 3003 tales

2075 3036 2281 3091 videris
2309 3047 2464 3091 actus
2492 3046 2633 3099 tuos.
2676 3037 2817 3091 scite
2861 3046 2913 3091 te
2957 3038 3069 3105 regi
3108 3035 3365 3106 Egyptio
3394 3036 3657 3102 militare,

2079 3128 2222 3197 quod
2253 3137 2339 3181 est
2365 3127 2547 3181 mundi
2604 3127 2766 3194 hujus
2816 3128 3008 3196 spiritu
3058 3128 3143 3196 agi
3179 3125 3313 3198 (8i).
3358 3126 3418 3181 Si
3447 3142 3575 3181 vero
3605 3138 3663 3183 et

2080 3218 2289 3289 aliquid
2315 3219 2381 3273 de
2416 3218 2519 3272 hoc
2546 3219 2710 3273 etiam
2738 3217 2904 3271 altius
2943 3211 3289 3275 sentiendum
3323 3227 3428 3284 est,
3480 3227 3661 3289 potest

2080 3312 2249 3366 videri
2282 3326 2375 3366 rex
2424 3310 2530 3363 iste
2582 3311 2670 3379 qui
2704 3309 2880 3364 nescit
2916 3304 3141 3377 Jeseph,
3174 3308 3445 3374 diabolus,
3474 3326 3495 3363 ι
3528 3310 3661 3365 insi-

2077 3403 2231 3472 piens
2258 3401 2347 3456 ille
2370 3401 2463 3470 qni
2493 3400 2628 3455 dixit
2667 3399 2719 3453 in
2749 3400 2914 3453 corde
2941 3413 3041 3453 sne
3067 3415 3081 3449 :
3109 3398 3226 3453 Non
3251 3407 3337 3452 cst
3363 3398 3507 3457 Deus
3530 3401 3600 3467 “,
3634 3419 3653 3452 ι

2078 3496 2226 3567 genti
2291 3510 2427 3559 suae,
2468 3493 2570 3548 hec
2603 3503 2687 3547 est
2730 3493 2995 3561 apostatis
3045 3492 3267 3563 angelis,
3320 3493 3573 3564 colloqui,
3602 3504 3661 3552 et

2078 3589 2261 3643 dicere
2283 3587 2329 3618 "°
2365 3602 2376 3634 :
2418 3605 2437 3638 ι
2470 3586 2615 3640 Ecce
2660 3600 2793 3654 gens
2833 3584 3065 3641 Iiliormn
3098 3583 3260 3639 Israel
3297 3601 3486 3655 magna
3521 3587 3655 3644 mul-

2079 3682 2250 3735 titude
2281 3689 2384 3743 est,
2414 3698 2432 3731 ι
2455 3680 2520 3733 de
2543 3679 2625 3732 bis
2649 3677 2856 3733 scilicet
2887 3678 2974 3746 qui
3007 3686 3233 3746 possunt
3266 3689 3443 3733 mente
3486 3678 3654 3733 Deum

2076 3772 2283 3834 videre,
2322 3786 2343 3823 ι
2378 3778 2431 3823 ct
2460 3768 2734 3839 potentior
2765 3773 2851 3823 est
2877 3768 3052 3825 nobis.
3080 3766 3272 3825 Venite
3305 3766 3509 3835 itaque,
3550 3768 3658 3821 cir-

2078 3861 2512 3917 cnmscribamus
2569 3859 2688 3917 illos
2741 3873 2809 3912 ne
2867 3857 3007 3915 forte
3047 3857 3381 3922 increscant,
3442 3866 3656 3913 etcum

2080 3952 2346 4008 acciderit
2378 3950 2535 4007 nobis
2576 3950 2801 4015 bellum,
2848 3950 3194 4005 consentient
3221 3957 3275 4003 et
3307 3949 3360 4004 hi
3411 3964 3534 4007 cum
3568 3950 3660 4003 ad-

2077 4047 2362 4109 versariis,
2408 4052 2463 4099 et
2510 4050 2888 4111 expugnautcs
2952 4054 3051 4094 nos
3101 4040 3330 4094 exibunt
3384 4042 3450 4099 de
3510 4049 3675 4094 terra.

2081 4142 2293 4186 nostra.
2332 4150 2351 4182 ι
2390 4128 2498 4189 Sed
2544 4128 2688 4182 unde
2731 4128 2830 4181 hoc
2860 4128 3027 4180 sentit
3072 4126 3355 4181 diabolus?
3405 4127 3544 4181 unde
3578 4127 3663 4181 in-
3695 4178 3703 4188 ,

2083 4221 2283 4290 telligit
2315 4216 2441 4286 quia
2468 4232 2660 4286 magna
2697 4227 2832 4284 gens
2858 4214 2928 4266 sit
2958 4213 3145 4279 Israel,
3175 4223 3228 4267 et
3272 4213 3391 4281 ipso
3430 4212 3659 4277 fortior,

2084 4312 2192 4367 nisi
2223 4310 2353 4380 quia
2380 4321 2523 4376 sape
2554 4319 2880 4375 congressus
2915 4313 3021 4365 est,
3055 4317 3198 4371 saepe
3251 4302 3438 4363 habuit
3482 4303 3660 4361 lucta-

2086 4416 2244 4467 men,
2280 4407 2335 4453 et
2367 4411 2509 4467 smne
2544 4406 2834 4464 superatus
2863 4393 2985 4449 est?
3041 4391 3158 4448 Scit
3205 4392 3352 4446 enim
3387 4400 3441 4447 et
3485 4392 3663 4461 ipsum

2087 4492 2252 4548 Iacob
2284 4491 2548 4547 lactatum
2584 4501 2728 4549 esse,
2782 4493 2837 4541 et
2861 4484 3133 4556 adjutorio
3156 4483 3331 4555 angeli
3360 4484 3666 4544 obtinuisse

405 4618 524 4661 sum
550 4603 826 4659 Christum
864 4598 1229 4655 resurrexisse
1284 4611 1313 4649 a
1351 4595 1612 4659 mortuis;
1646 4612 1664 4644 ι
1700 4593 1827 4648 dum
1864 4591 1979 4648 ιιωο
2011 4590 2057 4646 ι)
2088 4582 2486 4643 adversarium,
2531 4589 2588 4634 ct
2642 4577 2945 4634 invaluisse
2988 4592 3111 4631 cum
3166 4577 3293 4635 Deo.
3326 4574 3442 4631 Non
3476 4578 3665 4637 dubito

405 4693 781 4764 meminit(79)
801 4692 849 4747 in
872 4690 1129 4761 Egypto,
1149 4689 1198 4742 id
1224 4698 1304 4744 est
1333 4688 1386 4741 in
1407 4700 1573 4745 carne
1591 4693 1796 4748 nostra,
1821 4683 1979 4753 Spiri-

406 4796 495 4841 tus
526 4794 712 4841 noster
738 4798 961 4851 regnum
993 4797 1115 4836 cum
1135 4779 1345 4847 iustitia
1368 4787 1605 4841 tenet,el
1629 4776 1769 4830 lilios
1794 4773 1981 4837 Israel,

406 4896 546 4951 quos
573 4895 737 4949 supra
768 4878 1003 4932 diximus
1038 4873 1388 4929 rationabiles
1412 4886 1629 4934 sensus,
1664 4870 1743 4923 vel
1784 4869 1981 4921 animm

408 4976 663 5037 virtutes,
693 4972 747 5026 in
782 4970 891 5024 luto
928 4979 981 5023 et
1021 4967 1189 5023 latere
1218 4982 1321 5019 ueu
1370 4962 1661 5024 consumit,
1698 4975 1797 5013 nec
1835 4959 1984 5014 curis

407 5083 502 5124 eos
543 5064 776 5121 terrenis
804 5073 858 5117 et
880 5059 1335 5117 sollicitudinibus
1362 5056 1571 5113 atterit.
1611 5054 1667 5108 Si
1706 5068 1835 5106 vero
1858 5064 1986 5121 per-

408 5156 605 5212 diderit
633 5156 826 5210 herum
861 5150 1177 5205 memoriam
1209 5161 1399 5201 sensus
1437 5156 1640 5210 uester,
1676 5142 1985 5196 declinave-

409 5251 479 5304 rit
509 5263 537 5302 a
573 5248 702 5310 Dee,
731 5244 986 5301 nescierit
1015 5240 1315 5304 Christum,
1344 5249 1471 5293 tunc
1487 5236 1754 5306 sapientia
1780 5231 1981 5297 carnis,

407 5357 528 5410 qua:
552 5339 773 5393 inimica
799 5344 883 5389 est
913 5336 1039 5397 Deo,
1087 5332 1334 5385 succedit
1370 5330 1421 5383 in
1467 5342 1722 5395 regnum,
1762 5335 1817 5379 et
1851 5322 1985 5376 alle-

480 5431 528 5466 οι
549 5429 694 5486 Psal.
725 5443 883 5491 xvttt,
916 5426 969 5479 5.
1067 5424 1111 5454 ε’
1144 5422 1265 5477 Act.
1297 5438 1368 5487 VI,
1410 5423 1464 5478 7.

410 5519 532 5565 xm,
561 5502 613 5556 I.
677 5499 724 5530 ’θ
756 5497 929 5552 Exod.
958 5510 995 5560 ι,
1023 5494 1077 5559 9,
1106 5494 1194 5546 ιι).

484 5598 595 5668 (78)
637 5595 762 5668 Mss.
786 5611 813 5668 _i_
849 5592 999 5646 Ilune
1023 5599 1170 5643 terra
1191 5584 1531 5653 multiplicat.
1559 5601 1577 5634 ο
1604 5580 1776 5646 Alias,
1807 5596 1826 5629 ι
1868 5581 1982 5633 lucc

412 5665 556 5725 terra
578 5665 933 5734 multiplicat.
975 5680 993 5711 ι
1036 5729 1084 5735 __
1194 5726 1205 5735 _
1249 5725 1281 5735 ,γ
1486 5724 1498 5735 ,
1738 5731 1748 5735 _
1786 5720 1796 5731 .

485 5740 595 5808 (79)
626 5724 792 5796 Alias,
829 5752 847 5785 ι
885 5734 1009 5785 ιΙιιιιι
1036 5729 1123 5782 hic
1156 5725 1312 5787 vivit,
1348 5744 1365 5774 ι
1407 5724 1499 5778 sed
1537 5738 1667 5777 mss.
1700 5731 1753 5773 ul
1786 5724 1838 5773 in
1880 5732 1979 5770 uo-

412 5822 528 5865 SIro
557 5818 724 5859 textu.

486 5879 596 5949 (80)
633 5876 760 5930 Vide
786 5875 822 5929 Ι.
852 5890 888 5928 ιι
916 5871 1156 5940 Origen.,
1182 5877 1353 5938 quzest
1384 5866 1466 5918 IS.

1558 5420 1603 5451 ιο
1626 5419 1823 5487 Philip.
1859 5432 1896 5481 I,
1926 5411 2020 5479 ea,
2049 5411 2141 5477 25,
2170 5410 2262 5464 at.

2085 4680 2215 4747 quin
2252 4681 2307 4729 et
2358 4675 2589 4728 aliorum
2641 4679 2954 4727 sanctorum
3004 4669 3240 4723 senserit
3284 4668 3576 4732 luctamen,
3608 4679 3665 4723 et

2085 4769 2351 4840 spiritalia
2377 4763 2659 4836 pertulerit
2677 4775 2819 4831 saepe
2837 4760 3158 4823 certamina,
3177 4770 3228 4817 et
3247 4759 3370 4816 inde
3386 4759 3531 4819 dicat
3550 4758 3664 4831 (82)

2086 4864 2215 4933 quia
2246 4876 2377 4932 gens
2410 4859 2645 4913 filiorum
2682 4854 2847 4909 Israel
2881 4868 3070 4923 magna
3109 4862 3192 4909 est
3223 4853 3398 4918 valde,
3431 4862 3486 4905 et
3519 4852 3664 4906 Valet

2086 4970 2250 5025 super
2278 4967 2395 5007 nos.
2423 4949 2532 5005 Sed
2556 4957 2611 5002 et
2639 4945 2771 5000 illud
2796 4945 2937 5014 quod
2971 4944 3144 5007 timet,
3196 4943 3486 5013 nequando
3528 4956 3662 4995 eve-

2088 5048 2205 5103 niat
2229 5045 2310 5099 eis
2342 5041 2569 5103 bellum,
2602 5047 2657 5092 et
2698 5036 3048 5093 consentiant
3080 5033 3413 5089 adversariis
3444 5031 3585 5100 ejus.
3609 5044 3666 5086 et

2085 5138 2317 5193 devictis
2345 5135 2426 5190 eis
2447 5131 2729 5186 discedant
2754 5128 2819 5181 de
2856 5137 2998 5182 terra
3034 5141 3153 5189 sua,
3185 5127 3399 5180 videtur
3430 5125 3560 5177 mihi
3592 5138 3662 5177 ex

2086 5228 2173 5281 bis
2202 5241 2322 5295 qua:
2346 5220 2553 5277 sanctis
2576 5216 2903 5287 patriarcbis
2925 5216 3007 5269 vel
3034 5215 3311 5281 prophetis
3341 5215 3406 5268 de
3428 5214 3661 5266 adventu

2086 5317 2289 5373 Christi
2325 5325 2709 5379 nonnunquam
2744 5307 2977 5361 indicata
3007 5306 3244 5365 fuerant,
3284 5302 3659 5373 presensisse,

2341 5407 2384 5437 ⁸⁷
2410 5405 2582 5460 Exod.
2622 5419 2665 5464 I,
2704 5400 2759 5463 8,
2785 5400 2839 5454 9.
2918 5398 2965 5430 ⁸⁸
2996 5394 3035 5450 ll
3060 5396 3200 5450 Tim.
3237 5410 3299 5458 II,
3332 5393 3387 5449 8.
3463 5391 3661 5449 "Psal.

2161 5570 2297 5640 (80‘)
2334 5570 2483 5632 5|ss.,
2516 5585 2534 5618 ι
2574 5576 2629 5619 ιιι
2661 5580 2763 5618 non
2798 5564 2928 5617 illud
2955 5561 3129 5614 dicant
3153 5574 3166 5621 ;
3194 5556 3362 5611 riibb.
3395 5555 3579 5619 editi,r
3603 5566 3662 5610 ut

2092 5648 2163 5697 ita
2193 5648 2386 5695 dicam.
2428 5658 2446 5688 ι

2163 5713 2275 5776 (81)
2308 5710 2477 5768 Alias,
2516 5725 2533 5758 ι
2575 5702 2837 5776 immundi
2874 5698 3101 5776 sp'_ritus
3128 5696 3491 5776 imperieagi.
3534 5715 3552 5746 ι

2312 5765 2476 5834 Alias,
2512 5795 2529 5825 ι
2562 5775 2713 5833 dicit,
2746 5790 2776 5847 Δι
2806 5782 2858 5823 et
2894 5765 3056 5829 infra,
3089 5784 3105 5815 t
3145 5770 3238 5819 sed
3271 5776 3326 5821 ct
3356 5767 3485 5819 illud
3516 5765 3663 5834 quod

2094 5844 2321 5915 timent;
2362 5868 2377 5899 ι
2413 5858 2464 5898 ut
2498 5858 2628 5897 mss.
2661 5853 2715 5893 ut
2746 5844 2796 5891 ιιι
2840 5849 3027 5912 nostro
3064 5846 3232 5890 textu.
