4110 6412
432 406 550 468 ’ὃοὸ

1901 406 2231 469 ORIGENIS

3612 424 3717 479 3N

442 540 497 587 et
531 532 655 585 inde
702 532 844 586 scire
894 530 1037 602 quod
1090 531 1191 585 sibi
1234 532 1516 588 immineat
1564 534 1787 589 bellant.
1846 534 2023 589 Sentit
2052 537 2097 594 Λ
2129 536 2401 604 perdicem
2428 553 2487 594 se
2509 537 2739 603 dictum,
2777 554 2897 608 qua:
2923 555 3029 595 non
3072 541 3277 611 peperit
3322 556 3719 613 congregasse,

445 634 733 679 venturqu
766 624 857 694 qui
908 634 1077 679 exuat
1129 626 1473 695 principatus
1504 626 1623 694 ejus
1675 637 1730 681 et
1779 640 2023 697 potesta-

445 727 528 771 tes
567 716 634 780 ⁷⁷,
660 726 714 769 ct
750 732 873 770 cum
908 717 1103 770 fiducia
1145 717 1445 785 triumphet
1491 732 1609 784 eos,
1643 728 1699 773 et
1730 718 1913 791 alligat
1972 722 2024 775 itt

443 808 590 876 ligno
624 809 806 862 crucis
837 826 970 863 suat.
1005 811 1172 880 Igitur
1213 824 1511 865 convocata
1557 815 1701 867 omni
1738 825 1899 885 gente
1928 831 2024 869 sua

438 902 841 955 circumvenire
892 912 945 956 et
998 902 1451 957 circumscribere
1495 907 1647 971 cupit
1677 906 1730 959 in
1785 906 2027 960 homini-

437 994 537 1046 bus
563 995 944 1049 rationabilem
979 1012 1219 1061 sensum,
1254 995 1345 1065 qui
1382 1012 1523 1051 nunc
1557 998 1856 1067 figuraliter
1890 1000 2026 1054 dicio

439 1098 529 1137 tur
556 1083 760 1149 Israel;
807 1096 862 1139 et
894 1087 1013 1140 ideo
1061 1086 1309 1157 praefecit
1344 1087 1424 1140 eis
1458 1088 1745 1154 magistros
1774 1104 2021 1157 operum,

436 1178 530 1245 qui
578 1194 673 1232 eos
720 1188 916 1245 cogant
966 1180 1181 1233 discere
1213 1195 1376 1248 opera
1421 1181 1623 1243 carnis,
1670 1180 1815 1233 sicut
1862 1190 1921 1233 et
1968 1181 2021 1234 in

437 1270 665 1325 Psalmis
695 1271 893 1325 dicit"
927 1291 939 1327 :
974 1289 993 1322 ι
1034 1273 1095 1325 Ει
1134 1276 1351 1329 admisti
1386 1284 1517 1329 sunt
1572 1272 1825 1342 gentibus
1855 1282 1912 1328 et
1941 1273 2023 1326 di-

434 1361 683 1415 tiICCI'IInl
728 1378 890 1431 opeia
945 1378 1164 1419 eorum.
1212 1382 1229 1414 ι
1286 1364 1455 1419 Docet
1506 1379 1603 1419 eos
1655 1372 1712 1417 et
1771 1363 2021 1418 civitates

433 1457 703 1513 aedificare
735 1456 1025 1517 I’ltaraoni.
1066 1455 1280 1510 Phitom
1305 1456 1439 1527 (83),
1476 1471 1596 1525 quae
1625 1457 1677 1510 in
1703 1466 1888 1510 nostra
1911 1456 2018 1509 lin;

439 1562 543 1610 gua
571 1549 849 1617 signilical
899 1566 954 1601 os
1005 1550 1337 1617 defectionis,
1373 1549 1455 1602 vel
1490 1566 1548 1602 os
1578 1548 1796 1617 abyssi;
1822 1558 1878 1603 et
1904 1548 2016 1601 Ra-

435 1655 640 1693 messes
695 1638 807 1709 (84)
838 1680 852 1704 ,
904 1655 1023 1707 ιιιιιε
1057 1639 1447 1708 interpretatur
1499 1640 1778 1692 coniuratio
1820 1639 2015 1703 tinem;

436 1734 633 1797 Etlton,
674 1734 725 1787 id
761 1742 844 1787 est
876 1732 1166 1801 IIeIiOpolis
1194 1748 1315 1802 qua:
1364 1733 1563 1787 dicitur
1622 1731 1806 1786 civitas
1862 1733 2012 1785 solis.

445 1828 603 1879 Vides
638 1826 831 1894 quales
862 1825 963 1878 sibi
995 1825 1245 1878 civitates
1278 1824 1537 1878 tediIicari
1591 1825 1840 1893 praecipit
1873 1824 2014 1877 Pha-

2134 640 2189 684 et
2239 633 2383 700 quod
2433 633 2484 685 bi
2517 648 2652 701 quos
2685 650 2790 687 non
2831 649 2955 688 cum
2997 636 3207 705 judicio
3239 639 3613 707 congregavit.
3661 640 3716 695 in

2133 723 2362 777 ditnidio
2406 725 2617 778 dierum
2651 740 2875 779 suorum
2917 727 3304 795 derelinquent
3332 747 3479 792 eum,
3536 743 3589 785 ct
3638 749 3720 785 se-

2131 824 2366 882 quentur
2422 814 2706 869 Dominum
2756 828 2811 871 et
2845 819 3163 874 Creatorem
3225 837 3383 874 suum
3432 823 3718 881 Christum

2129 906 2337 973 desum,
2366 910 2456 978 qui
2490 926 2585 964 eos
2625 911 2811 979 genuit
2857 910 2991 982 (85).
3025 912 3115 966 Ille
3142 923 3323 967 autem
3356 920 3717 985 congregavit

2128 1016 2266 1069 quos
2309 1017 2413 1055 non
2447 1002 2651 1070 genuit.
2691 1002 2754 1055 Et
2784 1003 2903 1056 ideo
2938 1005 3240 1059 remanebit
3290 1007 3489 1060 stultus
3523 1010 3717 1062 inuio-

2130 1094 2369 1148 vissiniis
2401 1095 2534 1156 suis,
2555 1112 2677 1147 cum
2703 1096 2771 1147 ad
2799 1096 3057 1150 faetorem
3081 1106 3137 1150 et
3163 1098 3229 1150 ad
3251 1110 3531 1165 parentem
3555 1117 3715 1157 suum

2129 1181 2406 1245 universa,
2448 1196 2571 1250 qua:
2603 1198 2747 1236 nunc
2781 1198 2877 1252 pro
2906 1185 3067 1255 hujus
3117 1188 3407 1255 tyrannide
3436 1193 3715 1261 congemi-

2127 1269 2249 1333 seit,
2293 1281 2547 1326 creatura
2602 1273 2932 1343 confugerit.
2989 1278 3053 1330 Et
3106 1281 3209 1335 hoc
3260 1280 3597 1350 indignatur,
3657 1295 3714 1339 et

2128 1362 2260 1416 dicit
2291 1360 2359 1427 ⁷⁷,
2382 1381 2399 1413 ι
2430 1376 2497 1419 ne
2520 1377 2920 1433 expugnantes,
2980 1368 3152 1438 inquit
3179 1412 3193 1436 ,
3252 1387 3371 1437 nos,
3421 1384 3620 1428 exeant
3646 1378 3713 1430 de

2127 1462 2270 1506 terra
2298 1465 2505 1508 nostra.
2547 1474 2566 1507 ι
2604 1455 2721 1510 Non
2766 1460 2881 1511 vult
2919 1475 3020 1513 nos
3062 1463 3214 1517 exire
3264 1464 3330 1517 de
3374 1476 3518 1519 terra
3575 1480 3710 1533 sua,

2125 1548 2221 1598 sed
2256 1546 2368 1599 vult
2402 1558 2457 1599 ut
2485 1563 2702 1617 semper
2729 1554 3015 1619 portemus
3057 1552 3351 1624 imaginem
3394 1557 3619 1610 terreni.
3650 1558 3710 1611 Si

2123 1640 2271 1693 enim
2308 1640 2372 1693 ad
2410 1642 2792 1694 adversarium
2829 1645 2948 1711 ejus
2972 1644 3405 1715 confugeriinus,
3450 1662 3574 1702 eum
3614 1648 3710 1718 qui

2126 1731 2279 1784 nobis
2306 1737 2631 1801 praeparavit
2677 1751 2844 1805 regna
2899 1737 3188 1801 caelorum,
3247 1752 3471 1793 necesse
3510 1748 3597 1794 est
3651 1747 3715 1794 ut

2126 1823 2498 1893 relinquamus
2528 1827 2819 1895 imaginem
2846 1828 3068 1892 terreni,
3099 1840 3153 1881 et
3180 1828 3549 1897 suscipiamus
3574 1830 3712 1883 ima-

435 1917 561 1969 rao!
602 1916 695 1979 Os,
724 1916 920 1985 inquit,
954 1914 1215 1967 deficiens
1243 1930 1258 1978 ;
1295 1914 1481 1969 deficit
1514 1929 1751 1984 namque
1776 1929 1857 1975 os,
1891 1928 2017 1967 cum
2052 1901 2094 1955 Β
2125 1915 2304 1981 ginem
2332 1919 2590 1973 rmlestis.
2626 1920 2921 1988 Propterea
2964 1934 3096 1990 ergo
3126 1921 3342 1975 Pharao
3368 1922 3565 1978 statuit
3592 1939 3712 1977 ma-

434 2008 779 2062 metulacium
822 2005 1094 2074 'quuitttr,
1132 2013 1183 2058 et
1237 2020 1265 2057 a
1326 2004 1554 2058 veritate
1600 2004 2020 2073 probationibus

429 2103 637 2156 delieit.
688 2099 781 2154 Ille
827 2100 970 2154 enim
1010 2101 1076 2151 ab
1109 2099 1270 2152 initio
1302 2098 1537 2151 mendax
1586 2096 1778 2161 fuit",
1812 2107 1867 2151 ct
1897 2096 2020 2149 ideo

433 2196 569 2248 tales
619 2194 719 2247 sibi
778 2192 1032 2245 civitates
1081 2191 1343 2244 :elilicari
1400 2189 1539 2243 vult.
1596 2188 1690 2244 Vel
1750 2190 1922 2243 etiam
1955 2201 2019 2241 os

430 2290 635 2359 abyssi,
690 2288 814 2354 quia
846 2286 1072 2355 abyssos
1126 2285 1475 2353 perditionis,
1531 2292 1585 2337 et
1626 2285 1884 2337 interitus
1934 2292 2019 2336 est

431 2381 599 2432 locus.
628 2379 691 2431 Et
724 2378 825 2430 alia
853 2376 969 2443 ejus
994 2375 1191 2429 civitas
1229 2377 1527 2429 commotio
1553 2376 1713 2429 tineae
1746 2385 1853 2432 est.
1887 2374 2018 2429 Οιιιο

428 2488 524 2525 nes
559 2471 708 2523 enim
736 2470 826 2540 qui
855 2484 976 2523 eum
1010 2479 1339 2539 sequuntur,
1389 2468 1463 2522 ibi
1520 2478 1857 2538 congregant
1895 2469 2017 2525 tlte-

430 2580 621 2615 sauros
661 2578 811 2625 suos,
862 2562 950 2614 ubi
1011 2561 1153 2616 tinea
1208 2560 1573 2621 exterminat,
1630 2570 1689 2613 et
1743 2561 1833 2614 ubi
1869 2561 2019 2615 fures

428 2656 692 2707 rIIodiunt
718 2664 773 2708 et
820 2652 1093 2707 furantur.
1136 2652 1241 2705 Sed
1276 2662 1331 2706 et
1360 2652 1639 2705 civitatem
1677 2653 1809 2707 solis
1842 2654 2016 2706 aedili-

428 2757 553 2798 raut
589 2746 727 2799 Ialso
762 2745 1003 2809 nomine,
1046 2758 1147 2812 pro
1179 2758 1245 2797 eo
1274 2743 1419 2811 quod
1456 2744 1732 2797 convertit
1767 2758 1825 2797 se
1870 2743 2019 2797 sicut

429 2839 653 2907 angelus
688 2838 843 2891 lucis.
874 2834 929 2887 In
966 2836 1053 2888 his
1092 2848 1223 2903 ergo
1269 2834 1559 2902 praevenit,
1589 2835 1642 2887 in
1673 2835 1756 2888 his
1784 2844 2018 2904 occupat

431 2939 664 2993 tuentes,
696 2941 818 2995 quae
842 2927 907 2979 ad
940 2927 1041 2978 hoc
1077 2925 1235 2976 factae
1280 2933 1427 2984 sunt,
1471 2934 1531 2977 ut
1566 2925 1791 2979 videant
1822 2926 2013 2981 Deum.

429 3020 695 3086 Prospieit
731 3029 909 3070 tamen
944 3016 1233 3069 iuuninere
1264 3013 1365 3067 sibi
1403 3014 1622 3080 bellum,
1657 3026 1711 3070 et
1740 3030 2014 3073 maturum

429 3114 577 3182 genti
605 3128 717 3165 sua:
747 3109 1061 3163 adfuturum
1088 3110 1255 3161 sentit
1288 3107 1542 3162 exitium.
1568 3110 1692 3163 Ideo
1731 3112 1863 3164 dicit
1889 3114 2013 3181 quia

2122 2008 2323 2077 gistros
2354 2026 2607 2079 operum,
2632 2015 2721 2081 qui
2749 2028 2851 2068 nos
2883 2028 3013 2067 suas
3036 2024 3187 2067 artes
3213 2014 3463 2079 doceant,
3495 2015 3584 2083 qui
3610 2028 3711 2071 nos

2123 2100 2364 2155 artilices
2420 2103 2640 2156 malitia:
2703 2101 2929 2167 faciant,
2986 2106 3077 2171 qui
3135 2104 3292 2157 nobis
3331 2105 3709 2173 magisterium

2123 2192 2388 2245 malorum
2418 2195 2718 2260 praebeant.
2752 2194 2816 2247 Et
2846 2197 2972 2262 quia
3011 2194 3310 2247 tnultisunt
3340 2196 3426 2248 isti
3464 2198 3709 2263 magistri

2122 2295 2173 2337 et
2205 2286 2458 2339 doctores
2485 2287 2725 2350 malitiae,
2758 2302 2892 2354 quos
2926 2286 3167 2355 pnefecit
3198 2287 3431 2351 I'harao,
3472 2297 3526 2341 et
3549 2286 3708 2357 133

2121 2387 2203 2430 est
2230 2378 2419 2445 ingens
2460 2378 2747 2431 multitudo
2772 2378 3142 2447 hujuscemodi
3166 2377 3593 2445 cotnpulsorum,
3612 2378 3706 2444 qui

2120 2484 2312 2523 Omnes
2338 2470 2586 2541 exigunt,
2611 2470 2899 2536 imperant,
2926 2479 2980 2522 et
3013 2479 3519 2537 extorqueutopera
3538 2479 3707 2523 terre-

2124 2579 2189 2616 na
2214 2578 2226 2612 :
2249 2562 2370 2615 ideo
2390 2562 2613 2616 veniens
2627 2559 2891 2615 Dominus
2913 2560 3073 2615 Iesus
3094 2560 3219 2613 fecit
3237 2561 3373 2613 alios
3394 2562 3707 2629 magistros.

2122 2662 2177 2705 et
2219 2654 2494 2716 doctores,
2524 2652 2616 2719 qui
2648 2659 2955 2720 pugnantes
2986 2652 3277 2703 adversum
3321 2649 3462 2712 illos,
3502 2657 3557 2702 et
3587 2651 3709 2702 sub-

2116 2741 2374 2811 jicientes
2411 2757 2603 2795 omnes
2634 2757 2821 2794 eorum
2852 2739 3213 2808 principatus,
3271 2749 3325 2793 et
3376 2748 3703 2807 potestates,

2121 2847 2177 2891 et
2228 2838 2497 2899 virtutes,
2554 2835 2850 2889 defendant
2901 2848 2931 2885 a
2990 2832 3263 2885 violentiis
3320 2847 3512 2887 eorum
3570 2831 3709 2886 Illios

2124 2929 2307 2993 Israel,
2336 2940 2393 2983 et
2423 2933 2655 2983 doceant
2690 2944 2787 2981 uos
2825 2942 2989 2996 opera
3022 2924 3319 2979 Israelitica
3352 2940 3367 2977 :
3403 2935 3459 2979 et
3487 2940 3705 2978 rursum

2124 3025 2357 3077 doceant
2390 3037 2488 3076 nos
2518 3031 2699 3076 mente
2725 3020 2891 3074 Deum
2929 3018 3143 3081 videre,
3186 3019 3495 3087 relinquere
3535 3032 3705 3086 opera

2122 3114 2447 3177 Pharaonis,
2505 3116 2659 3167 exire
2696 3115 2762 3166 de
2791 3124 2935 3165 terra
2971 3111 3217 3182 Egypti,
3268 3108 3509 3177 abjicere
3536 3106 3708 3179 Εεγο

429 3222 564 3275 gens
591 3204 757 3260 Israel
789 3202 930 3256 valet
958 3214 1122 3269 super
1162 3214 1281 3253 nos.
1314 3197 1529 3253 Utinam
1555 3211 1609 3254 et
1637 3201 1705 3256 de
1730 3203 1885 3258 nobis
1908 3204 2011 3259 hoc
2042 3240 2085 3297 ο
2124 3206 2267 3277 ptios
2296 3218 2353 3261 et
2410 3207 2679 3261 barbaros
2710 3220 2920 3271 mores,
2954 3206 3225 3275 deponere
3258 3212 3428 3256 totum
3464 3214 3706 3257 veterem

428 3303 592 3362 dit-at,
626 3297 826 3351 sentiat
855 3310 952 3348 nos
971 3292 1152 3345 Valere
1183 3307 1352 3361 super
1370 3295 1465 3348 se!
1497 3292 1779 3360 Quomodo
1809 3300 2017 3352 sentire

431 3392 535 3444 hoc
564 3387 810 3458 poterit?
841 3386 897 3439 Si
930 3399 1053 3438 cum
1090 3382 1221 3435 inihi
1275 3385 1639 3451 cogitationes
1694 3386 1870 3456 injicit
1904 3404 2016 3440 ma-

431 3484 534 3547 las,
569 3490 625 3534 et
656 3476 1132 3547 concupiscentias
1169 3474 1435 3542 pessimas
1459 3515 1475 3539 ,
1527 3491 1628 3547 ego
1679 3494 1785 3531 non
1838 3479 2008 3532 susci-

410 3577 599 3644 .piam,
634 3573 726 3626 sed
749 3572 929 3640 jacula
955 3572 1074 3641 ejus
1099 3571 1269 3642 ignita
1296 3581 1451 3622 scuto
1484 3568 1604 3622 Iiilei
1647 3569 1927 3637 repellam,
1969 3571 2014 3624 si

412 3670 485 3720 in
519 3666 772 3719 omnibus
806 3680 1151 3734 quaecunque
1212 3660 1454 3732 suggerit
1502 3662 1668 3714 menti
1708 3674 1874 3722 mem,
1912 3678 2016 3729 ego

430 3757 869 3812 menter-Cliniin
901 3759 1003 3810 mei
1042 3756 1257 3809 [hmini
1284 3796 1299 3819 ,
1330 3756 1508 3809 dicam
1543 3754 1589 3784 7"
1623 3770 1635 3805 :
1682 3773 1699 3803 ι
1754 3754 1901 3808 Vade
1930 3766 2016 3807 re.-

433 3863 541 3913 tru,
568 3851 800 3905 Sataua.
838 3850 1117 3918 Scriptum
1170 3860 1255 3903 est
1296 3848 1483 3903 enim:
1522 3846 1812 3900 Dominum
1848 3848 2015 3901 Deum

433 3955 581 3997 tuum
622 3944 900 4008 adorabis,
953 3954 1007 3997 et
1038 3943 1137 4013 ipsi
1163 3943 1260 3998 soli
1300 3942 1527 3997 servies.
1566 3962 1584 3994 ι
1628 3941 1683 3995 Si
1718 3956 1852 4010 ergo
1899 3943 2016 3996 haec

430 4038 742 4101 onmiﬁde,
797 4037 944 4090 omni
1003 4037 1315 4091 constantia
1363 4051 1611 4105 agamus,
1660 4036 1793 4088 dicit
1845 4046 1897 4086 et
1949 4037 2017 4088 de

429 4134 606 4196 nobis,
638 4134 761 4201 quia
783 4132 1093 4203 genslsrael
1118 4146 1308 4195 magna
1328 4140 1433 4193 e51,
1460 4139 1515 4182 et
1542 4129 1685 4183 valet
1712 4145 2013 4198 supernos.

431 4227 538 4281 Sed
577 4238 627 4280 et
657 4230 759 4280 hoc
784 4226 925 4295 quod
967 4225 1104 4278 dicit
1134 4225 1178 4255 ⁷⁸
1206 4241 1218 4277 :
1263 4242 1280 4274 ι
1333 4221 1410 4277 Ne
1444 4222 1585 4277 forte
1615 4224 1826 4276 accidat
1858 4223 2014 4275 nubis

427 4320 648 4384 bellum,
699 4328 754 4375 et
802 4316 1146 4373 consentiant
1191 4326 1245 4370 et
1284 4316 1337 4371 hi
1375 4330 1499 4368 cum
1549 4315 1878 4369 adversariis
1915 4330 2013 4368 uo-

428 4414 600 4477 stris;
644 4431 660 4461 ι
701 4426 769 4465 ex
798 4409 1136 4479 propheticis
1178 4409 1406 4462 vocibus
1439 4408 1692 4476 praevidit
1722 4418 2012 4461 venturum

430 4504 533 4556 sibi
572 4503 769 4555 bellum
798 4514 851 4557 et
881 4502 1366 4571 derelinquendum
1409 4515 1469 4555 se
1498 4516 1527 4553 a
1577 4500 1701 4554 Iiliis
1739 4500 1927 4565 Israel,
1960 4510 2013 4553 et

2121 3305 2395 3357 hominem
2431 3317 2554 3355 cum
2585 3301 2799 3354 actibus
2826 3302 2962 3363 suis,
2988 3308 3043 3353 et
3078 3300 3305 3351 induere
3335 3311 3558 3361 novum,
3602 3294 3701 3363 ιιιιί

2120 3392 2423 3444 secundum
2476 3391 2644 3442 Detun
2696 3398 2917 3443 creatus
2964 3397 3050 3442 est
3103 3388 3353 3440 renovari
3388 3401 3607 3455 semper
3637 3386 3703 3437 de

2119 3485 2206 3537 die
2246 3484 2295 3536 in
2324 3483 2465 3536 diem
2522 3485 2586 3535 ad
2645 3482 2933 3549 imaginem
2986 3481 3106 3549 ejus
3143 3479 3234 3550 qui
3288 3479 3416 3533 fecit
3452 3494 3551 3531 nos
3589 3474 3706 3545 (86)

2120 3574 2324 3629 Christi
2359 3573 2484 3628 Jesn
2529 3574 2743 3628 Domini
2786 3578 2953 3629 nostri
2995 3574 3082 3627 eui
3120 3581 3207 3627 est
3242 3570 3414 3640 gloria
3452 3579 3507 3623 et
3537 3570 3704 3638 impe-

2122 3670 2263 3721 rium
2296 3670 2348 3721 iu
2378 3668 2571 3721 Saecula
2602 3668 2941 3722 saeculorum.
2978 3668 3175 3719 Amen.

2719 3755 2995 3810 IIOMIIJA
3057 3755 3121 3810 Il.

2651 3849 2727 3903 Do
2751 3850 3132 3904 obstetricibus.

2192 3948 2241 4001 1.
2288 3945 2449 3999 Multa
2493 3946 2709 4016 quidem
2754 3949 3041 3999 adversum
3088 3954 3303 4013 gentem
3348 3945 3444 4000 Dei
3485 3945 3708 4000 molitur

2121 4056 2212 4093 rex
2249 4041 2352 4092 iste
2377 4079 2393 4102 ,
2426 4040 2518 4107 qui
2569 4055 2676 4091 nou
2725 4039 2874 4091 novit
2901 4037 3101 4108 Jusepli
3133 4079 3147 4103 ,
3185 4048 3240 4094 et
3290 4050 3439 4093 artes
3478 4038 3707 4094 nocendi

2122 4145 2290 4184 novas
2335 4145 2553 4197 semper
2586 4130 2829 4197 inquirit.
2866 4127 3065 4184 Verum
3101 4144 3245 4184 nunc
3277 4129 3551 4185 calliditas
3589 4130 3709 4199 ejus

2119 4226 2491 4293 supereminet
2535 4226 2751 4275 modum
2784 4261 2800 4285 ,
2833 4236 2958 4275 cum
3007 4222 3367 4276 obstetricum
3402 4221 3710 4276 ministerio

2120 4317 2363 4370 sobolen
2413 4317 2594 4386 gentis
2624 4323 2859 4368 conatur
2892 4316 3243 4384 exstinguere
3269 4354 3285 4380 ,
3320 4331 3551 4385 quarutn
3590 4326 3709 4370 arte

2120 4409 2257 4463 solet
2289 4410 2393 4462 vita
2424 4409 2659 4463 servari.
2697 4409 2836 4475 Quid
2873 4410 3024 4462 enim
3059 4407 3237 4461 dicit?
3275 4427 3292 4459 ι
3320 4406 3386 4461 Ει
3421 4406 3583 4471 dixit,
3619 4407 3706 4460 itt-

2120 4502 2235 4570 quit
2266 4501 2447 4564 ",rex
2479 4500 2857 4573 Egyptiorunt
2893 4499 3279 4555 obstetricibus
3309 4499 3704 4565 Hebraeorum,

429 4592 557 4659 quia
590 4591 939 4644 consentient
971 4593 1288 4647 adversario
1322 4590 1462 4656 ejus,
1496 4599 1551 4643 et
1585 4590 1912 4657 adjicientur
1943 4592 2009 4644 ad
2046 4582 2090 4637 Β
2120 4608 2351 4660 quarunt
2385 4593 2475 4644 uni
2531 4607 2723 4645 nomen
2768 4601 2886 4645 erat
2916 4590 3161 4659 Sephora
3191 4630 3207 4652 ,
3247 4601 3302 4643 et
3340 4605 3540 4645 nomen
3574 4589 3708 4644 slte-

433 4684 742 4737 Dominum.
782 4682 893 4736 IIoc
917 4693 1000 4737 est
1033 4684 1176 4736 enim
1202 4684 1342 4751 quod
1374 4683 1439 4736 de
1486 4696 1553 4735 eo
1578 4680 1844 4736 Jeremias
1885 4698 2013 4751 pro-

434 4778 593 4846 pheta
620 4775 1014 4845 przedi-xerat"
1048 4793 1060 4830 :
1093 4793 1110 4825 ι
1148 4773 1415 4829 Clamavit
1447 4774 1635 4843 perdis
1658 4814 1674 4839 ,
1710 4790 2012 4844 congrega-

431 4875 508 4924 vit
538 4885 658 4939 quae
710 4885 816 4924 non
862 4870 1094 4939 peperit,
1148 4868 1278 4923 fecit
1306 4867 1526 4922 divitias
1573 4883 1699 4922 suas
1732 4884 1837 4923 non
1891 4886 2014 4923 cum

426 4962 653 5034 judicio,
686 4962 737 5014 in
772 4959 995 5015 dimidio
1036 4961 1245 5013 dierum
1295 4958 1412 5027 ejus
1446 4960 1829 5029 derelinquent
1865 4977 2015 5026 cuiu,

431 5066 485 5116 et
519 5055 913 5111 innovissitnis
957 5056 1075 5110 suis
1104 5055 1211 5108 erit
1258 5053 1476 5108 stultus.
1522 5072 1541 5105 ι
1576 5052 1831 5125 Intelligit
1882 5072 2014 5125 ergo

509 5276 551 5313 '"
587 5276 702 5331 Col.
731 5290 770 5330 ι.
816 5273 883 5327 13
958 5273 1009 5303 ⁷⁸
1042 5272 1182 5326 Psal.
1222 5270 1449 5335 cvt,35.

427 5349 473 5382 "
502 5350 668 5402 Icsod.
701 5362 740 5411 t,
774 5346 856 5399 IO.
950 5343 994 5375 ⁷⁸
1027 5344 1196 5397 Exod.
1244 5358 1283 5409 ι,
1317 5342 1406 5407 15,
1437 5340 1522 5394 16.
1605 5342 1649 5371 "
1680 5342 1809 5395 ibid.
1847 5343 1936 5396 I7.

504 5512 617 5578 (83)
653 5510 886 5569 Philam.
926 5510 1192 5565 Ichraice
1218 5516 1343 5566 cna
1379 5507 1434 5559 St
1473 5506 1705 5558 ducatur
1742 5521 1807 5560 ex
1839 5517 1910 5568 τε)
1934 5526 2016 5574 os,

432 5586 543 5637 oris
567 5597 621 5641 et
650 5593 786 5640 Dm
815 5583 1038 5638 absolvi.
1070 5582 1296 5645 absumi,
1324 5579 1565 5643 tle/icere,
1608 5588 1881 5646 utcunque
1935 5582 2016 5631 iti-

437 5658 821 5719 terpretatutur
851 5670 906 5702 os
938 5651 1271 5719 defectionis,
1309 5665 1430 5700 nam
1461 5648 1653 5697 melius
1695 5651 2015 5702 reddetr-tur

434 5739 491 5774 es
514 5721 869 5788 perfectionis,
901 5724 942 5773 si
981 5737 1107 5773 vero
1139 5729 1264 5779 an}:
1291 5736 1352 5771 ex
1379 5727 1455 5776 ΠΣ)
1496 5729 1545 5768 et
1580 5727 1727 5775 mm
1756 5719 1975 5787 abyssus
1997 5760 2012 5782 ,

434 5792 995 5861 abyssiplerivaretur,
1015 5796 1147 5842 verti
1176 5801 1427 5857 possetos
1449 5789 1643 5855 abyssi,
1673 5802 1724 5842 ut
1747 5788 2013 5843 Ilebraiee

434 5864 695 5917 scribitur
713 5869 859 5928 una,
896 5876 1001 5914 non
1017 5870 1228 5927 D7332.

1553 5269 1599 5300 ⁷³
1622 5267 1782 5325 Joan.
1819 5287 1935 5335 VII-I.
1964 5276 2054 5333 44.

2124 4686 2241 4739 rius
2267 4682 2418 4736 Phua
2450 4723 2465 4748 ,
2496 4693 2551 4736 et
2579 4684 2689 4736 ait:
2720 4682 2853 4735 Cum
2880 4680 3308 4735 obstetricabitis
3342 4679 3621 4744 Hebae-3,
3654 4690 3709 4735 et

2125 4793 2290 4848 prope
2318 4788 2531 4847 partum
2562 4784 2749 4839 erunt,
2784 4775 2829 4828 si
2862 4773 3135 4828 masculus
3162 4771 3349 4835 fuerit,
3376 4772 3609 4827 occidite
3640 4773 3707 4826 il-

2124 4869 2233 4924 Iunt
2263 4908 2277 4933 ,
2313 4869 2357 4924 si
2390 4868 2594 4923 femina
2620 4906 2635 4930 ,
2668 4867 2961 4921 vivificate.
2993 4884 3010 4917 ι
3054 4862 3159 4918 Sed
3189 4865 3273 4918 his
3303 4863 3613 4935 adjuugitur
3653 4864 3707 4917 in

2124 4964 2589 5032 consequent-ibus
2625 4962 2702 5014 ηε
2744 4979 2764 5013 ι
2799 4959 3125 5014 Timuerunt
3174 4969 3355 5013 autem
3388 4958 3710 5013 obstetrices

2125 5059 2342 5125 Deum,
2394 5068 2447 5112 et
2492 5074 2601 5112 non
2637 5057 2885 5111 fecerunt
2930 5055 3073 5109 sicut
3112 5061 3448 5123 prameperat
3478 5052 3582 5107 illis
3612 5064 3708 5105 rex

2133 5276 2179 5307 "
2205 5276 2392 5330 Matth.
2430 5290 2505 5338 tv,
2540 5274 2625 5326 10.
2702 5268 2924 5323 "Exod.
2953 5283 2994 5331 t,
3045 5266 3130 5320 10.
3207 5263 3254 5295 ⁷⁸
3288 5260 3400 5317 Jcr.
3430 5275 3565 5319 xm.
3617 5255 3708 5312 ιι.

2189 5505 2304 5577 (84)
2333 5504 2630 5577 Ramesscs,
2669 5498 2937 5555 IIebraice
2962 5506 3167 5577 Bouh
3192 5510 3220 5549 a
3257 5492 3428 5577 verbo
3449 5496 3573 5555 στ’-ι
3596 5498 3708 5577 to:

2116 5564 2654 5641 nare,'commoreri,
2694 5580 2750 5624 et
2796 5583 2922 5624 voco
2967 5582 3049 5633 DD
3085 5571 3252 5631 tinea,
3300 5564 3503 5627 blatta;
3557 5570 3708 5615 recte

2118 5649 2510 5710 interpretatur
2544 5643 2822 5694 commotio
2852 5643 3025 5693 tineae.

2188 5708 2301 5785 (85)
2338 5717 2427 5769 Sic
2458 5730 2587 5767 mss.
2620 5713 2791 5785 Alias,
2828 5732 2847 5785 ι
2886 5711 2976 5778 qui
3012 5725 3110 5785 nos
3141 5708 3348 5785 genuit.
3392 5725 3412 5757 ι

2187 5773 2301 5858 (Βϋ)
2334 5786 2479 5858 Alias
2506 5825 2519 5846 ,
2564 5784 2703 5850 «Qui
2750 5773 2873 5858 fecit
2906 5773 3007 5834 nos
3050 5782 3102 5833 iu
3138 5773 3367 5844 gloriam
3399 5786 3454 5832 et
3486 5773 3704 5832 Iaudem

2112 5856 2289 5913 suam.
2315 5877 2333 5909 ι
2380 5857 2485 5914 Sed
2519 5868 2649 5912 mss.
2682 5864 2737 5908 ιιι
2766 5856 2820 5907 itt
2851 5864 3041 5908 nostro
3078 5862 3249 5905 textu.
