4110 6490
479 387 593 445 δας)

1686 379 1755 435 IN
1788 378 2076 438 EXODUM
2116 378 2398 436 ﬂOMlLlA
2432 378 2517 433 ill”

3645 379 3703 430 5i
3717 378 3770 429 8e

482 506 799 574 impium-er
838 501 1081 572 iniquum
1116 504 1322 559 habeat
1362 512 1599 571 patrem,
1633 513 1815 559 tamen
1865 504 2063 557 dicitur
2091 509 2139 565 Α
2170 503 2474 573 egregium,
2530 511 2698 556 totum
2746 501 2985 569 elegans.
3040 500 3238 555 T‘otum
3295 498 3444 555 enim
3486 512 3747 566 magnum

478 599 544 651 ad
584 613 703 653 eam
760 612 859 666 per
895 598 1226 667 Prophetam
1260 599 1303 630 θ’
1339 616 1352 652 :
1393 616 1410 649 ι
1445 597 1609 660 Audi,
1658 597 1786 661 ﬁlia,
1825 606 1891 651 et.
1912 597 2054 658 vide,

477 697 543 744 et-
574 688 775 747 inclina
826 704 1018 743 aurem
1070 698 1263 761 tuam,
1312 699 1368 743 ct
1426 689 1759 747 obliviscere
1798 689 2058 758 populum

480 792 653 842 tuum.
673 794 727 839 et
753 786 971 840 domum
1003 785 1175 852 patris
1209 785 1309 848 tui,
1336 786 1462 853 quia
1483 786 1797 851 concupivit
1824 799 1919 838 rex
1943 797 2061 852 spe-

472 874 612 929 ciem
649 882 816 930 tuam.
846 893 865 926 r
906 873 1028 926 llzcc
1060 890 1192 944 ergo
1221 886 1307 930 est
1338 890 1467 943 quae
1499 874 1632 933 exiit
1660 876 1726 929 de
1756 875 1920 929 dumo
1956 888 2056 944 pa-

478 963 578 1016 tris
610 972 661 1017 et
695 966 842 1019 venit
866 966 932 1020 ad
959 980 1129 1035 aquas
1153 1007 1168 1032 ,
1196 975 1256 1021 ut
1292 967 1564 1023 lavaretur
1590 983 1621 1021 a
1647 968 1884 1036 peccatis
1936 982 2060 1037 quae

475 1062 833 1110 contraxerat
888 1055 941 1110 in
1006 1058 1169 1117 domo
1213 1060 1385 1128 patris
1427 1059 1534 1116 sui.
1576 1059 1822 1129 Denique
1861 1061 2051 1123 statim

478 1144 691 1199 viscera
744 1147 1135 1211 misericordia:
1172 1150 1417 1220 suscipit,
1457 1160 1510 1204 et
1554 1150 1851 1205 miseratur
1874 1150 2055 1211 infan-

496 1250 606 1289 ειη.
633 1235 760 1291 Hae
790 1250 923 1306 ergo
945 1238 1187 1293 Ecclesia
1224 1254 1289 1296 ex
1325 1242 1580 1310 gentibus
1594 1240 1846 1305 veniens,
1873 1240 1925 1295 in
1962 1256 2059 1310 pa-

473 1325 599 1383 lude
638 1326 844 1381 invenit
888 1328 1159 1398 jacentem
1202 1329 1422 1401 Moysen
1451 1372 1463 1396 ,
1498 1332 1770 1403 abiectum
1801 1348 1831 1395 a
1864 1334 1979 1391 suis
2001 1341 2057 1390 et

472 1418 818 1489 expositum,
838 1420 927 1475 dat
957 1436 1080 1475 eum
1118 1423 1343 1487 nutrici,
1379 1435 1435 1483 et
1460 1426 1708 1481 nutritur
1731 1426 2051 1495 apudsuos,

474 1508 547 1562 lbi
579 1510 688 1580 agit
727 1511 1033 1568 infantiam.
1082 1514 1218 1569 Cum
1265 1524 1448 1569 autem
1493 1515 1687 1571 fortior
1730 1516 1906 1571 factus
1948 1527 2053 1584 est,

475 1606 604 1655 hinc
663 1601 937 1659 inducitur
978 1606 1046 1657 ad
1102 1618 1250 1667 eam,
1307 1612 1365 1656 et
1418 1605 1709 1671 adoptatur
1752 1604 1805 1657 in
1858 1603 2052 1661 ﬁlium.

475 1690 686 1763 Moyses
716 1704 899 1748 autem
941 1696 1067 1763 quia
1100 1694 1190 1752 lex
1230 1693 1571 1764 appellatur,
1594 1693 1651 1750 in
1694 1693 1884 1748 multis
1920 1694 2056 1750 locis

468 1784 579 1853 iam
615 1801 757 1854 saepe
782 1787 1073 1841 dissertuut
1111 1794 1214 1841 est.
1264 1785 1502 1841 Veniens
1542 1800 1674 1856 ergo
1710 1784 1962 1840 Ecclesia
1987 1787 2053 1841 ad

2166 603 2266 657 est,
2298 593 2562 663 quidquid
2620 592 2888 658 spiritale,
2923 592 3188 661 quidquid
3240 591 3495 646 sublimis
3542 590 3745 645 intelli-

2161 686 2359 754 gentia:
2407 695 2514 739 est.
2548 684 2614 738 Ει
2648 698 2870 739 oremus
2910 683 3199 736 Dominum
3233 681 3419 736 Jesum
3460 683 3741 737 Christum

2165 783 2223 827 ut
2251 774 2368 840 ipse
2393 774 2557 828 nobis
2583 773 2781 828 revelet
2814 783 2869 827 et
2922 774 3176 828 ostendat
3212 775 3486 840 quomodo
3515 788 3751 843 magnus

2164 875 2248 920 est
2281 865 2517 939 Moyses,
2545 875 2600 921 et
2633 866 2904 934 quomodo
2924 864 3183 920 sublimis
3206 874 3310 918 est.
3344 865 3461 932 Ipse
3488 865 3628 918 enim
3661 880 3748 920 re-

2164 954 2329 1019 velat,
2392 956 2593 1027 quibus
2666 954 2801 1019 vult,
2842 970 2937 1025 per
2994 955 3263 1022 Spiritum
3315 964 3587 1007 sanctum.
3639 956 3741 1022 Ipsi

2164 1046 2335 1116 gloria
2388 1058 2442 1102 et
2500 1046 2787 1118 imperium
2838 1047 2892 1102 in
2930 1047 3127 1102 saecula
3170 1050 3520 1102 saeculorum.
3545 1048 3744 1101 Amen.

2740 1152 3020 1217 HOMILIA
3074 1152 3165 1207 lli.

2164 1242 2242 1303 De
2283 1259 2344 1298 eo
2366 1243 2510 1314 quod
2535 1243 2790 1310 scriptum
2816 1253 2887 1300 est
2927 1258 2944 1296 :
2978 1261 2995 1294 ι
3045 1239 3160 1312 Ego
3186 1252 3358 1299 autem
3391 1242 3581 1313 gracili
3625 1259 3745 1296 voce

2583 1331 2723 1378 sum,
2752 1324 2802 1367 et
2835 1317 3019 1366 tardus
3057 1314 3263 1383 lingua.
3293 1332 3311 1367 ι

2232 1406 2283 1463 1.
2312 1405 2491 1461 Donec
2536 1416 2682 1461 esset
2714 1404 2930 1475 Moyses
2969 1407 3020 1460 itt
3055 1404 3289 1476 IEgypto
3345 1413 3399 1460 et
3432 1405 3747 1458 erudiretur

2157 1500 2310 1555 omni
2352 1499 2620 1568 sapientia
2654 1496 3058 1568 ASgyptiorunt,
3100 1513 3204 1551 non
3238 1506 3367 1551 erat
3394 1498 3581 1566 gracili
3616 1512 3747 1551 voce

2160 1606 2262 1645 nec
2312 1596 2503 1646 tardus
2573 1592 2777 1661 lingua,
2822 1591 2981 1667 136
3018 1606 3115 1645 nec
3142 1591 3505 1661 proﬁtebatur
3538 1590 3651 1663 (99)
3686 1608 3746 1646 se

2158 1697 2280 1739 esse
2333 1683 2755 1753 iueloquentem.
2806 1685 2933 1745 Erat
2991 1684 3138 1737 enim
3180 1694 3446 1753 quantum
3476 1684 3547 1737 ad
3579 1682 3746 1755 XEgy—

2158 1774 2632 1844 ptios,etsonorte
2664 1776 2829 1838 vocis,
2852 1786 2903 1827 et
2928 1774 3251 1844 eloquentur:
3281 1774 3745 1843 incomparabilis.

477 1848 647 1944 aquas
683 1848 941 1946 baptismi
1000 1879 1243 1949 suscepit
1286 1880 1454 1933 etiam
1484 1848 1683 1949 ιθκΒῙηθ
1717 1894 1838 1949 ηυξ
1866 1889 2052 1934 tamen
2084 1848 2131 1902 Β
2298 1878 2481 1923 autem
2533 1867 2703 1937 οαψίι
2735 1868 2926 1921 audire
2982 1881 3170 1921 vocem
3208 1866 3298 1920 DCI
3340 1877 3394 1919 Cl
3422 1865 3635 1933 eloquia
3666 1867 3748 1919 tli-

480 1962 563 2021 lett
605 1975 724 2018 erat
769 1965 911 2019 intra
980 1967 1113 2025 tibia
1176 1968 1475 2033 conchtsa,
1524 1967 1645 2037 pice
1688 1975 1743 2023 et
1787 1967 2069 2024 bitumine

477 2053 663 2108 oblita.
701 2053 852 2108 Tibis
880 2071 1053 2125 genus
1081 2064 1165 2110 est
1214 2057 1488 2127 tegminis,
1521 2072 1588 2111 ex
1645 2057 1815 2127 virgis
1852 2068 1945 2113 aut
1983 2073 2050 2117 ex

473 2160 678 2215 papyro
737 2156 1076 2213 contextum,
1115 2148 1199 2202 vel
1252 2148 1418 2203 etiam
1457 2163 1523 2203 ex
1549 2147 1811 2203 arborum
1850 2152 2055 2206 cortice

476 2236 789 2302 formatum,
844 2239 985 2293 intra
1046 2241 1190 2310 quod
1254 2241 1486 2311 injectus
1535 2241 1715 2295 infans
1767 2242 2056 2297 videbatur

471 2329 772 2399 etpositus.
804 2328 1028 2387 Jacebat
1070 2348 1198 2403 ergo
1258 2332 1343 2388 lex
1380 2332 1637 2395 conclusa
1676 2333 1819 2387 intra
1857 2332 2053 2402 hujus-

474 2419 616 2474 modi
647 2422 904 2492 tegmina,
956 2432 1013 2478 et
1048 2425 1165 2494 pice
1195 2440 1261 2480 ac
1316 2424 1583 2479 bitumine
1625 2425 1815 2490 oblita,
1856 2426 2057 2485 vilibus

472 2520 530 2563 et
590 2512 781 2566 terreis
828 2511 1142 2568 Iudaeorum
1193 2515 1445 2570 sensibus
1488 2513 1608 2587 (98)
1656 2515 1912 2570 sordebat
1959 2518 2057 2573 oh-

472 2613 649 2671 septa,
712 2619 995 2675 usquequo
1045 2606 1294 2661 Ecclesia
1349 2606 1564 2661 veniret
1605 2622 1671 2662 ex
1708 2609 1969 2679 gentibus
2003 2616 2058 2664 et

472 2706 779 2751 assumeret
812 2712 931 2751 eam
966 2699 1031 2753 de
1066 2698 1225 2754 luteis
1245 2709 1300 2754 et
1323 2700 1667 2769 palustribus
1699 2700 1855 2768 locis,
1891 2710 2055 2771 atque

472 2790 617 2842 intra
645 2790 924 2858 sapientia:
964 2792 1122 2846 aulas
1177 2802 1233 2847 et
1270 2795 1466 2861 regalia
1494 2803 1635 2850 tecta
1664 2795 2053 2850 conscisceret.

473 2880 601 2938 ﬂare
629 2893 806 2937 tamen
833 2884 918 2937 lex
953 2884 1237 2940 infantiam
1269 2902 1423 2947 suam
1445 2889 1587 2959 apud
1621 2903 1750 2943 suos
1780 2888 2054 2957 transigit.

469 2976 630 3043 Apud
660 2974 782 3030 illos
802 2974 949 3028 enim
984 2977 1073 3045 qui
1107 2977 1434 3045 spiritaliter
1461 2993 1581 3033 eam
1631 2979 1933 3049 intelligere
1959 2996 2056 3034 ne-

470 3067 677 3130 sciunt,
715 3064 939 3133 parvula
971 3075 1133 3121 estet
1159 3066 1371 3131 infans,
1401 3077 1456 3122 et
1501 3069 1817 3123 lactentiutn
1853 3070 2061 3125 habens

2160 1957 2298 2013 vina
2322 1959 2625 2029 suscipere,
2670 1968 2795 2015 tunc
2824 1959 2996 2014 sensit
3028 1958 3228 2012 exilem
3264 1968 3321 2015 et
3362 1958 3622 2025 gracilem
3649 1974 3746 2013 vo-

2160 2066 2279 2106 cem
2308 2068 2493 2116 suam,
2513 2054 2839 2127 tardamque
2862 2060 2923 2107 et
2954 2051 3272 2120 impeditam
3311 2065 3435 2113 esse
3463 2066 3620 2103 suam
3667 2051 3747 2103 in-

2162 2144 2357 2215 telligit:
2385 2146 2623 2221 linguam
2648 2161 2663 2209 ;
2701 2155 2829 2199 tunc
2849 2160 2907 2200 se
2948 2145 3264 2213 pronuntiat
3290 2154 3500 2197 mutum
3526 2142 3593 2209 ",
3614 2158 3740 2196 cum

2160 2237 2328 2309 coepit
2383 2252 2687 2308 agnoscere
2729 2252 2917 2291 verum
2969 2238 3097 2291 illud
3131 2234 3396 2300 Verbum,
3436 2233 3581 2304 quod
3624 2244 3745 2289 erat

2160 2332 2211 2387 in
2236 2329 2517 2403 principio
2556 2330 2696 2405 apud
2742 2329 2915 2385 Deum
2955 2330 3021 2387 “.
3058 2328 3166 2387 Sed
3209 2344 3316 2399 quo
3355 2328 3570 2382 facilius
3604 2328 3747 2397 quod

2160 2423 2397 2479 dicimus
2428 2422 2604 2492 possit
2630 2422 2861 2488 adverti,
2889 2432 3105 2479 utamur
3134 2421 3445 2490 hnjttsntodi
3483 2421 3743 2476 similitu-

2156 2514 2305 2570 dine.
2341 2512 2503 2571 Mutis
2567 2513 2903 2571 animalibus
2959 2513 3210 2583 quamvis
3237 2512 3309 2566 sit
3356 2512 3643 2580 impcritus
3690 2520 3747 2566 ct

2162 2605 2434 2673 indoctus,
2469 2604 2812 2660 rationabilis
2843 2605 3005 2660 homo
3041 2606 3085 2659 si
3120 2612 3494 2673 comparetur,
3530 2603 3743 2657 videbi—

2160 2708 2251 2761 tur
2298 2700 2562 2769 eloquens
2625 2699 2693 2753 ad
2741 2699 3213 2767 comparationem
3270 2711 3460 2750 eorum
3502 2710 3623 2764 qua:
3686 2703 3743 2749 et

2161 2791 2395 2849 rationis
2424 2800 2480 2846 et
2504 2790 2656 2846 vocis
2683 2790 2927 2860 expertia
2962 2801 3125 2855 sunt;
3158 2790 3201 2844 si
3240 2804 3371 2844 vero
3412 2787 3646 2842 eruditis
3690 2798 3747 2840 et

2164 2883 2549 2955 eloquentibus
2590 2882 2747 2949 viris,
2779 2881 3018 2951 atquein
3054 2880 3203 2936 omni
3240 2880 3513 2950 sapientia
3547 2879 3744 2947 proha-

2164 2958 2391 3035 tissimis
2420 2976 2766 3041 conferatur,
2802 2985 2857 3029 et
2885 2974 3211 3042 ineloquens
3239 2982 3296 3028 et
3326 2982 3506 3026 mutus
3534 2970 3745 3026 videbi-

2165 3078 2276 3122 tur.
2328 3069 2399 3123 At
2444 3069 2488 3123 si
2518 3069 2695 3137 ipsum
2725 3068 2849 3137 quis
2892 3066 3294 3133 contempletur
3333 3065 3578 3119 divinum
3612 3061 3747 3117 Ver-

473 3174 491 3206 r
512 3161 652 3211 sbos.
681 3154 816 3211 Cum
850 3170 982 3209 vero
1013 3156 1080 3209 ad
1112 3157 1416 3212 Ecclesiam
1451 3160 1627 3226 venit,
1656 3174 1779 3212 cum
1805 3159 2058 3215 Ecclesiae
2086 3186 2130 3243 ρ
2165 3160 2314 3224 bum,
2341 3160 2621 3229 ipsamque
2642 3160 2881 3215 divinam
2906 3158 3172 3227 reSpiciat
3204 3157 3549 3225 sapientiam,
3567 3170 3742 3224 quan-

479 3247 785 3315 ingreditur
811 3248 1055 3313 domum,
1090 3247 1291 3302 fortior
1341 3259 1426 3305 cst
1464 3261 1520 3305 ct
1566 3251 1796 3307 validior
1824 3252 2060 3323 Moyses.

478 3335 675 3396 Δηιοιο
704 3336 850 3391 enim
888 3337 1160 3397 velamine
1210 3339 1428 3406 litterae,
1449 3341 1725 3412 perfectus
1741 3346 1798 3399 .in
1830 3345 2064 3401 lcetione

477 3431 597 3499 ejus
646 3433 799 3487 cibus
836 3442 890 3489 et
947 3434 1153 3493 solidus
1180 3434 1479 3493 invenitur.
1542 3436 1685 3504 Quid
1753 3448 1931 3493 tamen
1981 3448 2063 3495 est

476 3523 621 3591 quod
647 3533 699 3579 et
730 3526 1037 3587 mercedem
1087 3528 1554 3584 nutrimentOrum
1603 3546 1633 3587 a
1682 3531 1789 3589 ﬁlia
1828 3534 2063 3603 percipit

475 3612 803 3680 Eltaraonis,
840 3618 929 3672 illa
968 3621 1109 3687 apud
1166 3637 1329 3691 quam
1372 3621 1459 3677 lex
1494 3632 1550 3678 et
1581 3634 1706 3680 nata
1740 3637 1843 3694 est,
1877 3638 1931 3683 et
1960 3646 2060 3684 nu-

477 3707 650 3760 trita?
678 3706 817 3773 Quid
840 3717 924 3763 est
950 3712 1093 3779 quod
1117 3710 1406 3783 Synagoga
1436 3714 1637 3784 accipit
1671 3716 1737 3771 de
1776 3717 2060 3774 Ecclesia?

475 3797 614 3861 [Puto
653 3800 785 3855 illud
841 3802 1071 3872 intelligi
1110 3820 1303 3873 posse,
1329 3808 1473 3876 quod
1500 3808 1643 3863 idem
1690 3808 1902 3881 Moyses
1929 3812 2059 3867 scri-

470 3892 577 3961 bit,
630 3893 821 3951 dicens
842 3896 929 3950 ":
972 3914 989 3947 ι
1027 3896 1139 3966 Ego
1167 3898 1219 3951 in
1277 3913 1383 3954 non
1414 3909 1629 3969 gentem
1663 3901 1717 3956 in
1751 3902 2056 3959 mmulalio-

468 3999 598 4039 item
646 4001 744 4041 vos
778 3985 1058 4049 inducam,
1092 3987 1145 4040 in
1170 3996 1395 4056 gentem
1430 3990 1784 4060 insipientem
1823 3992 1875 4046 in
1918 3996 2055 4048 iram

475 4090 572 4129 vos
603 4075 913 4131 concitabo.
964 4075 1345 4147 tetSynagoga
1368 4093 1503 4148 ergo
1539 4080 1605 4137 de
1638 4081 1881 4137 Ecclesia
1912 4084 2057 4145 istud

477 4166 745 4221 mercedis
770 4165 993 4235 accipit,
1048 4177 1109 4219 ut
1147 4166 1287 4221 ultra
1341 4167 1481 4223 idola
1511 4186 1615 4225 non
1655 4172 1819 4227 colat.
1857 4173 2057 4231 Videns

473 4259 619 4313 enim
643 4272 739 4315 eos
767 4258 858 4327 qui
887 4272 956 4313 ex
998 4258 1262 4328 gentibus
1294 4268 1446 4324 sunt,
1488 4261 1559 4325 ita
1599 4264 1667 4317 ad
1726 4266 1895 4320 Deum
1922 4282 2057 4321 con-

479 4363 666 4403 versos
695 4363 840 4413 esse,
876 4357 936 4402 ut
970 4350 1109 4402 ultra
1143 4348 1286 4403 idola
1336 4350 1610 4415 nesciant,
1665 4353 1832 4407 Deum
1862 4367 2059 4424 praeter

474 4452 642 4492 unum
687 4439 958 4494 neminem
1022 4448 1389 4506 venerentur,
1438 4440 1550 4511 ipsa
1588 4442 1866 4501 erubescit
1914 4446 2056 4509 idola

2168 3250 2323 3305 taavis
2373 3251 2444 3305 sit
2480 3249 2829 3314 eruditionis,
2874 3259 2929 3304 et
2957 3258 3397 3319 quantmcunque
3439 3246 3744 3315 sapientiae,

2166 3339 2339 3399 multo
2360 3340 2596 3409 amplius
2648 3355 2810 3409 quam
2844 3340 2983 3411 apud
3029 3353 3127 3392 nos
3172 3346 3299 3391 sunt
3332 3336 3589 3405 pecudes.
3630 3336 3744 3403 ipsi:

2166 3433 2307 3505 apud
2338 3432 2507 3488 Deum
2538 3443 2743 3487 mutum
2775 3448 2833 3487 se
2871 3430 3070 3489 animal
3099 3430 3468 3500 prolitebitur.
3497 3429 3612 3483 lloc
3648 3430 3735 3481 ni-

2164 3526 2361 3579 mirum
2382 3536 2502 3580 erat
2532 3525 2768 3596 Moyses.
2790 3524 2942 3591 Quod
2974 3534 3029 3577 ct
3058 3525 3258 3579 beatus
3294 3522 3462 3576 David
3497 3523 3742 3586 intuens,

2163 3624 2217 3671 et
2248 3616 2553 3671 taliordine
2601 3616 2955 3685 semetipsum
3011 3616 3077 3669 ad
3138 3615 3377 3670 divinam
3415 3614 3738 3682 sapientiam

2162 3708 2390 3773 librans,
2443 3710 2658 3764 dicebat
2705 3709 2802 3764 9':
2848 3728 2864 3760 ι
2917 3707 2987 3767 Ut
3032 3708 3342 3779 jumcntum
3392 3706 3570 3760 factus
3621 3720 3740 3757 sum

2162 3804 2302 3875 apud
2360 3812 2436 3859 te.
2492 3822 2510 3857 ι
2549 3803 2862 3859 Secundum
2915 3806 3018 3860 hoc
3063 3817 3198 3871 ergo
3223 3810 3275 3854 et
3339 3799 3741 3870 prophetarum

2160 3897 2432 3952 maximus
2459 3896 2672 3967 Moyses
2698 3897 2751 3952 iu
2780 3899 3034 3967 prmsenti
3060 3896 3296 3953 lectione
3328 3894 3462 3949 dicit
3485 3893 3551 3946 ad
3593 3906 3740 3956 eum,

2158 3989 2300 4059 quod
2321 3989 2510 4058 gracili
2548 4003 2678 4043 voce
2696 3990 2789 4065 sit,
2825 3998 2879 4043 et
2900 3990 3092 4044 tardus
3119 3989 3321 4060 lingua,
3363 3986 3504 4056 quod
3540 3993 3592 4038 et
3633 3999 3741 4036 non

2158 4080 2229 4135 sit
2286 4079 2566 4149 eloquens.
2604 4080 2807 4137 Omnes
2860 4082 3005 4139 enim
3058 4083 3305 4134 homines
3357 4078 3422 4130 ad
3459 4089 3745 4144 compara-

2160 4170 2362 4224 tionem
2402 4168 2561 4223 Verbi
2602 4169 2797 4237 divini,
2843 4186 2950 4229 non
2997 4169 3172 4229 solum
3214 4169 3616 4238 incloquentes,
3645 4168 3763 4222 sed.

2157 4270 2211 4314 et
2238 4261 2371 4314 muli
2398 4262 2615 4330 putandi
2658 4270 2804 4315 sunt.

2230 4347 2283 4402 2.
2335 4348 2474 4415 Quia
2518 4350 2684 4419 igitur
2742 4350 2793 4403 in
2848 4349 2898 4404 id
2952 4348 3339 4416 intelligentia:
3384 4346 3622 4417 profecit
3685 4358 3743 4402 ut

2165 4451 2481 4510 agnosceret
2509 4441 2941 4509 semetipsum,in
2980 4454 3088 4510 quo
3122 4448 3204 4494 est
3227 4454 3355 4509 pars
3390 4439 3628 4495 maxima
3651 4454 3741 4493 sa-

476 4530 622 4585 ultra
669 4530 780 4600 jam
829 4531 1030 4587 colere.
1084 4530 1240 4586 istud
1284 4547 1413 4603 ergo
1467 4534 1663 4605 recipit
1701 4535 1955 4594 beneﬁcii
1988 4539 2055 4595 de
2086 4527 2134 4582 D
2165 4532 2418 4605 pientire,
2478 4541 2792 4588 remunerat
2849 4546 2971 4589 eum
3037 4533 3219 4589 divina
3280 4531 3547 4604 dignatio.
3602 4534 3741 4593 Audi

478 4621 719 4677 Ecclesia
743 4623 1049 4693 SynagOga,
1088 4624 1233 4691 qttod
1258 4624 1305 4677 ei
1342 4623 1625 4695 parvulam
1670 4627 1913 4684 nutrisse
1938 4630 2053 4685 visa

476 4718 562 4767 est
602 4711 798 4782 legem.
846 4711 952 4766 Sed
1007 4722 1061 4767 et
1086 4728 1183 4766 nos
1204 4715 1369 4768 etiam
1403 4716 1447 4771 si
1472 4714 1819 4773 Pharaonem
1857 4720 2053 4776 habui-

476 4818 598 4861 mus
630 4814 864 4873 patrem,
892 4805 1057 4858 etiam
1091 4806 1136 4861 si
1162 4822 1260 4862 nos
1288 4806 1341 4861 in
1374 4809 1635 4876 operibus
1675 4811 1833 4867 malis
1869 4817 2056 4882 genuit

483 4895 736 4965 princeps
775 4895 933 4964 hujus
986 4897 1198 4964 mundi,
1253 4915 1379 4954 cum
1426 4900 1677 4957 venimus
1733 4906 1799 4956 ad
1859 4920 2055 4974 aquas,

489 5002 853 5049 assumamus
877 4989 943 5045 ad
999 5004 1097 5043 nos
1134 4990 1307 5060 legent
1351 4991 1468 5054 Dei,
1520 5007 1619 5047 nec
1653 4994 1816 5049 nobis
1839 4998 2057 5053 sordeat

487 5078 682 5135 litterae
705 5079 823 5151 eius
845 5079 949 5135 vile
988 5089 1253 5150 legumen
1295 5090 1349 5135 et
1374 5080 1690 5149 obscurum,
1731 5102 1852 5154 quae
1884 5103 2055 5157 parva

479 5171 755 5239 ejussunt
799 5180 853 5225 et
896 5172 1183 5227 lactentia.
1210 5174 1767 5245 concedanttts,,qttaa
1817 5178 2057 5247 perfecta

478 5273 536 5317 et
565 5263 741 5316 valida
791 5271 939 5330 sunt,
1007 5280 1310 5330 sumamus,
1348 5274 1521 5335 atque
1556 5266 1671 5323 haec
1702 5268 1842 5325 intra
1881 5273 2089 5329 cordis.

479 5353 654 5407 nostri
690 5362 829 5408 tecta
887 5355 1088 5425 regalia
1127 5356 1486 5411 collocemus.
1521 5356 1799 5415 Grandem
1832 5369 1887 5415 et
1913 5362 2053 5415 νειιὶιε

479 5445 608 5499 dum
654 5446 954 5503 habeamus
987 5448 1232 5517 Moysen,
1260 5448 1395 5502 nihil
1429 5450 1496 5503 de
1529 5464 1594 5505 eo
1624 5465 1882 5519 parvum,
1916 5452 2059 5508 nihil

480 5536 687 5592 humile
737 5538 1077 5604 sentiamus;
1127 5540 1221 5594 sed
1273 5542 1624 5611 magniﬁcum
1660 5551 2051 5608 totum,totum

549 5631 593 5663 ἰ
624 5629 763 5686 Psal.
796 5645 944 5694 XLW,
982 5630 1070 5689 11.
1117 5633 1163 5664 ⁹²
1228 5632 1443 5689 Denter.
1469 5648 1643 5697 xxxii,
1674 5634 1769 5688 ‘21.

481 5715 553 5767 tv,
579 5702 667 5763 12.
743 5702 786 5733 ³⁷
818 5702 962 5755 l’sal.
991 5703 1270 5761 uxxtJO.
1347 5701 1393 5734 ’⁸
1426 5703 1628 5773 Ephes.
1662 5719 1740 5769 vr,
1780 5703 1865 5759 19.

554 5796 667 5863 (98)
702 5794 849 5863 Mss,
886 5814 905 5847 ι
945 5797 1097 5852 tetris
1129 5794 1728 5857 .ludacurumscusibus.
1758 5818 1789 5853 ι

1845 5634 1892 5669 ⁸³
1929 5637 2097 5697 Exod.
2125 5657 2199 5708 tv,
2234 5642 2320 5699 10.
2396 5642 2442 5675 ”
2467 5644 2623 5699 Joan.
2658 5660 2697 5709 ι⁹
2730 5642 2782 5700 1.

2164 4640 2328 4695 quam
2358 4624 2580 4695 optimis
2630 4626 3037 4695 magnificisque
3080 4626 3416 4683 muneribus.
3450 4643 3469 4678 ι
3501 4625 3632 4697 Ego,
3663 4626 3745 4679 in-

2164 4718 2283 4789 quit
2310 4716 2380 4785 ",
2408 4718 2659 4788 aperiam
2679 4732 2741 4772 os
2762 4728 2948 4787 tuum,
2976 4730 3030 4774 et
3054 4718 3324 4775 instruam
3356 4728 3407 4776 te
3439 4735 3557 4787 qua:
3580 4735 3745 4790 opor-

2166 4819 2276 4865 teat
2308 4820 2358 4865 te
2384 4809 2553 4880 loqui.
2592 4827 2613 4863 i
2636 4810 2796 4870 Beati
2851 4821 2999 4877 sunt,
3035 4827 3266 4884 quorum
3304 4811 3446 4869 Deus
3479 4827 3539 4867 os
3564 4813 3742 4882 aperit

2163 4914 2223 4957 ut
2280 4903 2591 4973 loquantur.
2644 4901 2933 4975 Prophetis
2986 4907 3135 4965 Deus
3178 4905 3455 4975 aperitos,
3488 4915 3543 4960 et
3572 4904 3744 4974 replet

2162 4996 2291 5052 illud
2342 4997 2559 5065 eloquio
2592 5010 2717 5073 suo,
2750 4998 2895 5073 sicut
2949 4999 3002 5053 in
3054 4999 3307 5071 praesenti
3335 4999 3483 5055 dicit
3517 5017 3531 5055 :
3568 5016 3585 5050 ι
3625 4998 3740 5067 Ego

2162 5090 2400 5161 aperiam
2434 5106 2517 5147 os.
2545 5101 2716 5154 tuum,
2758 5101 2814 5146 et
2868 5091 3131 5147 iusti-nam
3181 5100 3232 5144 te
3266 5106 3385 5161 quae
3410 5098 3659 5159 oporteat
3689 5098 3741 5153 te

2162 5182 2333 5253 loqui.
2370 5182 2536 5238 »δρᾶ
2567 5192 2620 5239 et
2644 5199 2739 5253 per
2760 5182 2929 5241 David
2970 5184 3102 5239 dicit
3136 5184 3276 5239 Deus
3302 5183 3346 5215 ⁵⁷
3377 5202 3388 5237 :
3418 5200 3434 5233 t
3479 5180 3648 5233 Dilata
3676 5193 3741 5233 os

2166 5284 2357 5341 tuum,
2383 5284 2439 5330 et
2492 5276 2727 5345 replebo.
2768 5276 2919 5350 illud.
2955 5292 2984 5337 ,ι
3020 5274 3287 5332 Similiter
3320 5283 3375 5328 et
3422 5270 3620 5324 Paulus
3654 5270 3740 5322 di-

2163 5368 2241 5424 cit
2284 5368 2333 5401 ”
2368 5384 2382 5421 :
2414 5385 2432 5420 ι
2470 5368 2538 5425 Ut
2579 5368 3117 5425 deturmihisermo
3154 5368 3207 5421 in
3235 5363 3591 5434 adapertione
3620 5361 3738 5415 oris

2161 5458 2289 5513 mei.
2333 5479 2354 5513 ι
2388 5460 2775 5531 Eorum-ergo
2802 5463 2894 5530 qui
2949 5459 3112 5515 verba
3166 5455 3260 5509 Dei
3303 5455 3620 5522 loquuntur,
3668 5465 3734 5506 os

2164 5551 2310 5607 Deus
2336 5551 2534 5621 aperit.
2588 5552 2795 5608 Vereor
2829 5563 3009 5605 autem
3034 5564 3108 5607 ne
3134 5547 3247 5600 sint
3273 5542 3464 5613 aliqui,
3501 5558 3737 5613 quorum

2858 5641 2904 5674 "
2935 5639 3080 5695 Psal.
3115 5650 3283 5703 um,
3314 5635 3405 5693 23.
3482 5633 3528 5667 "
3559 5634 3745 5690 Exod»

2242 5795 2354 5869 (99)
2386 5796 2555 5865 Alias,
2594 5818 2612 5851 ‹
2657 5798 2958 5870 proﬁtetur.
2991 5813 3009 5847 ι
