4110 6438
418 349 513 403 311

1908 351 2068 409 01116
2080 350 2232 409 ENIS

3587 349 3695 404 ’512

413 468 733 521 eeoturarie
767 483 828 521 os
863 467 1114 520 diabolus
1155 467 1389 535 aperiat.
1452 470 1583 524 Nam
1634 474 1725 540 qui
1764 473 2006 541 loquitur
2042 482 2080 535 Α
2113 475 2169 529 Si
2212 476 2431 545 quando
2481 490 2609 545 ergo
2669 490 2806 528 vana
2855 473 3135 547 dicuntur,
3155 473 3200 528 si
3239 472 3460 537 quando
3487 472 3695 537 inania,

422 561 792 624 mendacium,
833 572 1039 615 certum
1089 570 1167 613 est
1213 562 1339 627 quia
1394 563 1647 619 dialmlns
1682 567 1893 633 aperuit
1944 583 2006 621 os

418 664 538 718 ejus
569 660 628 703 ιιι
686 651 1029 705 mendacium
1092 652 1434 721 loqueretur.
1471 655 1572 721 Qui
1625 656 1819 711 falsum
1854 659 2007 713 testi-

420 742 665 795 monium
723 740 872 804 dicit,
904 742 997 810 qui
1042 743 1412 799 scurrilitates
1449 760 1513 800 ac
1562 748 1926 815 turpitudines
1950 758 2004 802 et

421 843 619 886 uetera
656 834 964 903 hujusmodi
1000 836 1067 888 de
1132 851 1228 891 ore
1262 851 1361 889 suo
1407 838 1713 913 proferunt,
1751 840 2001 914 diabolus

418 930 632 994 aperuit
655 943 718 982 os
745 944 958 982 eorum.
994 929 1199 989 VIa-reor
1232 943 1298 982 ne
1337 939 1394 983 et
1432 947 1791 1005 susurronum
1826 944 1876 987 et
1908 936 2004 989 de-

419 1026 718 1072 tractorttnt
773 1035 835 1074 os
873 1021 1123 1085 diabolus
1175 1022 1413 1091 aperiat,
1450 1025 1545 1077 sed
1595 1035 1652 1078 et
1689 1040 1878 1079 eorum
1906 1028 1998 1097 qui

415 1109 595 1163 otiosa
630 1111 792 1173 verba
824 1113 1126 1179 proferunt,
1160 1128 1258 1182 pro
1290 1116 1487 1183 quibus
1530 1117 1801 1171 reddenda
1833 1118 1885 1171 in
1912 1119 2000 1173 die

407 1198 603 1263 jndieii
652 1204 790 1257 ratio
832 1211 937 1259 est.
988 1204 1107 1258 ΙΙειιιι
1146 1221 1276 1261 vero
1316 1208 1405 1276 qni
1436 1208 1783 1279 iniquitatem
1822 1213 1874 1265 in
1904 1228 2000 1266 ex-

416 1293 622 1348 celsum
652 1295 963 1373 loquuntur,
992 1298 1081 1365 qui
1118 1309 1319 1370 negant
1364 1284 1650 1370 Dominum
1702 1316 1878 1363 meum
1909 1300 1999 1356 Je-

417 1402 535 1441 snut
588 1370 861 1456 Christum
916 1370 970 1441 in
1002 1405 1168 1443 carne
1214 1391 1454 1459 venisse,
1491 1392 1572 1446 vel
1603 1393 1692 1460 qui
1732 1375 1995 1461 Spiritum

417 1488 667 1543 sanctum
718 1479 1132 1559 blaslilurmant,
1180 1482 1377 1557 quibus
1421 1470 1697 1563 neque‘in
1746 1483 1999 1553 prmsenti

418 1584 593 1641 neque
642 1571 694 1641 in
733 1571 912 1626 futuro
969 1575 1174 1628 saeuulo
1222 1576 1572 1643 remittetur,
1621 1580 1743 1647 quis
1783 1578 1997 1643 dubitet

414 1662 560 1739 quod
598 1676 661 1734 os
685 1677 874 1739 eorum
911 1664 1160 1720 diabolus
1187 1666 1440 1745 aperiat?
1474 1666 1564 1723 Vis
1597 1670 1690 1723 tibi
1717 1679 1770 1723 et
1805 1670 1905 1741 hoc
1930 1672 1995 1726 de

421 1753 724 1825 Scripturis
784 1756 1109 1831 ostendam,
1142 1757 1418 1825 quomodo
1466 1759 1771 1828 hujusmodi
1819 1761 1995 1827 homi-

2117 570 2328 638 iuepta,
2384 570 2585 637 turpia,
2618 568 2870 636 profana,
2913 569 3150 623 scelesta
3186 565 3564 635 proferuntur,
3596 565 3691 635 qui

2113 661 2260 715 novit
2296 660 2507 715 Domini
2537 660 2928 727 eruditionem,
2955 659 3165 714 claudit
3188 673 3369 719 aures,
3396 667 3449 709 et
3487 656 3693 712 avertit

2112 754 2383 818 auditum,
2414 762 2470 807 et
2502 751 2635 807 dicit
2666 752 2710 787 ³⁸
2741 769 2755 805 :
2793 769 2811 801 ι
2846 750 2958 822 Ego
2981 760 3161 804 autem
3188 750 3330 805 sicut
3359 748 3556 803 surdus
3582 762 3690 802 non

2108 846 2417 909 audiebam,
2465 854 2520 899 et
2568 845 2711 901 sicut
2759 853 2974 906 mutus,
3036 843 3129 911 qui
3188 858 3297 896 non
3351 840 3566 909 aperuit
3628 854 3693 895 os

2107 951 2285 990 suum.
2326 955 2344 988 ι
2369 937 2425 989 Si
2450 951 2581 991 vero
2609 936 2674 989 ad
2715 934 3004 990 utilitatem
3038 936 3237 988 animae
3260 935 3541 1003 pertinent
3568 946 3693 1002 quze

2106 1027 2365 1082 dicuntur
2413 1028 2459 1083 si
2487 1028 2554 1083 de
2588 1027 2696 1081 Deo
2720 1041 2903 1081 sermo
2926 1037 3033 1093 est,
3068 1028 3114 1082 si
3149 1040 3331 1079 mores
3364 1026 3547 1084 docet,
3580 1023 3689 1074 viro

2106 1128 2253 1175 totes
2305 1120 2521 1185 invitat,
2589 1120 2717 1174 vitia
2770 1128 3007 1183 resecat,
3048 1128 3233 1187 patere
3283 1118 3481 1171 debent
3529 1127 3690 1169 aures

2105 1211 2481 1281 hujuscemodi
2533 1210 2795 1281 eloquiis;
2851 1221 2905 1267 et
2955 1227 3061 1265 non
3132 1211 3304 1263 solum
3342 1225 3545 1273 aures,
3592 1207 3688 1261 sed

2102 1309 2159 1355 et
2207 1315 2323 1365 eor,
2373 1308 2427 1355 et
2482 1315 2658 1366 mens,
2712 1310 2768 1355 et
2816 1309 2925 1354 tota
2983 1302 3051 1355 ad
3102 1298 3473 1369 hujuscemodi
3531 1298 3685 1350 andi-

2104 1401 2217 1445 tum
2252 1392 2447 1445 animm
2497 1392 2666 1461 janua
2724 1392 3007 1461 pandenda
3063 1402 3167 1446 est.
3226 1390 3448 1445 Summa
3502 1399 3682 1443 tamen

2106 1484 2263 1555 131
2296 1485 2664 1540 moderatioae
2693 1487 2944 1554 praecepti
2980 1500 3075 1539 usa
3114 1494 3199 1538 est
3224 1483 3306 1537 lex
3337 1500 3351 1535 :
3385 1492 3571 1535 utnon
3608 1479 3686 1532 di-

2099 1586 2286 1631 ceret:
2318 1574 2434 1630 Non
2472 1577 2660 1634 audies
2693 1577 2939 1630 auditum
2974 1592 3197 1639 vanum,
3235 1575 3329 1629 sed
3373 1590 3477 1627 non
3540 1572 3681 1624 reci-

2100 1669 2235 1737 pies.
2269 1667 2401 1722 Nam
2434 1682 2569 1721 vana
2602 1667 2913 1737 frequenter
2959 1670 3233 1723 audimus.
3290 1665 3533 1720 Marcion
3562 1679 3683 1733 qua:

2102 1760 2361 1830 loquitur,
2423 1775 2560 1813 vana
2592 1770 2737 1815 sunt.
2769 1758 3093 1815 Valentinus
3127 1775 3248 1829 quae
3290 1757 3549 1827 loquitur,
3586 1770 3682 1809 va-

416 1844 596 1912 nibus,
624 1848 715 1923 qui
762 1848 1051 1913 adversum
1082 1848 1362 1916 Christum
1409 1851 1729 1927 loquuntur,
1769 1868 1829 1908 os
1874 1853 1992 1906 dia-
2026 1839 2067 1894 Β
2102 1868 2168 1907 na
2200 1862 2363 1931 sunt:
2396 1862 2449 1911 et
2480 1868 2671 1908 onmes
2699 1852 2792 1922 qui
2827 1865 3020 1908 contra
3049 1862 3352 1907 creatorem
3392 1849 3561 1903 Demn
3598 1846 3680 1899 Io-

412 1937 566 1991 bolus
619 1928 827 2008 aperit?
882 1938 1012 1993 Vide
1064 1940 1194 2009 quid
1256 1944 1520 2013 scriptmn
1554 1953 1638 1997 est
1665 1945 1709 1975 θ’
1741 1945 1805 1999 de
1825 1942 1987 2010 Julia,

410 2030 687 2108 quomodo
726 2030 964 2108 refer-tur
1020 2026 1144 2099 quia
1189 2018 1512 2089 introivitin
1549 2034 1695 2088 illum
1735 2022 1987 2108 Satanas,

408 2106 463 2174 et
496 2122 621 2195 quia
677 2106 828 2195 misit
868 2126 920 2191 in
958 2141 1056 2197 cor
1083 2125 1201 2194 ejus
1237 2127 1510 2193 diabolus,
1540 2137 1598 2183 ut
1622 2106 1864 2183 traderet
1891 2129 1992 2185 Do-

409 2214 641 2287 minum.
687 2214 806 2285 Ipse
848 2232 980 2289 ergo
1030 2217 1249 2285 aperuit
1300 2233 1361 2287 os
1393 2218 1541 2289 ejus,
1572 2230 1630 2274 ut
1676 2220 1989 2291 loqueretur

410 2321 533 2358 cum
570 2300 905 2376 principibus
926 2319 980 2364 et
1009 2310 1321 2374 Pharisazis,
1349 2313 1624 2383 quomodo
1650 2329 1773 2368 eum
1803 2314 1986 2368 trade-

407 2405 776 2479 ret,aecepta.
819 2401 1045 2468 pecunia
1073 2401 1110 2455 '.
1153 2399 1302 2455 Unde
1335 2401 1463 2456 mihi
1500 2403 1713 2479 videtur
1738 2419 1844 2479 non
1867 2418 1989 2458 esse

403 2473 586 2561 parva:
608 2473 797 2572 gratiae
820 2476 1121 2564 intelligere
1134 2509 1195 2549 os
1212 2495 1354 2564 quod
1374 2496 1551 2567 aperit
1573 2476 1817 2562 Deus,let
1834 2496 1990 2550 intel-

407 2581 576 2658 ligere
606 2599 668 2654 os
706 2588 851 2662 quod
880 2590 1054 2656 aperit
1094 2580 1362 2659 diabolus.
1393 2586 1509 2643 Non
1544 2600 1629 2644 est
1655 2588 1776 2644 sine
1806 2589 1983 2644 sancti

406 2674 645 2749 Spiritus
676 2660 849 2746 gratia
909 2664 1217 2755 hujusmodi
1264 2698 1324 2739 os
1356 2693 1411 2739 et
1439 2682 1606 2749 verba
1638 2682 1981 2738 discernere.

403 2766 470 2837 Et
506 2766 626 2843 ideo
667 2768 720 2823 in
754 2770 1119 2828 divisionibus
1146 2758 1473 2845 spiritalium
1500 2775 1802 2845 gratiarum
1830 2773 1986 2827 addi-

404 2872 493 2933 tur
522 2861 685 2937 etiam
734 2862 866 2929 hoc,
920 2867 1064 2934 quod
1120 2867 1284 2922 datur
1329 2868 1657 2939 quibusdam
1712 2867 1975 2921 discretio

401 2953 693 3032 spirituum
735 2955 778 3007 ³.
831 2954 975 3026 Ergo
1016 2958 1278 3028 spiritalis
1329 2968 1411 3013 est
1458 2958 1633 3027 gratia
1683 2973 1778 3027 per
1820 2972 1982 3028 quant

399 3045 624 3115 spiritus
650 3034 997 3116 discernitur,
1030 3051 1174 3104 sicut
1194 3060 1247 3103 ct
1278 3048 1404 3106 alibi
1430 3051 1560 3105 dicit
1593 3049 1892 3119 Apostolus
1923 3051 1978 3106 ’τ

2096 1956 2357 2015 quuntur,
2384 1959 2523 2019 vana
2554 1953 2681 1999 sunt
2716 1961 2838 2014 quae
2863 1946 3177 2015 loquuntur.
3229 1942 3337 1998 Sed
3368 1951 3549 1995 tamen
3579 1941 3681 1995 l're-

2092 2036 2324 2106 quenter
2354 2051 2453 2091 nos
2493 2037 2750 2097 audimus
2797 2054 2885 2103 ea,
2937 2051 2995 2092 ut
3028 2039 3318 2093 adversum
3363 2049 3422 2089 ea
3458 2048 3680 2101 respon-

2096 2128 2223 2182 dere
2252 2128 2526 2198 possimus
2560 2146 2573 2181 :
2624 2143 2692 2181 ne
2723 2127 2859 2184 forte
2884 2128 3192 2197 subripiant
3243 2125 3679 2195 simplicioribus

2092 2220 2395 2289 quibusque
2426 2218 2655 2293 fratrum
2696 2230 3004 2275 nostrorum
3046 2235 3142 2289 per
3200 2218 3470 2273 sermonis
3508 2230 3676 2272 orna-

2095 2319 2232 2365 tum.
2262 2311 2525 2366 Audimus
2546 2326 2675 2380 ergo
2706 2311 2847 2379 haec;
2894 2313 2987 2366 sed
3016 2326 3122 2372 non
3162 2310 3469 2379 recipimus.
3522 2308 3672 2362 Dicta

2091 2412 2219 2459 sunt
2252 2404 2397 2479 enim
2453 2403 2522 2457 de
2544 2418 2642 2477 ore
2687 2402 2777 2457 illo
2828 2408 2972 2472 quod
3032 2402 3285 2457 diabolus
3336 2401 3566 2470 aperuit.
3607 2398 3671 2453 Et

2090 2498 2212 2553 ideo
2235 2497 2501 2552 orandum
2546 2495 2702 2551 nobis
2732 2506 2836 2560 est,
2869 2506 2929 2549 nt
2974 2497 3227 2571 dignetur
3250 2495 3515 2549 Dominus
3542 2507 3671 2563 ape-

2091 2590 2204 2644 rire
2225 2604 2287 2644 os
2320 2599 2598 2654 nostrum;
2632 2600 2692 2653 ut
2720 2590 2993 2659 possimus
3023 2598 3076 2643 et
3114 2588 3552 2643 contradicentes
3581 2600 3671 2640 re-

2090 2684 2331 2748 vincere,
2363 2691 2417 2736 et
2447 2683 2707 2736 obturare
2732 2698 2794 2738 os
2831 2682 2975 2751 quod
3008 2680 3254 2745 diabolus
3287 2684 3519 2750 aperuit.
3547 2678 3672 2734 Ihec

2087 2776 2155 2831 de
2184 2792 2250 2831 eo
2272 2777 2414 2845 quod
2446 2776 2709 2845 scriptum
2738 2786 2823 2832 est
2847 2778 2885 2808 ¹¹
2920 2793 2931 2829 :
2968 2796 2986 2828 ι
3017 2778 3127 2847 Ego
3150 2778 3390 2847 aperiam
3413 2792 3473 2831 os
3496 2785 3669 2836 tuum.

2088 2877 2144 2921 et
2174 2868 2439 2923 iustruatn
2473 2875 2546 2932 te,
2572 2882 2691 2936 qua:
2716 2876 2964 2937 oporteat
3000 2879 3049 2923 te
3075 2856 3241 2937 loqui.
3281 2886 3297 2918 ι
3349 2866 3461 2920 Non
3494 2868 3669 2920 solum

2087 2970 2271 3016 autem
2307 2959 2478 3031 Moysi
2508 2960 2846 3028 promittitur
2878 2977 2941 3015 os
2983 2961 3180 3029 aperiri
3233 2976 3261 3012 a
3296 2958 3545 3021 Domino,
3574 2957 3669 3010 sed

2086 3063 2142 3107 et
2173 3060 2377 3108 Aaron.
2427 3052 2633 3107 Dicitur
2661 3052 2806 3107 enim
2840 3063 2894 3106 et
2926 3052 2992 3106 de
3041 3053 3161 3121 ipso
3194 3053 3235 3083 ¹¹
3279 3068 3293 3105 :
3336 3070 3353 3101 ι
3383 3050 3493 3117 Ego
3542 3064 3670 3116 ape-

403 3120 444 3188 ι’
466 3136 700 3217 Probate
734 3139 967 3225 spiritus
989 3142 1034 3195 si
1076 3158 1146 3223 ett
1197 3142 1310 3198 Deo
1342 3154 1467 3197 sunt
1504 3142 1601 3214 (l).
1629 3159 1648 3192 ι
1693 3142 1798 3198 Sed
1839 3143 1979 3198 sicut
2007 3184 2053 3245 Ο
2089 3146 2223 3199 riam
2257 3160 2319 3199 os
2351 3154 2522 3209 tuum,
2553 3154 2608 3197 et
2642 3159 2705 3198 os
2739 3142 2906 3209 illius,
2939 3152 2994 3197 et
3028 3120 3291 3198 instruant
3323 3156 3417 3195 vos
3444 3155 3564 3209 quae
3588 3139 3668 3193 ta-

402 3228 548 3284 Dens
599 3232 775 3301 aperit
804 3248 867 3288 os
917 3245 1259 3301 sanctorum,
1304 3236 1379 3300 ita
1410 3247 1540 3306 puto
1560 3237 1706 3307 quod
1738 3246 1790 3289 et
1819 3249 1980 3301 aures

399 3309 714 3396 sanctorum
759 3324 898 3391 Deus
924 3327 1133 3394 aperiat
1170 3310 1235 3381 ad
1274 3314 1545 3395 audietida
1576 3315 1737 3391 verba
1770 3328 1976 3382 divina.

398 3409 490 3464 Sic
524 3413 667 3485 enim
695 3413 826 3483 dicit
849 3412 1016 3491 Isaias
1048 3417 1311 3489 propheta
1335 3416 1356 3451 δ
1388 3438 1398 3472 :
1429 3435 1451 3487 ι
1484 3400 1744 3489 Dominus
1767 3417 1982 3485 aperuit

398 3502 531 3580 mihi
593 3519 808 3584 aurem,
854 3516 910 3561 ut
956 3507 1123 3584 sciam
1169 3507 1382 3576 quando
1411 3516 1663 3576 oporteat
1708 3500 1815 3561 dici
1852 3523 1978 3561 vcr-

395 3597 549 3667 hum.
589 3596 738 3673 {Sic
783 3580 836 3651 et
896 3580 1083 3675 oculos
1135 3600 1314 3683 aperit
1343 3599 1625 3677 Dominus,
1666 3601 1807 3655 sicut
1849 3614 1974 3669 ape-

399 3690 508 3742 ruit
533 3691 723 3758 oculos
744 3688 891 3758 Agar
919 3707 933 3765 ;
965 3706 985 3740 ι
1029 3688 1095 3743 Ει
1127 3689 1261 3744 vidit
1296 3701 1519 3758 puteum
1543 3704 1697 3758 aqua:
1725 3690 1860 3765 viva}
1895 3692 1970 3746 ⁸.»

393 3784 501 3837 Sed
531 3794 583 3855 et
606 3784 832 3861 Elismus
884 3764 1144 3853 propheta
1194 3786 1329 3841 dicit
1354 3786 1416 3857 ’ς
1451 3802 1470 3837 ι
1506 3779 1691 3854 Aperi,
1725 3764 1972 3850 Domine,

390 3876 577 3947 oculos
608 3878 782 3946 pueri,
813 3885 871 3931 ιιι
903 3868 1085 3949 videat
1149 3878 1275 3953 quia
1314 3877 1497 3947 plures
1534 3878 1814 3932 nobiscum
1849 3888 1975 3932 sunt

390 3983 555 4036 quam
618 3983 741 4039 cum
806 3971 1155 4039 adversariis.
1194 3969 1263 4024 Et
1295 3970 1530 4043 aperuit,
1562 3971 1757 4043 inquit,
1792 3970 1974 4045 Domi-

390 4076 494 4113 nus
523 4065 711 4137 oculos
754 4064 935 4133 pueri,
989 4072 1043 4139 et
1063 4075 1192 4119 ecce
1227 4072 1373 4118 totus
1417 4078 1575 4116 mons
1628 4063 1821 4132 plenus
1853 4073 1974 4117 erat

391 4153 689 4219 equitibus,
721 4165 777 4208 et
804 4154 1077 4219 curribus,
1111 4154 1443 4224 auxiliisque
1484 4154 1817 4209 cmlestibus.
1852 4154 1969 4210 Cir-

386 4246 607 4319 cumdat
639 4244 784 4301 enim
814 4246 1041 4321 angelus
1067 4246 1281 4319 Domini
1307 4248 1360 4309 in
1393 4247 1629 4302 circuitu
1661 4247 1969 4321 timentium

383 4352 531 4403 eum,
568 4348 628 4415 ut
675 4340 873 4409 eripiat
917 4356 1014 4413 eos
1047 4341 1090 4395 ⁷.
1135 4360 1154 4392 ι
1195 4340 1387 4410 Aperit
1425 4354 1577 4409 ergo,
1615 4351 1672 4393 ut
1706 4339 1965 4407 diximus,

383 4428 549 4495 Deus,
575 4442 629 4497 et
656 4446 743 4513 os,
768 4426 827 4497 et
888 4448 1073 4507 aures,
1109 4441 1162 4486 et
1198 4433 1406 4496 oculos,
1436 4441 1494 4485 ut
1530 4431 1613 4486 vel
1648 4431 1960 4502 loquamur,

2087 3238 2265 3293 ciatis.
2311 3255 2329 3289 ι
2360 3237 2617 3292 Occurrit
2645 3239 2788 3292 enim
2821 3246 2875 3291 et
2898 3237 3077 3290 Aaron
3102 3234 3271 3305 Moysi
3297 3273 3312 3297 ,
3357 3243 3409 3287 et
3441 3233 3573 3285 e\iit
3601 3232 3668 3285 de

2082 3329 2339 3401 Egypto.
2363 3330 2617 3385 Occurrit
2643 3338 2823 3384 autem
2850 3331 2920 3383 ei.
2954 3328 3095 3385 Ubi?
3125 3329 3177 3381 in
3218 3326 3363 3397 quali
3398 3324 3555 3379 loco?
3585 3323 3667 3377 in—

2085 3428 2252 3474 terest
2280 3420 2423 3474 enim
2454 3419 2543 3473 ubi
2571 3429 2827 3473 occurrat
2859 3418 3027 3489 Moysi
3053 3418 3119 3489 is,
3150 3418 3303 3485 cujus
3332 3430 3395 3470 os
3420 3414 3668 3484 aperien-

2080 3511 2207 3565 dum
2238 3520 2319 3567 est
2347 3526 2377 3565 a
2415 3511 2546 3565 Deo.
2580 3510 2837 3573 Occurrit
2878 3512 3045 3572 enim,
3082 3510 3280 3581 inquit,
3323 3510 3375 3562 in
3423 3516 3666 3563 montem

2082 3604 2196 3658 Dei.
2234 3602 2393 3658 Vides
2417 3604 2541 3673 quia
2576 3604 2771 3658 merito
2798 3604 3045 3672 aperitur
3075 3619 3137 3658 os
3184 3604 3324 3673 ejus,
3366 3602 3457 3674 qui
3492 3610 3667 3673 potest

2079 3708 2372 3748 occurrere
2416 3680 2467 3747 iu
2513 3703 2752 3748 montem
2799 3694 2912 3750 Dei.
2957 3693 3174 3760 Petrus,
3221 3706 3276 3749 et
3311 3682 3570 3759 Jacobus,
3612 3698 3667 3745 et

2077 3786 2335 3850 Joannes,
2364 3789 2416 3841 in
2451 3799 2693 3845 montem
2732 3787 2822 3841 Dei
2874 3788 3258 3851 ascenderunt,
3309 3796 3369 3839 ut
3402 3784 3667 3839 transfor-

2079 3888 2284 3930 malum
2311 3876 2494 3933 Jesmn
2530 3879 2717 3933 videre
2764 3889 3125 3941 mererentur,
3177 3887 3233 3933 et
3282 3877 3505 3949 Moysen
3539 3891 3662 3930 cum

2078 3966 2197 4036 ipso
2229 3980 2391 4041 atque
2419 3969 2593 4023 Eliam
2622 3969 2871 4023 viderent
2905 3970 2955 4022 in
2988 3968 3181 4037 gloria.
3216 3967 3283 4022 Et
3308 3977 3363 4022 tu
3397 3982 3529 4036 ergo
3560 3966 3663 4021 nisi

2078 4060 2389 4115 ascenderis
2413 4058 2478 4111 ad
2507 4069 2748 4125 montem
2782 4056 2903 4119 Dei,
2932 4072 2987 4119 et
3011 4058 3080 4111 λιιι
3114 4059 3428 4113 occurreris
3471 4055 3661 4126 Moysi,

2077 4152 2129 4206 iel
2159 4162 2243 4206 est
2298 4152 2398 4206 nisi
2435 4152 2711 4207 excelsum
2740 4152 2876 4222 legis
2915 4152 3231 4210 ascenderis
3277 4166 3521 4217 sensum,
3561 4150 3661 4203 uisi

2076 4245 2143 4299 ad
2176 4244 2433 4313 spiritalis
2456 4242 2826 4314 intelligentiae
2851 4259 3110 4297 cacumen
3139 4243 3405 4307 era-eris,
3441 4260 3545 4296 non
3580 4251 3663 4296 est

2074 4351 2137 4391 os
2171 4344 2319 4390 tuum
2359 4343 2605 4405 apertum
2640 4352 2668 4388 a
2695 4334 2942 4391 Domino.
2974 4336 3030 4388 Si
3063 4334 3114 4387 in
3149 4334 3337 4386 humili
3369 4335 3484 4389 loco
3512 4334 3655 4389 litte-

2076 4443 2149 4485 rae
2182 4412 2479 4493 steteris,et
2509 4428 2748 4482 historia:
2786 4438 2995 4493 textum
3029 4427 3271 4482 .ludaicis
3324 4426 3656 4490 narrationi-

379 4522 463 4573 vel
497 4538 813 4603 cernamus,
840 4524 921 4578 vel
948 4526 1236 4599 audiamus
1298 4539 1418 4593 qua:
1445 4524 1535 4579 Dei
1585 4534 1733 4578 sunt.
1775 4522 1881 4578 Sed
1909 4533 1963 4579 et
1997 4532 2041 4587 ι)
2072 4521 2174 4576 bus
2209 4522 2480 4587 innectes,
2518 4534 2627 4575 non
2655 4520 2947 4574 occurristi
2978 4520 3151 4591 Μογεί
3179 4521 3231 4575 in
3267 4530 3507 4574 montem
3537 4519 3655 4582 Dei.

380 4613 515 4667 illud
544 4630 648 4667 non
680 4616 853 4670 Otiose
881 4617 1089 4685 accipio
1112 4616 1257 4687 quod
1289 4604 1422 4670 dicit
1446 4616 1704 4687 propheta
1738 4634 1751 4669 :
1782 4634 1800 4668 ι
1828 4616 1966 4669 Eru-

378 4703 535 4767 ditio,
576 4703 752 4773 inquit
783 4703 826 4769 ³,
860 4703 1073 4759 Domini
1134 4696 1346 4775 aperuit
1393 4706 1525 4760 mihi
1563 4722 1773 4761 aurem.
1806 4726 1824 4759 ι
1852 4705 1966 4782 11οε

380 4796 511 4849 mihi
548 4784 759 4849 videtur
785 4797 852 4873 ad
878 4813 996 4862 nos,
1036 4797 1087 4852 id
1125 4806 1209 4852 est
1249 4798 1621 4853 communiter
1651 4800 1717 4853 ad
1744 4813 1962 4869 omnem

377 4887 470 4941 Dei
510 4887 807 4942 Ecclesiam
843 4890 1141 4959 pertinere.
1178 4888 1234 4943 Si
1269 4891 1415 4943 enim
1454 4892 1506 4945 in
1565 4890 1780 4967 Domini
1830 4906 1961 4965 eru-

377 4980 585 5034 ditione
633 4976 942 5046 versentur,
1001 4981 1178 5053 aperit
1208 4990 1263 5036 et
1317 4982 1475 5038 nobis
1516 4998 1707 5037 aurem
1742 4980 1955 5035 Domini

372 5074 634 5129 eruditio.
693 5075 858 5149 Auris
908 5091 1036 5131 vero
1062 5090 1184 5151 qua:
1217 5090 1313 5145 per
1352 5077 1715 5132 eruditionem
1742 5074 1956 5129 Domini

370 5169 641 5236 aperitur,
700 5184 806 5223 non
866 5160 1312 5242 semperaperta
1357 5182 1464 5233 est,
1523 5170 1618 5225 sed
1657 5170 1957 5239 aliquando

366 5269 577 5327 aperta,
614 5258 909 5329 aliquando
960 5259 1144 5315 clausa
1210 5270 1318 5315 cst.
1371 5259 1511 5331 A_udi
1589 5259 1957 5330 legislaturem

368 5352 651 5407 ιιιιειιιειιι
679 5353 701 5385 ⁹
731 5370 745 5407 :
778 5370 795 5404 ι
831 5351 909 5408 Ne
956 5355 1236 5429 receperis
1270 5353 1347 5422 (‘2)
1388 5353 1631 5406 auditum
1669 5368 1885 5406 vanum.
1934 5370 1955 5417 ι

999 5543 1012 5572 ¹
1046 5540 1239 5594 Matth.
1282 5554 1431 5600 xxvi,
1462 5539 1545 5593 15.

957 5614 974 5644 ⁷
999 5614 1146 5667 Psal.
1169 5608 1361 5677 sunt,
1390 5611 1442 5664 7.
1518 5608 1541 5643 ⁸
1576 5610 1692 5665 lsa.'
1718 5626 1769 5674 L,
1806 5610 1860 5666 5.

421 5540 464 5571 ⁵⁸
491 5539 651 5591 .loan.
689 5542 915 5600 ιιιιι,27.

367 5609 388 5640 ⁸
421 5608 483 5661 IV
516 5608 651 5673 Reg.
683 5626 754 5673 vt,
790 5613 876 5665 17.

366 5678 408 5711 ¹¹
438 5681 571 5733 ibid.
605 5677 691 5733 15.

435 5791 515 5863 (l)
544 5791 716 5862 Alias,
755 5814 771 5847 ι
800 5796 890 5869 qui
914 5812 978 5852 ex
1007 5797 1115 5852 Deo
1148 5806 1296 5852 sunt.
1334 5815 1355 5849 ι

1626 5540 1645 5569 ⁸
1674 5540 1833 5592 lCor.
1872 5556 1965 5600 xu,
2008 5538 2093 5593 10.

1938 5614 1956 5642 θ
1988 5610 2159 5665 Exod.
2195 5625 2353 5675 nni,
2375 5626 2411 5662 I.

2070 4623 2171 4666 nec
2203 4627 2265 4667 os
2304 4622 2454 4665 tuum
2495 4613 2708 4682 aperuit
2746 4612 2909 4678 Deus,
2945 4627 3121 4683 neque
3166 4613 3425 4673 instruxit
3460 4621 3512 4666 te
3540 4625 3657 4678 quae

2066 4713 2317 4773 oporteat
2349 4713 2397 4757 te
2425 4705 2591 4773 loqui.
2633 4704 2745 4761 Sis:
2774 4722 2907 4777 ergo
2936 4707 3119 4760 Aaron
3153 4705 3486 4761 occurrisset
3512 4703 3659 4771 Moy-

2064 4796 2107 4849 si
2145 4795 2195 4848 in
2228 4803 2435 4859 monte,
2472 4796 2572 4869 nisi
2608 4796 2726 4865 ejus
2751 4814 2974 4854 sensum
3018 4796 3308 4851 sublimem
3352 4796 3577 4851 vidisset
3603 4802 3659 4847 et

2063 4888 2316 4957 arduum,
2366 4890 2469 4943 nisi
2514 4891 2789 4963 excelsam
2821 4892 2940 4961 ejus
2987 4889 3400 4971 intelligentiam
3436 4902 3657 4955 perspe-

2063 4983 2262 5049 sisset;
2316 4999 2591 5054 nunquam
2636 4986 2686 5040 ei
2725 4986 2937 5040 loeutus
2967 4984 3158 5037 fuisset
3209 4982 3371 5036 verba
3404 4981 3523 5043 Dei,
3559 4995 3651 5033 ne-

2060 5089 2167 5143 que
2196 5070 2767 5146 virtutem‘signorum
2797 5077 3286 5153 prodigiorumque
3316 5072 3652 5132 tradidisset,

2061 5183 2236 5244 ’,³οηυο
2286 5170 2603 5239 participem
2648 5185 2772 5237 eum
2822 5173 2958 5225 tanti
2987 5167 3237 5240 mysterii
3272 5164 3650 5220 conscivisset.

2130 5259 2184 5313 5.
2237 5254 2435 5333 Verum
2479 5262 2737 5349 quoniam
2791 5262 3010 5333 longum
3053 5272 3139 5315 est
3182 5260 3251 5313 de
3287 5256 3523 5327 singulis
3560 5268 3657 5322 per

2059 5352 2307 5423 ordinem
2350 5354 2554 5420 dicere,
2603 5355 2887 5410 videamus
2932 5353 3164 5424 ingressi
3207 5354 3271 5405 al
3309 5352 3652 5405 Pharaonem

3122 5538 3142 5570 '
3175 5534 3374 5590 Cenes.
3414 5546 3529 5592 ni.
3565 5526 3647 5581 l9.

2174 5538 2193 5568 ³
2225 5538 2237 5590 Ι
2272 5536 2521 5598 JoanJv,
2552 5539 2599 5591 ι.
2700 5537 2841 5591 ‘lsa.
2866 5553 2915 5601 1.,
2949 5537 3002 5593 5.
3122 5538 3142 5570 '
3175 5536 3374 5590 Genes.
3414 5546 3529 5592 ni.
3565 5536 3628 5581 tu

2195 5625 2411 5663 num.
2494 5609 2539 5649 ’ἒ
2572 5607 2715 5662 Psal.
2766 5625 2976 5663 xsxvn.
3006 5608 3087 5663 13.
3172 5607 3213 5640 ⁸⁸
3251 5605 3425 5663 Exod.
3458 5617 3529 5663 tv,
3564 5598 3629 5655 12

3300 5617 3425 5661 Χυιι.
3458 5617 3529 5668 IV,
3564 5617 3648 5655 II.

2494 5609 2539 5649 ’ἓ
2572 5607 2715 5662 Psal.
2766 5625 2976 5675 xxxvii,
3006 5608 3087 5664 13.

2140 5795 2215 5866 (9)
2249 5795 2421 5854 Alias.
2464 5814 2481 5848 ι
2516 5797 2849 5868 respexeris.
2883 5817 2901 5851 ι
