2055 3240
203 195 255 222 313

93 291 113 309 ﬁ
203 306 277 332 ltus:
297 300 404 327 Dimitte
420 301 547 335 populum
572 309 674 334 meum,
695 307 724 328 ut
738 303 863 328 serviam
886 300 950 327 mihi
968 301 993 326 in

108 339 127 356 "
203 352 306 373 eremo.
331 355 340 373 ι
365 346 423 374 Non
443 347 618 383 vnltMoyses
639 353 670 374 ιιι
689 346 805 381 populus
830 347 856 373 in
878 346 996 382 [Egypto

119 388 134 406 ‘
204 393 310 426 positus
324 394 426 420 serviat
452 394 577 425 Domino.
595 394 642 421 sed
658 399 687 420 ut
700 399 779 421 exeat
795 394 821 421 in
843 394 994 426 desertum.

133 436 142 453 1

203 443 230 464 et
246 438 281 466 ibi
310 440 412 466 serviat
437 440 560 467 Domino.
590 440 647 467 lloc
671 445 714 468 est
739 441 798 468 sine
819 441 901 468 dubio
922 441 994 475 quod

122 495 124 497 -
142 484 149 501 ι
205 483 335 515 ostendit,
352 485 415 518 quia
435 485 522 512 donec
538 486 598 519 quis
627 485 654 511 in
682 486 801 513 tenebris
819 486 996 513 saecularibus

205 534 309 562 manet.
322 535 349 558 et
366 531 392 561 in
414 532 584 563 negotiorum
602 533 767 560 obscuritate
779 537 918 565 versatur,
940 541 994 560 non

145 588 151 601 I
201 577 296 601 talest
315 574 420 600 servire
441 574 566 603 Domino.
595 576 655 604 Non
681 577 752 604 enim
781 582 869 612 potest
888 578 995 605 duobus

155 638 159 652 τ
200 618 326 646 dominis
352 621 455 647 servire
484 630 492 649 :
514 630 565 649 non
591 628 678 657 potest
701 624 813 651 Domino
833 625 938 651 servire
967 629 993 651 et

201 672 372 694 mammona;
386 667 416 694 ιδ,
436 667 590 695 Exeundunt
610 669 692 704 igitur
711 670 787 698 nobis
802 675 843 698 est
863 671 895 697 de
908 670 994 706 (Egy-

158 735 178 747 ,βλ
202 714 271 743 plo;
289 712 478 746 relinquendus
498 719 540 741 est
559 716 685 748 mundus,
707 717 728 743 si
744 717 868 744 volttntus
882 717 995 744 Domino

175 782 184 791 ,
208 759 319 786 servire.
347 759 545 794 llelinquendns
566 767 667 794 autem,
689 764 761 797 dico,
785 773 836 791 non
859 764 928 796 loco,
950 765 995 792 sed

175 841 191 848 Μ
206 806 312 839 animo;
334 814 385 834 non
406 807 506 835 itinere
525 809 742 843 proﬁciscendo.
768 811 814 838 sed
842 811 894 838 ﬁde
914 811 996 845 proli-

204 852 309 879 ciendo.
335 852 404 879 Audi
427 854 485 882 hmo
510 855 605 883 eadem
634 855 766 883 Joannem
788 857 922 884 dicentem
943 858 964 874 "
986 865 995 885 :

207 906 215 923 ι
240 897 339 931 Filioli,
361 900 448 928 nolite
464 901 578 936 diligere
600 902 749 936 mundum,
772 911 862 938 neque
882 912 913 931 ea
935 911 995 939 quae

193 938 228 969 ἰι
258 946 362 972 mundo
381 951 461 978 sunt.
488 948 618 982 quoniam
644 957 726 977 Ollllle
745 951 816 984 quod
846 950 871 977 in
893 938 993 978 mtme

220 997 258 1025 sl,
278 992 443 1021 desiderium
468 996 558 1023 carnis
578 1001 635 1028 est,
662 1002 689 1023 et
708 996 874 1024 desiderium
897 998 993 1024 ocul»-

227 1045 274 1065 un.
292 1047 303 1065 ι
326 1039 360 1065 Ει
379 1040 444 1074 quid
460 1045 548 1068 tamen
570 1042 652 1069 dicit?
671 1042 823 1076 Quomodo,
840 1043 880 1070 vel
897 1050 992 1077 quate-

225 1088 252 1111 'ts
269 1085 405 1119 proﬁcisci
423 1087 500 1122 jubet
512 1095 546 1116 ex
559 1088 689 1125 IEgypto,
705 1090 844 1117 videmnus
858 1099 865 1116 :
885 1090 991 1123 (Viam,

238 1131 289 1164 ιιιίι
306 1132 337 1163 ”',
368 1133 449 1160 trium
475 1134 580 1162 dierum
608 1136 706 1163 ibimus
731 1137 757 1164 iu
778 1144 886 1169 eremo,
907 1143 935 1164 et
955 1138 991 1165 ibi

244 1176 402 1205 ~nolabimns
428 1179 543 1207 Domino
564 1181 619 1208 Deo
638 1186 742 1210 nostro.
771 1192 780 1209 ι
808 1184 872 1216 Qum
887 1189 928 1211 est
949 1185 991 1211 via

243 1231 282 1252 .un
300 1223 416 1258 dierum,
437 1233 499 1260 qua
517 1226 596 1254 nobis
612 1227 761 1256 ineedemla
782 1234 831 1263 est,
846 1235 876 1257 ut
890 1238 992 1258 exeun-

261 1271 294 1298 de
314 1269 435 1306 Egypto
453 1274 597 1307 pervenire
620 1274 756 1309 possimus
785 1276 819 1303 ad
845 1276 933 1304 locum
964 1278 991 1304 in

249 1316 416 1352 jmmolare
436 1318 599 1348 debeamus?
622 1320 678 1356 Ego
694 1321 764 1348 viam
778 1321 852 1350 illutn
873 1323 992 1358 intelligo

276 1364 333 1390 iixit
355 1364 397 1390 "2
418 1374 427 1390 ι
452 1365 505 1399 Ego
526 1374 584 1393 sum
607 1367 659 1398 via,
680 1372 707 1394 et
723 1370 833 1401 veritas,
848 1374 874 1396 et
895 1371 957 1397 vita.
980 1381 988 1396 ι

280 1410 318 1436 via
340 1411 431 1437 tridtto
452 1413 529 1439 nobis
542 1412 689 1440 incedcnda
702 1419 754 1441 est.
776 1416 826 1448 Qui
847 1417 918 1443 enim
931 1426 992 1444 enu-

307 1456 387 1482 l'ncrit
408 1457 433 1483 in
455 1465 502 1484 ore
523 1465 572 1484 suo
592 1459 734 1485 Dominum
753 1459 859 1491 Jesnm,
886 1467 913 1488 et
932 1471 993 1489 crc-

293 1507 300 1527 t
321 1503 347 1529 in
367 1503 448 1529 corde
469 1511 527 1535 suo,
550 1505 621 1537 quod
642 1505 712 1532 Dens
727 1506 801 1532 illntu
818 1508 958 1534 suscitavit
978 1517 993 1534 a

295 1547 316 1573 ‘s
336 1547 416 1572 tertia
445 1547 499 1578 die,
521 1548 614 1574 salvus
640 1551 691 1576 erit
721 1551 752 1576 ¹⁸.
782 1550 844 1578 lla'c
868 1560 932 1585 ergo
953 1559 993 1579 est

15 1366 77 1508 1

15 2519 416 2605 -Γ

478 2872 484 2886 ι

458 2906 471 2917 ".’

457 2917 482 2932 ι).

450 2947 486 2972 1,’

309 1646 323 1662 n
343 1637 496 1663 immolctnr
515 1643 541 1664 et
564 1639 692 1665 reddatur
711 1640 874 1667 sacriﬁcium
897 1642 995 1670 laudis.

272 1679 278 1685 ’
314 1689 430 1710 «tantum
452 1684 484 1709 ad
511 1684 654 1718 mysticum
674 1686 790 1719 pertinet
818 1687 995 1715 intellectum.

266 1730 294 1754 .'
336 1730 417 1756 etiam
448 1731 590 1762 moralem,
619 1731 664 1765 qui
691 1732 768 1759 nobis
793 1734 917 1767 perutilis
942 1739 994 1767 ost,

328 1784 366 1802 ius
395 1776 495 1807 locum,
518 1776 568 1803 iter
590 1777 670 1803 tridui
693 1778 726 1804 de
745 1778 863 1814 {Egypto
883 1781 994 1814 prolici-

299 1820 318 1837 ·’
335 1822 349 1848 ii
367 1822 403 1848 ita
426 1830 474 1849 nos
491 1822 525 1849 ab
544 1823 618 1849 omni
635 1824 842 1857 inquinamento
854 1827 952 1853 anima:
967 1831 994 1853 ct

312 1874 321 1885 ι
343 1876 368 1894 tc
389 1869 501 1902 spiritus
522 1877 726 1901 conservemus,
750 1876 788 1901 ut,
814 1874 995 1905 quemadmo-

332 1921 337 1926 ι
372 1914 517 1947 Apostolus
532 1916 562 1948 η,
579 1925 587 1941 ‹
614 1915 719 1950 integer
731 1917 844 1951 Spiritus
865 1923 955 1945 vester
966 1923 994 1945 et

341 1970 345 1976 “
378 1969 477 1995 corpus
498 1962 525 1988 in
547 1962 590 1989 die
609 1961 672 1988 Jesu
695 1961 796 1989 Christi
820 1970 956 1990 servetur.
983 1974 991 1990 ι

363 2015 374 2031 r
395 2006 595 2040 proficiscimur
615 2007 647 2033 de
667 2006 788 2041 Egypto
801 2027 808 2038 ,
830 2008 851 2034 si
874 2009 994 2035 rationa-

358 2053 467 2083 ralem,
500 2053 628 2078 moralem
656 2053 817 2085 sapientiam
849 2054 881 2080 dc
912 2055 995 2082 rebus

344 2086 353 2104 ’
374 2106 386 2124 s
407 2098 564 2124 auferentes
584 2097 617 2124 ad
639 2102 741 2124 statuta
763 2098 854 2124 divina
881 2106 996 2126 conver-

335 2144 358 2173 ι’
377 2145 402 2171 ui
419 2145 470 2171 iter
483 2144 517 2170 de
537 2143 655 2179 [Egypto
670 2144 879 2178 proﬁciscimur,
901 2145 922 2171 si
945 2152 995 2178 pu-

346 2194 388 2227 ,ἰ
404 2190 483 2217 nobis
503 2190 575 2216 dicta
589 2211 595 2221 ,
618 2189 710 2221 facta,
730 2189 771 2215 vel
792 2190 909 2224 cogitata
932 2189 995 2222 (tria

356 2250 376 2278 κ
387 2244 435 2269 περ,
454 2244 501 2270 per
515 2244 575 2270 quae
592 2244 705 2270 peccare
722 2236 845 2262 homines
859 2236 994 2269 possunt),

301 1940 310 1952 Ι

367 2284 465 2327 ’tundi
487 2285 577 2314 corde,
593 2287 621 2308 ut
643 2282 777 2315 poSsimus
795 2282 878 2308 Deutn
894 2282 994 2308 videre.

390 2331 479 2357 videre
506 2337 567 2363 qua:
598 2328 753 2362 hujusmodi
785 2335 862 2359 sunt,
887 2336 946 2362 (pne
968 2329 993 2355 in

401 2377 474 2403 dicat
499 2376 618 2410 Spiritus
642 2374 774 2401 sanctus?
802 2374 909 2401 Pharao
941 2376 994 2407 hic,

388 2415 448 2456 ’ξμς
462 2422 584 2456 Αέεγβιί,
606 2422 649 2447 ubi
671 2429 701 2447 se
716 2421 789 2447 videt
806 2421 995 2449 vehementius

396 2462 404 2480 ‘
423 2467 541 2493 dimittat
560 2466 689 2500 poonlum
712 2466 770 2497 Dei,
793 2466 914 2493 secundo
936 2466 997 2493 loco

407 2517 515 2539 oetrare
538 2517 571 2536 ne
589 2511 693 2544 longius
714 2512 826 2542 abeant,
850 2519 883 2538 ne
908 2516 995 2548 totum

416 2559 564 2589 ciscantur,
588 2562 615 2584 et
634 2557 700 2584 dicit
721 2557 744 2572 ²⁰
770 2566 776 2583 :
798 2566 807 2582 ι
837 2557 895 2584 Non
917 2557 997 2590 longe

421 2614 427 2631 I
448 2605 504 2632 vult
524 2605 602 2639 longe
622 2612 636 2631 a
653 2611 683 2632 se
704 2603 761 2630 lieri
779 2604 906 2638 populum
928 2603 994 2637 Dei;

426 2658 459 2677 on
473 2652 498 2677 in
513 2651 595 2682 facto,
616 2650 657 2676 Vel
672 2650 697 2677 in
713 2657 839 2676 sermone
858 2657 972 2683 peccare
987 2658 994 2676 :

429 2705 502 2730 none,
526 2697 567 2724 vel
589 2697 614 2724 in
636 2694 802 2731 cogitatione
824 2695 993 2729 delinquere.

441 2751 484 2770 um
499 2752 512 2770 a
526 2752 555 2771 se
570 2745 687 2771 triduum
701 2742 919 2778 proliciscmttur.
935 2742 995 2768 Vult

453 2797 476 2815 tn
492 2790 562 2817 diem
577 2798 654 2818 suum
667 2791 787 2820 habere;
804 2788 829 2814 in
841 2787 902 2815 aliis
913 2788 991 2821 duos;

478 2871 498 2887 ’ί
510 2873 573 2899 Luc.
591 2882 644 2904 xvi,
664 2873 704 2899 15.

463 2909 482 2932 3.
521 2909 542 2923 '"
557 2909 640 2934 Exnd.
658 2916 715 2939 \‘ttl,
730 2909 774 2934 ‘38.
814 2910 833 2923 "
851 2909 933 2935 I‘Isml.
961 2916 986 2937 ν.
1001 2909 1027 2933 *Ξ-

462 2942 527 2972 .‘li.
570 2944 590 2959 "
604 2944 622 2970 ll
640 2944 702 2970 (Lor.
723 2951 758 2975 ιι,
781 2944 823 2975 ll,
838 2944 877 2971 l5.

807 199 840 225 IN
862 198 1003 226 EXODL‘M
1025 198 1168 226 HOMILIA
1189 198 1231 226 Ill.

1013 928 1032 955 Β

745 2873 765 2889 ’⁵
785 2871 885 2900 lJoan.
904 2882 932 2904 ιι.
951 2872 991 2903 Ιῗί,
1005 2873 1046 2899 16.

1786 200 1838 228 διι

204 252 310 288 onses
323 258 349 281 et
368 254 460 283 Aaron
472 256 536 289 quid
551 256 643 284 dicunt
657 257 699 283 ‘3:
718 266 728 283 ι
752 256 815 283 11ιιξο
827 256 893 283 dicit
907 255 997 282 Domi-
1011 256 1033 283 A
1047 256 1073 282 in
1088 256 1151 284 aliis
1167 261 1254 284 totutn
1274 256 1393 284 triduum
1412 257 1469 291 ipse
1486 257 1618 292 possidet.
1635 257 1688 285 Sed
1707 257 1745 284 illi
1765 259 1837 286 beati

1046 303 1091 337 qui
1108 303 1242 336 integrum
1258 302 1293 330 ab
1308 310 1341 330 eo
1355 303 1474 330 tridttmn
1489 303 1630 334 secedunt,
1644 308 1671 330 et
1691 303 1793 330 nullam
1809 305 1836 331 in

1046 348 1087 375 eis
1097 356 1173 376 suam
1186 348 1305 383 possidet
1322 349 1405 377 diem.
1419 348 1478 375 Non
1490 356 1555 383 ergo
1571 351 1682 383 putetis,
1695 350 1759 383 quia
1772 354 1838 378 ttmc

1048 395 1234 423 tantummodo
1244 397 1339 424 eduxit
1357 395 1461 431 Moyses
1475 395 1602 429 populum
1617 395 1651 423 de
1667 395 1794 431 Egypto.
1805 396 1838 424 El.

1048 449 1120 468 nunc
1141 441 1256 477 Moyses,
1282 451 1361 477 quem
1384 443 1515 471 habenms
1538 443 1680 470 nobiscum
1695 443 1838 471 (habemus

1046 488 1119 515 enim
1137 488 1259 523 Moysen,
1273 495 1300 517 et
1312 490 1481 526 prophetas).
1497 491 1522 517 id
1536 495 1578 518 est
1605 491 1646 517 lex
1677 489 1724 517 Dei
1742 490 1798 516 vult
1812 496 1838 517 te

1047 534 1164 562 educere
1183 536 1215 563 de
1231 535 1366 570 1Egypto;
1383 536 1406 563 si
1420 537 1515 564 audias
1530 544 1601 568 eam,
1626 536 1685 563 vult
1706 541 1733 563 te
1759 536 1838 570 longe

1048 581 1137 608 facere
1150 589 1165 609 a
1183 582 1335 610 Pharaone.
1352 583 1453 610 Eruere
1467 588 1493 610 te
1506 583 1582 618 cupit
1599 584 1632 610 de
1645 590 1730 618 opere
1747 583 1796 609 luti
1820 590 1845 611 et

1048 627 1185 663 palearum
1198 637 1205 660 ;
1220 628 1242 655 si
1255 634 1345 656 tamen
1364 629 1459 656 audias
1471 630 1560 664 legem
1574 629 1633 662 Dei.
1649 635 1676 656 et
1691 629 1772 668 138
1784 637 1816 664 sp
1829 630 1835 655 i

1049 675 1167 702 ritaliter
1187 675 1331 710 intelligas.
1349 675 1406 702 Non
1424 676 1481 702 vult
1495 680 1520 703 te
1537 676 1563 703 in
1588 676 1681 703 carnis
1709 681 1736 703 et
1763 681 1807 703 ten
1820 684 1835 701 σι

1048 721 1158 747 brarntn
1176 721 1282 748 actibus
1306 729 1478 754 permanere.
1494 721 1541 748 sed
1564 721 1641 749 exire
1656 721 1691 749 ad
1703 728 1826 748 erennnn
1841 741 1846 746 .

1047 767 1140 793 venire
1154 767 1187 793 ad
1200 766 1288 794 locum
1305 768 1555 800 perturbationibus
1568 772 1595 796 et
1605 767 1733 796 ﬂuetibus
1745 768 1837 796 saeculi

1048 821 1178 843 vacuum,
1190 814 1284 841 venire
1296 814 1329 840 ad
1344 813 1464 848 quietem
1483 814 1594 841 silentii.
1612 814 1699 841 Verba
1711 813 1783 841 enim
1797 821 1841 845 sa-

1048 861 1158 896 pientize
1173 860 1200 887 in
1229 860 1339 888 silentio
1365 864 1393 887 et
1415 860 1508 894 quiete
1527 861 1679 891 discuntur.
1706 860 1747 892 Ad
1765 860 1839 889 hunc

1047 914 1114 942 ergo
1131 906 1220 934 locum
1238 906 1338 940 quietis
1354 914 1417 933 cum
1434 907 1554 941 venor-is.
1564 906 1603 933 ibi
1618 906 1723 941 poteris
1738 906 1836 935 immu-

1046 952 1104 979 lare
1120 952 1242 983 Domino.
1260 952 1296 979 ibi
1315 952 1402 986 legem
1422 953 1467 979 Dei
1482 958 1509 979 et
1533 952 1660 979 virtutem
1680 952 1779 978 divina:
1793 958 1841 976 vo-

1045 999 1085 1026 cis
1098 1006 1255 1034 agnoscere.
1267 997 1412 1034 Propterea
1420 1006 1486 1032 ergo
1498 998 1571 1033 cupit
1584 1005 1610 1025 te
1622 997 1727 1032 Moyses
1741 998 1841 1032 ejicere

1045 1047 1079 1073 de
1104 1046 1193 1073 medio
1214 1045 1408 1073 ﬂuctuantium
1435 1046 1617 1080 negotiorum,
1640 1052 1668 1073 et
1691 1047 1723 1073 de
1752 1047 1841 1074 medio

1045 1091 1274 1126 perstrepentium
1287 1092 1461 1127 populorum.
1476 1091 1626 1126 Propterea
1637 1093 1711 1126 cupit
1727 1097 1753 1119 te
1765 1093 1841 1120 exire

1044 1137 1079 1164 de
1095 1138 1223 1173 Ᾱῖκγρῑο,
1240 1138 1266 1165 id
1278 1141 1321 1165 est
1332 1138 1366 1165 de
1382 1138 1502 1165 tenebris
1514 1138 1691 1173 ignorantum;
1713 1143 1740 1165 ut
1754 1139 1840 1173 legem

1044 1186 1091 1214 Dei
1110 1186 1214 1219 audias,
1236 1193 1265 1215 et
1282 1188 1370 1215 lucem
1392 1187 1513 1215 scientiae
1536 1187 1641 1221 capias.
1661 1187 1714 1214 Sed
1730 1187 1840 1214 obsistit

1045 1231 1166 1266 Pharao;
1194 1232 1320 1261 relaxare
1348 1238 1375 1261 te
1398 1242 1450 1262 non
1475 1234 1532 1260 vult
1548 1238 1640 1261 lector
1664 1234 1839 1261 tenebrarum

1044 1280 1157 1313 harum;
1174 1288 1225 1307 non
1238 1281 1294 1307 vult
1309 1285 1335 1308 te
1348 1281 1471 1308 abstrahi
1488 1282 1521 1308 de
1544 1281 1665 1308 tenebris
1681 1281 1748 1313 suis,
1762 1286 1789 1307 et
1803 1281 1838 1307 ad

1043 1326 1164 1354 scicntia!
1180 1327 1270 1354 lumen
1289 1328 1387 1356 adduci
1404 1337 1411 1355 :
1427 1333 1455 1355 et
1470 1328 1532 1355 andi
1549 1328 1613 1362 quid
1627 1327 1693 1354 dicit
1716 1336 1722 1354 :
1747 1336 1756 1352 ι
1772 1327 1840 1360 Quis

1043 1377 1095 1405 est,
1113 1372 1245 1407 inquit",
1274 1372 1351 1408 cujus
1369 1373 1478 1401 audiam
1492 1374 1607 1401 Vocem?
1632 1372 1729 1400 Nescio
1745 1373 1838 1399 Dmni—

1044 1426 1119 1450 num,
1136 1425 1161 1445 et
1181 1418 1264 1446 Israel
1286 1427 1338 1446 tton
1355 1420 1504 1447 dimittam.
1527 1430 1536 1445 ι
1561 1419 1630 1446 Audi
1644 1419 1708 1454 quid
1725 1426 1839 1453 respoth

1045 1464 1084 1490 dit
1108 1464 1236 1498 princeps
1259 1463 1339 1497 hujus
1357 1465 1462 1496 mundi,
1488 1464 1595 1491 ncsrire
1610 1470 1639 1490 se
1663 1464 1748 1490 Deum
1761 1462 1837 1488 dicit.

1046 1510 1129 1538 Vides
1143 1511 1207 1545 quid
1223 1511 1279 1545 agit
1294 1510 1378 1537 cruda
1396 1510 1533 1544 superbia.
1554 1510 1644 1536 Donec
1660 1509 1686 1536 in
1699 1508 1841 1537 laboribus

1048 1557 1187 1583 hominum
1203 1566 1255 1583 nou
1278 1562 1330 1588 est.
1351 1562 1377 1584 et
1391 1564 1451 1584 cmn
1473 1556 1630 1582 hominibus
1644 1563 1696 1582 non
1718 1554 1836 1589 ﬂagella-

302 1591 360 1622 via,
385 1598 433 1625 per
453 1599 532 1625 quam
553 1594 713 1626 pervenitur
734 1595 760 1621 in
782 1595 870 1622 loenm
892 1597 918 1623 in
941 1605 995 1630 quo
1009 1596 1031 1625 C
1050 1602 1146 1635 tur";
1167 1608 1309 1636 propterea
1324 1602 1412 1628 tenuit
1423 1609 1485 1627 eum
1502 1601 1643 1635 superbia.
1660 1600 1784 1634 Denique
1797 1599 1839 1626 vi-

1049 1649 1127 1676 debis
1146 1656 1208 1675 eum
1226 1647 1305 1683 pattlo
1320 1652 1380 1682 post
1395 1652 1526 1682 quantmn
1539 1647 1646 1681 proﬁcit
1666 1647 1691 1673 in
1708 1645 1839 1681 ﬂagellis;

1048 1698 1149 1728 quanto
1171 1693 1266 1720 melior
1289 1693 1448 1720 verberatus
1467 1693 1593 1720 ellicitur.
1617 1693 1669 1720 Iste
1690 1693 1737 1727 qui
1760 1693 1841 1720 mon

1048 1740 1134 1767 dicit:
1151 1749 1161 1766 ι
1181 1738 1280 1767 Nescio
1291 1739 1445 1772 Dominum,
1464 1749 1473 1766 ι
1492 1744 1584 1774 postea
1603 1746 1663 1766 cum
1679 1739 1733 1765 vim
1746 1744 1840 1765 sense-

1047 1786 1083 1812 rit
1102 1786 1259 1817 vcrberum,
1275 1784 1398 1812 dicturus
1413 1789 1455 1812 est
1470 1785 1493 1800 “
1508 1793 1516 1811 :
1536 1794 1545 1811 ι
1560 1783 1644 1812 Orate
1660 1792 1709 1819 pro
1726 1791 1770 1811 me
1786 1784 1838 1810 Do-

1047 1832 1159 1863 minum,
1178 1840 1188 1857 I
1205 1836 1232 1858 et
1248 1839 1302 1858 tton
1317 1831 1405 1858 solutn
1418 1830 1480 1862 hoc,
1506 1831 1554 1858 sed
1565 1830 1647 1857 etiam
1661 1829 1840 1857 contestauti-

1046 1878 1097 1905 bus
1113 1879 1200 1913 magis
1215 1878 1346 1905 fatebitur
1369 1879 1432 1913 quia
1447 1877 1548 1913 digitus
1565 1877 1612 1904 Dei
1630 1882 1673 1903 est
1693 1876 1719 1903 in
1737 1875 1840 1902 virtute

1046 1925 1196 1960 signorum.
1214 1924 1298 1952 Nemo
1316 1932 1381 1959 ergo
1397 1925 1433 1951 ita
1452 1923 1605 1951 ineruditus
1629 1922 1729 1949 divina:
1746 1921 1781 1948 sit
1795 1921 1837 1946 di-

1046 1971 1179 2005 sciplinze,
1196 1975 1224 1996 ιιι
1236 1970 1340 2004 ﬂagella
1355 1970 1446 1996 divina
1464 1969 1614 2004 perniciem
1633 1972 1719 2002 putet,
1738 1971 1768 1993 ut
1782 1973 1840 1992 ver-

1047 2015 1113 2043 bera
1129 2015 1234 2042 Domini
1254 2014 1388 2048 pwnaletr.
1402 2014 1497 2040 credat
1513 2013 1664 2040 interitum.
1683 2012 1752 2038 Ecce
1767 2010 1840 2036 Pha-

1049 2068 1096 2087 rao
1119 2059 1300 2087 durissinms:
1329 2063 1418 2084 tamen
1443 2057 1551 2090 prolicit
1572 2057 1741 2083 verberatus.
1770 2054 1840 2080 Ante

1047 2105 1160 2133 verbera
1177 2105 1320 2131 Dominum
1333 2104 1437 2134 nescit;
1453 2104 1613 2129 verberatus
1627 2100 1773 2133 supplicari
1791 2107 1840 2132 pro

1048 2157 1078 2176 se
1099 2149 1242 2175 Dotniuum
1261 2152 1348 2182 rogat.
1377 2146 1427 2173 Est
1453 2147 1590 2179 prolectus
1612 2145 1638 2170 in
1665 2143 1764 2176 pmuis,
1787 2143 1839 2169 hut:

1048 2194 1137 2227 ipsum
1160 2198 1311 2226 agnoscere
1329 2190 1401 2223 quod
1418 2188 1551 2215 merueris
1571 2193 1692 2221 ptenam.
1713 2193 1722 2210 ι
1743 2185 1840 2211 Nescio

1049 2244 1122 2271 etgo.
1141 2235 1191 2268 ait,
1219 2234 1374 2265 Dominum,
1394 2237 1422 2259 et
1439 2232 1521 2259 lsrael
1548 2240 1600 2259 non
1619 2230 1737 2258 dimitto.
1759 2238 1768 2254 ι
1786 2229 1839 2256 Sed

1048 2284 1110 2311 vide
1137 2282 1163 2309 in
1180 2279 1345 2314 Evangeliis.
1369 2278 1505 2313 quomodo
1532 2277 1690 2304 verberatus
1713 2274 1841 2301 emendet

1046 2332 1117 2358 hanc
1130 2334 1235 2355 vocetn.
1255 2325 1393 2360 Scriptum
1409 2329 1450 2351 est
1475 2324 1547 2350 enim
1562 2323 1626 2358 quia
1654 2321 1842 2349 clamaverunt

1045 2377 1185 2404 tlzemones
1200 2373 1234 2401 ad
1251 2372 1395 2400 Dominum
1407 2392 1415 2405 ,
1432 2376 1459 2400 et
1474 2371 1602 2398 dixerunt
1619 2370 1642 2387 “
1659 2377 1665 2394 :
1682 2377 1692 2393 ι
1709 2367 1778 2399 Quid
1795 2374 1841 2393 ve-

1046 2423 1109 2450 nisti
1123 2427 1186 2449 ante
1198 2426 1306 2455 tempus
1322 2424 1450 2453 torquere
1466 2417 1537 2444 nos?
1548 2416 1659 2444 Scimus
1679 2420 1706 2440 te
1718 2412 1763 2446 qui
1781 2411 1820 2438 sis
1831 2420 1839 2426 -

1045 2470 1087 2497 Tu
1108 2476 1138 2496 cs
1162 2467 1249 2494 Filius
1271 2465 1317 2493 Dei
1341 2464 1407 2492 vivi.
1427 2472 1436 2489 ι
1455 2463 1504 2491 Ubi
1525 2465 1660 2490 tormenta
1683 2462 1844 2486 senserunt.

1049 2516 1139 2547 sciunt
1152 2513 1311 2541 Dominutn.
1333 2510 1405 2537 Ante
1420 2509 1525 2544 ﬂagella
1546 2508 1633 2536 dicit:
1649 2515 1660 2531 ι
1680 2503 1777 2547 Nescio

1050 2545 1165 2591 ttiinum,
1182 2563 1210 2586 et
1236 2556 1318 2585 Israel
1341 2563 1394 2583 non
1411 2555 1528 2586 dimitto,
1548 2564 1558 2579 ι
1583 2552 1631 2580 sed
1650 2552 1745 2583 postea
1761 2545 1844 2571 Israel

1049 2592 1175 2638 dimittit,
1193 2609 1220 2631 et
1237 2612 1289 2630 non
1304 2601 1391 2630 solum
1415 2600 1540 2633 dimittit,
1558 2599 1604 2626 sed
1629 2600 1656 2641 et
1674 2595 1731 2641 ipse

1049 2633 1123 2688 {ge-hit
1138 2633 1201 2678 eum
1216 2649 1303 2675 exire.
1319 2646 1397 2674 Nulla
1413 2646 1486 2672 enim
1506 2644 1625 2688 societ-as

1049 2675 1233 2730 Evasi-nulla
1264 2700 1327 2727 pars
1345 2690 1417 2717 ﬁdeli
1433 2697 1495 2715 cum
1524 2684 1624 2732 iutldneli
1638 2680 1671 2732 "4-

1050 2719 1142 2770 311111ιέ
1156 2740 1234 2767 addit
1251 2719 1278 2765 iit
1299 2735 1441 2769 responsis
1457 2732 1530 2759 suis?
1549 2738 1559 2754 ι
1578 2728 1685 2770 Quare:
1708 2722 1795 2770 ιιιιιιιιι
1808 2719 1845 2770 ἐξ

1048 2761 1158 2824 iiloyses
1170 2790 1199 2813 ct
1211 2785 1314 2814 Aaron,
1330 2779 1484 2816 pervertitis
1504 2773 1632 2808 populum
1649 2767 1683 2791 ab
1697 2761 1849 2795 operibus?

1644 2843 1665 2858 1⁸
1679 2841 1757 2867 Rom.
1770 2845 1797 2866 κ,
1816 2842 1846 2870 Ω,

1513 2859 1517 2862 .
1644 2847 1665 2858 1⁸
1740 2847 1757 2862 Ι.
1770 2847 1797 2866 Χ,
1816 2847 1823 2863 ε

1377 2856 1396 2903 :1
1412 2847 1602 2906 ’atz;..“t:,.?:
1617 2879 1645 2904 δ.
1679 2847 1857 2906 “ma-ul;

1089 2865 1218 2911 .‘“..*?f.°t':.
1227 2871 1273 2911 331'
1292 2859 1335 2911 ἐδ-
1374 2859 1395 2903 :Z
1412 2859 1602 2911 ‘gmf'pu‘;
1617 2879 1645 2904 δ,

1069 2906 1092 2920 η
1109 2901 1273 2928 l'sal.Lsxn.
1292 2893 1316 2918 5-

919 2945 938 2959 ’”
959 2943 1042 2971 li\od.
1061 2948 1087 2968 νε
1104 2942 1129 2963 ‘-
