4110 6442
440 357 549 419 515

1930 356 2248 414 ORlGENlS

3608 360 3710 415 316

441 475 725 536 Discedite
766 481 1138 549 unusquisque
1191 480 1257 532 ad
1301 494 1439 548 opus
1473 489 1735 533 vestrum.
1782 497 1800 529 ι
1842 478 2025 531 Donec
2057 480 2101 535 Α
2133 491 2295 544 quam
2334 475 2655 542 praedicatio
2687 475 2869 531 divina
2919 485 3195 541 nascatur,
3232 490 3338 530 non
3366 485 3452 530 est
3488 477 3712 531 tribula-

439 583 626 623 secum
666 580 748 623 est
781 572 1032 639 populus.
1065 583 1117 625 et
1144 572 1314 623 lutum
1354 581 1614 639 operatur
1652 586 1715 625 ac
1767 570 2018 632 laterem,

443 661 617 713 donec
657 661 708 712 in
743 661 911 728 paleis
936 673 1238 730 occupatus
1260 672 1365 727 ost,
1419 678 1525 714 noti
1566 670 1720 727 putat
1751 674 1874 713 eum
1901 670 2021 713 esse

442 765 779 817 perversum,
805 754 899 807 sed
934 766 1079 809 tecto
1103 755 1297 808 itinere
1321 755 1589 807 incedere.
1620 753 1675 806 Si
1700 768 1826 805 vero
1849 753 2020 816 dicat,

434 845 571 899 ‘Volo
594 848 674 900 ire
697 848 842 901 viam
867 848 1038 905 trium
1073 846 1281 900 dierum
1307 856 1359 899 et
1384 846 1600 900 servire
1632 845 1882 908 Domino,
1902 859 2022 912 pars

442 934 580 985 Verli
617 940 867 1001 populum
901 938 1030 989 dicit
1060 952 1158 1004 per
1182 935 1405 1003 Moysen
1435 945 1490 990 et
1521 936 1725 991 Aaron.
1755 934 1867 988 Hoc
1898 934 2021 1005 qui-

442 1027 564 1077 dem
605 1025 895 1081 dicebatur
945 1028 1202 1098 antiquis.
1263 1028 1368 1083 Sed
1408 1040 1464 1082 et
1514 1029 1677 1083 hodie
1722 1030 1764 1081 si
1808 1027 2019 1098 Moyses

440 1127 496 1169 et
533 1118 735 1181 Aaron,
766 1117 817 1171 id
849 1127 933 1172 est
970 1120 1322 1189 propheticus
1360 1132 1415 1173 et
1447 1119 1806 1174 sacerdotalis
1836 1133 2031 1175 sermo

441 1208 683 1262 annuam
706 1210 967 1264 soilicitet
995 1212 1060 1264 ad
1090 1212 1371 1266 servitium
1414 1211 1533 1273 Dei,
1574 1212 1871 1281 iuvitetque
1900 1228 2022 1267 eam

442 1301 598 1355 exire
629 1302 695 1356 de
725 1303 943 1367 srectdo,
976 1305 1298 1359 renuntiare
1326 1306 1579 1359 omnibus
1613 1322 1733 1373 quae
1760 1308 2021 1375 possidet,

440 1407 664 1460 operam
684 1395 819 1448 dare
846 1396 1041 1449 divinae
1075 1395 1174 1462 legi
1204 1405 1257 1450 et
1294 1396 1445 1464 sequi
1478 1399 1703 1452 verbum
1738 1397 1855 1463 Dei,
1901 1413 2024 1451 cou-

444 1488 600 1541 tiuuo
624 1488 812 1542 audies
842 1489 949 1542 dici
988 1488 1056 1542 ab
1087 1490 1175 1543 his
1205 1491 1297 1557 qui
1332 1490 1601 1544 Pharaoni
1646 1492 1930 1545 unanimes
1965 1500 2026 1547 et

445 1581 605 1634 amici
641 1592 765 1634 sunt
801 1599 814 1635 :
847 1582 1035 1635 Videte
1064 1582 1337 1650 quomodo
1382 1583 1721 1636 soducuutur
1777 1584 2024 1639 homines

442 1680 929 1737 etpervertmrtnr,
970 1672 1159 1741 quales
1202 1675 1578 1728 adolescen'es
1630 1689 1699 1729 ne
1746 1675 2024 1744 laborent,

444 1778 513 1816 nc
553 1764 806 1823 militent.
831 1780 903 1818 ne
941 1776 1102 1833 agant
1142 1766 1345 1833 aliquid
1380 1768 1528 1834 quod
1556 1768 1639 1821 eis
1664 1768 1863 1836 prosit,
1894 1771 2025 1825 reli-

443 1856 544 1910 ctis
586 1857 745 1910 rebus
769 1858 1094 1911 necessariis
1122 1867 1180 1911 et
1218 1860 1445 1914 utilibus
1477 1861 1708 1925 ineptius
1740 1872 2021 1917 sectantur

440 1959 498 1999 et
532 1949 726 2000 otium.
763 1947 901 2013 Quid
943 1960 1025 2003 est
1057 1952 1266 2005 servire
1309 1951 1580 2005 Domine?
1612 1950 1897 2007 Laborare
1929 1971 2026 2009 no-

440 2036 581 2102 lunt,
612 2050 667 2093 et
697 2039 890 2094 inertis
908 2041 1007 2094 otii
1030 2042 1355 2117 occasiones
1385 2043 1694 2111 requirunt.
1716 2042 1845 2099 llrec
1870 2055 2027 2099 erant

445 2141 573 2189 tunc
600 2132 763 2186 verba
806 2132 1129 2196 Pharaonis,
1193 2135 1308 2189 haec
1344 2145 1402 2189 et
1425 2150 1570 2190 nunc
1609 2136 1770 2192 amici
1820 2136 1937 2203 ejus
1972 2146 2032 2192 et

445 2221 743 2277 familiares
775 2223 1086 2293 loquuntur.
1131 2226 1245 2279 Non
1279 2227 1455 2281 solum
1490 2228 1669 2283 verbis
1698 2244 1784 2283 res
1823 2230 2025 2298 agitur,

440 2321 751 2381 sequuntur
799 2325 854 2367 et
882 2316 1106 2369 verbera
1135 2333 1153 2383 ;
1207 2318 1467 2387 ﬂagellari
1492 2318 1644 2387 jubet
1684 2321 1897 2376 scribas
1928 2321 2027 2377 lle-

443 2401 735 2468 brreorunt,
778 2405 957 2473 paleas
983 2424 1087 2461 non
1119 2409 1260 2479 dari,
1291 2424 1427 2478 opus
1452 2411 1600 2479 exigi
1631 2428 1645 2474 ;
1686 2413 1800 2466 haec
1841 2421 2029 2480 pertu-

444 2494 631 2553 lerunt
661 2508 864 2565 patres,
911 2499 978 2552 ad
1025 2516 1257 2567 quorum
1292 2501 1519 2570 ligurum
1552 2517 1695 2570 saepe
1730 2504 1897 2557 etiam
1930 2518 2028 2571 po-

445 2586 604 2654 pulus
644 2586 736 2641 Dei
773 2590 975 2657 quiest
1013 2592 1063 2643 iu
1092 2592 1330 2647 Ecclesia
1354 2594 1581 2663 patitur.
1598 2592 2031 2661 inveniesenitu,

443 2679 489 2731 si
527 2680 844 2735 consideres
870 2696 965 2736 eos
993 2684 1081 2750 qui
1116 2700 1174 2738 se
1210 2700 1274 2738 ex
1322 2685 1540 2754 integro
1587 2688 1833 2758 principi.
1865 2686 2026 2753 hujus

443 2770 630 2824 mundi
692 2772 1064 2836 tradiderunt,
1116 2776 1393 2843 prosperis
1440 2778 1784 2832 successibus
1836 2794 2023 2847 agerc,

445 2862 628 2914 omnia
658 2864 759 2927 eis,
795 2872 852 2917 ιιι
889 2864 988 2932 ipsi
1032 2875 1242 2933 putant,
1279 2869 1515 2924 leliciwr
1552 2869 1808 2934 evenire;
1854 2872 2026 2925 servis

443 2959 623 3011 autem
667 2953 760 3008 Dei
810 2971 953 3025 stupe
1002 2971 1071 3011 ne
1152 2958 1267 3014 haec
1304 2961 1521 3028 quidem
1577 2961 1797 3015 humani
1851 2961 2027 3017 victus

444 3042 666 3105 humilia
718 3056 775 3100 et
808 3062 972 3116 parva
1002 3051 1317 3105 succedere.
1350 3051 1486 3106 Istas
1508 3052 1653 3105 enim
1689 3062 1817 3121 puto
1852 3052 2021 3105 videri

2125 568 2221 629 tio,
2253 582 2358 620 non
2391 576 2473 621 est
2497 569 2725 623 teutatio
2759 586 2772 621 :
2805 569 2931 637 quia
2977 568 3081 621 nisi
3126 569 3374 622 bttccincl
3402 569 3550 627 tuba,
3603 584 3710 622 non

2122 660 2485 713 committitur
2537 660 2768 723 bellum;
2823 660 2913 713 ubi
2979 676 3107 715 vero
3162 660 3376 729 signum
3428 659 3550 712 belli
3584 662 3714 714 tuba

2122 751 2529 821 praedicationis
2610 752 2934 815 ostenderit,
3012 752 3109 813 ibi,
3190 750 3391 818 inquit,
3464 751 3715 818 sequitur

2121 842 2385 908 alllictio,
2454 842 2526 895 ibi
2589 842 2770 896 omnis
2842 840 3254 895 tribulationum
3319 855 3496 909 pugna
3570 857 3711 895 cono

2118 932 2321 999 surgit.
2398 933 2471 986 Ex
2551 948 2659 1001 quo
2720 948 2855 1001 ergo
2932 932 3073 1000 loqui
3144 932 3309 999 erepit
3396 931 3606 1000 Moyses
3658 940 3715 986 et

2129 1027 2293 1096 139
2328 1027 2508 1080 Aaron
2540 1029 2608 1081 ad
2666 1026 3027 1092 Pharaonem,
3055 1024 3307 1095 aﬂligitur
3338 1028 3565 1095 populus
3595 1028 3708 1082 Dei.

2125 1117 2202 1171 Ex
2234 1134 2342 1187 quo
2381 1121 2433 1172 in
2472 1120 2708 1173 animam
2767 1129 2911 1173 tuam
2944 1134 3126 1173 sermo
3178 1120 3270 1173 Dei
3316 1121 3557 1187 perlatus
3602 1127 3710 1187 est,

2124 1216 2439 1269 necessario
2480 1224 2763 1270 certamen
2801 1216 2941 1269 intra
2996 1224 3045 1269 te
3084 1216 3379 1269 virtutibus
3419 1217 3717 1271 adversum

2126 1307 2256 1359 vitia
2309 1307 2651 1371 suscitatur;
2706 1306 2858 1373 prius
2891 1319 3023 1360 vero
3063 1322 3226 1376 quam
3270 1307 3482 1361 veniret
3530 1322 3711 1361 sermo

2116 1398 2215 1464 qui
2243 1407 2519 1467 argueret,
2551 1399 2680 1451 vitia
2725 1398 2865 1451 intra
2900 1406 2958 1453 te
3002 1399 3053 1451 in
3103 1413 3233 1467 pace
3272 1399 3546 1453 durabant
3576 1416 3588 1452 :
3616 1400 3709 1453 sed

2126 1489 2217 1543 ubi
2251 1502 2431 1544 sermo
2474 1490 2565 1543 Dei
2621 1490 2799 1545 facere
2826 1490 2995 1557 erepit
3049 1490 3483 1559 uniuscujusque
3517 1491 3714 1544 discri-

2128 1596 2291 1645 men,
2341 1590 2473 1659 tunc
2518 1583 2859 1650 perturbatio
2900 1598 3097 1651 magna
3147 1583 3453 1651 consurgit,
3491 1593 3546 1635 et
3589 1586 3719 1638 sine

2128 1673 2333 1728 fatdere
2356 1674 2597 1727 nascitur
2623 1674 2844 1729 bellum.
2875 1675 3009 1729 Cum
3042 1675 3303 1744 iniustitia
3326 1676 3468 1729 enim
3495 1676 3721 1743 quando

2128 1775 2306 1834 potest
2343 1766 2635 1819 convenire
2673 1766 2924 1834 iustitia,
2963 1767 3297 1836 impudicitia
3333 1782 3455 1821 cum
3501 1767 3718 1821 sobrie-

2131 1870 2260 1925 tate,
2293 1876 2417 1915 cum
2451 1861 2682 1915 veritate
2716 1860 3186 1916 mendacium?th
3212 1862 3332 1915 ideo
3359 1876 3461 1913 non
3494 1876 3705 1929 magno-

2126 1965 2256 2019 pere
2285 1951 2690 2019 perturbemur,
2725 1949 2769 2004 si
2815 1951 3029 2004 videtur
3064 1951 3199 2004 odor
3233 1960 3422 2004 noster
3454 1964 3713 2002 exsecra-

2128 2043 2253 2097 bilis
2283 2058 2403 2096 esse
2443 2042 2735 2097 Pharaoni.
2791 2043 3158 2098 Exsecratioui
3202 2056 3437 2111 uanique
3478 2053 3533 2095 ct
3572 2042 3712 2097 vitiis

2129 2132 2348 2187 ducitur
2404 2132 2604 2187 virtus.
2652 2133 2794 2199 Quin
2846 2134 3034 2201 potius
3087 2141 3144 2186 ut
3203 2133 3253 2185 in
3317 2130 3719 2201 posterioribus

2127 2222 2282 2290 dicit,
2315 2224 2440 2293 quia
2465 2225 2615 2278 stetit
2660 2224 2869 2294 Moyses
2908 2235 3034 2279 ante
3081 2225 3464 2287 Pharaonem,
3510 2233 3721 2278 stemus

2128 2318 2293 2369 etiam
2321 2332 2416 2373 nos
2454 2325 2648 2371 contra
2685 2316 3021 2371 Pharaonem
3055 2325 3111 2371 et
3137 2332 3240 2369 non
3276 2315 3575 2378 ﬂectatuur,
3619 2317 3717 2369 sed

2131 2420 2339 2464 stemus
2387 2425 2414 2458 ι
2444 2409 2710 2463 succincti
2760 2409 2974 2463 lumbos
3013 2419 3231 2463 nostros
3262 2408 3313 2461 in
3359 2407 3608 2469 veritate,
3659 2417 3716 2461 et

2128 2501 2353 2555 calceati
2386 2502 2555 2570 pedes
2578 2502 2636 2555 in
2668 2504 3069 2571 praeparatione
3098 2502 3397 2571 Evangelii
3415 2503 3564 2569 pacis
3595 2502 3661 2555 ³¹.
3689 2520 3721 2553 ι.

2130 2591 2223 2647 Sic
2248 2593 2391 2647 enim
2423 2608 2521 2647 nos
2554 2594 2809 2648 hortatur
2836 2593 3129 2659 Apostolus
3154 2595 3342 2651 dicens
3377 2595 3421 2626 ³³
3458 2617 3468 2649 :
3507 2614 3527 2646 ι
3559 2593 3714 2649 State

2129 2700 2260 2754 ergo
2299 2696 2352 2740 et
2406 2686 2572 2739 nolite
2618 2688 2819 2741 iterum
2866 2686 2997 2755 jugo
3045 2686 3325 2747 servitutis
3363 2687 3651 2741 inhaerere.
3686 2704 3710 2738 ι

2127 2775 2327 2833 iterum
2356 2776 2486 2831 dicit
2522 2777 2568 2813 *⁸
2604 2791 2619 2831 :
2654 2796 2677 2828 ι
2706 2777 2764 2833 ιιι
2797 2792 2905 2847 quo
2934 2786 3180 2845 stamus,
3220 2788 3276 2832 et
3330 2778 3626 2847 gloriamur
3659 2779 3711 2832 in

2130 2884 2226 2938 spe
2281 2870 2466 2939 gloriae
2518 2869 2633 2923 Dei.
2669 2888 2689 2922 ι
2742 2869 2966 2925 Statuas
3011 2880 3193 2924 autem
3247 2870 3615 2935 c0ntideuter,
3664 2870 3710 2924 si

2132 2962 2418 3015 Dominum
2478 2962 2860 3031 deprecemur,
2917 2972 2975 3015 ut
3031 2970 3234 3017 statuat
3282 2963 3445 3028 pedes
3494 2972 3717 3016 nostros.

2130 3069 2292 3123 Super
2332 3063 2567 3123 petram,
2603 3069 2679 3108 :ne
2722 3054 2877 3109 nobis
2927 3055 3055 3109 illud
3107 3056 3348 3120 eveniat,
3391 3055 3532 3124 quod
3568 3055 3725 3108 idem,

438 3136 652 3203 paleas,
696 3153 827 3205 aqua:
876 3154 906 3192 a
962 3138 1251 3197 Pharaone
1290 3142 1693 3198 ministrentur.
1749 3140 1837 3195 Fit
1892 3158 2023 3212 ergo
2054 3157 2095 3213 (ζ
2129 3143 2398 3214 Propheta
2456 3144 2591 3199 dicit
2626 3142 2718 3199 ³⁸ε
2762 3162 2782 3194 ι
2820 3142 2920 3198 Mei
2965 3153 3144 3197 autem
3186 3143 3530 3211 paulominus
3579 3142 3708 3195 moti

442 3242 605 3296 stupe,
660 3239 731 3287 ut.
769 3232 932 3285 Deum
981 3233 1241 3288 timentes
1282 3235 1370 3288 vili
1417 3236 1518 3290 hoc
1541 3236 1708 3289 etiam
1748 3244 1801 3289 et
1852 3235 2023 3304 paleis

442 3318 623 3374 simili
661 3322 941 3391 indigeant
985 3326 1151 3380 victu.
1198 3325 1354 3394 Saepe
1400 3328 1566 3381 etiam
1617 3330 2027 3399 persecutiones

443 3410 715 3465 sustinent
744 3417 1440 3485 tyrannorum,(perferunt
1481 3420 1756 3474 cruciatus
1788 3430 1841 3473 et
1881 3434 2023 3473 θωνα

440 3510 739 3566 tormenta,
770 3501 840 3556 ita
873 3514 930 3557 ut
960 3505 1428 3573 fatigatinOttnulli
1469 3510 1657 3565 dicant
1684 3511 1749 3563 ad
1782 3510 2023 3565 Pharao-

445 3608 567 3646 ucm
596 3609 611 3645 :
644 3593 853 3664 'thuid
888 3608 942 3650 tu
978 3597 1172 3669 aﬂligis
1231 3602 1487 3669 populum
1534 3604 1725 3659 tuum?
1772 3603 2024 3673 Superati

443 3700 678 3763 namque
713 3689 1030 3744 verberibus
1060 3694 1302 3753 nonnulli
1331 3710 1360 3747 a
1395 3695 1499 3749 fide
1525 3696 1787 3750 decidunt
1809 3708 1863 3751 et
1892 3712 2026 3751 con-

443 3774 666 3839 ﬁtentur
702 3794 763 3834 se
810 3796 931 3836 esse
984 3784 1245 3852 populum
1304 3784 1622 3843 Pharaonis.
1673 3805 1692 3838 ι
1722 3787 1837 3842 Νοιι
1878 3790 2023 3843 enim

440 3883 639 3923 omnes
672 3870 769 3938 qui
804 3886 881 3925 ex
912 3872 1105 3937 .lsrael,
1142 3875 1205 3929 hi
1253 3888 1381 3930 sunt
1428 3878 1711 3942 lsraclitze,
1760 3896 1859 3933 nec
1898 3881 2022 3949 quia

445 3970 576 4015 sunt
628 3977 837 4026 semen,
887 3976 1013 4018 sunt
1057 3982 1246 4021 omnes
1285 3977 1339 4023 et
1388 3970 1481 4024 lilii
1532 3972 1597 4023 ".
1632 3972 1721 4027 lsti
1764 3988 1894 4042 ergo
1931 3976 2023 4043 qui

445 4052 592 4108 dubii
622 4064 770 4119 sunt,
810 4068 863 4109 ct
906 4059 955 4109 in
990 4058 1430 4115 tribulationibus
1482 4061 1806 4134 fatigantur,
1858 4073 2021 4120 etiam

443 4156 631 4199 toutra
681 4147 902 4217 Moysen
928 4159 989 4203 et
1034 4150 1216 4207 Aaron
1269 4152 1583 4221 loquuntur,
1637 4164 1692 4208 et
1720 4157 2020 4212 dicunt”:

445 4257 465 4287 ι
494 4237 569 4291 Ex
610 4254 715 4308 qua
754 4239 840 4294 die
883 4242 1124 4297 intrastis
1146 4252 1200 4297 et
1223 4246 1415 4299 existis
1436 4260 1533 4300 vos
1564 4247 1629 4300 ad
1655 4245 2020 4316 Pharaonem,

438 4334 827 4389 exsecrabilem
861 4335 1067 4391 fecistis
1097 4338 1322 4392 odorem
1365 4349 1611 4395 nostrum
1651 4357 1834 4396 coram
1867 4358 1953 4401 eo.
1995 4362 2026 4397 ι.

439 4421 637 4480 Verum
668 4430 854 4482 dicunt
880 4431 994 4495 isti,
1026 4432 1153 4486 licet
1197 4434 1449 4501 ignorent
1492 4436 1725 4495 fortasse
1758 4440 1904 4505 quod
1937 4440 2020 4494 di-

2130 3246 2254 3291 suut
2282 3238 2466 3306 pedes,
2490 3245 2548 3291 et
2579 3235 2927 3305 paulominus
2947 3235 3104 3293 eﬂusi
3139 3245 3265 3289 sunt
3294 3249 3514 3303 gressus
3546 3234 3706 3290 mei.»

2127 3329 2349 3385 Stemus
2402 3343 2533 3399 ergo
2570 3338 2695 3384 ante
2739 3329 3103 3392 Pharaonem,
3138 3328 3190 3383 id
3235 3339 3318 3382 est
3382 3328 3710 3382 obsis-tamus

2126 3423 2176 3477 ei
2209 3424 2264 3476 in
2305 3422 2624 3487 certamine,
2660 3406 2802 3478 sicut
2835 3432 2890 3476 et
2918 3422 3109 3477 Petrus
3150 3420 3430 3491 apostolus
3453 3420 3586 3474 dicit
3616 3420 3663 3451 “
3693 3436 3708 3473 :

2130 3531 2153 3566 ι
2182 3514 2281 3569 Cui
2323 3512 2559 3569 resistite
2592 3514 2761 3570 fortes
2793 3516 2844 3570 in
2872 3516 2997 3571 lidc.
3036 3532 3073 3569 ι,
3109 3512 3214 3569 Sed
3246 3522 3299 3568 et
3333 3509 3537 3566 Paulus
3566 3512 3711 3567 nihl.»

2130 3605 2367 3662 lomiuus
2398 3604 2533 3660 dicit
2562 3605 2611 3637 "‘
2645 3623 2658 3658 :
2697 3622 2731 3657 ι.
2752 3602 2906 3661 State
2945 3606 2997 3659 in
3029 3604 3212 3660 lidect
3241 3603 3475 3657 viriliter
3505 3604 3708 3672 agite.»

2129 3696 2184 3750 Si
2215 3698 2357 3751 enim
2387 3695 2600 3752 fortiter
2624 3700 2957 3763 steterimus,
2996 3706 3368 3765 consequetur
3400 3696 3527 3749 illud
3563 3695 3707 3763 quod

2128 3786 2320 3847 orabat
2363 3787 2557 3842 Paulus
2601 3804 2700 3859 pro
2742 3788 3034 3857 discipulis
3078 3789 3289 3854 dieens,
3337 3789 3461 3854 quia
3513 3804 3531 3836 ι
3569 3784 3710 3839 Deus

2127 3886 2377 3931 conteret
2430 3875 2594 3930 Satan
2629 3878 2731 3932 sub
2766 3877 2998 3945 pedibus
3046 3874 3244 3929 vestris
3292 3873 3551 3926 velociter
3579 3873 3642 3927 ³⁸.
3685 3889 3711 3922 ι

2127 3968 2346 4034 Quanto
2368 3967 2511 4020 enim
2544 3981 2647 4020 nos
2676 3966 3025 4021 constantius
3068 3972 3121 4021 et
3148 3964 3344 4018 fortius
3370 3964 3708 4025 steterimus,

2128 4068 2280 4113 tanto
2319 4058 2585 4113 inﬁrmior
2624 4066 2678 4113 et
2711 4058 2998 4113 invalidior
3025 4057 3131 4110 erit
3157 4056 3389 4110 Pharao.
3429 4055 3485 4109 Si
3525 4066 3711 4107 autem

2129 4165 2227 4203 nos
2253 4149 2335 4201 vel
2368 4147 2568 4202 inﬁrmi
2598 4149 2929 4218 coeperimus
2968 4160 3108 4211 esse,
3158 4144 3239 4199 vel
3282 4144 3459 4209 dubii,
3496 4143 3582 4196 ille
3612 4142 3707 4194 ad«

2127 4257 2344 4297 versum
2391 4257 2488 4299 nos
2536 4240 2765 4295 validior
2804 4249 2858 4292 et
2906 4239 3244 4293 constantior
3297 4236 3409 4290 liet.
3470 4235 3535 4288 Et
3581 4250 3710 4288 vero

2129 4335 2260 4388 illud
2321 4333 2635 4403 implebitur
2690 4335 2743 4389 in
2793 4332 2991 4398 ttobis,
3038 4333 3088 4384 in
3146 4346 3253 4399 quo
3291 4329 3503 4398 Moyses
3562 4326 3708 4381 dedit

2130 4429 2354 4498 tiguratn
2388 4427 2452 4481 ³⁵⁵.
2483 4426 2619 4482 Cum
2650 4426 2796 4481 enim
2842 4426 2954 4495 ipse
2981 4424 3220 4479 elevaret
3261 4438 3475 4485 manus,
3518 4421 3707 4474 vince-

437 4522 589 4577 Cuut,
646 4515 787 4569 sicut
836 4529 888 4571 et
917 4519 1156 4586 Caiphae
1211 4520 1298 4574 ille
1355 4538 1538 4579 verum
1586 4524 1836 4589 dicebat,
1889 4527 2017 4596 quia
2051 4507 2097 4563 Ῐ)
2126 4519 2291 4574 batur
2340 4519 2623 4573 Amalech.
2674 4518 2732 4572 Si
2775 4532 2904 4572 vero
2948 4516 3094 4570 velut
3129 4517 3301 4571 lassas
3323 4515 3608 4585 dejiceret,
3652 4519 3707 4566 et

445 4621 468 4654 ι
502 4607 719 4671 expedit
762 4607 917 4661 [vobis
961 4619 1018 4660 ut
1047 4609 1311 4667 moriatur
1355 4628 1494 4666 unus
1527 4629 1625 4682 pro
1665 4616 1861 4684 populo
1892 4619 1959 4683 ³⁸,
1996 4636 2014 4669 ι

439 4696 533 4747 sed
570 4696 699 4762 quid
731 4697 935 4753 diceret
967 4700 1270 4761 nesciebat.
1312 4701 1471 4767 Nam,
1515 4715 1573 4759 ut
1614 4706 1907 4775 Apostolus
1936 4711 2020 4765 di-

437 4787 513 4844 cit
538 4788 605 4851 ³ο,
637 4807 655 4837 ι
687 4790 886 4845 Christi
938 4793 1113 4846 bonus
1142 4793 1278 4848 odor
1309 4811 1527 4862 sumus;
1593 4799 1687 4852 sed
1746 4800 1889 4866 aliis,
1934 4803 2018 4856 itt-

438 4880 577 4946 quit,
627 4882 760 4936 odor
805 4884 872 4937 de
929 4885 1039 4937 vita
1089 4884 1141 4937 in
1199 4885 1383 4949 vitam,
1413 4886 1536 4941 aliis
1576 4898 1756 4943 autem
1785 4893 1918 4946 odor
1953 4896 2019 4950 de

441 4982 616 5029 morte
640 4972 691 5025 in
732 4985 981 5031 mortem.
1022 4996 1042 5030 ι
1079 4978 1159 5031 ita
1203 4988 1260 5031 et
1284 4979 1641 5046 propheticus
1682 4996 1864 5037 sermo
1890 5000 2017 5041 sua-

438 5065 519 5119 vis
544 5067 680 5119 odor
712 5078 803 5120 est
834 5068 1219 5134 credentibus;
1252 5070 1586 5125 dubiisvero
1609 5082 1664 5125 et
1694 5073 2012 5141 incredulis,

434 5167 490 5210 ct
513 5157 598 5212 his
626 5157 719 5226 qui
756 5172 814 5211 se
841 5159 1095 5228 populum
1144 5161 1469 5215 conliteutur
1526 5177 1652 5217 esse
1690 5162 2014 5231 Pharaonis,

434 5250 570 5304 odor
598 5252 950 5307 exsecrabilis
979 5253 1230 5308 eliicitur.
1269 5253 1374 5309 Sed
1405 5263 1463 5308 et
1491 5255 1608 5323 ipse
1633 5256 1847 5327 Moyses
1879 5259 2015 5314 dicit

434 5341 502 5399 ad
537 5341 843 5404 Dominum,
878 5344 1000 5412 quia
1044 5363 1061 5396 ι
1088 5361 1159 5399 ex
1180 5361 1290 5416 quo
1318 5346 1527 5401 locutus
1551 5362 1670 5401 smn
1714 5365 1834 5403 cum
1866 5350 2012 5407 Pita-

439 5447 626 5497 raonc,
681 5436 871 5490 alilixit
933 5437 1186 5505 populum
1248 5448 1396 5492 tuum
1444 5438 1509 5491 ³¹.
1560 5459 1585 5491 η»
1642 5440 1863 5494 Certum
1926 5453 2010 5498 est

436 5525 578 5578 enim
634 5528 763 5594 quia
813 5538 1104 5596 antequam
1144 5544 1325 5584 sermo
1364 5528 1456 5581 Dei
1518 5531 1794 5594 audiatur,
1861 5541 2012 5586 ante-

513 5616 554 5644 ’⁷
592 5616 745 5668 litim.
783 5635 858 5675 Ix,
886 5619 939 5676 li,
970 5621 1021 5673 7.
1100 5620 1146 5651 ’⁸
1182 5621 1350 5674 Exod.
1386 5636 1438 5683 ν,
1471 5621 1561 5673 ‘ll.

432 5699 512 5744 NI,
550 5685 636 5743 ιι.
660 5688 748 5741 Ιῖἶ.
828 5689 1077 5743 "-Gztlat.
1112 5708 1165 5746 v.
1208 5693 1250 5742 l.
1330 5692 1375 5720 ³³
1403 5692 1615 5755 limum,
1646 5690 1701 5743 ‘2.

438 5770 551 5823 an,
604 5758 690 5807 till.
774 5757 815 5789 "
883 5759 1027 5814 l-Laod
1107 5777 1233 5821 xvu,
1304 5760 1385 5814 ll.
1467 5760 1509 5791 ιθ
1551 5760 1734 5820 .Lcob.
1784 5778 1855 5829 tv.
1900 5764 1953 5817 7.

1640 5622 1683 5652 ²⁹
1708 5619 1863 5673 Joan.
1905 5640 1979 5685 χι,
2010 5625 2099 5678 50.
2178 5625 2222 5655 ³⁸

1646 5690 1701 5743 ‘2.
1780 5692 2251 5749 "Psal.t.xxttt.2

1881 5706 1978 5746 sttl.
2010 5706 2271 5752 LXXIII.‘Z.

2126 4612 2346 4667 brachia
2401 4610 2616 4664 infirma
2658 4610 2993 4679 deponeret,
3026 4607 3386 4665 invalescebat
3418 4604 3704 4659 Amalech.

2123 4704 2199 4761 lta
2241 4719 2370 4773 ergo
2410 4703 2573 4757 etiam
2626 4717 2727 4757 nos
2780 4702 2831 4755 in
2866 4705 3068 4756 virtute
3123 4700 3303 4756 crucis
3358 4697 3559 4753 ChriSIi
3601 4708 3702 4748 ex-

2125 4797 2376 4851 tollamus
2408 4796 2668 4859 brachia,
2714 4804 2770 4849 et
2800 4795 3075 4848 elevcmus
3127 4793 3177 4847 in
3217 4792 3461 4848 oratione
3512 4796 3702 4842 sant-ta

2125 4902 2319 4942 manus
2353 4888 2405 4940 in
2451 4887 2606 4942 omni
2655 4885 2773 4941 loco
2816 4885 2934 4940 sine
2984 4885 3063 4938 ira
3096 4894 3149 4939 et
3185 4881 3598 4949 disceptatione,
3645 4886 3704 4931 ut

2123 4979 2335 5035 Domini
2364 4993 2678 5032 mereamur
2706 4976 2991 5030 auxilium.
3040 4973 3151 5028 lloc
3193 4974 3332 5027 idem
3370 4984 3603 5038 namque
3647 4976 3704 5022 ct

2118 5071 2355 5126 Iacobus
2382 5067 2663 5138 apostolus
2689 5068 3031 5128 cohortatur,
3085 5064 3273 5117 dicens
3293 5062 3370 5116 “z
3399 5078 3417 5111 ι
3444 5058 3703 5113 ltesistite

2122 5172 2301 5216 autem
2356 5159 2597 5223 diabolo,
2659 5166 2714 5211 et
2762 5156 2929 5226 fugiet
2972 5170 3001 5207 a
3052 5151 3519 5221 vobis.tAgamus
3569 5163 3702 5218 ergo

2123 5253 2269 5310 omni
2309 5252 2434 5315 (ide,
2459 5261 2643 5305 utnon
2668 5250 2840 5304 solum
2881 5249 3052 5317 fugiat
3092 5264 3121 5301 a
3163 5247 3336 5311 nobis,
3365 5246 3455 5297 sed
3484 5255 3537 5296 et
3569 5257 3702 5295 con-

2127 5355 2334 5401 teratur
2362 5344 2594 5399 Satanas
2622 5343 2724 5396 sub
2753 5341 2983 5409 pedibus
3013 5340 3215 5394 nostris
3237 5380 3250 5401 ,
3283 5338 3422 5392 sicut
3464 5346 3518 5389 et
3552 5333 3698 5387 Pha-

2121 5455 2215 5493 rao
2253 5439 2533 5491 demersus
2573 5443 2657 5489 est
2697 5435 2748 5488 in
2783 5450 2932 5490 mare
2956 5474 2972 5500 ,
3020 5444 3073 5486 et
3107 5432 3158 5486 in
3205 5429 3475 5500 profundo
3516 5424 3700 5496 abyssi

2119 5529 2441 5584 exstinctus.
2490 5524 2600 5580 Nos
2646 5536 2836 5581 autem
2891 5528 2935 5580 si
2969 5527 3288 5580 recedamus
3341 5524 3407 5577 de
3459 5520 3698 5589 Egypto

2178 5625 2222 5655 '°
2256 5621 2295 5675 ll
2325 5620 2449 5673 Cor.
2477 5634 2536 5679 ιι,
2574 5616 2661 5680 15,
2697 5618 2782 5675 l6.
2860 5618 2901 5649 ³¹
2938 5618 3106 5671 Exod.
3147 5632 3199 5677 ν,
3227 5616 3317 5668 “£3.
3407 5615 3450 5647 ³¹
3496 5612 3694 5675 l'lpltes.

2350 5688 2602 5743 “ll’ctr.
2632 5691 2753 5754 v.9.
2833 5690 2875 5721 ³⁷
2900 5687 2942 5743 ιι
2984 5689 3109 5745 Cor.
3142 5704 3256 5754 xw,
3300 5688 3389 5742 l3.
3470 5682 3694 5738 “lium.
