4110 6462
374 427 494 481 517

1641 412 1710 466 IN
1748 401 2037 467 LXODL‘M
2072 400 2361 457 liOMILlA
2397 396 2484 457 ιν.

3566 391 3671 447 513

375 540 657 595 vitiorum
689 577 706 602 ,
762 535 957 589 ﬂuctus
1011 532 1193 590 smcttli
1261 540 1519 598 tanquam
1583 525 1689 579 iter
1752 517 2064 581 solidnmA
2095 533 2256 570 manu
2305 516 2457 584 ejus,
2509 514 2726 568 additur
2764 535 2774 567 :
2815 512 3090 575 «Facies,
3149 509 3321 576 inquit
3363 508 3432 570 "',
3492 522 3555 559 ca
3616 509 3670 560 ia

374 633 723 702 evademus,
748 641 845 696 per
871 627 1057 681 Iesum
1086 623 1361 679 Christum
1394 622 1678 674 Dominum
1711 626 1983 678 nostrum,

376 726 475 782 cui
526 733 612 779 est
640 722 811 793 gloria
841 730 897 776 et
936 718 1220 788 imperium
1281 716 1337 769 in
1402 712 1600 769 saecula
1634 709 1979 765 sarculozum.

376 816 590 872 Amen.

978 904 1146 963 110Μοῖ
1156 903 1259 959 LlA
1303 902 1392 959 IV.

403 1007 486 1060 De
541 1003 717 1060 decem
760 1000 983 1069 plagis,
1023 1000 1215 1068 quibus
1265 1010 1516 1066 percussa
1563 1002 1639 1047 est
1691 990 1981 1061 Εθυριιι

468 1092 526 1147 1.
582 1090 824 1145 ilistoria
865 1088 1085 1157 quidem
1136 1085 1503 1141 famosissima
1547 1082 1706 1138 nobis
1754 1081 1982 1134 recitata

390 1193 508 1249 est,
539 1190 591 1238 et
613 1197 733 1250 qum
762 1194 860 1248 pro
889 1179 975 1232 sui
998 1175 1375 1245 magnitudine
1397 1176 1651 1230 universo
1676 1173 1887 1228 mundo
1911 1171 1983 1225 sit

393 1275 644 1342 cognita,
708 1286 804 1339 per
857 1285 1020 1339 quam
1074 1268 1416 1339 designatur,
1473 1268 1619 1339 quod
1676 1266 1983 1335 ingentibus

395 1366 681 1431 signorum
711 1376 773 1416 ac
800 1360 1164 1430 prodigiorum
1193 1359 1514 1415 verberibus
1553 1357 1826 1429 Egyptus
1853 1373 1978 1412 cum

402 1454 688 1509 Pharaone
723 1467 849 1521 rege
874 1453 1139 1521 castigata
1173 1452 1273 1519 sit,
1324 1462 1383 1507 ut
1414 1451 1765 1507 Hebraeorum
1804 1466 1978 1521 popu-

403 1545 545 1610 lum,
591 1558 746 1614 quem
784 1560 846 1599 ex
882 1545 1067 1600 liberis
1104 1545 1350 1615 patribus
1392 1553 1576 1598 uatum
1605 1544 1881 1599 Violenter
1923 1544 1977 1598 in

399 1634 726 1699 servitutem
760 1636 1067 1704 redegerat,
1117 1634 1370 1703 ingenita:
1418 1635 1670 1690 redderet
1710 1634 1976 1690 libertati.

390 1720 601 1781 Yet-um
660 1726 735 1784 ita
770 1736 1048 1795 gestorum
1094 1734 1350 1781 contexta
1408 1726 1650 1781 narratio
1691 1734 1794 1787 est,
1843 1737 1902 1781 ut
1931 1726 1977 1780 si

393 1812 608 1888 ninguis
634 1817 927 1885 diligenter
961 1819 1239 1888 inspicias,
1271 1820 1429 1888 plura
1462 1818 1513 1871 iu
1540 1817 1742 1887 quibus
1776 1819 1975 1873 luerent

394 1906 709 1967 intellectus
730 1922 894 1974 quam
927 1907 981 1962 in
1015 1909 1215 1978 quibus
1247 1910 1505 1978 expedire
1540 1925 1605 1967 se
1631 1912 1807 1980 possit
1835 1913 1979 1969 iuve-

393 2000 540 2056 n‘ias.
606 2000 673 2061 Et
730 2001 858 2070 quia
914 2001 1135 2070 longum
1198 2012 1283 2058 est
1324 2003 1536 2072 singula
1590 2018 1688 2072 per
1734 2006 1980 2060 ordinem

388 2088 703 2159 Scriptura:
754 2091 902 2145 dicta
951 2107 1299 2161 proponere,
1366 2097 1760 2150 continentiam
1817 2099 1982 2152 totius

390 2182 644 2249 historia:
676 2185 1121 2252 compendiosius
1150 2188 1583 2242 recensebimus.
1609 2187 1777 2257 igitur
1806 2191 1982 2258 primo

388 2274 555 2343 signo
592 2274 820 2343 projecit
866 2274 1074 2344 virgam
1129 2290 1285 2331 suam
1331 2276 1544 2344 Aaron,
1595 2288 1649 2332 et
1695 2280 1841 2334 facta
1897 2292 1981 2335 est

372 2365 587 2428 draco,
627 2380 683 2421 et
713 2366 997 2423 convocati
1026 2368 1400 2423 iucantatores
1440 2379 1493 2424 et
1530 2371 1762 2426 maleﬁci
1808 2372 1979 2443 Egy-

396 2457 641 2528 ptiorum
680 2458 929 2514 fecerunt
960 2460 1215 2517 similiter
1243 2477 1308 2516 ex
1346 2463 1512 2533 virgis
1541 2465 1652 2519 suis
1690 2466 1977 2521 dracones.

392 2544 508 2603 Sed
556 2549 765 2623 draco,
809 2552 903 2621 qui
946 2567 1009 2607 ex
1054 2553 1205 2621 virga
1253 2554 1433 2609 Aaron
1484 2558 1666 2611 fuerat
1727 2558 1973 2622 eﬁectus,

390 2642 684 2707 absorbuit
707 2647 972 2700 dracones
1002 2647 1405 2719 Egyptiornm.
1437 2649 1589 2716 Quod
1617 2667 1738 2706 cum
1766 2656 1975 2722 stupori

387 2750 519 2791 csse
564 2735 818 2793 debuerit.
864 2736 1158 2805 Pharaoni,
1197 2750 1250 2795 et
1291 2742 1358 2795 ad
1402 2743 1780 2799 credulitatem
1813 2746 1979 2814 proﬁ-

388 2841 548 2891 cere,
581 2830 633 2881 in
659 2830 997 2884 contrarium
1062 2846 1279 2888 versum
1315 2843 1417 2889 est.
1462 2835 1609 2891 Dicit
1644 2839 1787 2891 enim
1823 2838 1977 2892 Scri-

388 2925 579 2983 ptura,
607 2919 775 2987 quiat
800 2920 1111 2975 induratum
1153 2932 1241 2977 est
1278 2937 1373 2977 cor
1406 2922 1732 2991 Pharaonis,
1789 2935 1843 2980 et
1872 2944 1975 2982 non

390 3007 679 3069 exaudivit
710 3026 805 3065 eos
838 3011 905 3067 δι.
942 3031 959 3063 ι
1027 3015 1091 3068 Et
1121 3015 1209 3069 hic
1240 3017 1457 3084 quidem
1481 3018 1635 3082 dicit,
1663 3021 1789 3088 quia
1819 3019 1978 3071 indu-

391 3108 572 3163 ratum
597 3110 684 3155 est
720 3116 819 3166 cor
840 3101 1144 3160 Pharaonis
1167 3143 1184 3171 ,
1215 3108 1309 3161 sed
1336 3117 1391 3162 et
1415 3109 1467 3162 in
1492 3109 1664 3176 prima
1701 3111 1978 3165 nihilomi-

2088 618 2381 676 conspectu
2426 605 2747 660 Pharaonis.
2786 604 2895 674 Ego
2939 612 3120 655 autem
3168 601 3365 653 iuduro
3399 612 3495 652 cor
3523 594 3659 649 Pha-
3704 664 3709 667 _

2088 703 2298 766 raonis,
2330 712 2381 755 et
2400 716 2513 763 non
2536 699 2777 753 dimittet
2804 699 3060 767 populum
3096 712 3326 749 meum.)
3367 693 3463 747 llic
3492 692 3671 760 primo

2080 795 2290 855 dictum
2318 799 2407 847 est.
2437 806 2465 843 a
2502 789 2728 844 Domino
2752 807 2766 842 :
2799 788 2941 857 (Ego
2967 787 3162 840 iuduro
3193 802 3286 841 cor
3308 783 3627 842 Pharaonis.
3647 797 3665 830 ι

2082 888 2195 942 Sed
2229 897 2282 942 et
2304 885 2543 945 secundo
2569 882 2658 937 ubi
2689 880 2990 937 enituierati
3016 888 3139 933 sunt
3172 878 3448 947 principes
3482 876 3670 941 Israel,

2082 992 2204 1053 post
2244 996 2418 1050 pauca
2457 979 2610 1032 addit
2644 993 2711 1031 ex
2758 990 2988 1046 persona
3029 973 3241 1027 Domini
3276 991 3289 1026 :
3331 992 3349 1024 ι
3390 972 3539 1041 Ego,
3583 971 3671 1023 in-

2077 1078 2207 1149 quit
2236 1077 2304 1145 “,
2348 1077 2545 1131 induro
2568 1088 2664 1128 cor
2692 1069 3031 1136 Pharaonis,
3072 1077 3132 1123 et
3169 1064 3471 1139 nndtiplico
3516 1066 3670 1133 signa

2080 1185 2220 1231 mea.
2260 1186 2281 1229 I

2152 1265 2211 1318 2.
2251 1262 2404 1330 Quod
2432 1262 2476 1314 si
2507 1259 2784 1315 credimus
2810 1256 3029 1313 divinas
3073 1268 3205 1310 esse.
3240 1253 3338 1308 bas
3361 1252 3582 1306 litteras
3621 1260 3675 1305 et

2078 1370 2181 1425 per
2219 1352 2485 1424 Spiritum
2508 1360 2756 1405 sanctum
2786 1349 3054 1418 scriptas,
3094 1362 3201 1401 non
3234 1356 3364 1416 puto
3392 1346 3537 1414 quod
3567 1354 3673 1396 tam

2078 1447 2303 1517 indigne
2330 1446 2398 1502 de
2436 1444 2620 1505 divino
2658 1442 2866 1511 Spiritu
2893 1444 3219 1505 sentiamus,
3254 1450 3311 1493 ut
3355 1439 3577 1501 fortuitu
3622 1438 3673 1490 in

2078 1551 2239 1594 tanto
2281 1540 2386 1593 hoc
2432 1553 2600 1607 opere
2654 1536 2799 1592 facta
2843 1536 2913 1590 sit
2961 1536 3062 1590 ista
3103 1534 3378 1595 varietas,
3424 1541 3485 1592 ut
3530 1545 3675 1588 nunc

2076 1634 2298 1703 quidem
2334 1632 2596 1686 Dominus
2631 1629 2849 1683 dicatur
2892 1628 3184 1681 indurasse
3202 1640 3297 1680 cor
3328 1624 3677 1687 Pharaonis,

2074 1742 2225 1781 nunc
2254 1735 2437 1779 autem
2465 1739 2569 1777 non
2600 1737 2631 1775 a
2658 1720 2919 1783 Domino,
2964 1720 3056 1775 sed
3110 1719 3265 1788 quasi
3299 1727 3493 1786 sponte
3518 1715 3672 1767 indu,-

2078 1829 2261 1871 -ratum
2293 1817 2528 1871 dicatur.
2574 1814 2842 1885 Equidem
2879 1814 3144 1867 conﬁteor
3195 1826 3281 1863 me
3328 1809 3507 1863 minus
3550 1807 3671 1864 ide-

2080 1925 2270 1976 nomn,
2302 1918 2357 1964 et
2395 1909 2575 1964 minus
2602 1922 2903 1976 capacem,
2951 1906 3043 1973 qui
3078 1905 3286 1958 valeam
3320 1902 3373 1955 in
3422 1902 3670 1967 hujusce»

2086 2006 2232 2061 modi
2262 2002 2625 2059 varietatibus
2661 2002 2857 2056 divina:
2886 1998 3170 2067 sapientia:
3219 2005 3427 2050 secreta
3462 1992 3671 2046 rimari.

2082 2096 2311 2151 Paulum
2339 2105 2526 2150 tamen
2552 2091 2859 2162 apostolum
2896 2088 3052 2141 video
3075 2127 3089 2151 ,
3132 2086 3223 2155 qui
3261 2092 3486 2153 propter
3516 2082 3670 2136 inha-

2084 2192 2353 2245 bitantem
2389 2188 2441 2242 iu
2467 2200 2527 2241 se
2557 2184 2813 2254 spiritum
2853 2182 2947 2237 Dei
2984 2181 3172 2235 dicere
3196 2176 3542 2232 confidenter
3576 2190 3675 2228 au-

2083 2284 2240 2339 debat
2274 2283 2318 2315 "
2356 2300 2369 2336 :
2402 2279 2616 2336 «Nobis
2681 2289 2864 2331 autem
2928 2271 3191 2329 revelavit
3253 2270 3516 2324 Dominus
3576 2285 3670 2337 per

2084 2375 2332 2443 spiritum
2386 2386 2568 2427 suum.
2636 2368 2875 2438 Spiritus
2929 2368 3076 2420 enim
3132 2365 3314 2419 omnia
3370 2371 3670 2418 scrutatur.

2082 2465 2248 2521 etiam
2295 2465 2403 2518 sita
2440 2463 2556 2517 Dei.
2602 2482 2620 2515 ι
2673 2462 2866 2526 litate,
2923 2462 3163 2528 inquam,
3210 2456 3365 2510 video
3416 2464 3671 2523 tauquam

2084 2558 2470 2627 intelligentem
2505 2555 2636 2625 quid
2668 2553 2883 2609 differat
2914 2553 3232 2606 induratum
3257 2564 3379 2604 esse
3406 2564 3501 2602 cor
3529 2546 3669 2600 Pha-

2083 2648 2309 2712 raonis,
2372 2655 2429 2701 et
2485 2646 2769 2699 iudurasse
2824 2659 2921 2698 cor
2978 2641 3282 2696 Pharaonis
3334 2640 3622 2692 bomimnn
3656 2678 3672 2699 ,

2081 2743 2284 2797 dicere.
2318 2740 2461 2795 Alibi
2504 2739 2728 2810 quidem
2778 2738 2913 2791 dicit
2947 2738 3035 2790 ’δη
3070 2756 3090 2787 ι
3122 2738 3203 2790 An
3246 2734 3470 2789 divitias
3513 2731 3666 2786 beni-

2082 2837 2211 2897 tatis
2241 2834 2379 2903 ejus,
2407 2842 2464 2888 et
2487 2833 2860 2903 patientia,et
2884 2829 3314 2901 longanimitatis
3341 2825 3671 2891 contemnis,

2080 2931 2338 3002 ignorans
2361 2927 2490 2999 quia
2520 2926 2781 2994 patientia
2806 2924 2899 2979 Dei
2928 2924 2993 2978 ad
3018 2921 3394 2992 prenitentiam
3432 2929 3483 2972 te
3509 2920 3672 2973 addu-

2079 3023 2199 3079 cit?
2229 3022 2538 3077 Secundum
2564 3020 2820 3073 duritiam
2850 3028 3034 3071 autem
3070 3028 3242 3081 tuam,
3277 3026 3330 3068 et
3353 3030 3449 3069 cor
3478 3014 3670 3082 imput-

2081 3115 2260 3168 niteus
2297 3112 2638 3171 thesaurizas
2674 3110 2770 3163 tibi
2807 3110 2944 3162 iram
2986 3109 3039 3161 in
3069 3108 3157 3161 die
3190 3109 3307 3170 irte,
3360 3117 3411 3160 et
3460 3107 3663 3161 revela-

390 3209 500 3253 ttus
530 3194 707 3265 plaga,
737 3196 827 3249 ubi
854 3211 991 3265 aqua
1019 3197 1069 3250 in
1095 3199 1693 3268 sanguinem‘vertitur,
1721 3202 2046 3269 s’imiliterlC
2080 3203 2244 3257 tionis
2278 3203 2411 3271 justi
2441 3200 2632 3269 judicii
2660 3201 2781 3254 Dei.
2803 3219 2827 3252 τ
2856 3199 2966 3253 έΡθι·
2995 3198 3139 3268 quod
3173 3213 3294 3251 eum
3328 3198 3449 3251 sine
3480 3198 3670 3262 dubio,

397 3286 727 3353 rescriptum
758 3298 863 3352 est,
896 3290 1021 3343 etin
1054 3293 1292 3345 sectmda
1321 3306 1441 3346 cum
1468 3306 1621 3348 ranae
1650 3292 1975 3362 debuliiuut,

395 3376 498 3429 sed
526 3385 581 3431 et
617 3377 668 3431 in
700 3380 853 3433 tertia
896 3396 1017 3435 cum
1048 3381 1295 3451 ciniphes
1337 3384 1637 3455 ingruunt;
1684 3387 1735 3441 in
1784 3399 1977 3457 quarta

391 3482 617 3536 quoque
659 3484 783 3527 cum
828 3475 1112 3546 cyuomyia
1159 3477 1433 3540 educitur,
1480 3478 1621 3532 etin
1656 3480 1842 3548 quinta
1888 3483 1977 3536 ubi

393 3573 595 3619 manus
617 3559 828 3619 Domini
858 3568 915 3619 lit
944 3581 1110 3636 super
1142 3584 1337 3638 pecora
1380 3570 1790 3643 Egyptiorum,
1824 3574 1978 3642 paria

390 3666 560 3719 super
591 3654 694 3711 hoc
718 3654 985 3711 dicuntur
1019 3669 1073 3713 et
1100 3660 1320 3716 similia.
1377 3662 1433 3717 lu
1492 3672 1645 3720 sexta
1703 3666 1976 3736 νει-ομιὺὶ

389 3747 628 3815 sumpsit
664 3749 900 3804 favillam
929 3754 996 3806 de
1028 3752 1255 3811 fornace
1302 3756 1532 3825 Moyses,
1581 3767 1634 3812 et
1688 3760 1974 3828 respersit,

388 3846 449 3889 et
473 3837 614 3892 facta
646 3848 770 3893 sunt
799 3841 978 3898 ulcera
1009 3851 1063 3898 et
1093 3846 1285 3900 vesicae
1327 3846 1603 3903 ferventes
1641 3850 1693 3904 in
1738 3851 1976 3905 homini-

382 3929 564 3985 buset
588 3932 640 3985 in
674 3933 1144 4003 quadrupedibus,
1186 3948 1240 3991 et
1261 3937 1373 4005 jam
1401 3956 1506 3993 non
1546 3952 1795 4008 poterant
1830 3953 1979 3999 Stare

388 4020 627 4077 maleﬁci
667 4024 719 4081 in
754 4038 1048 4094 conspectu
1072 4026 1265 4097 Moysi,
1290 4044 1396 4082 non
1428 4031 1629 4084 dicitur
1662 4032 1786 4101 quia
1820 4034 1979 4087 iudu-.

387 4122 571 4168 ratum
609 4126 691 4169 est
736 4130 832 4170 cur
880 4117 1200 4180 Pharaonis.
1262 4121 1355 4175 sed
1420 4122 1719 4176 terribilius
1766 4125 1974 4194 aliquid

386 4205 612 4261 dicitur.
662 4206 943 4276 Scriptum
1001 4217 1085 4267 est
1139 4210 1288 4264 enim
1350 4213 1419 4278 “,
1477 4213 1601 4279 quia
1644 4215 1979 4271 «induravit

388 4298 655 4351 Dominus
684 4314 778 4354 cor
807 4299 1131 4368 Pharaonis,
1153 4311 1208 4356 et
1236 4316 1343 4357 non
1380 4304 1582 4357 audivit
1618 4305 1760 4367 illos.
1786 4322 1979 4375 quem-

388 4392 681 4446 admodum
726 4394 1006 4449 constituit
1042 4394 1355 4447 Domiuusa
1384 4395 1615 4449 Rursum
1637 4395 1688 4457 in
1720 4397 1973 4464 septima,

388 4501 515 4538 cum
555 4486 763 4553 grando
807 4497 859 4540 et
895 4487 1032 4556 ignis
1071 4485 1367 4556 Aigyplum
1420 4500 1595 4544 vastat
1638 4491 1970 4556 universam,

390 4577 683 4631 induntur
702 4579 920 4650 quidem
948 4594 1043 4633 cor
1068 4579 1395 4645 Pharaonis,
1424 4582 1519 4637 sed
1540 4597 1644 4638 non
1666 4599 1702 4639 a
1721 4583 1968 4639 Domino.
2000 4574 2005 4600 τ

388 4671 449 4725 1η
482 4680 696 4736 octava,
729 4671 817 4725 ubi
854 4673 1063 4730 locusta
1090 4673 1427 4742 producitur,
1464 4674 1726 4731 Dominus
1768 4678 1971 4732 dicitur

391 4765 655 4818 indurare
680 4778 774 4819 cor
800 4762 1127 4822 Pharaonis.
1162 4767 1278 4820 ‘Sed
1310 4778 1363 4822 et
1393 4770 1446 4822 iu
1493 4786 1633 4823 nona
1660 4786 1781 4823 cum
1816 4780 1970 4826 teuc-

386 4854 500 4910 δικ
556 4855 853 4924 palpabiles
899 4855 1034 4908 ﬁunt
1075 4871 1171 4925 per
1231 4866 1398 4911 totam
1457 4872 1655 4916 terram
1711 4863 1967 4934 Egypti,

386 4944 693 5001 Pharaonis
740 4960 836 5001 eor
896 4947 1164 5000 Dominus
1218 4948 1479 5003 scribitur
1534 4953 1812 5008 indurare.
1883 4956 1965 5011 Ad

388 5040 637 5093 ultimum
666 5053 881 5115 quoque
907 5056 1029 5093 cum
1073 5042 1360 5106 exstinctis
1406 5042 1784 5114 primogenitis
1806 5047 1967 5119 Egy-

387 5135 626 5202 ptiorum
664 5132 924 5189 Hebraeus
967 5134 1198 5204 populus
1241 5136 1609 5201 discessisset,
1642 5151 1759 5208 post
1794 5142 1961 5199 multa

386 5224 589 5279 dicitur
626 5225 673 5256 “
703 5242 719 5279 :
764 5243 783 5278 ι
806 5225 881 5283 'Et
922 5228 1199 5280 induravit
1237 5229 1498 5283 Dominus
1527 5247 1625 5284 cor
1658 5233 1963 5291 Pharaonis

386 5321 530 5389 regis
562 5318 817 5388 Egypti,
853 5327 907 5372 et
949 5335 1232 5374 servorum
1274 5322 1413 5390 ejus,
1463 5331 1518 5376 et
1560 5324 1839 5381 insecutus
1881 5339 1966 5384 est

385 5422 503 5478 post
528 5412 676 5464 ﬁlios
702 5411 890 5465 Israel.
926 5432 943 5463 ι
999 5413 1106 5466 Sed
1138 5423 1193 5467 et
1226 5429 1348 5468 cum
1370 5413 1596 5486 Moyses
1632 5415 1679 5448 “
1714 5420 1779 5473 de
1814 5429 1960 5476 terra

389 5502 603 5558 Madian
637 5503 797 5575 ιω
822 5505 890 5558 ad
921 5502 1212 5575 {Egyptqu
1253 5506 1509 5572 mittitur,
1556 5518 1611 5561 et
1649 5512 1962 5580 praecipitur

386 5596 433 5649 ei
470 5595 653 5651 facere
680 5596 860 5649 omnia
902 5596 1188 5666 prodigia,
1235 5614 1354 5667 quae
1406 5599 1553 5653 dedit
1600 5600 1861 5659 Dominus
1906 5607 1956 5661 iu

456 5714 499 5748 “
545 5715 713 5770 Exod.
752 5730 851 5779 vtt,
887 5718 969 5770 1⁸5.

387 5785 430 5814 δ’
469 5787 485 5837 l
522 5788 647 5840 Cor.
676 5802 729 5848 ιι,
770 5789 850 5841 lti.

926 5787 970 5823 ⁸⁸
998 5787 1151 5844 lium.
1190 5805 1247 5854 ll,
1292 5792 1361 5858 4,
1408 5794 1460 5846 5.

389 5855 432 5888 ⁸⁸
471 5855 617 5910 Paul.

692 5874 858 5924 eux,
907 5859 953 5912 ι.

1050 5718 1094 5749 ⁸³
1136 5718 1513 5793 Exod.x,‘:’.0.
1581 5721 1626 5793 ‘7’
1704 5724 1873 5779 Exod.
1918 5744 2027 5793 xw,
2073 5729 2127 5783 8.

1567 5792 1797 5851 "lieni.
1865 5813 1938 5863 ιιι,
2008 5792 2070 5855 t8
2127 5811 2180 5854 et
2224 5813 2377 5865 seqq.

2081 3296 2173 3366 qui
2202 3303 2394 3364 sponte
2436 3294 2723 3348 induratus
2758 3301 2883 3357 est,
2929 3292 3129 3360 culpat.
3163 3291 3302 3345 Alibi
3348 3306 3480 3346 vero
3524 3291 3671 3342 νυιηι

2080 3388 2433 3459 quaestionem
2462 3400 2625 3456 super
2653 3387 2758 3441 hoc
2783 3386 3072 3454 quamdam
3090 3400 3408 3455 proponens
3431 3384 3563 3438 dicit
3586 3384 3668 3438 ⁸ος

2095 3498 2117 3533 ι
2148 3481 2293 3550 Ergo
2339 3480 2425 3534 cui
2466 3480 2581 3533 vult
2623 3480 2934 3541 miseretur,
2971 3490 3024 3533 et
3064 3494 3226 3547 quem
3262 3478 3375 3531 vult
3426 3480 3665 3532 indurat.

2082 3572 2228 3627 Dicis
2270 3571 2451 3640 itaque
2488 3570 2621 3624 mihi
2658 3587 2672 3624 :
2704 3569 2845 3635 Quid
2878 3569 3047 3638 igitur
3077 3570 3256 3623 adhuc
3276 3569 3669 3636 conqueritur?

2082 3664 2362 3720 Voluntati
2407 3666 2550 3720 enim
2592 3664 2710 3733 ejus
2762 3665 2887 3735 quis
2930 3662 3179 3718 resistit?
3215 3681 3234 3714 ι
3291 3661 3458 3716 Addit
3503 3663 3668 3715 etiam

2082 3758 2168 3812 his
2200 3776 2213 3811 :
2248 3774 2266 3807 ι
2296 3755 2340 3812 O
2386 3756 2580 3821 homo,
2616 3763 2672 3809 tu
2703 3755 2824 3824 quis
2863 3767 2925 3808 es
2969 3753 3059 3821 qui
3106 3760 3301 3807 contra
3337 3751 3670 3819 respondeas

2082 3850 2225 3907 Deo?
2246 3848 2390 3906 tPer
2414 3850 2557 3919 quod
2586 3849 2651 3903 de
2683 3865 2748 3904 eo
2770 3850 2912 3919 quia
2949 3847 3179 3902 Domino
3210 3846 3407 3900 dicitur
3450 3845 3670 3897 indura-

2081 3953 2188 4009 tus,
2224 3958 2331 3996 non
2370 3950 2479 3997 tam
2518 3942 2844 4011 qumstionis
2878 3940 3223 3995 absolutione
3246 3953 3406 4007 quam
3451 3945 3669 4004 aposto-

2080 4037 2182 4091 lica
2246 4036 2583 4091 auctoritate
2650 4035 2973 4105 respondit,
3025 4033 3193 4090 credo
3257 4050 3361 4086 non
3414 4030 3668 4101 judicans

2079 4130 2299 4199 dignum
2347 4144 2445 4199 pro
2510 4129 2874 4198 incapacitate
2930 4127 3242 4181 auditorum
3274 4166 3291 4191 ,
3346 4126 3558 4180 chartis
3612 4135 3668 4179 et

2079 4230 2389 4276 atramento
2428 4220 2802 4288 hujuscemodi
2833 4218 3233 4273 absolutionum
3275 4226 3486 4272 secreta
3519 4233 3667 4271 com-

2079 4316 2323 4369 mittere.
2360 4312 2516 4367 Sicut
2545 4320 2603 4366 et
2627 4312 2678 4364 in
2719 4311 2827 4365 alio
2864 4313 2981 4364 loco
3004 4309 3054 4341 ”
3078 4309 3143 4362 de
3173 4291 3506 4379 quibusdam
3542 4324 3667 4361 ver-

2079 4406 2164 4462 bis
2205 4406 2320 4474 ipse
2363 4404 2536 4468 dicit,
2575 4404 2793 4457 audisse
2831 4418 2891 4457 se
2939 4402 3187 4471 quaedam
3230 4417 3351 4470 qure
3395 4416 3499 4453 non
3537 4400 3667 4453 licet

2080 4497 2392 4554 hominibus
2424 4496 2593 4565 loqui.
2630 4495 2785 4551 Unde
2815 4503 2873 4549 et
2915 4493 2969 4547 in
3016 4492 3508 4562 consequentibus,
3537 4507 3660 4545 eum

2079 4594 2171 4666 qui
2210 4609 2317 4647 non
2353 4604 2465 4647 tam
2495 4592 2800 4647 studiorum
2842 4587 3038 4642 merito
3070 4601 3234 4656 quam
3278 4586 3483 4640 sciendi
3513 4586 3664 4653 cupi-

2073 4691 2243 4744 ditate
2286 4686 2682 4742 secretioribus
2725 4699 2783 4739 se
2811 4682 3210 4753 quaastionihus
3250 4680 3523 4733 curiosius
3555 4680 3659 4733 im—

2073 4781 2292 4850 mergit,
2325 4778 2600 4849 magniﬁci
2631 4777 2876 4832 doctoris
2904 4778 3203 4829 severitate
3233 4774 3505 4834 deterret,
3535 4788 3657 4825 cum

2075 4875 2209 4931 dicit
2241 4874 2284 4905 ⁸¹
2325 4891 2338 4927 :
2372 4890 2389 4923 ι
2413 4871 2458 4926 0
2494 4873 2679 4935 Ιιοιιιο,
2716 4879 2771 4923 ιιι
2800 4870 2924 4937 quis
2968 4885 3026 4923 es
3073 4870 3163 4937 qui
3201 4878 3392 4921 contra
3436 4882 3659 4933 respon-
3709 4909 3713 4935 ἶ

2073 4965 2207 5020 deas
2263 4964 2412 5018 Deo?
2473 4962 2725 5032 Nunquid
2773 4962 2908 5015 dicit
2960 4962 3279 5030 ﬁgmentum
3344 4960 3392 5013 ei
3446 4961 3538 5027 qui
3600 4975 3659 5013 se

2076 5058 2233 5113 ﬁnxit
2262 5055 2436 5122 :Quid
2480 5071 2565 5110 me
2610 5054 2787 5109 fecisti
2827 5054 2949 5107 sic?
2978 5074 2996 5105 ι
3034 5062 3089 5107 et
3130 5063 3347 5107 cmtera.
3403 5049 3563 5109 Unde
3604 5060 3659 5104 et

2073 5150 2231 5204 nobis
2279 5151 2395 5202 iure
2438 5152 2767 5201 Observasse
2814 5153 3023 5197 tantum
3072 5152 3128 5197 ct
3171 5143 3471 5211 inspexisse
3512 5140 3660 5194 suﬁi—

2075 5243 2221 5308 ciat,
2268 5252 2433 5311 atque
2468 5238 2778 5293 ostendisse
2815 5236 3156 5291 auditoribus
3197 5247 3398 5305 quanta
3442 5235 3553 5286 sint
3601 5234 3654 5286 in

2074 5332 2192 5401 lege
2224 5330 2403 5385 divina
2447 5329 2730 5397 profundis
2775 5329 3022 5382 demersa
3069 5326 3360 5394 mysteriis,
3402 5340 3500 5392 pro
3528 5324 3653 5391 qui-

2068 5423 2171 5482 bus
2200 5423 2380 5476 dicere
2404 5421 2456 5474 in
2484 5421 2729 5474 oratione
2765 5420 3058 5474 debeamus
3083 5421 3127 5451 ⁵¹
3155 5436 3169 5472 :
3204 5437 3221 5469 ι
3254 5419 3329 5470 De
3370 5414 3657 5484 profundis

2069 5516 2297 5571 clamavi
2336 5513 2401 5566 ad
2432 5522 2502 5574 te,
2544 5512 2791 5565 Domine.
2823 5529 2841 5562 ι

2140 5607 2193 5661 '5.
2237 5606 2344 5661 Sed
2376 5615 2428 5659 et
2455 5605 2540 5658 illa
2597 5619 2704 5658 non
2750 5604 2930 5657 minus
2977 5602 3108 5657 mihi
3141 5601 3399 5654 intuenda
3438 5602 3653 5665 videtur

2204 5726 2247 5757 ⁵⁸
2274 5726 2444 5779 Exod.
2483 5741 2559 5777 ιιι.
2642 5727 2685 5756 ⁸⁵
2730 5726 2893 5778 Exod.
2926 5724 3093 5785 [v.2l.

2487 5795 2531 5827 "°
2568 5795 2615 5861 ll~
2646 5796 2769 5850 Cur.
2836 5810 2932 5860 xu,
2984 5798 3033 5859 4,.

3172 5721 3217 5753 ⁸⁸
3257 5721 3424 5781 Exod.
3470 5736 3555 5780 vn.
3592 5717 3647 5773 5.

3144 5795 3185 5826 ⁸¹
3221 5794 3379 5847 lieni.
3429 5806 3505 5855 ix,
3557 5789 3648 5842 2‘).
