4110 6454
434 375 535 431 ’519

1922 367 2253 426 ORIGENIS

3604 363 3710 420 320

426 490 781 555 observatio,
838 504 964 544 cum
1018 489 1259 558 qumdan'
1322 491 1549 546 verbera
1595 490 1773 544 Aaron
1819 488 2099 548 iuferreA
2129 502 2269 539 noua
2326 500 2539 541 rursum
2591 482 2960 541 contemnitur
3008 480 3241 548 Pharao,
3291 490 3346 537 et
3399 482 3712 551 prmeipitur

427 581 632 635 dicitur
687 580 955 635 Pharaoni
1011 581 1092 633 vel
1153 580 1411 651 Egypto,
1470 582 1719 649 quaadam
1777 579 2014 649 Moyses.

427 673 676 737 quaedam
709 686 836 725 vero
877 672 991 739 ipse
1035 671 1319 727 Dominus.
1362 672 1494 725 Nam
1534 672 1585 725 itt
1625 674 1796 739 prima
1840 674 2016 741 plaga,

429 778 553 817 eum
598 778 767 832 aquas
827 765 992 818 vertit
1048 765 1102 817 in
1161 766 1523 834 sanguinem,
1585 766 1764 819 Aaron
1820 766 2020 820 dicitur

432 851 645 907 levasse
705 854 910 923 virgam
967 865 1022 908 et
1070 856 1409 923 percussisse
1462 871 1679 924 aquam.
1728 856 1833 911 Sed
1876 858 2016 910 etin

431 945 694 1013 secunda,
725 962 848 999 eum
879 946 1146 1015 percussit
1190 960 1362 1013 aquas
1385 985 1401 1009 ,
1441 955 1495 999 et
1522 949 1708 1001 eduxit
1740 962 1921 1011 ranas,
1965 957 2020 1003 et

431 1035 669 1090 inter-tia
706 1052 826 1089 eum
863 1038 1108 1091 extendit
1159 1053 1320 1091 manu
1363 1053 1458 1091 sua
1505 1038 1749 1107 virgam,
1793 1049 1847 1093 et
1893 1054 2019 1108 per-

429 1127 604 1181 (‘ttssil
634 1128 909 1196 pulverem
964 1139 1145 1193 terrm,
1194 1139 1250 1182 et
1298 1128 1426 1183 facti
1477 1140 1604 1182 sunt
1643 1130 1905 1198 ciuiphes.
1958 1132 2017 1186 In

433 1219 518 1271 his
569 1220 741 1274 tribus
794 1220 1120 1273 verberibus
1167 1221 1347 1273 Aaron
1395 1220 1760 1275 ministerium
1805 1221 1927 1276 fuit.
1964 1224 2016 1276 In

434 1320 637 1376 quarto
690 1327 820 1366 vero
866 1312 1127 1365 Dominus
1161 1311 1357 1365 fecisse
1398 1311 1599 1365 dicitur
1642 1324 1700 1367 ut
1744 1315 2021 1370 adveniret

436 1406 751 1476 cyuomyia,
787 1418 837 1460 et
885 1406 1118 1472 repleret
1144 1408 1337 1460 domos
1379 1405 1705 1465 Pharaonis.
1737 1409 1841 1462 Sed
1874 1419 1929 1463 et
1963 1410 2016 1463 in

433 1504 626 1560 qunti
691 1512 812 1549 cum
874 1500 1297 1566 exstinguuntur
1353 1512 1549 1565 pecora
1613 1497 2015 1567 Egyptiorum,

438 1585 699 1641 Dominus
746 1587 1096 1642 nihilominus
1146 1589 1338 1644 fecisse
1384 1590 1585 1643 dicitur
1626 1592 1847 1645 verbum
1893 1592 2016 1647 hoc.

437 1676 492 1729 In
527 1688 680 1730 sexto
704 1692 832 1732 vero
866 1678 1077 1748 Moyses
1113 1681 1351 1748 aspergit
1384 1679 1623 1735 favillam
1674 1682 1739 1736 de
1773 1682 2018 1750 fornace,

436 1780 485 1819 et
528 1768 665 1822 liuut
694 1769 871 1823 ulcera
903 1780 958 1823 et
996 1772 1188 1824 vesiem
1219 1788 1341 1825 cum
1372 1772 1589 1828 fervore
1628 1773 1679 1826 in
1708 1776 2020 1831 hominibus

2125 578 2192 630 ad
2238 577 2435 633 caelum
2484 591 2674 630 manus
2718 577 3014 631 extendere
3066 573 3278 644 Moyses
3296 614 3317 639 ,
3364 586 3418 627 ut
3477 576 3611 635 liant
3657 578 3711 638 in

2129 678 2238 721 tota
2272 677 2415 722 terra
2446 667 2668 738 Egypti
2706 666 3005 736 palpabiles
3044 666 3311 731 tenebrze;
3356 676 3407 721 et
3452 682 3557 723 nou
3589 667 3706 734 qui-

2126 760 2247 815 dem
2288 774 2385 827 per
2426 774 2485 814 se
2521 760 2705 825 intrat,
2736 760 2829 811 sed
2864 766 3093 811 vocatur
3124 773 3153 811 a
3200 757 3509 811 Pharaone.
3546 757 3712 819 Simi-

2129 848 2253 903 liter
2282 858 2337 902 et
2384 849 2437 902 in
2468 848 2679 903 decima
2712 863 2831 903 cum
2889 847 3164 916 primitiva
3217 848 3488 912 delentur,
3521 859 3577 903 et
3609 864 3709 904 co-

2127 940 2273 1007 gitur
2316 954 2439 991 cum
2487 937 2839 999 festinatione
2871 937 3024 991 exire
3057 938 3124 991 de
3159 936 3419 1011 Egypto.
3474 940 3617 994 Sunt
3656 949 3714 998 et

2126 1031 2244 1091 alia:
2298 1032 2579 1101 permulta:
2626 1031 3072 1096 observationes,
3122 1031 3176 1086 in
3226 1032 3425 1099 quibus
3479 1033 3709 1103 singulis

2127 1124 2325 1183 divina:
2372 1126 2817 1179 demonstrantur
2866 1122 3062 1176 indicia
3112 1124 3414 1190 sapientiae.
3465 1125 3711 1179 Invenies

2127 1214 2272 1267 enim
2314 1215 2454 1281 quod
2489 1215 2666 1283 primo
2696 1230 2801 1268 non
2841 1212 3078 1275 ﬂectitur
3113 1211 3477 1285 Dharao,uec
3509 1218 3710 1274 divinis

2127 1304 2451 1362 verberibus
2499 1306 2668 1371 cedit,
2718 1321 2841 1363 cum
2876 1323 3032 1376 aqua:
3081 1308 3133 1369 in
3174 1310 3492 1377 sanguinem
3540 1325 3709 1365 versa:

2128 1407 2274 1449 Sunt.
2311 1395 2366 1449 lu
2400 1398 2645 1455 secundo
2680 1412 2810 1455 vero
2838 1414 3025 1467 parum
3073 1399 3214 1465 quid
3233 1400 3428 1455 molliri
3469 1402 3703 1461 videtur.

2135 1506 2153 1539 ι
2187 1482 2414 1542 Vocavit
2441 1489 2586 1541 enim
2622 1489 2844 1558 Moysen
2890 1501 2943 1544 et
2976 1491 3183 1557 Aaron,
3212 1500 3265 1545 et
3294 1492 3435 1553 dixit
3461 1494 3527 1555 ad
3575 1510 3709 1557 eos:

2129 1581 2290 1636 Orate
2327 1595 2426 1649 pro
2468 1596 2553 1635 me
2604 1582 2669 1634 ad
2718 1581 3026 1647 Dominum,
3068 1594 3125 1638 ut
3157 1583 3309 1646 tollat
3341 1600 3561 1641 ranasa
3596 1604 3709 1652 me,

2128 1683 2183 1727 et
2213 1688 2241 1725 a
2278 1672 2479 1741 populo
2514 1688 2655 1736 meo,
2685 1683 2740 1727 et
2771 1673 3040 1729 dimittam
3084 1675 3338 1743 populum
3365 1676 3431 1729 ⁸⁷.
3458 1697 3495 1741 ο,
3515 1677 3568 1731 In
3604 1689 3712 1734 tero

2133 1768 2207 1821 tio
2244 1768 2380 1833 magi
2434 1767 2666 1829 cedunt,
2710 1776 2764 1819 et
2801 1766 2987 1822 dicunt
3024 1767 3089 1821 ad
3135 1765 3477 1825 Pharaonem
3517 1789 3583 1835 ενι
3619 1770 3712 1831 Di-

432 1868 487 1912 et
542 1864 847 1928 p'corihus.
906 1863 1010 1917 Sed
1059 1875 1114 1917 et
1169 1865 1220 1917 in
1280 1867 1516 1928 septimo
1567 1867 1779 1938 liloyses
1828 1870 2009 1926 elevat

2136 1858 2279 1925 gitus
2311 1857 2401 1911 Dei
2434 1866 2518 1910 est
2548 1858 2651 1910 hoc
2702 1875 2720 1907 ι
2756 1856 2809 1910 In
2840 1866 3036 1925 quarto
3076 1872 3172 1926 per
3197 1860 3546 1930 cynomyiam
3591 1875 3712 1914 ver-

435 1971 461 1999 ι’
490 1970 650 2004 anum
689 1970 840 2006 suam
880 1956 931 2007 in
973 1956 1198 2018 cmlnm,
1234 1966 1288 2011 et
1320 1959 1455 2011 tiunt
1485 1974 1645 2013 voces
1680 1960 1731 2013 iu
1760 1962 1919 2028 coelo,
1968 1971 2025 2016 et

430 2044 656 2111 grando,
682 2055 736 2097 et
771 2046 1029 2100 discarrit
1072 2049 1209 2116 ignis
1248 2064 1415 2115 super
1454 2061 1679 2105 terram.
1732 2052 1787 2105 lu
1830 2062 2023 2107 octavo

431 2152 649 2206 quoque
702 2139 840 2193 idem
905 2139 1114 2210 Moyses
1171 2143 1411 2195 extendit
1474 2158 1692 2197 manum
1758 2161 1911 2199 suam
1968 2144 2021 2199 in

431 2225 660 2290 cmlum,
699 2239 754 2282 et
788 2228 1052 2285 Dominus
1084 2231 1294 2287 inducit
1328 2243 1543 2287 ventum
1576 2244 1683 2289 tota
1713 2235 1799 2289 die
1824 2245 1879 2291 et
1911 2245 2021 2292 tota

433 2328 617 2383 nocte,
662 2328 718 2372 et
759 2322 978 2376 adducit
1016 2322 1279 2378 locustas.
1330 2322 1435 2378 Sed
1480 2334 1535 2382 et
1586 2326 1641 2380 iu
1687 2343 1829 2383 nono
1880 2329 2020 2384 idem

432 2412 786 2467 nihilominus
829 2412 1039 2483 Moyses
1082 2415 1331 2469 extendit
1376 2432 1595 2480 manum
1624 2432 1779 2473 suam
1816 2418 1868 2471 in
1907 2434 2022 2473 cm-

436 2502 576 2565 lum,
602 2512 655 2556 et
706 2504 841 2556 fiunt
884 2505 1119 2560 tenebra:
1151 2516 1205 2562 et
1233 2506 1409 2577 caligo
1451 2522 1614 2576 super
1638 2523 1856 2562 omnem
1907 2520 2020 2564 ler-

436 2606 554 2647 ram
606 2594 845 2666 Egypti.
906 2596 959 2650 In
1016 2599 1227 2652 decimo
1279 2616 1427 2665 vero,
1482 2600 1603 2655 linis
1659 2612 1711 2656 et
1762 2603 2021 2672 perfectio

436 2686 605 2740 totius
672 2689 855 2755 operis
903 2705 932 2741 a
996 2689 1224 2746 Domino
1281 2694 1642 2748 ministratur.
1721 2694 1795 2748 Ita
1873 2698 2017 2750 enim

433 2776 695 2844 scriptum
722 2790 806 2834 est
836 2780 882 2813 ⁸³
918 2798 930 2834 :
966 2800 985 2830 σ
1016 2782 1242 2839 Factum
1275 2795 1357 2839 est
1386 2796 1569 2839 autem
1606 2786 1750 2849 circa
1786 2790 2017 2843 mediam

435 2877 682 2932 noctem,
725 2882 778 2923 et
818 2870 1075 2929 Dominus
1112 2876 1379 2942 percussit
1407 2890 1567 2929 omne
1597 2877 2017 2947 primogenitum

434 2960 490 3013 in
538 2970 680 3014 terra
724 2960 998 3035 Egyptii,
1044 2983 1073 3019 a
1121 2968 1483 3038 primogenita
1538 2968 1868 3034 Pharaonis,
1922 2973 2015 3041 qui

433 3051 658 3106 sedebat
686 3069 784 3123 sup
822 3070 849 3111 r
889 3057 1141 3111 thronum
1170 3058 1307 3127 ejus,
1347 3074 1519 3126 usque
1570 3060 1637 3113 ad
1687 3062 2019 3131 primogeni-

433 3151 548 3197 tum
581 3146 804 3213 captiva:
828 3163 945 3216 qua:
990 3160 1072 3205 est
1111 3150 1163 3204 in
1207 3152 1347 3216 lacu,
1400 3163 1453 3206 et
1496 3166 1660 3207 oniue
1686 3152 2020 3225 primogeni-

435 3242 548 3288 tum
578 3237 807 3302 pecoris.
844 3256 862 3287 ι

506 3326 564 3380 4.
591 3326 681 3380 Est
711 3338 766 3382 et
788 3328 892 3383 alia
935 3331 985 3384 in
1037 3328 1125 3389 his
1172 3331 1514 3397 differentia,
1555 3347 1717 3403 quam
1762 3336 2020 3391 observa-

354 3416 357 3420 ’
432 3414 639 3481 vimus,
676 3421 821 3489 quod
851 3420 904 3475 in
959 3422 1133 3491 prima
1162 3425 1381 3492 quidem
1418 3424 1597 3496 plaga,
1637 3441 1759 3481 eum
1786 3444 1925 3496 aqua
1962 3428 2016 3485 in

437 3510 753 3576 sanguinem
785 3510 924 3579 ﬂuit,
972 3515 1213 3568 nonduin
1243 3514 1444 3569 dicitur
1471 3515 1643 3586 Moysi
1692 3529 1752 3569 ut
1790 3517 2021 3574 intraret

437 3599 503 3659 ad
533 3599 894 3668 Pharaonem,
932 3604 1026 3659 sed
1060 3605 1260 3659 dicitur
1291 3605 1339 3659 ei
1368 3605 1415 3638 ⁵⁸
1444 3623 1458 3660 :
1496 3623 1513 3657 ι
1552 3605 1699 3662 Vade
1735 3608 1785 3662 in
1828 3624 2021 3665 occur-

438 3706 556 3743 sum
611 3690 729 3758 ejus
784 3697 850 3747 ad
902 3693 1076 3759 ripam
1122 3694 1408 3761 ﬂuminis,
1478 3712 1600 3752 cum
1654 3700 1904 3767 procedit
1954 3702 2020 3757 ad

440 3799 657 3851 aquam.
687 3804 707 3838 ι
736 3786 790 3841 ln
816 3788 1051 3845 secunda
1079 3805 1207 3843 vero
1246 3790 1423 3860 plaga,
1454 3803 1803 3863 posteaquam
1846 3796 2017 3866 prima

439 3874 508 3929 ab
540 3876 620 3928 eis
647 3888 969 3933 constanter
992 3891 1044 3934 et
1069 3881 1302 3936 lideliter
1345 3883 1653 3945 ministrata
1680 3897 1786 3951 cst,
1824 3888 2021 3944 dicitur

439 3966 506 4017 ad
568 3982 690 4020 eum
741 3969 785 4001 ⁸³
822 3986 834 4021 :
872 3989 888 4020 ι
916 3971 1059 4031 intra
1121 3975 1185 4026 ad
1240 3972 1600 4041 Pharaonem,
1640 3986 1695 4030 et
1742 3978 2020 4046 ingressus

438 4056 529 4115 dic
563 4072 581 4112 :
616 4057 738 4114 ΙΙωο
764 4061 892 4114 dicit
928 4063 1209 4127 Dominus,
1244 4083 1262 4118 ι
1300 4076 1352 4118 et
1384 4066 1611 4135 reliqua.
1650 4066 1768 4126 Iam
1802 4085 1930 4123 vero
1965 4070 2017 4124 in

441 4151 621 4213 tertia,
651 4152 738 4205 ubi
763 4153 1008 4222 eiuiphes
1038 4154 1364 4221 inferuntur,
1386 4159 1524 4225 magi
1555 4161 1645 4226 qui
1679 4165 1829 4229 prius
1854 4161 2021 4217 obsti-

439 4249 652 4305 terant,
685 4247 884 4298 cedunt
928 4249 1263 4302 contidentes
1308 4251 1434 4319 quia
1496 4253 1742 4322 rdigitus
1800 4255 1890 4308 Dei
1934 4267 2019 4311 est

435 4333 537 4391 hoc
566 4334 609 4364 ⁵⁵
644 4355 656 4389 :
693 4354 712 4387 ›
756 4336 808 4389 in
833 4348 1021 4406 quarta
1048 4355 1262 4409 quoque
1290 4342 1761 4413 vigilarejubetur
1802 4346 2015 4420 Moyses

437 4439 617 4491 mane,
685 4435 740 4478 et
791 4439 938 4484 Stare
981 4442 1167 4485 contra
1217 4430 1563 4494 Pharaonem
1625 4440 2011 4504 procedentem

2127 1948 2347 2003 bi-ratus
2376 1948 2506 2001 dicit
2530 1949 2575 1983 ⁵⁸
2600 1969 2613 2005 :
2646 1970 2663 2000 ι
2688 1947 3181 2007 Euntesinuuolate
3224 1950 3453 2014 Domino
3481 1951 3590 2006 Deo
3630 1968 3731 2007 ve-

2127 2050 2259 2103 stro,
2292 2041 2387 2095 sed
2416 2056 2521 2093 non
2564 2040 2777 2109 longius
2810 2041 3029 2095 tentetis
3063 2040 3191 2097 iter.
3220 2041 3389 2103 Orate
3419 2043 3583 2113 igitur
3614 2060 3712 2115 pro

2128 2149 2213 2187 me
2243 2133 2308 2186 ad
2347 2134 2653 2187 Dominum.
2681 2152 2699 2184 ι
2748 2134 2799 2186 In
2831 2134 3020 2201 quinto
3062 2149 3195 2189 nece
3242 2136 3509 2205 pecudum
3540 2137 3706 2199 czedis-

2129 2233 2239 2289 tur,
2273 2226 2333 2279 et'
2363 2241 2469 2279 non
2506 2225 2680 2281 solum
2730 2242 2840 2281 non
2874 2227 3042 2293 cedit,
3072 2228 3165 2282 sed
3195 2238 3247 2281 et
3278 2228 3512 2297 amplius
3546 2224 3704 2283 indu-

2127 2326 2296 2370 ratur.
2330 2317 2594 2371 Similiter
2622 2326 2677 2373 et
2724 2318 2776 2371 in
2826 2329 2979 2373 sexto
3026 2334 3191 2389 super
3229 2319 3417 2389 plagas
3461 2320 3710 2379 ulcerum

2125 2408 2277 2463 facit.
2321 2406 2380 2463 In
2418 2410 2654 2481 septimo
2708 2424 2840 2466 vero
2886 2426 3010 2466 cum
3059 2412 3324 2483 grandine
3373 2423 3615 2467 vastatur
3654 2422 3710 2467 et

2126 2500 2339 2568 ignibus
2365 2517 2379 2553 :
2422 2520 2439 2553 ι
2470 2502 2639 2570 Misit,
2684 2503 2861 2573 inquit
2883 2503 2951 2570 ",
2978 2502 3211 2568 Pharao,
3239 2514 3293 2559 et
3323 2506 3534 2561 vocavit
3569 2505 3711 2576 Moy-

2126 2607 2224 2648 sen
2268 2604 2322 2646 et
2346 2594 2552 2659 Aaron,
2585 2602 2641 2649 et
2682 2594 2821 2649 dixit
2853 2596 2999 2650 illis:
3034 2594 3286 2660 Peccavi,
3323 2604 3376 2651 et
3417 2613 3563 2652 nunc
3602 2596 3706 2651 Do-

2127 2683 2306 2737 minus
2325 2683 2506 2751 justus
2534 2692 2641 2749 est,
2668 2698 2767 2753 ego
2792 2694 2975 2742 autem
3004 2695 3059 2739 et
3088 2684 3317 2754 populus
3348 2700 3498 2740 meus
3530 2686 3702 2754 impii.

2125 2772 2289 2828 Orate
2321 2775 2486 2844 igitur
2520 2791 2618 2845 pro
2652 2790 2738 2830 me
2775 2776 2844 2831 ad
2883 2777 3223 2831 Dominum.»
3260 2776 3314 2829 In
3343 2787 3537 2831 octavo
3579 2793 3703 2841 cum

2125 2867 2349 2922 locustis
2384 2877 2708 2938 urgeretur:
2751 2888 2767 2920 ι
2801 2869 2866 2923 Et
2914 2867 3211 2932 festinavit,
3246 2868 3423 2937 inquit
3450 2869 3517 2933 ⁸⁵⁸,
3564 2867 3705 2922 Ριιίιο

2127 2977 2242 3027 rao,
2273 2972 2327 3017 et
2370 2964 2589 3023 vocavit
2639 2963 2855 3035 Moysen
2902 2976 2956 3019 et
2985 2964 3170 3029 Aaron
3208 2966 3435 3023 dicens:
3478 2963 3704 3019 Peeravi

2126 3061 2252 3106 ante
2281 3052 2574 3110 Dominum
2615 3054 2783 3118 Deum
2823 3063 3066 3117 vestrum
3107 3064 3163 3108 ct
3195 3054 3247 3113 in
3297 3070 3413 3121 vos,
3446 3054 3707 3123 suscipite

2126 3153 2409 3211 peccatum
2451 3161 2632 3201 meum
2678 3147 2842 3200 etiam
2884 3162 3050 3211 nunc,
3090 3159 3148 3201 et
3181 3156 3332 3201 orate
3367 3162 3463 3217 pro
3513 3162 3599 3202 me
3641 3146 3707 3200 ad

2125 3235 2411 3291 Dominum
2442 3237 2613 3296 Deum
2658 3248 2922 3293 vestrum.
2950 3257 2968 3291 ι
3022 3237 3076 3292 lu
3124 3254 3265 3292 nouo
3306 3255 3429 3293 cum
3464 3239 3709 3303 tenebris

2121 3324 2465 3381 oll‘uuditur:
2504 3345 2522 3378 ι
2558 3327 2806 3396 Vocavit,
2840 3327 3017 3398 inquit
3040 3330 3104 3395 “,
3141 3329 3352 3383 Pharao
3398 3327 3620 3399 Moysen
3654 3336 3707 3380 et

2123 3420 2305 3470 Aaron
2357 3418 2547 3477 dicens
2576 3437 2589 3481 ;
2623 3417 2721 3483 lte,
2768 3420 2971 3476 servite
3016 3421 3247 3481 Domino
3295 3421 3403 3475 Deo
3449 3430 3701 3487 vestro...

2122 3505 2242 3563 Jam
2272 3525 2401 3565 vero
2449 3511 2500 3564 in
2542 3511 2755 3567 decimo
2790 3529 2913 3569 cum
2956 3512 3238 3584 primitiva
3287 3514 3567 3567 hominum
3605 3526 3704 3577 ex-

2124 3601 2477 3670 stinguuntur
2512 3612 2567 3659 et
2599 3617 2856 3672 pecorum
2888 3622 2901 3659 :
2937 3623 2955 3656 ι
2986 3605 3232 3669 Vocavit,
3265 3605 3445 3675 inquit
3473 3605 3536 3668 ‘5',
3565 3602 3708 3656 Pha-

2126 3707 2224 3747 rao
2262 3691 2482 3766 Moysen
2526 3706 2583 3750 et
2610 3695 2791 3751 Aaron
2830 3706 3009 3763 nocte,
3040 3710 3094 3752 et
3128 3699 3263 3753 dixit
3309 3698 3457 3753 illis:
3492 3697 3708 3766 Surgite

2123 3793 2179 3840 et
2218 3787 2365 3840 exite
2396 3787 2464 3841 de
2500 3789 2701 3859 populo
2736 3806 2877 3853 meo,
2906 3803 2959 3845 et
2996 3808 3090 3863 vos
3120 3801 3171 3847 et
3222 3792 3315 3844 lilii
3366 3791 3559 3856 Israel,
3611 3792 3704 3857 ite,

2126 3878 2333 3932 servite
2381 3879 2610 3953 Domino
2662 3881 2771 3935 Deo
2820 3892 3028 3948 vestro,
3057 3884 3197 3937 sicut
3226 3882 3437 3948 dicitis;
3483 3898 3613 3937 oves
3654 3893 3708 3940 et

2131 3969 2298 4025 boves
2346 3982 2558 4027 vestros
2599 3986 2950 4029 assumcntes
3000 3976 3231 4047 pergite,
3286 3976 3427 4030 sicut
3465 3976 3702 4031 dixistis.

2126 4062 2439 4118 Benedicite
2502 4075 2684 4118 autem
2734 4077 2789 4119 et
2843 4081 2948 4120 me.
2999 4066 3066 4120 Et
3134 4068 3401 4137 cogebant
3462 4065 3704 4139 Egyptii

2122 4154 2383 4223 populum
2443 4170 2605 4227 quam
2665 4156 2959 4213 celerrime
3011 4159 3163 4213 exire
3203 4162 3268 4214 de
3335 4170 3480 4216 terra
3536 4162 3704 4239 Egy-

2125 4249 2224 4317 pti.
2266 4247 2527 4305 Dicebant
2575 4251 2761 4318 enim,
2814 4253 3072 4323 quoniam
3121 4268 3312 4312 oumes
3359 4272 3457 4313 nos
3501 4259 3705 4313 morie-

2122 4356 2261 4396 IDUI’.
2286 4361 2305 4395 Ι

2191 4434 2245 4489 5.
2290 4434 2423 4502 Quis
2453 4446 2537 4489 est
2581 4434 2687 4498 ille,
2715 4451 2875 4505 quem
2918 4440 3126 4508 repleat
3173 4439 3263 4494 illo
3299 4440 3493 4509 spiritu
3544 4444 3703 4507 Deus,

434 4515 501 4573 ad
529 4532 745 4585 aquam.
792 4534 913 4574 cum
956 4524 1243 4595 cynomyia
1308 4526 1585 4594 replentur
1623 4526 2008 4603 Egyptiorum
2049 4540 2093 4595 ῃ
2125 4541 2236 4603 quo
2280 4528 2507 4595 replevit
2540 4528 2758 4598 Moysen
2805 4540 2859 4585 et
2899 4533 3105 4600 Aaron,
3137 4550 3260 4589 cum
3304 4533 3419 4591 luce
3461 4538 3705 4608 prodigia

434 4607 647 4666 domus.
699 4609 754 4664 In
802 4614 988 4679 quinta
1043 4616 1411 4681 nihilominus,
1451 4621 1543 4673 ubi
1602 4636 1796 4690 pecora
1837 4624 2013 4696 [Egy-

444 4697 683 4767 ptiorum
718 4702 986 4768 delentur,
1031 4706 1236 4762 intrare
1269 4710 1493 4778 jubetur
1550 4714 1617 4764 ad
1669 4710 2013 4779 Pharaonem

436 4792 666 4863 Moyses.
707 4795 764 4850 lu
798 4809 947 4853 sexta
977 4815 1112 4855 sane
1142 4805 1513 4858 contemnitur
1541 4803 1775 4870 Pharao.
1818 4816 1873 4861 el
1902 4824 2009 4863 non

438 4883 677 4948 refertur
698 4903 769 4956 qu
792 4888 840 4940 td
871 4889 1153 4945 intraverit
1180 4891 1389 4963 Moyses
1434 4894 1517 4947 vel
1558 4896 1737 4949 Aaron
1766 4895 1833 4949 ad
1866 4896 2011 4959 Pha-

436 4988 679 5039 raonem,
716 4977 841 5045 quia
875 4977 1012 5041 facta
1042 4988 1169 5034 sunt
1216 4982 1395 5035 ulcera
1424 4993 1475 5037 el
1499 4982 1693 5037 vesica}
1732 4997 1855 5037 cum
1893 4984 2007 5045 fer-

437 5081 564 5119 vore
590 5068 751 5133 etiam
783 5084 945 5137 super
979 5071 1248 5129 malelicos
1270 5072 1509 5145 Egypti,
1537 5083 1592 5128 et
1622 5090 1724 5129 non
1755 5083 2012 5144 poterant

2120 4632 2174 4672 et
2222 4621 2373 4685 signa
2424 4622 2777 4688 perlicerent,
2811 4634 2868 4677 ut
2902 4626 3091 4679 eodem
3138 4626 3329 4695 Spiritu
3374 4627 3707 4683 illuminatus
3758 4671 3765 4676 .

2123 4713 2302 4780 possit,
2337 4726 2458 4790 qua:
2507 4728 2601 4782 per
2634 4713 2754 4770 illos
2800 4728 2925 4772 sunt
2971 4729 3124 4789 gesta
3177 4719 3486 4774 disserere?
3532 4719 3705 4775 Aliter

2119 4802 2262 4865 enim
2299 4820 2404 4856 non
2439 4807 2677 4859 arbitror
2707 4807 2804 4862 has
2838 4810 3145 4879 ingentium
3190 4827 3372 4866 rerqu
3408 4814 3704 4867 varietates

2119 4908 2182 4955 ac
2225 4894 2567 4961 diti‘ereutias
2614 4900 2917 4970 explanari,
2952 4906 3055 4958 nisi
3103 4905 3295 4959 eodem
3343 4904 3536 4973 spiritu
3588 4920 3696 4973 quo

2120 4997 2269 5055 gesta
2318 4998 2481 5055 sunt,
2531 4990 2894 5061 disserautur,
2935 4996 3063 5067 quia
3112 5006 3165 5048 et
3200 4995 3397 5049 Paulus
3428 4998 3702 5064 apostolus

2121 5076 2258 5131 dicit
2281 5078 2349 5142 ⁸³,
2378 5081 2525 5147 quod
2563 5082 2785 5149 spiritus
2821 5087 3211 5155 prophetarum
3261 5088 3541 5155 prophetis
3573 5087 3703 5143 sub-

434 5155 691 5214 resistere
744 5159 934 5230 Moysi.
984 5162 1038 5216 lu
1071 5165 1299 5232 septima
1338 5168 1558 5236 vigilare
1596 5169 1819 5238 iubetur
1857 5185 2016 5224 mane
2109 5166 2289 5237 jeclus
2332 5169 2557 5224 sit.Nou
2590 5186 2721 5244 ergo
2754 5176 3169 5244 quibuscuuque
3201 5178 3267 5229 ad
3297 5177 3699 5246 explanandqu

435 5249 611 5316 value,
641 5261 695 5305 et
740 5259 886 5315 stare
922 5264 1107 5318 contra
1137 5256 1496 5323 Pharaonem,
1534 5276 1657 5314 cum
1690 5262 2011 5334 grandinem

434 5349 490 5391 et
545 5341 721 5409 ignem
768 5344 1017 5416 producit
1059 5356 1115 5399 et
1168 5363 1346 5403 voces.
1395 5349 1450 5407 lu
1492 5361 1678 5404 octava
1708 5352 2017 5420 praecipitur

444 5432 596 5502 141
628 5436 831 5492 intrare
867 5439 933 5493 ad
984 5454 1130 5503 eum,
1163 5456 1284 5495 eum
1321 5442 1526 5498 locusta
1579 5444 1911 5513 producitur.
1952 5445 2006 5498 lu

506 5619 551 5649 ⁵³
590 5622 755 5674 Exod.
805 5643 898 5690 Ml,
929 5628 999 5679 ’29

1096 5630 1141 5659 ’⁵
1183 5629 1347 5681 i‘btod.
1393 5646 1488 5695 Vtt,
1530 5631 1614 5683 lii.

440 5687 486 5725 υ
528 5692 697 5748 exuit.
740 5712 826 5761 η,
856 5687 1041 5764 27,28.

1120 5701 1163 5731 5°
1206 5700 1370 5759 lixod.
1414 5717 1465 5766 χ,
1502 5704 1580 5755 ib'.
1660 5703 1698 5732 ⁸¹
1746 5703 1876 5757 ibid.
1907 5702 1995 5757 24.

1689 5632 1734 5663 ⁸³
1779 5631 1948 5683 ICxod.
2010 5647 2125 5693 vm,
2180 5633 2230 5686 l.
2338 5634 2386 5665 ⁸⁸

2076 5704 2121 5733 ⁵³
2164 5703 2332 5759 Exod.
2354 5721 2423 5760 xtl
2447 5748 2460 5771 ,
2495 5707 2581 5773 3|,
2614 5706 2701 5774 3:2,
2728 5708 2815 5762 35.

2115 5258 2259 5312 dicta
2309 5260 2741 5330 prephelarum,
2788 5267 2883 5320 sed
2925 5267 3212 5336 prophetis
3277 5267 3534 5322 dicuntur
3581 5285 3701 5323 esse

2115 5350 2384 5416 subjecta.
2433 5350 2629 5406 Verum
2672 5357 2932 5425 quoniam
2987 5358 3126 5411 idem
3176 5357 3369 5413 beatus
3412 5358 3703 5429 Apostolus

2118 5442 2274 5513 hujus
2304 5446 2518 5516 gratim,
2550 5447 2600 5501 id
2634 5458 2717 5504 est
2766 5451 3104 5519 prophetalis
3141 5453 3295 5519 doni,
3330 5464 3587 5522 tauquam
3631 5472 3694 5510 ex

2447 5635 2573 5687 ibid.
2636 5637 2718 5690 l9.
2798 5635 2840 5668 ⁵⁷
2886 5637 3013 5690 ibid.
3057 5638 3111 5691 8.
3202 5638 3245 5668 ⁸⁸
3291 5638 3420 5689 ibid.
3477 5638 3562 5701 ‘25,
3608 5639 3698 5695 23.

2892 5709 2935 5739 ⁶³
2976 5710 2991 5764 l
3021 5710 3147 5764 Cor.
3180 5723 3290 5773 xiv,
3324 5709 3414 5767 52.
