4110 6470
420 430 517 486 ﬁl

1664 414 1731 484 tu
1772 429 2060 487 exoouu
2101 431 2385 489 uorum
2428 416 2517 488 tv.

3599 422 3706 491 ﬁas

420 562 578 620 parte
620 549 694 604 sit
733 555 791 604 et
845 549 897 603 in
953 550 1221 618 potestate
1268 551 1491 616 noSt'ra,
1547 535 1858 608 imitatores
1912 568 2012 608 nos
2042 559 2087 617 Α
2120 570 2313 609 eorum
2368 569 2559 623 poenas
2602 562 2655 607 ct
2708 562 2919 608 reatum
2981 554 3261 623 sanguinis
3326 554 3573 623 exigunt.
3628 556 3703 609 ita

346 716 351 719 _
421 642 540 697 ﬁeri
578 641 770 711 jubet,
820 641 1123 696 dicens“:
1177 659 1197 692 ι
1226 641 1579 698 ᾹίιιιιιΙιιιιιίιιί
1627 654 1811 699 autem
1866 647 2005 701 dona

386 738 391 743 “
421 733 675 797 meliora,
706 732 881 803 magis
908 740 1086 786 autem
1116 741 1174 785 ιιι
1209 734 1570 803 prophetetis:
1600 753 1617 786 ι
1660 746 1932 791 tentenms
1956 746 2012 792 et

418 838 521 881 nos
560 824 963 879 aunulatiouem
1018 823 1295 892 suscipere
1358 827 1646 890 bonorum,
1681 838 1736 882 et
1779 830 1823 883 si
1868 830 1999 897 quid

420 926 504 971 est
537 917 589 970 in
613 916 796 979 nobis,
834 930 863 969 a
902 913 1059 969 nobis
1085 916 1329 986 exigere,
1358 932 1387 970 a
1425 917 1654 973 Domino
1687 934 1815 975 vero
1839 921 2010 989 pleni-

428 1011 670 1064 tudinem
708 1009 951 1062 numeris
980 1019 1324 1077 exspectare.
1354 1010 1459 1064 Pro
1501 1012 1606 1067 hoc
1635 1015 1778 1068 enim
1805 1015 2009 1070 dicitur

427 1117 454 1154 a
484 1101 713 1154 Domino
758 1114 856 1169 per
894 1096 1221 1168 Prophetam
1247 1100 1298 1131 ⁸⁵
1334 1116 1347 1153 :
1387 1101 1588 1168 «Aperi
1631 1118 1693 1158 os
1740 1114 1913 1170 tuum,
1957 1117 2011 1161 et

427 1192 647 1260 replebo
676 1192 875 1253 illudn
913 1205 1013 1260 pro
1082 1190 1174 1246 illo
1193 1206 1322 1247 vero
1336 1190 1439 1246 alia
1455 1194 1733 1266 Scriptura
1762 1198 1895 1252 dicit
1920 1199 1965 1230 “
1994 1212 2025 1255 ί

431 1300 453 1338 ι
478 1285 661 1355 Punge
685 1284 923 1347 oculum,
950 1291 1004 1337 et
1031 1283 1276 1351 producit
1303 1283 1607 1353 lacrymam
1631 1305 1644 1353 ;
1682 1305 1860 1359 punge
1890 1306 2006 1357 cor,

427 1388 484 1431 et
530 1378 776 1446 producit
808 1391 1045 1430 sensum.
1074 1395 1093 1428 ι
1130 1372 1208 1428 Ne
1252 1390 1382 1444 ergo
1412 1391 1480 1431 ex
1514 1378 1901 1448 desperatione
1935 1384 2012 1437 si-

434 1469 600 1522 lentio
635 1483 732 1521 nos
759 1469 1055 1532 tradamus,
1086 1472 1231 1539 quod
1263 1471 1453 1538 utique
1493 1487 1600 1526 non
1648 1472 1885 1527 aedificat
1920 1475 2014 1528 Ec.

432 1563 652 1615 clesiam
700 1561 816 1626 Dei,
864 1562 929 1615 de
958 1562 1154 1630 quibus
1197 1578 1512 1633 possumus,
1544 1574 1599 1621 et
1646 1566 1701 1621 in
1745 1581 2009 1637 quantum

425 1665 713 1720 possumus
747 1652 987 1705 breviter
1019 1664 1356 1720 repetamus.

495 1742 548 1795 6.
593 1742 729 1796 Puto
770 1758 921 1813 ergo,
966 1756 1024 1798 ut
1075 1746 1283 1801 sentire
1330 1762 1573 1816 possum,
1620 1748 1762 1818 quod
1801 1749 2011 1821 Moyses

425 1834 493 1888 ad
524 1833 815 1905 IEgyptum
850 1835 1072 1890 veniens
1117 1846 1169 1889 et
1200 1836 1456 1894 deferens
1489 1839 1725 1909 virgam,
1771 1856 1876 1911 qua
1916 1856 2008 1895 ca-

2112 650 2259 702 enim
2290 658 2346 701 et
2389 648 2504 714 ipse
2554 645 2816 699 Dominus
2862 646 3083 712 dicit",
3121 646 3250 715 quia
3289 664 3308 697 ι
3337 646 3518 701 omnis
3567 664 3700 699 san-

2110 742 2229 810 guis
2254 743 2345 810 qui
2379 739 2584 794 ell'usns
2612 749 2694 794 est
2739 755 2906 808 super
2949 748 3176 803 terram,
3211 753 3239 791 a
3274 740 3538 805 sanguine
3570 735 3703 791 Abel

2106 828 2237 898 justi
2283 844 2454 897 usque
2496 829 2561 882 ad
2596 832 2921 898 sanguinem
2962 828 3265 891 Zacharize,
3312 828 3627 897 requiretur
3673 843 3703 881 a

2112 924 2469 992 generatione
2503 922 2627 975 hac.
2653 940 2671 973 ι
2718 921 2823 976 Per
2860 920 3151 975 secundam
3206 936 3337 975 vero
3369 921 3603 989 plagam,
3651 920 3704 973 in

2112 1028 2219 1083 qua
2251 1028 2400 1067 rana:
2431 1014 2824 1082 producuntur,
2854 1011 3084 1067 iudicari
3114 1010 3415 1079 ﬁguraliter
3457 1012 3695 1063 arbitror

2113 1105 2362 1160 carmina
2424 1113 2740 1173 poetarum,
2791 1105 2881 1174 qui
2938 1104 3087 1157 inani
3130 1105 3364 1172 quadam
3409 1113 3466 1157 et
3506 1104 3697 1157 inllata

2114 1196 2516 1263 modulatione,
2569 1197 2715 1251 velut
2784 1211 3041 1250 ranarum
3103 1197 3257 1250 sonis
3325 1204 3381 1249 et
3451 1195 3702 1248 cantibus

2114 1291 2312 1344 mundo
2334 1290 2461 1344 huic
2491 1289 2826 1357 deceptionis
2858 1289 3068 1343 fabulas
3100 1290 3420 1343 intulerunt.
3448 1290 3530 1342 Ad
3565 1289 3697 1342 nihil

2114 1383 2261 1435 enim
2296 1383 2427 1435 illud
2458 1382 2660 1438 animal
2691 1384 2823 1437 utile
2862 1393 2966 1449 est,
2998 1384 3103 1438 nisi
3138 1384 3282 1453 quod
3327 1398 3518 1437 sonum
3558 1385 3708 1436 vocis

2115 1472 2383 1541 improbis
2435 1485 2492 1528 et
2555 1474 2886 1542 importunis
2940 1475 3279 1529 clamoribus
3328 1473 3526 1527 reddit.
3572 1472 3705 1527 Post

2113 1564 2222 1619 hoc
2251 1564 2501 1634 ciniphes
2529 1564 2923 1633 producuntur.
2962 1564 3075 1620 Hoc
3117 1564 3320 1619 animal
3360 1566 3553 1634 pennis
3583 1566 3706 1635 qui—

2113 1656 2237 1710 dem
2280 1657 2632 1727 suspenditur
2668 1672 2765 1726 per
2794 1672 2924 1712 aera
2968 1660 3222 1722 volitans,
3265 1661 3359 1713 sed
3402 1660 3474 1712 ita
3509 1658 3709 1713 subtile

2114 1758 2197 1805 εει
2237 1758 2291 1804 et
2325 1750 2630 1813 minutum,
2675 1761 2734 1805 ut
2781 1751 2924 1806 oculi
2962 1753 3170 1816 visum,
3215 1750 3320 1805 nisi
3372 1761 3530 1805 acute
3582 1765 3707 1804 cer-

2117 1846 2319 1906 nentis,
2344 1841 2601 1909 eli'ugiat;
2634 1858 2837 1911 corpus
2867 1852 3049 1896 tamen
3083 1858 3205 1898 cum
3239 1843 3525 1906 insederit,
3559 1857 3708 1897 acer-

425 1928 591 1996 sligat
616 1938 670 1982 et
710 1928 958 1982 verberat
986 1926 1282 1999 [Egyptum
1329 1931 1518 1985 decem
1562 1932 1760 2002 plagis,
1801 1932 2012 2005 Moyses
2048 1914 2093 1975 Β
2122 1937 2259 1989 rimo
2289 1934 2530 1989 terebrat
2568 1935 2812 1998 stimulo,
2860 1935 2934 1988 ita
2978 1944 3037 1988 ut
3066 1950 3229 2005 quem
3273 1935 3593 1988 volitantem
3625 1933 3706 1987 vi-

426 2019 515 2072 liie
550 2020 633 2071 lex
668 2020 758 2073 Dei
794 2019 897 2081 sit;
933 2033 1054 2087 quae
1087 2020 1214 2073 data
1254 2028 1337 2074 est
1372 2021 1500 2076 huic
1538 2022 1763 2087 mundo,
1795 2032 1853 2076 ιιι
1884 2040 2008 2077 eum

427 2110 615 2163 decem
651 2109 845 2179 plagis,
878 2109 930 2163 id
963 2121 1047 2163 est
1074 2109 1260 2164 decem
1294 2112 1561 2166 mandatis
1593 2128 1713 2182 qua:
1746 2114 1798 2166 in
1846 2113 2014 2168 Deca-

428 2200 552 2272 logo
587 2203 960 2265 continentur,
1005 2203 1265 2272 corripiat
1294 2211 1346 2257 et
1380 2205 1657 2258 emendet.
1694 2205 1848 2275 Virga
1881 2222 2013 2275 ergo

431 2311 525 2363 per
569 2310 732 2363 quam
782 2304 1050 2363 geruntur
1082 2295 1193 2348 lucc
1236 2295 1443 2359 omnia,
1490 2310 1587 2364 per
1635 2311 1797 2366 quam
1843 2296 2013 2369 [Egy-

430 2394 552 2454 ptus
579 2386 870 2453 subjicitur
912 2395 968 2439 et
1001 2385 1215 2440 Pharao
1259 2396 1578 2457 superatur,
1622 2401 1757 2441 crux
1808 2388 2010 2443 Christi

429 2479 531 2542 sit,
577 2491 675 2545 per
721 2492 885 2547 quam
935 2479 1172 2531 tuendus
1214 2478 1304 2531 hic
1360 2477 1623 2542 vincitur,
1667 2490 1721 2532 et
1758 2480 2012 2549 princeps

431 2568 589 2633 lmjus
647 2569 834 2622 mundi
894 2584 1016 2621 cum
1076 2569 1478 2639 principatibus
1532 2578 1588 2625 et
1650 2574 2012 2638 potestatilms

430 2659 824 2728 triumphatur.
857 2659 1012 2726 Quod
1041 2669 1222 2714 autem
1252 2660 1406 2729 virga
1445 2659 1689 2729 projccla
1726 2662 1797 2716 sit
1824 2664 2010 2726 draco,

429 2752 513 2805 vel
571 2767 831 2821 serpens,
880 2761 936 2806 et
983 2753 1211 2807 devorat
1275 2752 1660 2825 JEgyptiorum
1729 2771 2010 2823 magorum

429 2854 735 2913 serpentes,
766 2845 856 2914 qui
897 2844 948 2898 id
981 2846 1238 2900 similiter
1264 2844 1541 2913 fecerant;
1576 2857 1884 2916 serpentem
1914 2864 2012 2917 pro

428 2936 690 3005 Sapientia
742 2938 867 3007 poni
910 2937 993 2993 vel
1050 2937 1363 3007 prudentia,
1407 2939 1615 2993 indicat
1661 2941 2012 3011 evangelicus

428 3041 609 3081 sermo
637 3043 761 3081 cum
809 3028 944 3082 dicit
979 3030 1066 3084 ατε
1105 3047 1125 3080 ι
1160 3030 1347 3084 Estote
1401 3032 1698 3099 prudentes
1749 3043 2010 3102 tanquam

429 3130 738 3187 serpentes.
766 3138 783 3169 ι
821 3119 889 3173 Ει
924 3119 1052 3174 alibi
1080 3121 1167 3175 ’δε
1201 3139 1219 3172 ι
1258 3119 1498 3189 Serpens
1526 3134 1647 3177 erat
1693 3128 2013 3193 prudentior

427 3212 681 3266 oumibus
728 3212 1100 3267 animantibus
1131 3221 1186 3267 et
1234 3214 1424 3267 bestiis
1466 3230 1587 3284 qua:
1617 3225 1774 3269 erant
1821 3218 1873 3270 in
1916 3234 2014 3284 pa-

431 3301 673 3353 radiso.»
715 3302 862 3355 Crux
903 3316 1033 3369 ergo
1060 3302 1285 3370 Christi,
1325 3303 1481 3373 cujus
1511 3306 1831 3373 praedicatio
1876 3307 2013 3361 stul-

434 3394 553 3446 titia
589 3393 895 3459 videbatur,
941 3408 1106 3463 quam
1138 3393 1372 3465 Moyses,
1402 3396 1453 3449 id
1492 3408 1575 3451 est
1608 3397 1717 3463 lex,
1748 3400 2011 3463 continet,

429 3488 571 3539 sicut
623 3485 886 3541 Dominus
937 3486 1074 3541 dixit
1103 3486 1191 3540 ":
1236 3506 1255 3540 ι
1286 3487 1362 3541 De
1401 3503 1488 3543 me
1527 3490 1671 3544 enim
1720 3491 1814 3547 ille
1872 3496 2011 3549 scri-

430 3579 566 3647 psit;
596 3597 615 3630 ι
655 3578 793 3644 inec,
826 3578 1072 3648 inquam,
1107 3594 1243 3634 crux
1280 3582 1346 3637 de
1371 3599 1478 3652 qua
1519 3583 1731 3656 Moyses
1768 3592 2010 3661 scripsit,

432 3680 715 3737 postquam
770 3668 823 3721 in
855 3678 998 3723 terra
1035 3670 1271 3739 projecta
1311 3682 1413 3738 est,
1445 3673 1497 3727 id
1528 3684 1610 3729 est
1656 3689 2009 3750 posteaquam

437 3761 506 3813 ad
535 3760 912 3816 credulitatem
943 3771 998 3815 et
1030 3763 1187 3817 iidem
1219 3766 1496 3820 hominum
1535 3771 1701 3833 venit,
1748 3787 2011 3829 conversa

431 3858 514 3905 est
539 3853 587 3905 in
612 3854 960 3921 sapientiam,
978 3864 1032 3908 et
1054 3862 1256 3908 tantam
1281 3859 1626 3926 sapientiam,
1653 3876 1772 3930 qua:
1794 3878 2009 3919 omnem

434 3946 833 4016 Egyptiorum,
864 3947 918 4001 id
949 3958 1030 4001 est
1066 3948 1225 4015 hujus
1257 3950 1443 4003 nmndi
1489 3954 1810 4021 sapientiam
1850 3961 2013 4010 devo-

433 4049 603 4092 raret.
656 4037 872 4093 Intuere
918 4053 1050 4107 ergo
1102 4041 1377 4107 quomodo
1421 4041 1644 4095 stultam
1695 4043 1825 4099 fecit
1870 4047 2011 4102 Deus

431 4130 751 4199 sapientimn
794 4129 955 4198 hujus
1002 4131 1212 4195 mundi,
1250 4139 1603 4200 posteaquam
1642 4136 2012 4191 manifestavit

430 4224 734 4287 Chl‘ialllm,
782 4225 873 4294 qui
919 4223 1217 4277 erucilixus
1261 4232 1379 4288 est,
1433 4225 1523 4278 Dei
1579 4228 1836 4281 virtutem
1890 4245 2012 4284 esse

430 4323 485 4366 et
525 4315 617 4369 Dei
662 4315 1022 4384 sapientiam;
1052 4324 1107 4369 et
1147 4316 1438 4372 universus
1464 4318 1572 4387 jam
1604 4318 1836 4372 mundus
1861 4335 2013 4375 com-

430 4409 731 4477 prehensus
758 4419 842 4463 est
869 4410 936 4463 ab
974 4423 1039 4463 eo
1073 4409 1165 4478 qui
1198 4410 1331 4465 dicit
1355 4411 1403 4444 "
1431 4429 1444 4465 :
1487 4430 1504 4463 ι
1528 4411 2012 4479 Comprehendens

431 4502 889 4571 comprehendam
920 4503 1196 4571 sapientes
1241 4504 1292 4556 in
1324 4504 1527 4559 astutia
1564 4517 1813 4559 eorum.»
1859 4503 2010 4571 Quod

2116 2028 2248 2083 dere
2293 2027 2419 2096 quis
2466 2042 2571 2080 non
2621 2027 2832 2093 valeat,
2880 2028 3079 2082 sentiat
3135 2026 3532 2081 stimulantem.
3592 2023 3704 2079 Hoc

2116 2135 2248 2191 ergo
2302 2119 2555 2173 animalis
2602 2135 2775 2185 genus
2823 2118 3141 2187 dignissime
3192 2129 3323 2184 puto
3374 2116 3479 2169 arti
3531 2115 3704 2170 diale-

2116 2214 2270 2267 cticae
2305 2211 2637 2278 comparari,
2678 2224 2798 2279 qnte
2831 2211 3054 2262 minutis
3081 2215 3135 2261 et
3172 2208 3465 2260 subtilibus
3508 2207 3705 2259 verbo-

2117 2313 2237 2352 rum
2274 2298 2508 2353 stimulis
2548 2298 2761 2352 animas
2808 2297 3067 2363 terebrat,
3111 2304 3166 2349 et
3205 2305 3357 2349 tanta
3399 2290 3699 2349 calliditate

2115 2383 2494 2447 circumvenit,
2525 2394 2583 2438 ιιι
2615 2386 2878 2454 deceptus
2920 2399 3020 2438 nec
3063 2384 3247 2436 videat
3279 2399 3381 2437 nec
3424 2382 3704 2453 intelligat

2116 2479 2258 2531 unde
2295 2477 2583 2547 decipitur.
2612 2478 2819 2543 Quarto
2848 2490 3064 2547 quoque
3094 2477 3146 2529 in
3195 2476 3312 2530 loco
3353 2477 3701 2546 cynomyiam

2114 2568 2448 2642 Cynicorum
2497 2579 2664 2625 secta:
2704 2568 3175 2638 compararet-im,
3212 2567 3305 2638 qui
3350 2570 3416 2621 ad
3464 2568 3702 2637 reliquas

2116 2662 2457 2730 deceptionis
2498 2677 2608 2715 sua:
2649 2661 3050 2731 improbitates,
3081 2661 3246 2714 etiam
3280 2659 3612 2729 voluptatem
3648 2663 3705 2711 et

2116 2753 2391 2808 libidinem
2441 2768 2712 2808 sumnmm
2784 2754 3082 2822 praedicant
3155 2753 3379 2807 bonum.
3430 2752 3702 2819 Quoniam

2117 2843 2280 2913 igitur
2318 2859 2413 2912 per
2443 2845 2559 2898 haec
2588 2843 2801 2913 singula
2838 2843 2990 2911 prius
3021 2843 3283 2910 deceptus
3312 2852 3395 2894 est
3440 2842 3698 2904 mundus,

2114 2935 2417 2988 adveniens
2448 2948 2648 2997 sermo,
2678 2942 2732 2989 et
2768 2932 2851 2987 lex
2888 2931 2981 2986 Dei
3016 2932 3390 3000 hujuscemodi
3421 2947 3545 2985 eum
3580 2947 3700 2986 cor-

2118 3026 2459 3096 reptionibus
2499 3026 2699 3094 arguit,
2733 3033 2790 3078 ut
2819 3040 2885 3078 ex
2919 3023 3181 3093 qualitate
3228 3032 3512 3093 poenarum
3563 3038 3703 3092 qutw

2118 3121 2302 3174 litates
2349 3121 2553 3189 proprii
2592 3129 2860 3189 agnoscat
2903 3118 3128 3174 erroris.
3166 3118 3319 3184 Quod
3352 3129 3481 3171 vero
3513 3118 3706 3186 quinto

2117 3212 2170 3265 in
2208 3210 2327 3264 loco
2356 3210 2672 3264 animalium
2706 3224 2837 3264 nece
2865 3209 2947 3263 vel
2978 3209 3245 3278 pecudum
3272 3206 3545 3277 [Egyptus
3572 3224 3701 3262 ver-

2120 3306 2366 3366 beratur,
2401 3301 2656 3355 vecordia
2689 3301 2742 3355 in
2772 3300 2876 3355 hoc
2905 3300 3153 3369 arguitur
3186 3299 3525 3369 stultitiaque
3556 3316 3705 3355 mor-

2121 3394 2330 3458 talium,
2375 3392 2467 3463 qui
2503 3405 2759 3463 tauquam
2811 3390 3208 3446 irrationabilia
3256 3406 3454 3461 pecora
3490 3392 3697 3447 cultum

2116 3495 2171 3540 et
2198 3487 2520 3540 vocabulum
2552 3487 2644 3542 Dei
2673 3486 2903 3541 diversis
2931 3486 3310 3555 imposuerunt
3342 3484 3555 3554 ﬁguris,
3588 3501 3699 3540 ιιοιι

2116 3580 2289 3635 solum
2316 3580 2621 3644 hominum,
2648 3579 2744 3634 sed
2770 3588 2825 3632 et
2851 3577 3140 3645 pecudum,
3172 3575 3320 3645 ligno
3344 3586 3399 3630 et
3427 3576 3702 3646 lapidibus

2116 3672 2425 3748 impressis,
2453 3671 2806 3726 Hammonem
2837 3669 3025 3724 Jovem
3060 3668 3111 3722 in
3142 3669 3317 3724 ariete
3350 3677 3700 3737 venerantes,

2114 3776 2170 3820 et
2202 3765 2418 3819 Anubin
2461 3766 2513 3818 in
2544 3777 2701 3827 cane,
2728 3763 2867 3831 Apin
2899 3776 3116 3832 quoque
3144 3761 3388 3817 colentes
3417 3762 3470 3815 in
3515 3770 3697 3821 tauro,

2115 3868 2313 3912 caetera
2370 3871 2588 3927 quoque
2645 3872 2767 3925 qua:
2818 3854 3090 3927 {Egyptns
3156 3855 3384 3907 deorum
3449 3862 3701 3925 portenta

2117 3952 2367 4013 tniratur,
2404 3960 2462 4002 ιιι
2497 3951 2547 4003 in
2588 3950 2788 4018 quibus
2821 3948 3024 4000 cultum
3065 3946 3366 4000 credebant
3411 3947 3593 4000 inesse
3622 3946 3706 3999 di-

2113 4044 2329 4105 vinum,
2356 4044 2410 4096 in
2448 4043 2532 4095 his
2564 4042 2807 4097 viderent
2838 4040 3143 4094 miseranda
3176 4041 3462 4109 supplicia.
3502 4040 3698 4095 Ulcera

2114 4144 2237 4203 post
2271 4137 2386 4189 haec
2413 4147 2468 4187 et
2505 4135 2696 4188 vesicae
2744 4149 2868 4186 cum
2920 4133 3133 4187 fervore
3184 4144 3340 4187 sexto
3372 4131 3425 4185 in
3465 4133 3702 4188 verbere

2115 4228 2513 4297 producuntur.
2560 4225 2628 4279 Et
2679 4225 2894 4279 videtur
2942 4224 3072 4276 mihi
3109 4225 3268 4291 quod
3322 4224 3374 4275 in
3422 4223 3705 4277 ulceribus

2117 4327 2380 4385 arguatur
2413 4315 2601 4369 dolosa
2628 4324 2683 4368 et
2716 4312 3004 4383 purulenta
3036 4312 3264 4375 malitia,
3295 4311 3348 4364 in
3383 4313 3579 4365 vesicis
3611 4320 3698 4364 tu-

2118 4425 2273 4463 mens
2301 4419 2355 4463 et
2394 4405 2575 4460 inﬂata
2615 4403 2969 4473 superbia,in
3012 4402 3224 4456 fervore
3257 4398 3349 4457 ira:
3388 4417 3454 4457 ac
3500 4401 3705 4456 furoris

2117 4500 2354 4558 insania.
2414 4498 2707 4566 llucusque
2762 4510 2860 4564 per
2920 4508 3170 4548 errorum
3224 4510 3446 4549 suorum
3501 4495 3706 4563 lignras

433 4613 561 4651 vero
602 4610 755 4664 aqua:
791 4592 1033 4650 ﬂuminis
1074 4607 1360 4651 vertuntur
1401 4598 1454 4651 in
1501 4598 1844 4667 sanguinem,
1878 4601 2013 4655 satis
2042 4595 2089 4651 D
2121 4593 2323 4649 mundo
2352 4591 2615 4661 supplicia
2647 4596 3045 4658 temperantur.

432 4688 819 4743 convenienter
872 4696 1112 4754 aptatur.
1145 4685 1329 4741 Primo
1363 4688 1581 4756 quidem
1634 4698 1691 4742 ut
1726 4688 1772 4743 is
1818 4688 2015 4747 ﬂuvius

434 4782 517 4833 cui
555 4777 904 4833 Hebraeorum
937 4777 1203 4846 parvulos
1238 4778 1442 4831 crudeli
1475 4792 1608 4833 nece
1651 4779 2014 4847 tradiderant,

436 4872 752 4926 auctoribus
797 4868 1020 4923 sceleris
1068 4867 1323 4938 poculum
1376 4869 1663 4938 sanguinis
1718 4869 2015 4937 redderet,

435 4975 488 5016 et
514 4977 764 5017 cruorem
795 4959 983 5030 polluti
1028 4959 1285 5029 gurgitis,
1315 4973 1478 5029 quem
1510 4960 1823 5029 parricidali
1865 4963 2016 5017 caede

437 5044 866 5119 maculaverant,
905 5052 1144 5121 potando
1194 5053 1482 5106 sentirent.
1535 5051 1671 5105 Tum
1704 5054 1919 5119 deinde,
1956 5062 2014 5107 ιιι

434 5144 742 5214 allegoricis
787 5143 995 5212 legibus
1040 5141 1174 5195 nihil
1214 5142 1380 5208 desit,
1436 5156 1589 5211 aquae
1630 5153 1917 5197 vertuntur
1961 5146 2011 5199 in

436 5236 777 5305 sanguinem,
825 5244 882 5289 et
930 5234 1154 5304 sanguis
1206 5249 1341 5289 suus
1394 5233 1633 5305 Egypto
1668 5237 2009 5304 propinatur.

434 5331 601 5398 Aquae
649 5325 903 5399 Egypti,
949 5328 1188 5380 erratica
1233 5339 1291 5381 et
1323 5326 1527 5381 lubrica
1564 5327 2012 5398 philosophorum

435 5433 564 5478 Sunt
607 5425 894 5490 dogmata,
942 5435 1064 5489 quae
1116 5420 1368 5489 parvulos
1416 5435 1665 5490 quosque
1709 5435 1911 5487 sensu,
1960 5432 2015 5476 et

435 5524 633 5583 pueros
679 5511 1031 5581 intelligentia
1091 5510 1249 5583 142
1306 5512 1680 5581 dcceperunt;
1737 5513 1825 5567 ubi
1879 5526 2012 5567 crux

432 5607 638 5663 Christi
678 5607 879 5660 mutulo
912 5606 1038 5660 huic
1074 5607 1324 5659 veritatis
1361 5604 1541 5658 lumen
1570 5606 1833 5671 ostendit,
1862 5607 2012 5660 necis

509 5798 555 5830 ⁸⁸⁵
594 5800 608 5851 Ι
635 5799 758 5853 Cor.
784 5812 854 5850 xtl
877 5836 891 5861 ,
921 5797 1013 5860 3|,
1040 5794 1135 5848 etl
1166 5796 1290 5850 Cor.
1325 5812 1432 5860 tttv,
1465 5797 1514 5850 l.

440 5884 535 5939 ιιι,
570 5871 615 5924 l.
694 5871 738 5902 "
778 5869 937 5925 Joau.
969 5884 1019 5935 v,
1049 5868 1136 5920 46.
1215 5868 1259 5899 ⁷⁸
1288 5865 1303 5919 l
1332 5869 1456 5922 Cor.
1493 5882 1574 5933 ιιι,
1602 5868 1689 5922 l9.

1592 5797 1636 5828 ⁸⁸
1678 5796 2133 5858 Psal.t.xttvt,10.
2207 5795 2252 5826 ⁸⁸
2294 5793 2460 5849 Eccli.
2495 5808 2640 5850 χιιι.
2677 5788 2767 5842 24.

1768 5870 1807 5899 ⁷¹
1842 5871 2029 5923 Matth.
2062 5882 2212 5934 tum,
2240 5866 2328 5920 55.

2188 4685 2242 4739 7.
2286 4684 2417 4739 i’ost
2460 4684 2573 4738 hazc
2608 4697 2739 4737 vero
2793 4680 3021 4735 verbera
3075 4677 3301 4733 veniunt
3334 4678 3401 4733 de
3447 4678 3705 4750 supernis

2115 4790 2299 4843 voces,
2333 4775 2545 4846 inquit,
2598 4774 2860 4834 tonitrui,
2913 4771 3030 4825 sine
3073 4770 3241 4825 dubio
3285 4780 3340 4823 et
3386 4774 3615 4838 grando,
3645 4784 3701 4824 et

2116 4869 2256 4940 ignis
2304 4868 2621 4923 discurrens
2668 4867 2721 4920 in
2771 4865 3054 4934 grandine.
3107 4862 3241 4917 Vide
3292 4872 3699 4931 temperamen-

2118 4972 2231 5018 tum
2275 4964 2474 5016 divinze
2524 4958 2931 5028 correptionis;
2996 4972 3099 5011 non
3151 4969 3274 5009 cum
3322 4956 3539 5009 silentio
3574 4970 3700 5008 Ver-

2116 5056 2295 5117 heret,
2329 5054 2422 5107 sed
2455 5053 2549 5105 dat
2580 5067 2763 5113 voces,
2796 5057 2852 5103 el.
2888 5049 3196 5102 doetrintun
3242 5048 3467 5100 coalitus
3510 5049 3697 5111 mittil,

2116 5162 2212 5216 per
2234 5161 2397 5215 quam
2427 5145 2600 5215 possit
2634 5142 2849 5212 culpam
2881 5158 3033 5195 suam
3064 5139 3363 5207 castigatus
3398 5153 3541 5207 agno
3575 5153 3702 5193 cere

2118 5240 2371 5293 mundus.
2423 5238 2515 5290 Dat
2562 5246 2615 5290 et
2649 5236 3008 5305 grandinem,
3058 5246 3157 5301 per
3201 5246 3364 5301 quam
3410 5240 3467 5283 et
3512 5240 3699 5284 tenera

2117 5331 2298 5385 adhuc
2330 5338 2609 5384 vastentur
2641 5327 2919 5382 nascentia
2954 5326 3234 5379 vitiorum.
3282 5323 3379 5374 Dat
3408 5331 3464 5373 et
3495 5321 3701 5387 ignem,

2122 5420 2302 5476 sciens
2334 5434 2454 5473 esse
2486 5419 2677 5487 spinas
2714 5428 2770 5471 et
2824 5416 3075 5476 tribulos,
3124 5426 3263 5483 quos
3311 5411 3509 5464 debeat
3560 5411 3701 5479 ignis

2126 5513 2213 5568 ille
2243 5513 2560 5581 depascere,
2607 5510 2673 5563 de
2717 5523 2825 5578 quo
2873 5505 3003 5559 dicit
3050 5503 3308 5557 Dominus
3331 5502 3422 5555 7':
3462 5518 3480 5551 ι
3512 5500 3697 5570 ignem

2122 5607 2244 5660 veni
2277 5607 2494 5660 mittere
2529 5606 2578 5657 in
2616 5613 2839 5655 terram.
2864 5618 2881 5651 ι
2930 5598 3029 5652 Per
3074 5598 3215 5649 lumc
3242 5596 3385 5648 enim
3424 5594 3697 5647 incentiva

2847 5788 2889 5818 ⁸⁷
2932 5784 3116 5840 Matth.
3150 5800 3203 5849 ι,
3238 5784 3326 5838 l6.
3421 5774 3466 5806 ⁸⁸
3488 5783 3689 5837 Cenes.

2405 5866 2449 5895 ⁷⁸
2485 5864 2616 5916 Luc.
2651 5876 2749 5926 xit,
2776 5859 2863 5915 49.
