4110 6426
457 394 563 447 523

1947 384 2105 441 OlllG
2115 385 2267 442 ENIS

3606 400 3715 457 διε.

453 510 745 579 voluptatis
788 518 842 562 ct
895 504 1133 560 libidinis
1184 515 1599 560 consumuntur.
1651 504 1803 571 Quod
1855 515 2033 558 autem
2066 510 2109 564 Α
2140 508 2207 560 ah
2236 523 2297 562 ea
2332 508 2583 563 sulnlueit
2612 506 2887 575 exempla,
2916 508 3115 578 quibus
3140 511 3498 568 mordeautur
3531 525 3583 570 et
3613 518 3709 571 de-

454 603 789 659 locnstarum
818 602 870 655 itt
909 612 1104 655 octavo
1136 601 1255 655 loco
1286 601 1342 653 fit
1370 600 1595 663 mentio,
1633 608 1761 668 puto
1788 613 1885 669 per
1932 599 2036 653 hoc

450 704 625 767 genus
677 694 867 764 pla’gze,
920 692 1235 748 dissidentis
1301 707 1518 761 semper
1561 707 1591 744 a
1630 707 1689 745 se
1724 702 1777 745 et
1820 692 2032 744 discor-

452 787 631 843 dantis
686 786 909 842 humani
978 786 1197 853 generis
1248 783 1670 837 inconstantiam
1738 782 2029 836 confutari.

450 874 687 937 Locusta
718 880 863 934 enim
909 894 1035 933 cum
1072 890 1251 947 regem
1298 893 1403 930 non
1438 877 1669 941 habeat,
1712 876 1851 929 sicut
1884 873 2033 929 Scri-

449 984 609 1042 ptura
653 974 781 1028 dicit
813 973 905 1024 7’:
948 991 967 1023 ι
999 970 1114 1026 Una
1158 971 1273 1024 acie
1320 970 1635 1024 ordinatum
1679 970 1830 1022 ducit
1871 983 2031 1023 exer-

443 1068 703 1131 citum”
764 1063 1014 1118 homines
1066 1077 1194 1116 vero
1248 1076 1370 1115 cum
1444 1058 1796 1113 rationabiles
1842 1072 1874 1111 a
1920 1056 2031 1111 Deo

446 1157 580 1209 facti
616 1155 746 1219 sint,
800 1169 975 1222 neque
1029 1153 1355 1221 semetipsos
1406 1152 1658 1204 ordinate
1702 1163 1890 1217 regere
1933 1162 2031 1217 po-

446 1250 703 1310 tuerunt,
758 1260 931 1313 neque
983 1244 1074 1297 Dei
1125 1245 1270 1313 regis
1319 1245 1588 1314 patienter
1658 1240 2027 1295 moderamina

444 1341 741 1410 pertulere.
773 1338 922 1392 Nona
961 1338 1113 1407 plaga
1146 1337 1385 1390 tenebrae
1419 1344 1565 1400 sunt,
1594 1335 1710 1387 sive
1741 1342 1799 1385 ut
1830 1332 2027 1386 mentis

445 1448 637 1487 eorum
666 1431 884 1485 caecitas
917 1438 1197 1499 arguatur,
1232 1428 1349 1481 sive
1381 1436 1441 1480 ut
1474 1424 1784 1492 intelligant
1829 1424 2027 1477 divinae

447 1523 875 1593 dispensationis
924 1532 979 1575 et
1026 1520 1394 1574 Providentia:
1450 1516 1867 1573 obscurissimas
1905 1528 2027 1569 esse

448 1618 709 1669 rationes.
770 1634 787 1664 ι
818 1613 1003 1667 Posuit
1058 1613 1201 1666 enim
1251 1611 1393 1665 Deus
1441 1609 1694 1664 tenebras
1738 1609 2022 1663 latibulum

444 1723 601 1760 suum
628 1708 694 1766 ⁸⁷⁵,
716 1726 733 1757 ι
779 1720 916 1774 quas
963 1703 1034 1757 illi
1081 1703 1342 1757 audacter
1369 1710 1419 1756 el
1458 1711 1661 1755 temere
1692 1701 2022 1766 perscrutari

444 1802 743 1869 cupientes,
787 1811 843 1853 et
890 1798 990 1852 alia
1047 1812 1116 1849 ex
1154 1796 1275 1849 aliis
1312 1801 1649 1855 asserentes,
1698 1793 1751 1846 in
1804 1806 2023 1847 crassas

2136 612 2435 668 pascantur
2483 618 2673 657 omnes
2721 602 2948 671 inquieti
3003 611 3185 656 motus
3224 604 3347 674 ejus
3378 617 3434 659 et
3482 609 3709 673 turbidi,

2133 708 2241 761 quo
2298 702 2354 747 et
2415 695 2525 764 ipsa
2591 697 2757 757 dicat,
2808 693 2953 761 quod
3000 697 3287 764 Apostolus
3335 699 3493 753 (hcet
3528 702 3597 765 ⁷⁸,
3650 710 3712 756 ιιι

2137 787 2356 838 somnia
2421 802 2519 838 sua
2580 783 2876 839 secundum
2898 786 3319 843 ordinemflant.
3363 809 3383 843 ι
3442 790 3542 846 Ubi
3581 808 3715 847 vero

2133 875 2463 930 sufficienter
2482 874 2645 930 fuerit
2669 878 2932 946 castigata
2958 894 3053 948 pro
3078 882 3390 936 moribuset
3411 898 3707 951 proemen—

2132 967 2362 1020 datioris
2405 968 2529 1020 vita:
2564 968 2911 1034 correptione
2962 972 3229 1035 coercita,
3263 983 3391 1025 'cum
3425 984 3707 1027 auctorem

2132 1058 2422 1109 verberum
2452 1062 2708 1127 senserit,
2742 1072 2798 1115 et
2823 1062 3201 1131 confiterijam
3237 1064 3601 1132 coeperitquia
3632 1066 3709 1118 di-

2132 1147 2278 1215 gitus
2327 1148 2414 1202 Dei
2461 1162 2567 1215 est,
2594 1162 2642 1205 et
2694 1167 2881 1221 parum
2915 1155 3041 1222 quid
3077 1155 3369 1223 agnitionis
3408 1156 3702 1223 acceperit,

2134 1247 2262 1290 tttne
2311 1241 2584 1309 przccipue
2646 1253 2923 1311 gestorum
2982 1257 3209 1299 suorum
3259 1245 3508 1299 tenebras
3536 1246 3700 1307 videt.

2128 1339 2258 1386 tunc
2283 1348 2532 1387 errorum
2570 1350 2795 1389 suorum
2823 1338 3113 1405 caliginem
3162 1338 3348 1392 sentit.
3371 1337 3617 1405 Cumque
3646 1338 3699 1392 in

2128 1425 2232 1479 hoc
2262 1427 2494 1490 venerit,
2533 1437 2661 1481 tunc
2686 1431 2985 1484 merehitur
3017 1440 3075 1484 ut
3119 1432 3537 1499 exstinguuntur
3561 1431 3703 1484 inea

2125 1520 2483 1589 primogenita
2535 1519 2777 1591 Egypti.
2803 1520 2859 1575 ln
2902 1538 3012 1590 quo
3037 1522 3245 1592 aliquid
3283 1523 3507 1591 intelligi
3542 1539 3703 1592 posse

2125 1612 2383 1668 arbitror.
2405 1611 2600 1667 (lintris
2635 1615 2814 1668 anima
2842 1627 2965 1669 cum
3000 1616 3067 1668 ad
3098 1615 3533 1684 supplementum
3564 1626 3701 1669 aeta-

2126 1704 2199 1759 tis
2221 1704 2528 1766 advenerit,
2558 1714 2614 1758 et
2651 1705 2794 1757 velut
2842 1707 3113 1760 naturalis
3144 1706 3195 1759 in
3231 1721 3291 1761 ea
3330 1706 3577 1773 quardam
3612 1708 3695 1761 lex

2124 1796 2349 1865 coeperit
2374 1811 2469 1850 sua
2499 1795 2621 1864 jura
2649 1797 2957 1863 defendere,
2984 1798 3187 1866 primos
3224 1798 3341 1850 sine
3368 1797 3534 1851 dubio
3576 1814 3695 1851 mo-

441 1902 497 1946 ct
543 1891 837 1961 palpabiles
881 1904 1128 1943 errorum
1181 1887 1436 1941 tenebras
1473 1884 1708 1938 devoluti
1757 1894 1905 1938 sunt.
1935 1881 2017 1937 Ad
2052 1854 2096 1909 Β
2129 1897 2215 1940 tus
2247 1889 2541 1941 secundum
2587 1889 2917 1942 desiderium
2944 1888 3128 1942 carnis
3154 1887 3427 1955 producit,
3462 1903 3602 1955 quos
3633 1903 3698 1943 ex

440 1983 686 2036 ultimum
737 1981 1141 2051 primitivorum
1194 1978 1429 2033 infertur
1479 1975 1769 2041 interitus,
1812 1977 1867 2029 in
1914 1990 2023 2045 quo

439 2077 509 2131 sit
549 2075 793 2130 fortassis
837 2074 1040 2143 aliquid
1092 2088 1254 2140 supra
1304 2081 1547 2125 nostram
1583 2068 2018 2138 intelligentiam,

438 2168 581 2234 quod
624 2164 976 2219 commissum
1008 2164 1076 2217 ab
1123 2159 1404 2229 Egyptiis
1438 2162 1688 2214 videatur
1725 2159 1777 2212 in
1827 2158 2021 2213 Eccle-

438 2257 576 2309 siam
605 2254 1032 2325 priutitivorum,
1053 2260 1180 2321 quin
1207 2251 1446 2319 ascripta
1472 2262 1555 2305 est
1581 2251 1633 2303 in
1664 2249 1841 2304 caelis.
1870 2247 2023 2303 Unde

437 2357 494 2400 et
533 2347 929 2401 exterminator
970 2343 1192 2413 angelus
1236 2344 1302 2397 ad
1348 2342 1721 2412 hujuscemodi
1772 2342 2021 2395 ministe-

436 2438 577 2491 rium
610 2436 933 2500 mittitur",
962 2434 1052 2504 qui
1088 2442 1283 2502 parcat
1310 2427 1417 2487 illis
1448 2441 1677 2495 tantum,
1713 2432 1804 2501 qui
1839 2440 2020 2486 utros-

433 2542 541 2598 que
588 2538 768 2596 postes
813 2524 934 2595 agni
974 2525 1241 2593 sanguine
1303 2522 1511 2576 inventi
1562 2521 1771 2576 fuerint
1815 2522 2017 2577 habere

435 2622 698 2690 signatos.
742 2619 1003 2672 Delentur
1048 2615 1266 2669 interim
1323 2614 1685 2685 primogenita
1730 2611 2017 2683 {Egyptio-

437 2730 576 2776 runt,
604 2713 717 2766 sive
762 2711 858 2762 hos
885 2708 1220 2778 principatus
1253 2716 1308 2761 et
1350 2716 1675 2777 potestates,
1720 2715 1774 2760 et
1826 2704 2011 2760 mundi

434 2803 595 2870 hujus
634 2813 873 2857 rectores
912 2802 1262 2853 tenebrarum
1315 2798 1582 2861 dicamus,
1625 2810 1761 2866 quos
1809 2796 1861 2850 in
1912 2796 2012 2849 ad-

432 2906 596 2949 ventu
647 2908 750 2947 suo
796 2892 1051 2948 Christus
1104 2892 1307 2945 dicilm'
1355 2888 1663 2944 traduxisse
1682 2880 1752 2953 ⁷⁸,
1782 2888 1887 2942 hoc
1928 2896 2013 2942 est

430 2985 677 3054 captivos
720 2982 966 3048 duxisse,
994 2990 1050 3036 et
1096 2980 1467 3050 triumphasse
1517 2978 1571 3033 in
1615 2978 1763 3048 ligno
1790 2978 2007 3053 crucis;

429 3076 544 3131 sive
573 3084 828 3158 auctores
859 3084 914 3129 et
958 3072 1277 3127 inventores
1326 3072 1584 3127 falsarum
1633 3085 1756 3140 qua:
1804 3070 1857 3123 in
1904 3068 2011 3125 hoc

2124 1980 2582 2046 concupiscentiae
2626 1980 2706 2034 vel
2758 1980 2853 2034 ira:
2898 1979 3089 2034 fomite
3125 1980 3209 2035 vis
3242 1980 3516 2033 incentiva
3542 1994 3699 2035 eom-

2123 2071 2376 2123 moverit.
2431 2067 2587 2123 Unde
2634 2070 2789 2139 quasi
2832 2072 3165 2141 prmeipunm
3211 2079 3265 2125 et
3300 2072 3440 2138 quod
3488 2082 3595 2126 non
3627 2072 3698 2125 sit

2120 2176 2409 2215 commune
2436 2176 2560 2215 cum
2590 2163 2804 2216 eatteris
2854 2163 3192 2227 hominibus,
3219 2164 3285 2217 de
3310 2162 3432 2218 solo
3470 2162 3697 2217 Christo

2120 2255 2381 2324 propheta
2420 2252 2625 2310 dicit“
2656 2275 2668 2309 :
2712 2274 2731 2307 ι
2766 2256 3034 2326 Butyrunt
3066 2267 3121 2310 et
3171 2256 3274 2310 mel
3310 2257 3652 2310 mantlncabit
3676 2294 3698 2322 ,

2120 2346 2433 2414 priusquam
2484 2345 2651 2399 faciat
2697 2353 2793 2397 ant
2841 2344 3079 2415 proferat
3115 2344 3371 2413 maligna,
3410 2344 3573 2413 eliget
3601 2345 3698 2398 bo-

2121 2450 2274 2487 num.
2310 2451 2327 2483 ι
2367 2432 2634 2499 Quoniam
2667 2434 2987 2502 priusquam
3034 2434 3170 2489 sciat
3212 2449 3346 2502 puer
3375 2434 3574 2487 bonum
3601 2441 3696 2489 aut

2121 2525 2353 2585 malum,
2385 2526 2589 2578 resistit
2623 2524 2864 2587 malitia,
2902 2534 2960 2577 ut
2995 2524 3162 2594 eligat
3191 2526 3333 2595 quod
3360 2525 3564 2580 bonum
3590 2534 3693 2580 est.

2115 2615 2268 2671 Alius
2284 2626 2467 2669 autem
2489 2616 2749 2685 propheta
2771 2625 3028 2685 cuiquam
3045 2616 3111 2671 de
3138 2617 3428 2684 semetipso
3443 2614 3691 2685 fumeus,

2114 2709 2331 2762 dicebat
2347 2707 2390 2738 δι
2424 2723 2436 2758 :
2476 2727 2494 2758 ι
2532 2706 2732 2761 Delicta
2766 2708 3073 2776 juventutis
3114 2722 3246 2761 mem
3268 2714 3323 2760 et
3370 2706 3693 2774 ignorantia:

2116 2816 2248 2853 meae
2280 2813 2347 2853 ne
2389 2800 2723 2855 memineris.
2757 2817 2776 2851 ι
2804 2800 2940 2866 Quia
2986 2808 3120 2869 ergo
3169 2801 3331 2870 primi
3360 2802 3451 2855 isti
3493 2802 3692 2857 anima:

2116 2898 2294 2942 motus
2319 2888 2612 2941 secundum
2640 2902 2868 2942 carnem
2891 2889 3084 2958 prolati
3112 2889 3163 2944 itt
3186 2899 3472 2959 peccatum
3498 2902 3689 2955 ruunt,

2114 2980 2311 3032 merito
2340 2978 2392 3033 in
2418 2978 2607 3033 morali
2640 2979 2756 3034 loco
2772 2978 3152 3051 Egyptiorum
3182 2982 3458 3049 primiti'va
3481 2996 3692 3051 ponun-

2116 3082 2224 3135 tur,
2275 3082 2395 3141 qua:
2444 3081 2671 3126 eatenus
2705 3073 3164 3141 exstinguuntur,
3211 3074 3258 3129 si
3306 3076 3533 3144 reliquae
3564 3076 3688 3131 vita:

430 3170 630 3223 mundo
676 3167 896 3222 fuerunt
948 3165 1270 3234 religionum
1311 3165 1587 3227 dicamus,
1631 3178 1771 3233 quas
1798 3162 2006 3217 Christi
2036 3182 2085 3241 ο
2116 3162 2462 3218 conversatio
2489 3162 2916 3216 emendatiorem
2948 3162 3147 3232 dirigat
3172 3178 3423 3218 cursum.
3446 3165 3536 3220 Sic
3559 3180 3689 3234 ergo

428 3263 628 3315 veritas
674 3272 795 3315 eum
846 3260 957 3315 suis
1009 3259 1272 3314 exstinxit
1308 3267 1362 3312 et
1415 3256 1617 3312 delevit
1667 3255 2009 3311 auctoribus.

427 3352 553 3408 Htee
585 3360 846 3423 quantum
882 3352 948 3404 ad
982 3352 1161 3404 locum
1198 3350 1488 3419 mysticum
1516 3354 1749 3417 spectat.

501 3444 556 3499 8.
590 3442 708 3497 Jam
756 3458 887 3496 vero
933 3443 979 3496 si
1017 3443 1184 3495 etiam
1238 3440 1460 3495 moralis
1494 3439 1648 3494 nobis
1694 3440 1863 3510 figura
1898 3448 2014 3493 tra-

426 3534 623 3590 ctanda
652 3542 757 3598 est,
786 3533 1030 3587 dicemus
1055 3530 1198 3599 quod
1230 3544 1572 3599 unaquaeque
1599 3530 1780 3583 anima
1806 3529 1858 3583 in
1904 3530 2011 3584 hoc

428 3628 656 3693 mundo,
690 3628 815 3681 dum
858 3627 910 3679 in
943 3624 1224 3680 erroribus
1271 3624 1405 3677 vivit
1433 3633 1487 3677 et
1524 3623 1827 3693 ignorantia
1866 3622 2012 3677 veri-

427 3725 585 3788 tatis,
617 3723 667 3776 in
711 3720 948 3792 {Egypto
978 3719 1156 3788 posita
1189 3727 1292 3773 est.
1326 3714 1463 3771 Huic
1493 3717 1538 3769 si
1575 3716 2012 3785 appropinquare

426 3816 655 3883 coeperit
696 3814 781 3868 lex
826 3814 952 3877 Dei,
987 3827 1159 3879 aquas
1195 3810 1244 3865 ei
1288 3808 1454 3862 vertit
1487 3807 1539 3861 in
1586 3808 1926 3875 sanguinem,
1955 3808 2008 3861 id

426 3919 510 3961 est
560 3906 779 3960 fluidam
819 3914 871 3959 et
903 3904 1165 3959 lubricam
1195 3901 1494 3973 iuventutis
1540 3900 1705 3955 vitam
1742 3900 2011 3954 convertit

428 4000 482 4052 in
555 3998 882 4067 sanguinem
930 3995 1130 4050 veteris
1174 3994 1259 4049 vel
1319 3993 1441 4047 novi
1493 3991 1824 4047 testamenti.
1872 3991 2007 4046 Tum

426 4091 622 4144 deinde
647 4089 828 4143 educit
856 4103 921 4142 ex
947 4103 1009 4141 ea
1036 4101 1228 4139 vanam
1256 4093 1311 4140 et
1342 4086 1560 4139 inanem
1591 4082 2002 4153 loquacitatem,

424 4193 476 4236 et
526 4182 813 4235 adverSutn
860 4181 950 4235 Dei
1008 4179 1406 4250 providentiam
1461 4194 1717 4232 ranarum
1771 4178 2005 4233 similem

414 4277 724 4344 querelam.
759 4274 959 4342 Purgat
987 4272 1148 4325 etiam
1180 4270 1451 4340 malignas
1480 4270 1836 4340 cogitationes
1859 4269 2003 4340 ejus,

421 4377 472 4421 et
503 4367 780 4435 ciniphum
817 4363 1160 4418 mordacilati
1206 4361 1410 4416 similes
1444 4361 1757 4416 calliditatis
1783 4362 2006 4419 aculeos

424 4461 668 4513 discutit.
709 4457 1021 4512 Libidinum
1063 4469 1279 4525 quoque
1323 4469 1537 4509 morsus
1566 4454 1867 4525 eynomyire
1895 4454 2007 4524 spi-

2113 3254 2167 3308 in
2214 3254 2393 3310 anima
2438 3267 2604 3327 quam
2639 3251 2721 3307 lex
2752 3252 2935 3307 divina
2976 3253 3043 3307 ab
3067 3255 3348 3309 erroribus
3375 3265 3686 3326 susceptam

2109 3346 2345 3417 castigat
2374 3356 2429 3400 et
2454 3345 2702 3415 corrigit,
2728 3346 2893 3400 etiam
2920 3346 3281 3418 primogenita
3304 3347 3687 3420 Egyptiorum

2112 3438 2491 3507 intelliguntur
2539 3451 2660 3492 esse
2689 3437 2897 3506 deleta,
2954 3438 3058 3492 nisi
3106 3448 3229 3508 post
3264 3442 3379 3496 haec
3411 3443 3593 3497 omnia
3633 3445 3689 3498 in

2114 3530 2437 3583 infidelitate
2472 3530 2752 3599 perduret,
2806 3541 2861 3586 et
2905 3532 3047 3585 nolit
3095 3532 3319 3603 adjungi
3376 3532 3690 3591 Israelitica

2113 3621 2278 3691 plebi,
2300 3629 2356 3674 ut
2382 3632 2540 3677 exeat
2562 3623 2628 3677 de
2666 3621 2932 3692 profundo
2954 3632 3011 3677 et
3035 3624 3229 3679 evadat
3258 3625 3566 3689 incolumis,
3592 3627 3687 3682 sed

2115 3715 2167 3769 itt
2219 3715 2507 3783 iniquitate
2565 3724 2903 3784 permaneat,
2965 3723 3021 3770 et
3074 3715 3371 3771 descendat
3426 3726 3687 3786 tanquam

2111 3805 2393 3877 plumbum
2436 3806 2487 3858 in
2528 3821 2726 3874 aquam
2775 3806 3195 3861 validissimam.
3243 3807 3515 3877 luiquitas
3541 3810 3687 3865 enim

2110 3903 2407 3954 secundum
2439 3899 2723 3955 Zacharias
2745 3904 3024 3969 propheta:
3038 3900 3083 3933 ⁸⁸
3116 3900 3287 3955 visunt
3317 3916 3484 3971 super
3512 3902 3689 3957 talen-

2113 4004 2223 4047 tum
2252 3993 2455 4060 plumbi
2491 3992 2669 4049 sedet.
2705 3992 2771 4045 Et
2802 3994 2925 4048 ideo
2951 3994 3042 4062 qui
3076 4003 3359 4063 permanet
3390 3997 3442 4050 in
3482 3996 3687 4065 iniqui-

2111 4094 2243 4143 tate.
2279 4092 2534 4152 tanquam
2560 4083 2839 4151 plumbum
2868 4083 3107 4152 demergi
3144 4083 3348 4139 dicitur
3376 4083 3430 4140 in
3463 4087 3690 4155 profun-

2109 4177 2258 4230 dum.
2286 4175 2429 4229 Sane
2452 4174 2594 4243 quod
2620 4175 2670 4227 in
2691 4174 3063 4243 superioribus
3084 4174 3515 4243 observavimus,
3537 4192 3689 4246 φιτυ-

2109 4266 2230 4318 dam
2290 4264 2537 4334 prodigia
2595 4278 2692 4332 per
2746 4266 2950 4327 Araon,
2983 4267 3233 4333 quaedam
3291 4281 3393 4336 per
3436 4266 3682 4339 Moysen,

2107 4357 2353 4426 quredam
2390 4370 2522 4411 vero
2553 4370 2649 4425 per
2692 4357 2868 4426 ipsum
2902 4357 3190 4413 Dominum
3226 4359 3560 4423 ministrata,
3602 4360 3685 4413 itt-

2112 4447 2275 4518 telligi
2313 4458 2543 4503 eatenus
2584 4458 2830 4516 possunt,
2865 4460 2923 4504 ut
2974 4463 3335 4519 agnoscamus
3370 4451 3422 4504 iu
3458 4452 3682 4519 quibus-

422 4553 560 4605 culis
596 4551 802 4605 similes
838 4548 1096 4617 depellit,
1142 4546 1540 4615 stultitiamque
1583 4547 1634 4599 in
1664 4561 1726 4600 ea
1762 4554 1818 4600 et
1846 4546 2003 4600 intel-
2036 4535 2078 4593 υ
2110 4541 2233 4594 dam
2269 4555 2367 4609 per
2421 4539 2693 4595 sacrificia
2747 4543 3090 4597 sacerdotum
3152 4552 3208 4599 et
3267 4544 3686 4601 obsecrationes

426 4643 624 4696 lectum
660 4640 958 4710 pecudibus
986 4638 1219 4692 similem
1246 4636 1423 4703 delet;
1458 4652 1556 4705 per
1581 4651 1740 4705 quem
1771 4654 1790 4687 ι
1818 4637 2000 4702 homo,

421 4750 547 4787 cum
594 4735 643 4787 in
678 4735 885 4785 honore
929 4740 1095 4794 esset,
1141 4745 1247 4783 non
1303 4728 1598 4793 intellexit,
1642 4729 1734 4783 sed
1774 4744 2001 4800 compa-

426 4837 576 4878 ratus
599 4833 683 4877 est
709 4822 972 4893 jtllltelllls
1004 4820 1467 4889 iusipientibus,et
1490 4819 1685 4875 similis
1719 4818 1895 4874 factus
1919 4828 2003 4875 est

425 4917 529 4970 illis
550 4916 616 4967 ".
643 4934 660 4965 ι
693 4914 886 4984 Arguit
926 4914 1073 4967 enim
1116 4922 1170 4965 et
1214 4912 1398 4967 ulcera
1440 4921 1808 4982 peccatorum,
1836 4921 1999 4981 atque

424 5008 747 5077 arrogantia:
800 5019 1064 5060 tumorem
1127 5003 1503 5072 fervoremqne
1566 5004 1617 5057 in
1679 5020 1742 5059 ea
1806 5004 2002 5059 furoris

427 5100 586 5174 143
612 5100 929 5167 exstinguit.
969 5098 1198 5151 Adhibet
1232 5107 1353 5167 post
1397 5099 1508 5151 lucc
1550 5099 1718 5151 etiam
1748 5113 1911 5152 voces
1946 5098 2006 5151 fl-

426 5196 619 5245 liornm
662 5191 911 5255 tottitrui,
944 5190 998 5242 id
1041 5198 1126 5243 est
1189 5189 1528 5258 evangelicas
1566 5192 2005 5259 apostolieasque

424 5286 721 5337 doctrinas.
756 5280 862 5336 Sed
900 5291 953 5335 et
980 5280 1391 5347 castigationem
1416 5282 1694 5347 grandinis
1729 5282 2000 5346 admovet,

425 5387 484 5428 ut
511 5376 779 5429 luxuriant
814 5373 1228 5443 voluptatesque
1255 5383 1527 5427 coerceat.
1561 5373 1795 5427 Adhibet
1836 5373 1997 5426 simul

425 5480 477 5519 et
507 5469 680 5534 ignem
704 5467 1057 5536 ptenitentite,
1078 5473 1135 5516 ut
1163 5476 1217 5517 et
1240 5464 1350 5533 ipsa
1370 5465 1514 5518 dicat
1541 5466 1587 5496 ⁷⁸
1614 5482 1627 5517 :
1656 5483 1673 5514 ι
1702 5463 1889 5518 Nonne
1907 5479 2002 5517 eor

427 5572 671 5611 nostrum
701 5561 901 5613 ardens
933 5567 1052 5613 erat
1097 5558 1241 5611 intra
1268 5557 1415 5612 nos?
1451 5576 1469 5608 ι
1504 5556 1614 5611 Nec
1660 5557 1994 5611 locustarum

507 5742 553 5772 ’ἰ
592 5736 749 5789 Prov.
777 5754 903 5799 xxx,
929 5738 1019 5791 Ξῖ.
1096 5737 1142 5770 ⁷⁸
1181 5736 1323 5792 Psal.
1371 5751 1508 5797 xvtt.
1544 5735 1629 5789 12.

430 5824 575 5868 xstt,
608 5810 696 5861 δὲ.
775 5810 858 5859 ⁷³³1
890 5810 1015 5861 (lor.
1050 5824 1161 5873 MV,
1190 5811 1278 5860 40.
1373 5810 1418 5849 ⁸9
1444 5813 1545 5862 lsa.
1581 5808 1772 5871 vtt,l3.

1707 5733 1755 5767 "
1795 5735 1965 5793 Exo'l.
1997 5750 2095 5789 ιιι.

1879 5808 1919 5837 ⁸⁸
1960 5808 2103 5861 l'sal.
2149 5823 2271 5870 xxv,
2306 5805 2356 5860 7.

2110 4634 2427 4703 pontificum
2450 4648 2547 4689 nos
2570 4648 2691 4689 esse
2715 4637 3048 4705 purgandos,
3068 4638 3213 4705 quod
3238 4637 3417 4693 Aaron
3452 4652 3685 4707 persona

2110 4727 2395 4795 designat;
2436 4726 2490 4781 in
2520 4727 2849 4796 quibusdam
2881 4743 3011 4784 vero
3043 4741 3142 4797 per
3173 4730 3456 4783 scientiam
3490 4730 3688 4784 divin:e

2110 4817 2249 4887 legis
2277 4818 2669 4882 emendandos,
2710 4828 2766 4873 ut
2805 4818 2974 4888 Moysi
3026 4818 3279 4887 designat
3322 4816 3596 4883 officium;
3634 4820 3687 4873 in

2110 4914 2231 4968 aliis
2266 4922 2471 4977 autem,
2505 4913 2622 4969 sine
2648 4914 2813 4969 dubio
2846 4929 2967 4982 qua:
2994 4911 3301 4967 difficiliora
3336 4920 3485 4978 sunt,
3514 4913 3690 4982 ipsius

2108 5006 2318 5061 Domini
2334 5019 2495 5076 egere
2517 5006 2739 5061 virtute.

2183 5103 2237 5157 9.
2271 5102 2379 5157 Sed
2410 5116 2477 5155 ne
2506 5101 2635 5156 illud
2668 5101 2887 5171 quidem
2928 5102 3225 5168 putandum
3268 5110 3351 5155 est
3384 5102 3538 5156 nobis
3567 5101 3683 5155 lna-

2109 5193 2250 5247 niter
2279 5200 2654 5256 observatum,
2690 5195 2831 5262 quod
2862 5197 3038 5263 primo
3063 5195 3283 5260 quidem
3330 5192 3544 5263 Moyses
3577 5207 3681 5245 non

2109 5285 2279 5339 intrat
2309 5284 2376 5339 ad
2430 5285 2794 5349 Pharaonem,
2846 5288 2942 5340 sed
2992 5286 3236 5339 occurrit
3269 5286 3317 5339 ei
3357 5285 3573 5340 exeunti
3615 5286 3682 5337 ad

2108 5392 2303 5445 aquas,
2336 5378 2677 5446 postmodum
2704 5392 2833 5431 vero
2856 5378 3018 5430 intrat
3042 5378 3108 5431 ad
3126 5393 3271 5443 eum,
3304 5389 3424 5447 post
3450 5378 3552 5431 hoc
3576 5393 3680 5431 non

2110 5469 2300 5532 intrat,
2359 5470 2452 5523 sed
2484 5469 2782 5523 accersitus
2822 5471 3051 5524 aet-edit.
3082 5470 3144 5524 Et
3184 5471 3233 5522 itt
3273 5471 3374 5524 hoc
3423 5470 3496 5523 ita
3539 5468 3683 5522 arbi-

2114 5569 2227 5613 tror
2256 5557 2484 5628 intelligi
2531 5573 2712 5627 posse,
2758 5560 2900 5627 quod
2924 5560 3040 5613 sive
3072 5560 3308 5613 nobisin
3352 5565 3517 5614 verbo
3560 5559 3678 5618 Dei.

3467 5732 3514 5765 ’⁸
3543 5731 3675 5789 Luc.

2172 5738 2218 5766 ⁷⁸
2258 5734 2467 5788 Οιιίοδς.
2519 5749 2581 5793 tt,
2626 5732 2709 5787 l3.
2785 5735 2830 5763 ⁷⁷
2871 5733 3011 5788 Psnl.
3075 5749 3263 5799 XLVtII,
3304 5734 3386 5788 l3.

2463 5804 2507 5834 "
2536 5804 2700 5858 Zach.
2734 5821 2782 5868 v,
2818 5805 2870 5857 7.
