4110 6470
400 410 521 472 ἰεῖἘὶ

1648 405 1719 465 IN
1756 404 2049 467 ‘EXDDUM
2083 407 2367 468 llOMlLlA
2408 409 2474 467 γ.

3573 399 3680 460 3(νῖ

409 545 469 589 et
505 530 790 601 religionis
850 529 1174 585 assertionis
1232 537 1509 584 certamen
1566 538 1652 584 est
1706 532 1997 584 adversum
2029 531 2174 590 Aad
2226 529 2487 583 Ecclesia:
2532 528 2950 583 instructionem
3009 524 3204 580 n'ietito
3259 524 3464 581 datam.
3506 522 3680 577 .tmtaei

407 626 800 691 Pharaonem;
843 623 960 678 sive
999 622 1163 676 etiam
1208 622 1462 676 obsessas
1500 622 1569 675 ab
1608 635 1675 674 eo
1710 620 1923 673 animas
1964 635 1991 673 a

414 726 688 794 potestate
740 714 865 783 ejus
908 729 1172 768 conamur
1219 714 1454 783 eripere,
1495 723 1548 765 et
1595 722 1678 766 est
1733 713 1886 765 nobis
1940 714 1991 765 in

419 809 794 880 disputatione
829 806 1141 869 luctamen;
1177 819 1280 857 non
1306 802 1486 857 statim
1518 802 1572 857 iu
1604 804 1774 871 prima
1818 802 1995 856 fronte

414 901 624 971 ingredi
671 896 933 952 debemus
966 895 1033 947 ad
1068 893 1258 946 ultima
1312 894 1672 961 qna-stionum
1724 892 1863 957 loca,
1898 896 1992 947 sed

416 988 810 1046 occurrendmn
849 985 1004 1038 nobis
1039 993 1121 1037 est
1139 984 1474 1047 advctsario,
1509 988 1563 1037 et
1591 983 1993 1038 occurrendum

414 1083 478 1136 ad
511 1094 683 1149 aquas
710 1092 859 1131 suas.
886 1076 1054 1143 Aquae
1094 1073 1238 1127 enim
1282 1088 1397 1127 suae
1424 1081 1550 1126 sunt
1580 1083 1831 1127 auctores
1860 1088 1992 1142 gen-

419 1170 591 1229 tiliutn
618 1163 1178 1241 philosophorum.lbi
1197 1180 1330 1235 ergo
1367 1167 1524 1220 nobis
1547 1170 1781 1234 primum
1807 1165 1997 1233 dispu-

418 1273 535 1318 tare
568 1260 898 1323 volentibus,
923 1257 1321 1311 occurrendum
1354 1264 1461 1315 est.
1496 1266 1552 1308 ut
1607 1257 1753 1322 ipsos
1798 1272 1996 1325 argua-

420 1370 541 1408 mus
570 1361 622 1406 et
664 1352 808 1421 ipsos
836 1362 1056 1404 errasse
1100 1348 1411 1404 doceamus.
1454 1347 1579 1401 Post
1616 1348 1718 1401 hoc
1753 1347 1864 1415 jam
1919 1347 1994 1399 in-

422 1444 775 1512 grediendum
832 1443 986 1497 nobis
1038 1452 1119 1498 cst
1159 1453 1211 1496 et
1252 1443 1317 1496 ad
1356 1442 1612 1495 interiora
1651 1441 1989 1496 certaminis.

427 1535 564 1589 Dicit
592 1534 734 1589 enim
770 1533 1030 1587 Dominus
1061 1533 1148 1587 ⁸³ε
1189 1550 1208 1584 ι
1244 1532 1352 1587 Nisi
1400 1534 1549 1602 prius
1585 1533 1706 1601 quis
1736 1532 1996 1601 alligave-

420 1627 491 1679 rit
525 1626 746 1689 fortem,
783 1640 887 1678 non
919 1634 1095 1693 potest
1141 1626 1373 1679 introire
1429 1625 1481 1677 in
1515 1626 1731 1677 domum
1778 1623 1896 1693 ejus
1938 1634 1995 1679 et

422 1732 547 1771 vasa
574 1718 693 1788 ejus
718 1717 977 1787 diripere.
1005 1736 1022 1768 ι
1049 1716 1208 1771 Prius
1236 1731 1366 1785 ergo
1400 1717 1702 1786 alligandus
1731 1716 1992 1771 estfortis

416 1820 467 1862 ct
496 1812 856 1878 quaestionum
894 1810 1128 1865 vinculis
1180 1810 1667 1879 constringendos,
1712 1818 1764 1861 et
1797 1810 1868 1862 ita
1907 1809 1991 1861 in-

2098 634 2232 690 ergo
2270 620 2377 675 hoc
2401 621 2571 673 solum
2602 619 2996 688 intelligebant,
3025 619 3147 687 quia
3176 617 3403 686 profecti
3433 627 3557 669 sttnt
3585 616 3682 671 lilti

2096 712 2265 766 Israel
2300 715 2365 767 de
2394 712 2653 783 Egypto,
2681 722 2738 765 et
2770 712 2943 780 prima
2972 710 3236 780 profectio
3267 725 3453 763 eorum
3483 708 3583 761 fuit
3612 719 3680 762 ex

2097 803 2380 869 Ramesse,
2407 814 2463 857 et
2494 803 2619 857 inde
2647 803 2872 872 profecti
2907 811 3169 857 venerunt
3201 802 3251 854 iu
3296 801 3535 853 Sochotlt
3560 841 3575 865 ,
3623 806 3679 851 et

2096 902 2163 952 de
2194 895 2437 951 Socbotlt
2461 894 2711 965 profecti,
2748 903 3014 949 venerunt
3060 894 3111 946 in
3142 893 3347 954 Ollton,
3387 893 3452 944 ad
3500 892 3678 960 Epan-

2096 988 2239 1043 leum
2268 989 2422 1057 juxta
2463 1002 2632 1041 mare.
2669 984 2805 1041 Tum
2848 986 3046 1040 deinde
3073 985 3216 1053 quod
3268 984 3341 1037 ibi
3381 984 3553 1038 nubes
3584 998 3680 1037 cos

2096 1080 2463 1149 praecesserit,
2508 1089 2562 1133 et
2597 1089 2781 1133 secuta
2831 1078 2905 1131 sit
2960 1087 3135 1145 petra,
3186 1076 3251 1130 de
3283 1090 3387 1145 qua
3430 1077 3682 1129 biberunt

2096 1188 2314 1241 aquam.
2352 1171 2714 1225 Transierunt
2753 1169 2916 1222 etiam
2966 1183 3060 1237 per
3112 1182 3261 1220 mare
3310 1168 3574 1226 Rubrutn.
3623 1176 3682 1220 et

2096 1272 2364 1318 venerunt
2414 1263 2468 1316 in
2514 1264 2790 1317 desertum
2826 1261 2980 1313 Sina.
3018 1259 3185 1314 Nobis
3231 1269 3411 1312 autem
3460 1259 3676 1327 Qtltllt‘lll

2097 1354 2379 1407 tradiderit
2412 1355 2479 1408 de
2516 1354 2599 1407 ltlS
2630 1352 2832 1405 Paulus
2861 1350 3137 1418 apostolus
3186 1349 3560 1418 intelligentiae
3593 1365 3681 1401 re-

2095 1444 2308 1514 gulam,
2361 1447 2665 1499 videamus.
2712 1444 3016 1498 Corinthiis
3058 1442 3309 1495 scribens
3356 1442 3406 1493 in
3442 1441 3678 1508 quodam

2095 1534 2213 1589 loco
2249 1535 2325 1588 ita
2351 1536 2485 1589 dicit
2513 1535 2556 1566 ⁸⁸
2605 1550 2616 1581 :
2663 1553 2681 1584 ι
2721 1534 2936 1586 Scimus
2963 1532 3107 1585 enim
3139 1532 3262 1601 quia
3285 1542 3466 1600 patres
3506 1532 3679 1585 nostri

2094 1643 2284 1682 omnes
2307 1629 2408 1682 sub
2440 1628 2581 1681 nube
2601 1625 2841 1689 fuerunt,
2856 1635 2909 1677 et
2930 1640 3122 1677 ontnes
3148 1639 3299 1678 mare
3324 1623 3677 1685 transierunt,

2094 1729 2145 1773 et
2191 1733 2382 1773 omnes
2422 1718 2473 1771 itt
2515 1717 2700 1786 Moyse
2747 1716 3009 1784 baptizati
3054 1726 3182 1768 sunt
3229 1715 3281 1767 in
3334 1715 3475 1767 nube
3517 1723 3571 1767 et
3623 1715 3677 1767 in

2099 1813 2256 1875 mari,
2281 1822 2334 1866 et
2367 1824 2557 1865 omnes
2594 1809 2840 1863 eamdem
2887 1823 3065 1862 escam
3103 1807 3400 1876 spiritalem
3449 1808 3679 1859 mandu-

416 1905 743 1958 troeundum
789 1905 855 1957 ad
895 1902 1197 1972 diripienda
1245 1916 1371 1954 vasa
1416 1902 1530 1968 ejus
1585 1910 1640 1955 et
1686 1901 1988 1955 liberandas

2101 1912 2387 1967 caverunt,
2424 1911 2479 1956 et
2507 1916 2698 1955 omnes
2728 1900 2980 1954 eumdeat
3028 1909 3215 1968 potum
3262 1898 3560 1965 spiritalem
3595 1897 3676 1950 bi-

416 1997 653 2059 animas,
690 2013 833 2065 quas
861 1994 1198 2063 deceptionis
1254 1992 1443 2047 fraude
1471 1992 1806 2062 possederat.
1839 1993 1991 2057 Quod

417 2104 537 2140 cum
564 2089 762 2155 saepius
799 2088 1112 2152 fecerimus,
1139 2095 1192 2141 et
1219 2087 1534 2141 steterimus
1559 2092 1748 2140 contra
1780 2086 1950 2151 ipsum
1974 2100 1989 2151 ;

416 2182 729 2236 stcierimus
756 2193 936 2235 autem
963 2196 1030 2235 eo
1066 2180 1244 2244 modo,
1271 2193 1380 2249 quo
1414 2179 1709 2248 Apostolus
1756 2178 1948 2232 dicit“
1975 2194 1991 2233 :

421 2284 442 2321 ι
472 2271 623 2326 State
658 2288 788 2340 ergo
813 2272 1074 2327 succincti
1116 2271 1326 2325 lumbos
1357 2280 1569 2325 vestros
1597 2271 1648 2324 itt
1674 2271 1938 2336 veritate;
1967 2288 1986 2322 ι

415 2374 469 2417 et
496 2367 692 2417 iterum
714 2364 758 2396 ⁸³
789 2380 804 2416 :
836 2383 851 2413 ι
876 2364 1029 2417 State
1064 2363 1114 2417 in
1143 2362 1389 2428 Domino,
1432 2371 1487 2416 et
1511 2362 1745 2416 viriliter
1771 2363 1940 2432 agite;
1967 2382 1987 2416 ι

415 2465 536 2506 cum
586 2466 715 2523 ergo
760 2453 863 2507 hoc
915 2455 1072 2509 modo
1102 2452 1423 2509 steterimus
1458 2452 1743 2506 adversum
1782 2454 1989 2522 ipsum,

417 2544 504 2596 ille
537 2544 733 2599 artifex
769 2545 1025 2613 antiquus
1060 2554 1115 2598 et
1161 2544 1390 2598 callidus
1432 2544 1592 2598 etiam
1626 2544 1771 2597 vinci
1820 2559 1880 2599 se
1917 2548 1995 2599 si-

420 2638 645 2690 mulabit
685 2646 741 2691 et
784 2638 1001 2703 cedere,
1046 2638 1089 2691 si
1130 2638 1269 2692 forte
1304 2650 1398 2706 per
1440 2636 1542 2689 hoc
1572 2635 1995 2706 uegligcntiores

416 2743 514 2781 nos
548 2726 744 2781 clliciat
776 2726 843 2781 ad
870 2736 1169 2782 certamen.
1197 2725 1303 2780 Sed
1328 2736 1382 2780 et
1416 2725 1789 2795 ptenitentiam
1822 2729 1994 2781 Simu-

417 2816 568 2881 labit,
614 2828 668 2871 et
704 2817 1088 2888 deprecabitur
1131 2834 1233 2874 nos
1276 2820 1559 2873 discedere
1603 2819 1849 2887 quidem,
1893 2820 1991 2874 sed

416 2923 521 2962 non
563 2909 719 2979 longe
750 2911 1047 2965 discedere.
1089 2908 1218 2964 Vult
1264 2925 1362 2964 nos
1396 2924 1519 2964 esse
1556 2911 1659 2965 sibi
1701 2910 1879 2980 aliqua
1920 2926 1988 2965 ex

413 3009 563 3068 parte
598 3001 827 3065 vicinos,
858 3000 972 3053 vult
1008 3015 1107 3054 nos
1134 3015 1160 3051 a
1181 3000 1295 3053 suis
1326 3000 1523 3053 linibus
1553 3015 1659 3053 non
1690 2999 1851 3070 longe
1877 2999 1992 3054 dis-

420 3092 637 3146 cedere.
673 3091 777 3144 Sed
820 3104 919 3143 nos
985 3090 1088 3144 nisi
1132 3091 1200 3144 ab
1242 3104 1307 3143 eo
1348 3089 1564 3158 longius
1592 3088 1909 3143 recedamus
1934 3098 1991 3144 et

412 3192 757 3247 transeamus
784 3196 954 3246 mare,
987 3189 1043 3235 et
1086 3181 1369 3235 dicamus:
1406 3198 1425 3231 ι
1464 3179 1737 3246 Quantum
1769 3180 1990 3247 interja-

411 3282 498 3327 cet
541 3281 697 3326 ortus
746 3273 816 3326 ab
842 3286 1062 3339 occasu,
1099 3271 1371 3341 elongavit
1404 3286 1435 3324 a
1468 3244 1624 3326 nobis
1669 3244 1987 3341 iniquitates
2015 3244 2061 3306 ο

414 3377 632 3420 nostras
654 3363 729 3430 ⁰⁶;
752 3383 772 3417 ι
797 3365 930 3418 salvi
965 3379 1085 3420 esse
1117 3379 1223 3418 non
1257 3378 1566 3433 possumus.
1594 3364 1824 3435 Pr0pter
1845 3368 1988 3435 quod

412 3461 770 3527 deprecemur
798 3458 1234 3513 misericordiam
1283 3457 1518 3523 Domini,
1557 3467 1615 3511 ut
1644 3467 1699 3513 et
1746 3474 1844 3513 nos
1879 3460 1989 3512 eri-

410 3554 524 3620 piat
556 3553 621 3605 de
648 3562 794 3606 terra
823 3548 1074 3623 Egypti,
1127 3550 1193 3604 de
1224 3556 1498 3619 potestate
1535 3551 1902 3615 tenebrarum,
1932 3558 1988 3604 et

415 3646 754 3698 Pharaonem
813 3658 936 3698 cum
968 3642 1210 3696 exercitu
1266 3658 1367 3696 suo
1408 3653 1664 3711 tanquam
1708 3643 1984 3713 plumbum

413 3737 697 3802 demergat
724 3736 775 3788 in
801 3748 997 3803 aquam
1030 3733 1452 3787 validissimam.
1484 3733 1594 3788 Nos
1639 3744 1821 3788 autem
1852 3734 1987 3790 libe‘

416 3828 537 3890 rati,
562 3842 686 3881 cum
712 3826 908 3895 gaudio
930 3837 981 3878 et
1002 3824 1367 3880 exsultatione
1384 3827 1639 3897 hymnum
1661 3846 1679 3878 ς
1705 3836 1986 3881 cantemus

411 3920 658 3985 Domino,
694 3920 930 3987 gloriose
986 3917 1130 3971 enim
1171 3917 1572 3971 ltonorilicatus
1600 3925 1683 3971 est
1708 3915 1771 3981 ⁸⁷,
1798 3935 1818 3968 ι
1854 3919 1983 3986 quia

411 4012 511 4081 ipsi
552 4011 722 4080 gloria
754 4021 809 4065 et
844 4011 1019 4065 honor
1066 4012 1117 4064 in
1160 4009 1358 4064 saecula
1405 4010 1751 4064 saeculorum.
1786 4012 1981 4066 Amen.

1004 4100 1284 4157 IlOMILlA
1335 4101 1392 4158 V.

482 4197 555 4251 De
594 4195 917 4265 profectione
942 4192 1183 4261 filiorum
1208 4190 1377 4244 Israel
1401 4190 1466 4243 de
1490 4200 1631 4243 terra
1654 4189 1898 4259 Egypli.

478 4291 529 4344 1.
569 4290 767 4343 Doctor
803 4286 1043 4356 gentiunt
1089 4284 1143 4336 in
1192 4282 1297 4336 fide
1331 4292 1387 4336 et
1427 4281 1663 4335 veritate
1702 4282 1983 4348 apostolus

405 4378 607 4432 Paulus
627 4376 674 4408 ⁸⁸
720 4374 947 4429 tradidit
993 4372 1271 4435 Ecclesiae,
1311 4385 1478 4440 quam
1524 4373 1879 4441 congregavit
1914 4388 1981 4426 ex

406 4468 677 4539 gentibus,
713 4467 987 4536 quomodo
1017 4464 1183 4519 libros
1219 4463 1352 4533 legis
1397 4471 1681 4531 susceptos
1721 4462 1790 4517 ab
1822 4462 1979 4529 aliis,

2099 2001 2318 2055 berunt.
2342 1996 2605 2051 Bibebaut
2635 2005 2814 2049 autem
2837 1996 2902 2047 de
2921 1994 3153 2060 spiritali
3177 2004 3551 2061 consequente
3581 2007 3679 2046 eos

2096 2099 2270 2160 petra,
2307 2098 2459 2158 petra
2497 2102 2628 2140 vero
2660 2098 2777 2140 erat
2806 2086 3073 2140 Christus.
3108 2105 3126 2137 ›
3168 2084 3372 2140 Videtis
3405 2096 3674 2153 quantum

2098 2180 2314 2237 differat
2363 2180 2432 2234 ab
2475 2179 2741 2233 historica
2787 2178 3017 2232 lectione
3049 2178 3197 2231 Patdi
3243 2177 3484 2233 traditio.
3522 2178 3678 2243 Quod

2094 2274 2265 2330 Judaei
2322 2273 2609 2327 transitum
2662 2271 2827 2326 maris
2871 2269 3308 2340 putattt,Paulus
3347 2270 3676 2338 baptismum

2098 2375 2291 2429 vocat;
2329 2380 2491 2434 quant
2540 2364 2615 2417 illi
2647 2363 2965 2417 existimant
3008 2363 3222 2423 nubem,
3269 2361 3469 2415 Paulus
3505 2362 3680 2431 Spiri-

2099 2470 2209 2512 tum
2257 2467 2507 2511 sanctum
2544 2457 2731 2524 ponit;
2774 2466 2828 2509 et
2886 2457 3010 2511 huic
3049 2454 3226 2509 simile
3283 2453 3506 2521 intelligi
3565 2454 3681 2506 vult

2096 2550 2408 2619 illud,quod
2444 2549 2703 2602 Dominus
2726 2548 2776 2600 in
2808 2546 3115 2617 Evangeliis
3133 2544 3676 2615 prmcepitdicens":

2099 2661 2119 2695 ι
2160 2642 2271 2696 Nisi
2293 2642 2417 2710 quis
2446 2648 2669 2694 renatus
2695 2638 2856 2693 fuerit
2880 2654 2944 2692 ex
2984 2653 3120 2707 aqua
3151 2648 3203 2689 et
3234 2633 3439 2703 Spiritu
3464 2646 3675 2699 sancto,

2095 2752 2203 2794 non
2260 2746 2436 2806 potest
2488 2736 2694 2789 in'rare
2745 2735 2796 2787 itt
2840 2747 3068 2803 regnum
3123 2730 3242 2784 Dei.
3288 2747 3306 2780 ι
3347 2728 3408 2781 Et
3457 2742 3677 2779 rursum

2094 2842 2315 2893 manna,
2362 2826 2505 2896 quod
2554 2824 2724 2880 Judaei
2774 2824 2959 2877 cibum
3006 2822 3217 2876 ventris
3258 2832 3311 2875 et
3364 2820 3676 2893 satietatem

2092 2920 2409 2975 existimant
2441 2917 2597 2988 gulae.
2630 2930 2811 2971 escam
2860 2913 3162 2984 spiritalem
3197 2913 3439 2967 neminat
3459 2910 3676 2969 Paulus.

2093 3013 2159 3066 Et
2198 3026 2302 3065 non
2329 3011 2502 3064 solum
2537 3010 2757 3075 Paulus,
2802 3009 2897 3062 sed
2928 3017 2984 3060 et
3020 3006 3284 3060 Dominus
3307 3005 3373 3058 de
3397 3004 3586 3058 eodem
3621 3004 3675 3057 in

2094 3102 2391 3170 Evangelio
2420 3102 2659 3155 dicit“:
2701 3118 2719 3151 ι
2762 3100 2953 3154 Patres
2993 3096 3158 3150 vestri
3194 3110 3393 3148 manna
3442 3094 3676 3149 mandu-

2093 3202 2362 3246 caverunt
2412 3191 2467 3245 in
2503 3192 2754 3253 deserto,
2795 3200 2850 3243 et
2900 3190 3100 3241 mortui
3141 3197 3288 3241 sunt.
3344 3184 3443 3251 Qui
3493 3193 3675 3239 autem

2094 3284 2507 3339 manducaverit
2534 3282 2757 3350 depane
2781 3295 2942 3350 quem
2960 3293 3060 3349 ego
3085 3278 3155 3333 do
3183 3279 3256 3341 ei,
3282 3293 3388 3331 non
3410 3277 3677 3333 morietur

2091 3376 2447 3430 inmternum.
2491 3393 2509 3426 ι
2553 3374 2615 3427 Et
2654 3383 2774 3443 post
2803 3375 2906 3425 hoc
2959 3371 3095 3425 dicit
3132 3387 3146 3424 :
3184 3388 3202 3422 ι
3232 3370 3342 3439 Ego
3365 3385 3483 3423 sum
3518 3370 3678 3435 panis

2091 3470 2268 3535 vivus,
2301 3471 2391 3538 qui
2429 3470 2496 3522 de
2532 3467 2671 3521 casio
2699 3465 2976 3520 descendi.
3021 3482 3040 3516 ι
3082 3462 3216 3516 Τιιιιι
3249 3463 3444 3518 deinde
3492 3462 3562 3521 de
3589 3479 3678 3515 se-

2089 3562 2274 3631 quenti
2317 3570 2468 3631 petra
2505 3570 2695 3628 aperte
2720 3557 3034 3627 pronuntiat
3077 3555 3295 3623 Paulus,
3330 3565 3381 3610 et
3419 3555 3555 3610 dicit
3579 3554 3627 3585 "
3657 3570 3671 3606 :

2093 3671 2112 3704 ι
2153 3651 2312 3706 Petra
2364 3665 2492 3704 vero
2515 3658 2634 3704 erat
2662 3648 2941 3703 Christus.
2978 3666 2998 3699 ι
3036 3647 3174 3714 Quid
3209 3647 3373 3717 igitur
3403 3647 3673 3715 agendum

2088 3744 2246 3798 nobis
2276 3751 2380 3805 est.
2413 3742 2504 3810 qui
2532 3740 2840 3811 hujusmodi
2870 3754 2899 3792 a
2932 3738 3099 3793 Paulo
3130 3738 3387 3793 Ecclesiae
3414 3737 3676 3807 magistro

2089 3836 2467 3905 intelligentia:
2497 3835 2745 3888 instituta
2788 3832 3166 3899 suscepimus?
3224 3831 3413 3885 Nonne
3449 3830 3669 3884 videtur

2080 3924 2310 3993 justum,
2337 3933 2395 3979 ttt
2424 3927 2676 3979 traditam
2704 3924 2860 3977 nobis
2890 3921 3201 3989 hujusmodi
3238 3921 3476 3992 regulam
3507 3920 3670 3975 simili

2088 4016 2141 4069 in
2163 4014 2374 4068 caeteris
2395 4028 2679 4068 servemus
2698 4012 2982 4081 exemplo?
3007 4010 3112 4076 Att,
3134 4020 3190 4063 ut
3210 4012 3430 4079 quidam
3452 4012 3671 4078 νυιιιιιι,

2086 4109 2200 4162 haec
2236 4123 2357 4178 quae
2387 4116 2573 4161 tantus
2609 4122 2673 4161 ac
2712 4106 2835 4160 talis
2880 4105 3177 4173 Apostolus
3212 4106 3458 4171 tradidit,
3503 4104 3672 4157 relin-

2083 4211 2335 4265 quentes,
2368 4213 2579 4251 rnrsum
2614 4197 2678 4249 ad
2709 4197 2968 4250 Judaieas
2992 4196 3208 4248 fabulas
3241 4194 3671 4249 convertamur?

2085 4289 2214 4343 Mihi
2249 4291 2469 4359 quidem
2511 4290 2589 4358 (5)
2627 4289 2671 4343 si
2706 4289 2822 4342 hare
2855 4288 3015 4341 aliter
3039 4302 3202 4355 quam
3236 4287 3403 4340 Paulo
3431 4288 3667 4350 videtur,

2082 4393 2376 4447 exponam,
2409 4378 2511 4431 hoc
2552 4388 2681 4447 puto
2705 4392 2827 4430 esse
2856 4391 3049 4429 manus
3080 4376 3209 4428 dare
3241 4374 3477 4429 inimicis
3505 4374 3669 4429 Chri-

2084 4469 2177 4535 sti,
2221 4470 2405 4523 ethoc
2456 4482 2579 4522 esse
2618 4468 2760 4537 quod
2809 4465 3073 4536 propheta
3110 4466 3241 4520 dicit
3271 4467 3351 4509 ⁹³τ
3396 4481 3415 4515 ι
3459 4466 3547 4520 Va:
3575 4466 3667 4534 qui

404 4559 623 4627 sibique
657 4558 869 4625 ignotos
908 4553 1067 4627 ιω
1089 4557 1259 4622 prius,
1284 4561 1339 4607 et
1368 4551 1521 4606 valde
1552 4554 1870 4622 peregrinos
1889 4554 1982 4607 de-
2015 4583 2057 4638 D
2086 4569 2236 4630 potat
2302 4558 2607 4628 proximum
2671 4574 2829 4612 suum
2882 4558 3242 4612 suln'ersione
3274 4557 3602 4611 turbulenta.
3643 4576 3662 4607 ι

406 4651 565 4704 beret
598 4649 915 4711 advertere,
950 4662 1019 4701 ne
1051 4646 1225 4700 aliena
1269 4646 1515 4699 instituta
1556 4644 1887 4713 suscipiens,
1925 4654 1983 4699 et

405 4740 781 4794 institutorum
800 4738 1040 4808 regulam
1057 4738 1331 4802 nesciens,
1355 4737 1408 4790 in
1430 4737 1716 4806 peregrino
1746 4737 1981 4806 trepida-

403 4840 487 4886 ret
524 4830 918 4886 instrumento.
951 4830 1248 4900 Propterea
1281 4844 1414 4899 ergo
1450 4829 1565 4898 ipse
1608 4828 1661 4882 in
1706 4830 1980 4884 nonnullis

403 4924 774 4995 intelligentiae
798 4924 962 4978 tradit
983 4923 1257 4991 exempla,
1294 4932 1420 4977 utet
1444 4938 1543 4977 nos
1561 4920 1758 4977 similia
1785 4922 1975 4976 obser-

401 5034 591 5074 vemus
619 5021 669 5072 in
710 5020 949 5085 caeteris,
984 5033 1050 5072 ne
1080 5018 1221 5072 forte
1254 5033 1355 5086 pro
1401 5019 1761 5073 similitudine
1788 5018 1974 5073 lectio-

402 5112 487 5164 nis
522 5122 578 5166 et
606 5110 949 5164 instrumenti
981 5108 1291 5164 Judteorum
1334 5125 1435 5164 nos
1477 5109 1701 5165 ell‘ectos
1730 5126 1855 5165 esse
1886 5110 1969 5163 di-

399 5202 637 5273 scipulos
694 5204 1062 5258 crederemus.
1123 5203 1237 5258 lloe
1291 5218 1422 5273 ergo
1468 5201 1690 5257 dill‘crre
1741 5204 1854 5256 vult
1894 5205 1977 5257 di-

399 5295 639 5363 scipulos
669 5294 871 5348 Christi
900 5311 929 5347 a
964 5295 1244 5364 discipulis
1279 5294 1600 5366 Synagogm,
1623 5295 1767 5364 quod
1803 5295 1973 5363 legent

397 5398 563 5454 quam
596 5380 669 5440 illi
705 5387 843 5440 male
895 5388 1268 5457 intelligendo,
1314 5388 1589 5443 Christum
1623 5404 1728 5441 non
1763 5400 1977 5454 recepe-

399 5489 547 5543 runt,
575 5495 676 5535 nos
699 5479 1020 5549 Spiritaliter
1050 5481 1427 5550 intelligendo,
1463 5481 1813 5535 ostendamus
1849 5495 1970 5534 eam

474 5598 521 5630 ⁸³
551 5597 737 5654 Matth.
773 5614 873 5663 xu,
906 5596 996 5653 29.
1097 5600 1143 5631 ⁸⁸
1174 5600 1307 5668 Eph.
1339 5614 1413 5664 Vl,
1451 5598 1534 5653 14.

397 5668 444 5700 ⁸⁸
476 5669 491 5721 I
523 5670 663 5723 Tim.
702 5687 762 5735 It,
795 5671 844 5724 7.
924 5670 1005 5722 ⁸⁹Ι
1036 5669 1164 5723 Cor.
1196 5686 1249 5733 ιι,
1278 5670 1328 5732 1,
1353 5670 1407 5732 2,
1440 5670 1496 5731 5,
1521 5671 1574 5722 4.

398 5741 517 5793 bac.
561 5757 620 5802 tt.
652 5742 739 5797 15.
827 5741 874 5773 ”'
910 5740 1077 5795 Exod.
1114 5756 1212 5807 xu,
1239 5739 1336 5802 37;
1374 5755 1489 5803 χιιι,
1520 5739 1609 5794 ‘20.

468 5854 547 5924 (3i
586 5855 712 5909 Vide
742 5855 833 5909 lib.
868 5871 905 5910 tt
936 5853 1185 5923 0rigeu.,
1218 5862 1415 5922 quzest.
1454 5852 1537 5909 l3.

1633 5599 1679 5631 ⁸⁸
1705 5597 1897 5666 Philip,
1931 5614 2005 5664 Iv,
2044 5599 2065 5652 l
2095 5614 2109 5663 ;
2144 5597 2160 5651 l
2201 5597 2450 5651 Cor.xvt.
2488 5597 2573 5650 l5.

1680 5671 1727 5702 ⁹⁰
1751 5668 1906 5724 Joan.
1932 5684 2015 5736 ιιι,
2040 5670 2093 5724 5.

2084 4652 2323 4719 Aecepta
2346 4665 2479 4719 ergo
2510 4665 2539 4703 a
2579 4650 2737 4704 beato
2772 4650 2938 4703 Paulo
2966 4649 3216 4720 apostolo
3257 4650 3465 4704 semina
3498 4650 3664 4718 spiri-

2090 4745 2213 4798 talis
2243 4743 2637 4812 intelligentiat,
2672 4744 2725 4797 iu
2760 4753 3022 4812 quantum
3056 4757 3156 4796 nos
3190 4743 3455 4797 Dominus
3490 4744 3667 4812 preci-

2085 4837 2187 4891 laus
2219 4836 2420 4890 vestris
2449 4834 2759 4888 illuminare
2786 4835 3127 4903 dignabitur,
3155 4834 3495 4887 excolantus.

2155 4927 2211 4980 2.
2241 4945 2260 4978 ι
2292 4926 2357 4980 Ει
2387 4927 2651 4991 levantes,
2682 4926 2941 4995 inquit“,
2974 4925 3066 4979 lilii
3100 4925 3263 4978 Israel
3286 4929 3350 4979 de
3385 4925 3661 4990 Ramesse,

2082 5030 2347 5074 venerunt
2375 5024 2425 5073 in
2461 5018 2723 5077 Sochoth.
2754 5028 2807 5073 ct
2837 5018 3062 5088 profecti
3098 5019 3164 5073 de
3195 5018 3458 5083 Soehotlt,
3499 5033 3663 5071 vene-

2084 5120 2208 5163 runt
2232 5110 2283 5163 in
2310 5110 2512 5164 Othon.
2548 5128 2567 5162 ι
2595 5110 2651 5163 Si
2678 5111 2800 5178 quis
2822 5121 2905 5163 est
2935 5110 3027 5179 qui
3048 5111 3317 5178 prolicisci
3350 5108 3665 5178 dezEgvpto

2083 5211 2260 5272 parat,
2292 5204 2334 5256 si
2370 5202 2493 5270 quis
2521 5212 2606 5255 est
2657 5202 2746 5271 qui
2793 5203 2941 5271 cupit
2989 5204 3249 5257 obscuros
3281 5203 3464 5255 mundi
3503 5202 3664 5271 hujus

2084 5307 2239 5349 actus
2290 5305 2344 5348 et
2389 5310 2637 5347 errorum
2691 5297 2947 5347 tenebras
3006 5294 3421 5363 derelinquere,
3485 5295 3662 5362 primo

2083 5387 2324 5442 omnium
2366 5401 2430 5439 ex
2470 5384 2731 5440 Ramesse
2786 5387 2832 5439 ei
2881 5387 3336 5455 proﬁciscendum
3387 5394 3490 5438 est.
3553 5386 3662 5437 lla-

2084 5496 2262 5535 mcsse
2299 5495 2428 5533 vero
2455 5479 2843 5548 interpretatur
2868 5480 3146 5532 commotio
3181 5480 3357 5531 tineaz.
3417 5478 3473 5531 Si
3527 5491 3659 5548 ergo

2651 5596 2697 5627 ⁸⁸
2726 5596 2869 5650 Psal.
2900 5612 2970 5651 cn
2995 5637 3009 5656 ,
3040 5595 3125 5649 12.
3196 5595 3239 5625 ⁸⁷
3274 5594 3437 5648 Exol.
3477 5610 3567 5658 XV,
3600 5590 3653 5651 1.

2202 5671 2244 5701 ⁸⁸
2276 5667 2431 5725 Jom.
2462 5682 2535 5734 vi,
2567 5668 2657 5733 49,
2682 5668 2771 5733 50,
2805 5668 2891 5722 fit.
2968 5668 3011 5698 ⁹¹
3044 5667 3061 5717 l
3095 5666 3222 5719 Cor.
3260 5680 3313 5732 ιι,
3340 5668 3392 5719 .t.
3468 5668 3513 5698 οι
3551 5666 3649 5721 ηε...
