4110 6410
454 353 559 408 39.7

1922 344 2243 402 ORIGENIS

3614 342 3721 398 39.8

458 474 543 527 vis
566 471 755 527 venire
797 473 847 525 itt
883 472 1143 535 Socboth,
1180 480 1235 523 ιιι
1270 470 1530 524 Dominus
1572 468 1669 523 tibi
1701 469 1807 522 dux
1838 468 1943 531 sit,
1980 477 2033 521 et
2065 475 2112 529 Α
2143 464 2194 519 in
2245 462 2487 527 Christo,
2537 463 2589 517 in
2636 471 2808 517 morte
2862 464 3031 532 ipsius
3064 464 3409 535 baptisentnr
3441 464 3481 527 ³,
3517 473 3571 518 ει
3617 465 3720 531 ipsi

462 567 515 619 in
543 565 791 619 columna
828 564 985 617 nubis
1010 575 1059 619 te
1094 567 1386 634 prmcedat,
1417 572 1469 615 et
1485 571 1749 631 sequatur
1780 572 1831 614 te
1857 572 2028 629 petra,

454 672 575 725 qua!
615 656 707 709 tibi
768 670 946 709 escam
970 653 1272 724 Spiritalcm
1328 665 1381 707 et
1431 664 1615 722 potum
1676 653 2031 706 nihilominus

456 748 691 816 pra-beat
725 747 1042 815 spiritalem,
1076 747 1440 814 proficiscere,
1469 754 1522 796 et
1550 743 1636 798 exi
1658 759 1721 797 ex
1751 741 2028 808 Ramesse,

457 852 557 890 nec
593 836 930 889 thesaurizes
962 835 1055 899 ibi,
1090 835 1177 887 ubi
1203 834 1344 887 tinea
1372 835 1720 897 exterminat,
1750 834 1835 887 ubi
1885 833 2030 887 fures

457 928 722 981 t-tlodiunt
777 938 829 981 et
889 928 1139 979 furantur
1172 926 1237 978 ’³.
1280 925 1390 979 Hoc
1422 937 1505 981 est
1553 928 1693 996 quod
1745 938 1932 995 aperte
1979 936 2033 980 ct

455 1020 717 1073 Dominus
749 1021 799 1073 in
836 1020 1142 1088 Evangeliis
1190 1019 1319 1075 dicit
1345 1021 1394 1051 "
1429 1037 1440 1071 :
1482 1038 1500 1070 ι
1543 1020 1600 1073 Si
1635 1020 1715 1073 vis
1755 1020 2031 1088 perfectus

452 1126 592 1177 esse,
629 1112 786 1174 vade,
818 1112 987 1164 vende
1006 1110 1191 1165 omnia
1221 1125 1341 1180 qme
1378 1110 1571 1174 habes,
1604 1119 1657 1163 et
1679 1111 1746 1163 da
1777 1110 2031 1178 pauperi-

455 1203 575 1264 bus,
598 1212 652 1255 et
682 1202 905 1255 habebis
932 1203 1247 1257 thesaurum
1278 1202 1330 1253 itt
1356 1201 1519 1261 cmlo,
1541 1213 1597 1254 et
1626 1200 1768 1263 veni,
1804 1214 2031 1270 sequere

455 1309 559 1348 me.
605 1312 623 1343 ι
654 1292 765 1347 11οε
787 1303 1025 1362 estergo
1070 1292 1336 1363 proficisci
1380 1292 1445 1345 de
1479 1292 1739 1348 Ramesse
1771 1302 1823 1347 et
1878 1293 2030 1361 sequi

451 1384 757 1439 Christum.
814 1385 1106 1439 Videamus
1155 1395 1335 1439 autem
1368 1387 1490 1453 quis
1531 1385 1601 1438 sit
1645 1394 1697 1437 et
1728 1394 2030 1438 castrorum

454 1477 607 1530 locus
661 1478 723 1530 ad
768 1492 929 1545 quem
984 1479 1201 1530 venitur
1246 1494 1308 1532 ex
1356 1478 1637 1531 Ramesse.
1669 1496 1686 1528 ι
1724 1475 2030 1555 Venerunt,

460 1566 659 1634 inquit,
700 1566 751 1618 iu
797 1566 1062 1621 Socltollt.
1101 1585 1117 1618 ι
1164 1566 1404 1622 Sochoth
1455 1568 1531 1639 (4)
1582 1568 1920 1622 tabernacula
1953 1570 2033 1622 itt-

456 1658 617 1724 tclligi
653 1658 792 1727 apud
827 1658 1084 1712 Hebraeos
1118 1660 1343 1713 tradunt
1370 1660 1699 1730 interpretes
1725 1660 2028 1716 nominum.

452 1751 587 1803 (lum
624 1765 754 1819 ergo
796 1750 1181 1818 derelinquens
1211 1749 1531 1821 Aigyptum,
1573 1754 1903 1808 discusseris
1936 1754 2032 1807 abs

2141 554 2598 623 consepeliantur,
2626 564 2681 606 et
2719 568 2841 606 cmn
2875 555 2991 622 ipso
3027 553 3115 607 die
3150 554 3309 608 tertia
3349 560 3655 621 resurgant
3689 567 3722 606 a

2142 646 2407 704 mortuis;
2438 660 2575 713 quos
2603 656 2655 697 et
2687 646 2984 698 secumlnm
3017 645 3117 699 hoc
3139 646 3284 714 quod
3319 646 3451 699 dicit
3489 645 3722 713 Aposto-

2144 736 2229 790 lus
2256 736 2274 767 ⁸
2311 775 2326 799 ,
2368 756 2385 788 ι
2438 735 2610 791 Simul
2639 748 2824 790 secum
2856 737 3159 801 suscitavit,
3186 736 3454 804 simulque
3479 734 3608 789 fecit
3634 751 3724 790 se-

2140 828 2269 883 dere
2300 829 2350 882 itt
2374 828 2708 884 ctelestibus.
2755 848 2774 882 ι
2804 829 2938 884 Cum
2969 844 3100 895 ergo
3134 828 3230 883 tibi
3280 828 3427 882 tertii
3464 827 3569 881 diei
3604 842 3724 899 my-

2140 919 2364 974 sterium
2385 919 2552 975 fuerit
2577 930 2912 989 susceptum,
2940 920 3162 988 incipiet
3180 929 3232 975 te
3255 920 3528 975 deducere
3556 919 3720 990 Deus,

2139 1020 2193 1065 et
2224 1011 2339 1078 ipse
2367 1012 2466 1065 tibi
2500 1011 2643 1065 viam
2665 1011 2854 1066 salutis
2888 1013 3198 1068 ostemlere.

2211 1103 2265 1157 ὅ.
2309 1102 2414 1159 Sed
2462 1104 2744 1159 videamus
2774 1105 2901 1175 quid
2950 1113 3071 1174 post
3100 1107 3216 1159 btec
3255 1104 3458 1159 dicitur
3480 1105 3545 1159 ad
3575 1096 3722 1176 Moy-

2140 1213 2262 1259 sen,
2296 1211 2418 1265 quae
2450 1197 2535 1250 via
2565 1198 2880 1265 praecipitur
2915 1196 3189 1267 eligenda.
3230 1215 3249 1249 ι
3286 1197 3360 1251 De
3391 1196 3597 1259 Othon,
3630 1198 3717 1251 itt-

2140 1289 2260 1357 qnit
2284 1286 2326 1351 ',
2358 1288 2635 1354 conversi,
2680 1287 2781 1341 iter
2826 1288 2987 1343 facite
3040 1289 3181 1343 inter
3219 1286 3517 1357 Epauleum
3547 1296 3600 1342 et
3630 1287 3713 1341 in.

2145 1390 2227 1433 ter
2262 1378 2590 1448 Magdalum,
2630 1380 2773 1446 quod
2814 1389 2897 1432 est
2933 1393 3124 1433 contra
3170 1378 3525 1448 Beelsephon.
3547 1398 3565 1429 ›
3595 1377 3720 1433 Hzec

2143 1477 2322 1521 autem
2358 1467 2437 1522 sic
2469 1468 2919 1536 interpretantur.
2953 1468 3246 1536 Epauleutn
3279 1469 3493 1537 quidem
3539 1485 3723 1522 ascen-

2140 1560 2219 1611 sio
2250 1569 2523 1622 tortuosa;
2557 1556 2862 1625 Magdalunt
2890 1558 2991 1627 (6),
3020 1560 3206 1625 turris;
3240 1548 3595 1626 Beelseplton,
3628 1575 3722 1612 us-

2142 1654 2317 1703 censio
2350 1649 2596 1717 speculte,
2658 1650 2738 1703 vel
2783 1652 2979 1703 habens
3032 1652 3318 1717 speculam.
3355 1651 3433 1705 Tu
3490 1651 3724 1706 fortasse

2145 1740 2433 1802 credi-bas,
2486 1740 2613 1807 quia
2668 1741 2771 1793 iter
2821 1741 2961 1809 quod
3020 1740 3159 1795 Deus
3213 1742 3468 1798 ostendit.
3506 1741 3722 1810 planum

452 1851 505 1893 te
535 1842 712 1894 tineas
744 1840 911 1893 totius
935 1839 1291 1908 corruptelae,
1320 1850 1373 1893 et
1398 1841 1652 1894 vitiorum
1681 1840 2032 1894 incitamenta
2070 1834 2107 1888 Β
2140 1844 2283 1887 esset
2316 1842 2372 1887 et
2395 1832 2576 1898 molle,
2616 1842 2670 1886 et
2704 1832 2839 1885 nihil
2873 1848 3096 1901 prorsus
3144 1834 3368 1887 haberet
3389 1830 3724 1888 diflicultatis

452 1931 742 2000 rejeeeris,
806 1931 1083 1985 habitahis
1150 1932 1200 1985 in
1263 1932 1653 1987 tabernaculis.
1713 1932 2033 1987 liabilamus

450 2026 594 2077 enim
620 2025 672 2077 itt
702 2024 1168 2087 tubernaculis,ex
1201 2027 1395 2093 quibus
1420 2025 1673 2079 uolumus
1713 2024 2030 2093 exspoliari,

449 2117 541 2170 sed
568 2116 949 2184 superVestiri.
1010 2116 1291 2170 llabitatio
1322 2127 1511 2171 autem
1557 2117 2031 2170 tabernaculorum

451 2207 787 2275 expeditum,
848 2216 905 2261 et
945 2207 1149 2276 absque
1198 2207 1324 2262 ullis
1378 2206 1780 2276 impedimentis
1831 2205 2032 2259 indit-at

454 2314 576 2353 esse
608 2314 757 2363 eum,
804 2298 897 2368 qui
951 2298 1171 2353 fesdnat
1227 2299 1296 2353 ad
1332 2299 1520 2354 Deum.
1554 2298 1659 2352 Sed
1695 2313 1796 2351 nec
1833 2298 1885 2351 itt
1928 2298 2035 2352 hoc

452 2399 671 2467 quidem
707 2397 961 2452 standum
995 2406 1101 2463 est,
1157 2399 1398 2467 urgenda
1451 2405 1536 2451 est
1587 2392 1880 2465 profectio.
1920 2392 2033 2447 Mo-

454 2490 629 2544 venda
680 2496 807 2544 sunt
856 2497 1035 2543 castra
1090 2490 1255 2542 etiam
1292 2488 1359 2541 de
1392 2487 1656 2551 Socboth,
1685 2496 1737 2539 et
1770 2484 2033 2541 festinan-

454 2583 580 2635 dtttn
611 2590 716 2643 cst,
750 2588 806 2634 ut
836 2580 1089 2635 veniatur
1144 2581 1196 2634 itt
1232 2581 1434 2634 Othon.
1473 2578 1655 2635 Othon
1694 2578 1771 2649 (5')
1812 2593 1939 2634 vero
1979 2578 2031 2632 in

452 2685 693 2729 nostram
725 2674 964 2744 linguam
1002 2674 1141 2727 verti
1172 2673 1355 2728 dicunt
1393 2672 1547 2740 signa
1579 2689 1674 2727 ets.
1712 2672 1778 2726 Et.
1813 2672 2030 2730 merito.

455 2765 551 2824 llic
583 2767 985 2823 enimaudiens
1016 2767 1148 2822 dicit
1175 2768 1244 2832 ’⁷,
1283 2766 1407 2837 quia
1441 2784 1459 2818 ι
1498 2765 1638 2821 Deus
1677 2766 2036 2821 antecedebat

452 2876 547 2915 eos
572 2876 667 2930 per
695 2860 835 2914 diem
870 2858 923 2912 in
979 2858 1232 2913 columna
1285 2859 1468 2923 nubis,
1500 2868 1556 2912 et
1586 2873 1684 2927 per
1731 2868 1943 2913 noctem
1979 2858 2032 2912 in

454 2953 707 3006 columna
740 2949 911 3021 ignis;
952 2967 970 3001 ι
1016 2964 1123 3003 non
1156 2949 1259 3004 hoc
1287 2950 1504 3003 invenis
1532 2948 1734 3003 factum
1760 2949 1899 3016 apud
1926 2948 2036 3003 Ra-

454 3052 652 3111 t'nesse,
679 3053 780 3098 nec
808 3042 947 3111 apud
977 3039 1240 3103 Socboth,
1271 3056 1391 3111 quae
1415 3042 1650 3095 secunda
1677 3040 2032 3110 proficiscen-

454 3139 599 3191 tibus
631 3144 810 3189 castra
857 3134 1133 3189 dicuntur.
1190 3134 1297 3189 Sed
1333 3135 1491 3188 tertia
1541 3144 1720 3188 castra
1768 3142 1918 3195 sunt,
1978 3132 2030 3186 in

2141 1935 2235 1978 aut
2270 1923 2491 1979 laboris.
2538 1923 2803 1977 Ascensio
2850 1934 2933 1978 est
2962 1935 3015 1978 et
3064 1925 3316 1978 ascensio
3352 1934 3592 1978 tortuosa
3620 1923 3720 1996 (7).

2144 2017 2258 2070 Non
2289 2018 2430 2070 enim
2452 2016 2693 2086 proclive
2720 2017 2822 2071 iter
2844 2025 2944 2079 est,
2964 2032 3073 2086 quo
3102 2019 3343 2071 tenditur
3367 2018 3432 2070 ad
3460 2018 3718 2082 virtutes;

2143 2110 2236 2161 sed
2282 2108 2619 2170 ascenditur,
2659 2116 2715 2159 et
2751 2116 2979 2175 anguste
3023 2122 3087 2160 ac
3128 2108 3416 2161 difﬁculter
3469 2110 3716 2162 ascendi-

2144 2213 2251 2257 tur.
2282 2203 2419 2257 Attdi
2449 2203 2611 2255 etiam
2648 2201 2936 2257 Dominum
2967 2202 3021 2256 in
3058 2202 3355 2273 Evangelio
3383 2201 3717 2267 dicentem",

2148 2313 2166 2345 ι
2192 2296 2318 2364 quia
2342 2305 2494 2350 arcta
2524 2303 2577 2349 et
2608 2304 2837 2364 augusta
2861 2296 2944 2349 via
2971 2306 3075 2361 est,
3099 2310 3218 2365 quae
3237 2296 3383 2349 ducit
3406 2295 3472 2349 ad
3496 2296 3716 2348 vitaum

2147 2388 2279 2443 Vide
2308 2402 2439 2458 ergo
2472 2400 2736 2457 quantum
2768 2398 3032 2443 consonat
3056 2386 3409 2458 Evangelium
3434 2402 3555 2441 cum
3580 2384 3720 2456 lege.

2144 2481 2199 2535 lu
2235 2480 2353 2547 lege
2392 2481 2705 2533 ostenditur
2748 2480 2966 2534 virtutis
3000 2480 3086 2533 via
3148 2478 3399 2534 ascensio
3450 2486 3721 2531 tortuosa.

2143 2576 2198 2631 In
2242 2574 2555 2645 Evangeliis
2589 2575 2790 2629 dicitur
2818 2585 2967 2630 arcta
3002 2584 3057 2630 et
3101 2584 3332 2645 angusta
3364 2574 3448 2627 via
3479 2590 3600 2644 quze
3626 2575 3726 2627 du-

2143 2671 2219 2726 cit
2248 2670 2314 2725 ad
2350 2673 2535 2725 vitam.
2585 2669 2775 2723 Nonne
2813 2668 2900 2721 hic
2944 2679 3129 2733 aperte
3174 2666 3337 2721 etiam
3367 2667 3497 2720 caeci
3538 2666 3722 2719 videre

2145 2774 2394 2834 possunt,
2417 2764 2559 2834 quod
2596 2763 2765 2831 legem
2796 2773 2851 2816 et
2888 2760 3180 2830 Evangelia
3214 2777 3355 2815 unus
3388 2773 3549 2829 atque
3579 2760 3720 2814 idem

2144 2858 2373 2926 spiritus
2416 2856 2681 2927 scripsit?
2731 2855 2827 2909 Est
2868 2869 2998 2921 ergo
3041 2855 3143 2908 iter
3164 2854 3308 2924 quod
3345 2854 3602 2907 incedunt
3631 2867 3724 2905 as-

2144 2950 2331 3004 censio
2377 2960 2651 3012 tortuosa,
2697 2957 2751 3002 et
2788 2948 3038 3002 ascensio
3089 2945 3347 3015 speculze,
3387 2944 3468 2998 vel
3519 2944 3724 2999 habens

2144 3043 2442 3111 speculam.
2486 3040 2750 3097 Ascensio
2789 3041 2855 3093 ad
2898 3050 3056 3095 aetus
3097 3040 3353 3109 pertinet,
3398 3036 3617 3106 specula
3655 3026 3722 3089 ad

2148 3132 2330 3187 ﬁdem.
2372 3133 2622 3187 Ostendit
2667 3146 2800 3201 ergo
2836 3132 2961 3201 quia
2996 3143 3053 3187 et
3098 3133 3151 3185 in
3185 3132 3424 3190 actibus.
3460 3140 3515 3183 et
3546 3130 3595 3182 itt
3623 3127 3725 3183 fide

450 3227 648 3288 quibus
680 3224 821 3280 fiunt
847 3226 1002 3295 signa
1046 3225 1254 3279 divina.
1287 3226 1595 3282 Recordare
1628 3242 1749 3296 qua:
1783 3227 2033 3297 superius
2062 3198 2105 3256 ο
2147 3226 2314 3280 multa
2346 3237 2432 3282 est
2467 3198 2777 3291 difﬁcultas,
2816 3198 2871 3280 et
2902 3224 3101 3279 multus
3154 3224 3327 3280 labor.
3365 3222 3540 3277 Multae
3575 3222 3721 3276 enim

452 3320 587 3371 lecta
635 3327 780 3383 sunt,
813 3333 933 3369 cum
966 3317 1181 3371 dicebat
1216 3316 1427 3387 Moyses
1457 3321 1523 3370 ad
1564 3318 1902 3373 Pharaonem
1932 3318 1978 3351 ⁸⁸
2013 3336 2028 3373 :

458 3424 474 3460 ι
504 3409 609 3463 lter
641 3411 802 3463 trioni
838 3409 1045 3463 dierum
1086 3412 1287 3465 ibimus
1323 3412 1373 3463 in
1420 3412 1653 3473 deserto,
1692 3422 1749 3465 et
1783 3412 2032 3466 immola-

456 3501 633 3553 binms
666 3499 890 3553 Domino
914 3499 1021 3554 Deo
1054 3510 1259 3556 nostro.
1280 3517 1297 3550 ι
1324 3500 1437 3555 lloc
1466 3516 1597 3570 ergo
1626 3514 1743 3556 erat
1771 3504 2030 3569 triduum,

455 3593 522 3645 ad
547 3593 689 3662 quod
707 3590 1001 3646 festinabat
1018 3591 1254 3663 Moyses,
1281 3602 1334 3647 et
1362 3593 1771 3649 contraditehat
1794 3594 2033 3660 Pharao,

457 3684 549 3737 ille
604 3684 749 3738 enim
800 3684 1015 3739 dicebat
1042 3686 1088 3717 ⁹⁹
1125 3699 1137 3735 :
1178 3703 1196 3734 ι
1237 3683 1352 3738 Non
1400 3684 1542 3740 eatis
1586 3686 1816 3756 longius.
1856 3706 1874 3739 ι
1915 3687 2031 3742 Non

459 3776 814 3843 permittebat
851 3775 1063 3828 Pharao
1097 3775 1163 3827 ad
1220 3775 1397 3829 locum
1429 3777 1713 3844 signoruni
1749 3776 2035 3846 pervenire

460 3866 598 3919 filios
628 3866 813 3928 Israel,
843 3884 947 3921 non
977 3865 1725 3938 permittebateosintantum
1745 3869 2033 3935 prolicere,

457 3967 514 4008 ut
544 3966 767 4024 p0'~St‘lIl
801 3960 943 4011 tertii
980 3959 1087 4012 diei
1145 3959 1418 4028 mysteriis
1455 3958 1685 4028 perfrui.
1722 3960 1858 4014 Audi
1888 3961 2032 4014 enim

460 4050 777 4117 prophetam
824 4051 953 4118 qttid
1001 4052 1131 4105 dicit
1165 4053 1179 4082 ί
1224 4068 1236 4104 :
1281 4072 1297 4102 ι
1337 4050 1702 4105 Resnscitahit
1750 4068 1847 4107 nos
1898 4054 2037 4111 Deus

459 4154 575 4213 post
608 4142 851 4209 biduum,
890 4151 945 4196 et
970 4144 1021 4196 itt
1052 4143 1139 4196 die
1189 4143 1344 4198 tertia
1375 4158 1759 4212 resorgemus,
1802 4156 1858 4199 et
1891 4145 2037 4199 vive-

458 4253 579 4293 mus
612 4237 662 4290 iu
696 4244 988 4305 conspectu
1032 4236 1171 4306 ejus.
1215 4255 1233 4289 ι
1274 4236 1455 4290 Prima
1484 4238 1600 4292 dies
1645 4239 1803 4293 nobis
1853 4240 2036 4308 passio

458 4328 763 4383 Salvatoris
794 4339 900 4393 est,
955 4337 1009 4381 et
1065 4330 1306 4384 set-unda
1343 4329 1498 4400 15.5
1536 4346 1639 4399 qua
1670 4332 1950 4385 descendit
1982 4331 2034 4386 itt

464 4427 761 4486 infernum,
794 4424 954 4478 tertia
982 4434 1163 4475 autem
1214 4424 1638 4477 resurrectionis
1672 4434 1756 4477 est
1788 4424 1925 4477 dies.
1973 4423 2037 4477 Et

2145 3319 2473 3374 tentationes
2509 3319 2667 3374 nobis
2709 3327 3035 3383 occurrunt,
3072 3318 3239 3370 multa
3274 3316 3325 3369 in
3363 3315 3465 3370 fide
3493 3314 3724 3369 offendi-

2143 3412 2285 3485 cola,
2324 3411 2630 3467 volentibus
2664 3428 2827 3483 agere
2858 3428 2977 3482 quae
3014 3411 3106 3466 Dei
3140 3421 3289 3465 sunt.
3344 3408 3480 3464 Tum
3531 3410 3726 3465 deinde

2148 3509 2198 3563 iu
2250 3506 2353 3563 fide
2391 3508 2557 3561 multa
2597 3507 2844 3563 invenies
2883 3516 3156 3571 tortuosa,
3187 3505 3451 3576 plurimas
3478 3503 3729 3574 quaestio-

2148 3616 2281 3667 nes,
2312 3601 2513 3655 multas
2550 3601 2885 3668 obiectiones
2919 3601 3325 3665 haereticorum,
3361 3603 3562 3655 multas
3595 3614 3728 3654 con-

2146 3693 2501 3747 tradictiones
2539 3692 2865 3745 infidelium.
2895 3689 3007 3746 Hoc
3030 3706 3161 3761 ergo
3194 3691 3300 3745 iter
3327 3692 3597 3759 agendum
3642 3698 3727 3743 est

2146 3782 2500 3852 sequentibus
2534 3782 2722 3837 Deum.
2756 3782 2861 3836 Sed
2879 3791 2966 3836 est
2991 3790 3047 3836 et
3077 3781 3250 3835 turris
3284 3781 3335 3834 in
3371 3781 3478 3835 hoc
3506 3780 3721 3834 itinere.

2145 3873 2277 3939 Qua:
2324 3884 2406 3927 est
2452 3874 2553 3927 ista
2584 3873 2790 3927 turris?
2817 3873 2911 3926 Illa
2943 3873 3222 3936 nimirum,
3260 3887 3425 3941 quam
3471 3870 3729 3923 Dominus

2147 3967 2199 4020 in
2235 3966 2526 4035 Evangelia
2560 3964 2728 4018 dicit"
2768 3982 2781 4017 ε
2825 3984 2843 4017 ι
2866 3965 2999 4033 Quis
3025 3974 3268 4019 vestrum
3304 3964 3493 4019 volens
3533 3962 3726 4017 turrim

2144 4060 2437 4123 :edilicare,
2464 4074 2642 4114 nonne
2677 4062 2827 4127 prius
2857 4060 3087 4122 sedebit,
3120 4067 3174 4112 et
3204 4057 3540 4125 computahit
3578 4071 3731 4111 sum-

2145 4165 2288 4222 plus,
2334 4154 2378 4208 si
2427 4153 2593 4209 habet
2623 4156 2770 4209 unde
2806 4153 3093 4223 perficiat?
3117 4172 3135 4205 ι
3170 4151 3278 4206 Ista
3325 4162 3409 4207 est
3440 4168 3571 4219 ergo
3612 4160 3727 4204 tur-

2148 4248 2242 4311 ris,
2281 4249 2437 4301 sedes
2482 4248 2648 4299 ardua
2695 4255 2751 4300 et
2793 4245 3008 4301 excelsa
3048 4245 3334 4299 virtutum.
3382 4243 3487 4297 Sed
3539 4243 3728 4296 videns

2147 4337 2263 4391 haec
2296 4337 2529 4401 Pharao,
2575 4338 2696 4391 audi
2729 4338 2855 4406 quid
2902 4336 3039 4391 dicit
3077 4350 3089 4389 :
3124 4335 3343 4398 Errant,
3391 4333 3583 4403 inquit,
3619 4334 3727 4389 isti.

2145 4429 2302 4498 Apud
2334 4429 2699 4493 Pharaonem,
2731 4429 2824 4498 qui
2867 4429 3031 4484 Deum
3065 4429 3338 4496 sequitur,
3375 4440 3562 4480 errare
3593 4425 3728 4480 dici-

461 4517 582 4573 ideo
624 4518 677 4570 in
711 4517 796 4570 die
821 4515 1006 4579 tertia,
1041 4513 1181 4567 Deus
1211 4514 1568 4568 antecedebat
1597 4529 1710 4580 eos,
1750 4530 1848 4584 per
1893 4515 2035 4569 diem
2071 4558 2119 4617 υ
2151 4530 2259 4585 tur,
2300 4522 2447 4589 quia,
2477 4531 2534 4573 ut
2562 4521 2826 4586 diximus,
2856 4521 3136 4590 sapientiai
3160 4521 3262 4573 iter
3287 4528 3589 4572 tortuosum
3621 4527 3727 4579 est,

462 4610 515 4662 in
565 4608 815 4662 columna
869 4606 1053 4669 nubis,
1107 4619 1203 4674 per
1232 4616 1447 4659 noctem
1494 4606 1546 4659 in
1586 4607 1835 4659 columna
1876 4606 2036 4677 ignis.

462 4702 615 4769 Quod
657 4702 699 4755 si
738 4700 1033 4755 secundum
1063 4716 1123 4755 ea
1151 4712 1272 4770 qua:
1311 4699 1563 4767 superius
1589 4699 1845 4763 diximus,
1873 4700 1925 4753 in
1957 4700 2041 4753 his

464 4796 646 4851 verbis
676 4802 821 4849 recte
852 4808 951 4848 nos
981 4793 1273 4865 Apostolus
1300 4793 1461 4847 docet
1487 4791 1506 4823 ¹
1535 4791 1788 4861 baptismi
1835 4804 2041 4862 myste-

462 4889 546 4945 ria
578 4887 879 4953 contineri;
927 4886 1298 4942 necessarium
1343 4893 1428 4940 est
1463 4893 1521 4938 ut
1556 4884 1647 4953 qui
1697 4883 2045 4955 baptizantur

533 5055 582 5087 "
620 5052 808 5107 Matth.
836 5069 909 5115 vt,
940 5052 1030 5106 ‘20.
1105 5054 1152 5086 ’°
1186 5050 1377 5105 Matth.
1408 5065 1519 5109 xu.
1552 5049 1643 5102 ‘2l.

461 5128 521 5181 ’6.
599 5134 618 5158 ⁸
655 5126 671 5178 1
704 5125 829 5179 Cor.
869 5141 921 5178 x.
998 5125 1019 5156 ³
1054 5124 1212 5177 Rom.
1240 5138 1315 5187 Vt,
1352 5123 1407 5177 ὃ.

537 5238 617 5313 μ)
647 5236 814 5313 Radix
848 5244 930 5313 est
960 5236 1249 5313 “patuerit.

644 5310 722 5361 Ab
745 5315 850 5364 I'l‘lN
877 5305 1103 5374 signum,
1138 5318 1191 5359 et
1226 5305 1403 5360 afﬁxo.

1484 5119 1506 5149 ‘
1528 5120 1731 5189 Epltes.
1761 5135 1823 5186 tt,
1855 5122 1911 5176 6.

467 5474 547 5527 se!
566 5474 760 5527 habens
783 5469 1069 5541 speculam,
1097 5486 1124 5523 a
1154 5471 1336 5525 radice
1365 5453 1477 5533 ‘71:,
1510 5488 1755 5540 magnum
1786 5487 2045 5533 esse,cre—

468 5580 632 5627 scere,
667 5545 915 5621 111⁸7⁵1312,
966 5562 1164 5623 turris;
1214 5577 1242 5613 a
1291 5545 1402 5625 5y:
1437 5577 1586 5624 vero,
1614 5561 1913 5613 dominatus
1946 5570 2043 5624 est,

469 5637 761 5686 dominium
816 5634 1018 5695 habuit,
1063 5645 1117 5684 ot
1156 5641 1273 5694 δεῖ
1303 5634 1600 5698 speculatus
1624 5642 1722 5692 est,
1762 5642 2042 5698 utcunque

468 5707 587 5756 erui
624 5716 801 5774 potest
846 5704 1102 5755 Dmniuus
1143 5708 1362 5767 specuia'
1395 5713 1480 5753 aut
1521 5702 1715 5754 habens
1754 5703 2041 5774 speculam,

473 5772 846 5827 tiant'tnclius
899 5774 1231 5842 lit-clsrphon
1286 5774 1733 5841 interpretaretur
1788 5772 2043 5824 Dentium

1720 5049 1764 5080 "
1798 5050 1967 5105 Exod.
2004 5066 2121 5113 xm,
2155 5052 2243 5105 Ἥ.

1987 5123 2007 5152 ⁸
2038 5122 2205 5176 Exod.
2237 5141 2346 5187 xtv,
2371 5125 2423 5175 2.

538 5311 615 5440 (in;
644 5311 722 5361 Ab
745 5315 850 5364 nm
877 5311 1103 5374 signum,
1138 5318 1191 5359 et
1226 5311 1403 5360 afﬁxo.

535 5383 601 5451 (ὓ,
641 5378 947 5446 Magdalum
974 5379 1156 5441 turris,
1178 5376 1517 5442 Beetsephon,
1544 5377 1780 5429 ascensio
1800 5375 2048 5441 specultt’,

2149 4611 2348 4665 multos
2373 4613 2577 4666 habens
2608 4611 2803 4674 flexos,
2833 4611 3027 4665 multas
3067 4609 3435 4671 difﬁcultates,
3468 4608 3731 4677 plurimos

2150 4702 2453 4758 anfractus.
2501 4703 2743 4772 Denique
2788 4719 2911 4757 cum
2960 4703 3277 4757 confitearis
3321 4717 3486 4755 unum
3536 4701 3731 4761 Deum,

2149 4798 2453 4865 eademque
2500 4797 2844 4851 confessione
2888 4794 3128 4859 Patrem,
3154 4806 3209 4850 et
3235 4794 3452 4858 Filium,
3477 4803 3531 4849 et
3556 4792 3733 4862 Spiri-

2154 4895 2266 4939 tum
2319 4897 2567 4941 sanctum
2607 4902 2827 4941 asseras
2854 4887 2931 4955 (8)
2969 4902 3136 4940 unum
3183 4886 3373 4951 Deum,
3421 4899 3585 4954 quam
3615 4893 3732 4938 tor-

2322 5052 2368 5082 ⁸³
2408 5052 2574 5105 fistul.
2602 5069 2653 5109 v.
2683 5053 2735 5105 '5.
2812 5053 2857 5082 “9
2890 5051 3057 5105 Exod.
3096 5067 3215 5116 vttt,
3250 5053 3338 5105 28.
3451 5049 3467 5081 ¹
3500 5050 3626 5106 Osc.
3652 5062 3732 5114 vt.

2504 5124 2523 5153 ⁶
2552 5123 2743 5179 Mattu.
2774 5139 2868 5187 vn,
2914 5124 2994 5175 t4.
3034 5122 3052 5153 '
3084 5122 3214 5175 Luc.
3249 5136 3358 5186 xw,
3386 5120 3478 5177 ‘28.

2153 5235 2455 5303 Aquilonis,
2471 5252 2496 5288 τι
2518 5219 2650 5300 53:3,
2672 5237 2948 5300 Dominus,
2971 5248 3025 5289 et
3046 5247 3171 5324 τεν,
3191 5237 3393 5308 aquilo,
3426 5237 3727 5304 septentrio.

2157 5328 2257 5393 Qui
2296 5341 2476 5383 autem
2511 5327 2831 5395 Beelsephon
2883 5329 3319 5395 interpretantur
3372 5328 3732 5382 ascensionem

2158 5398 2406 5462 speculae,
2467 5411 2820 5465 respexerunt
2871 5400 3240 5467 proculdubio
3272 5400 3339 5453 ad
3364 5399 3574 5452 radices
3604 5405 3728 5463 ππ.

2160 5471 2396 5522 ascendit
2429 5478 2483 5523 et
2505 5476 2642 5530 n53.
2677 5473 2974 5533 speculatus
3002 5481 3099 5523 est.

2156 5609 2167 5621 .
2234 5539 2310 5605 t7)
2339 5542 2509 5621 Alias,
2550 5557 2568 5591 ι
2598 5550 2653 5593 ει
2698 5544 2980 5595 descensio
3026 5549 3297 5607 tortuosa,
3325 5556 3345 5590 ι
3377 5539 3471 5595 sed
3515 5551 3647 5591 mss.
3674 5542 3736 5594 ιιι

2154 5623 2208 5662 ιη
2236 5620 2421 5663 11081Γο
2443 5620 2612 5664 textu.

2227 5682 2305 5749 t8)
2339 5682 2509 5746 Alias,
2546 5700 2562 5732 t
2594 5684 2810 5736 asseris.
2841 5699 2859 5731 ι
