4110 6410
419 426 528 481 529

1665 438 1727 491 IN
1768 438 2051 492 EXODUM
2094 437 2374 492 llOMILH
2421 440 2480 493 ν.

3580 462 3685 513 550

420 561 659 611 tunsum,
690 564 854 618 quam
888 550 1125 615 diﬁirile,
1169 569 1333 621 quam
1378 556 1757 613 inextricabile
1791 563 2003 615 videtur
2036 567 2077 620 Α
2108 571 2248 614 ctam
2299 564 2463 616 vitam
2499 568 2757 633 qna-renti
2807 582 2884 621 est
2915 572 2962 622 in
3005 572 3196 629 itinere
3228 583 3385 645 mori,
3421 600 3584 649 quam
3617 602 3684 639 ne

421 644 524 694 hoc
554 655 678 694 esse
712 641 1055 696 inﬁdelibus!
1101 643 1236 696 Tum
1283 645 1476 699 deinde
1509 663 1629 700 cum
1662 652 1795 703 dicis
1826 652 2002 705 Domi—

421 748 549 784 num
580 733 888 800 majestatis
913 734 1259 796 cruciﬁxum,
1293 746 1344 789 et
1390 737 1583 791 Filium
1621 741 1854 795 hominis
1881 758 1910 796 e
1946 759 2004 797 se

416 826 507 893 qui
555 825 839 878 descendit
878 825 943 877 de
978 825 1141 887 cmlo,
1169 842 1327 893 quam
1371 837 1611 883 tortuosa
1661 832 1773 886 haec
1814 834 2001 886 viden-

417 927 528 978 tur,
559 928 613 970 et
645 930 808 987 quam
846 916 1123 970 difﬁcilia!
1164 918 1263 984 Qui
1301 922 1471 986 aulit,
1508 923 1549 975 si
1586 938 1689 976 non
1723 941 1843 977 cum
1895 927 1999 980 ﬁde

416 1010 621 1072 audiat,
647 1008 780 1062 dicit
817 1010 943 1076 quia
972 1020 1157 1064 errant
1187 1010 1308 1073 isti;
1346 1012 1437 1064 sed
1469 1023 1521 1065 tu
1556 1015 1695 1067 ﬁxus
1727 1026 1868 1081 esto,
1901 1034 1999 1070 nec

414 1100 634 1154 dubites
682 1102 750 1153 de
806 1100 1120 1167 huiusmodi
1159 1103 1284 1165 ﬁde,
1321 1106 1500 1157 sciens
1545 1105 1669 1173 quia
1728 1106 1868 1161 Deus
1904 1107 1994 1161 tibi

412 1191 657 1244 ostendit
687 1190 827 1243 hanc
868 1189 990 1243 ﬁdei
1028 1191 1191 1247 viam.
1231 1192 1346 1259 Ipse
1380 1194 1525 1246 enim
1574 1195 1787 1248 dixit”:
1822 1215 1838 1246 (
1868 1197 1995 1250 Tol-

415 1286 593 1337 lentes
632 1285 695 1337 de
740 1284 916 1338 Othon
964 1294 1164 1350 castra,
1211 1286 1477 1339 collocate
1528 1302 1593 1341 ea
1634 1290 1778 1343 inter
1818 1292 1996 1360 Epan-

416 1377 590 1438 leum,
623 1389 675 1429 et
718 1377 861 1430 inter
893 1378 1195 1449 Magdalum
1235 1387 1424 1432 contra
1458 1379 1816 1450 Beelsephon.
1843 1403 1859 1434 ι
1890 1384 1995 1437 Fu-

417 1469 571 1534 gicns
594 1485 720 1538 ergo
753 1468 1046 1539 Egyptum
1090 1470 1243 1523 venis
1288 1470 1353 1523 ad
1392 1473 1504 1525 [nec
1564 1472 1708 1536 loca,
1740 1476 1894 1529 venis
1926 1477 1992 1529 ad

416 1560 515 1613 has
550 1574 769 1628 Operum
803 1561 1154 1615 ascensiones
1177 1572 1224 1613 et
1259 1560 1401 1626 ﬁdei,
1428 1563 1581 1615 venis
1614 1566 1679 1616 ad
1707 1565 1991 1619 aedilicium

412 1652 602 1713 turris,
634 1653 785 1705 venis
836 1654 999 1706 etiam
1047 1656 1111 1708 ad
1151 1671 1324 1721 mare,
1355 1666 1409 1711 et
1436 1667 1732 1709 occurrunt
1770 1658 1863 1709 tibi
1896 1658 1994 1709 llu-

410 1755 552 1801 ctus.
588 1745 705 1798 Non
748 1749 893 1800 enim
949 1747 1053 1800 iter
1085 1748 1208 1803 vita:
1252 1749 1370 1803 sine
1423 1750 1782 1803 tentationnm
1817 1748 1991 1803 ﬂueti-

409 1842 507 1893 bus
534 1841 733 1910 agitur.
760 1841 913 1895 Sicut
944 1852 994 1896 et
1033 1843 1331 1912 Apostolus
1373 1846 1542 1898 dicit9
1572 1861 1585 1897 :
1617 1863 1634 1895 ι
1662 1844 1866 1899 Omnes
1895 1848 1985 1915 qui

408 1933 595 1985 volunt
630 1933 717 2001 pie
748 1934 932 1987 vivere
978 1934 1031 1987 in
1056 1935 1298 2000 Christo,
1333 1938 1744 2005 persecutiones
1772 1938 1982 2004 patieu-
2020 1916 2059 1969 Β

407 2033 562 2077 turn
620 2024 727 2077 Sed
788 2023 891 2080 Job
961 2028 1315 2081 nihilominus
1377 2028 1793 2093 pronuntiat”,
1849 2030 1979 2098 quia

410 2134 427 2166 ι
458 2118 686 2171 tentatio
732 2129 817 2174 est
868 2120 974 2173 vita
1012 2131 1196 2177 nostra
1240 2138 1407 2193 super
1449 2134 1715 2177 terram.»
1760 2123 1872 2180 lloc
1899 2133 1983 2179 est

404 2222 532 2277 ergo
556 2209 772 2264 venisse
803 2211 869 2265 ad
907 2227 1075 2268 mare.

471 2300 525 2353 4.
558 2300 665 2354 Sed
697 2301 740 2354 si
778 2303 1028 2371 Moysen,
1059 2302 1110 2358 id
1141 2313 1223 2359 est
1263 2306 1436 2374 legem
1465 2305 1557 2360 Dei
1595 2321 1827 2377 sequens
1852 2322 1982 2378 agas

402 2391 503 2446 hoc
536 2393 659 2455 iter,
693 2391 985 2464 Egyplins
1028 2403 1078 2447 te
1115 2396 1337 2464 quidem
1377 2399 1730 2467 persequitur
1762 2408 1815 2454 et
1843 2402 1981 2456 inse-

401 2492 598 2547 ctatur,
623 2485 716 2538 sed
754 2486 877 2539 vide
909 2486 1036 2554 quid
1071 2486 1203 2540 ﬁat:
1240 2503 1259 2536 ι
1287 2486 1533 2557 Levavit,
1584 2490 1761 2558 inquit
1788 2492 1851 2555 “,
1884 2509 1981 2545 au-

397 2579 547 2650 gelus
574 2580 811 2646 Domini,
834 2582 925 2651 qui
952 2583 1314 2636 antecedebat
1344 2593 1523 2637 castra
1558 2583 1742 2648 Israel,
1774 2585 1979 2639 etabiit

395 2682 517 2741 post
554 2673 695 2727 illos.
723 2672 967 2728 Elevavit
996 2683 1048 2727 et
1070 2673 1318 2727 columna
1348 2676 1508 2730 nubis
1534 2690 1562 2727 a
1597 2675 1733 2729 facie
1760 2690 1974 2741 eorum,

395 2776 451 2821 et
473 2768 623 2822 stetit
655 2776 774 2836 post
804 2768 943 2831 illos,
979 2776 1034 2821 et
1066 2768 1292 2821 intravit
1321 2768 1463 2821 inter
1487 2778 1666 2823 castra
1685 2768 1973 2839 Egyptio-

396 2874 516 2913 rum
547 2869 600 2913 et
653 2859 1048 2917 lsraelitarum.
1082 2879 1100 2911 ι
1140 2859 1273 2929 lianc
1305 2860 1559 2913 columna
1591 2863 1752 2915 nubis
1776 2863 1974 2931 populo

392 2946 613 3013 quidem
659 2946 752 3000 Dei
782 2946 1015 3001 efﬁcitur
1058 2963 1270 3010 murus,
1304 2945 1576 3017 Aﬂgyptiis
1619 2966 1745 3004 vero
1776 2951 1975 3005 obscu-

394 3038 615 3092 ritatem
663 3038 891 3105 imponit
919 3045 972 3091 et
1001 3040 1277 3092 tenebras.
1309 3039 1426 3094 Non
1457 3041 1604 3093 enim
1640 3042 1972 3095 transfertur

388 3128 641 3182 colunma
679 3127 818 3196 ignis
851 3126 918 3180 ad
946 3126 1253 3198 Egyptios,
1291 3138 1350 3181 ut
1384 3129 1602 3183 videant
1644 3130 1844 3193 lucem,
1876 3132 1969 3185 sed

2111 653 2383 718 proficisci
2449 656 2665 723 quidem
2727 663 2791 712 ad
2859 662 3243 728 perfectionem
3304 681 3677 739 quaerendam.

2111 743 2265 797 Unde
2315 755 2369 799 et
2406 762 2592 801 eorum
2651 750 2784 805 falsa
2827 756 3037 810 videtur
3075 762 3279 827 opinio,
3321 767 3409 832 qui
3445 768 3573 821 dum
3597 774 3679 823 ni-

2107 836 2207 890 mis
2238 839 2467 892 arduum
2502 840 2605 894 iter
2629 843 2847 898 virtutis
2879 862 3180 917 exponunt,
3216 856 3451 924 dumque
3481 861 3681 918 multas

2104 924 2221 989 ejus
2253 925 2624 995 difﬁcultates,
2672 936 2949 1005 tnultaqne
2980 942 3219 1008 pericula
3250 956 3303 998 et
3332 947 3511 1017 lapsus
3545 967 3678 1006 enu-

2105 1029 2338 1084 merant,
2379 1036 2447 1075 ne
2491 1023 2781 1077 ineundum
2820 1030 3037 1095 quidem
3089 1033 3140 1086 id
3182 1047 3277 1090 aut
3303 1038 3673 1109 incipiendum

2096 1110 2365 1176 judicant.
2404 1112 2510 1165 Sed
2545 1114 2713 1168 ntulto
2737 1121 2930 1174 melius
2953 1133 3033 1177 est
3054 1141 3137 1179 me
3163 1128 3214 1181 in
3240 1128 3340 1183 hoc
3364 1132 3558 1188 itinere
3590 1138 3675 1191 vel

2101 1204 2258 1266 mori,
2294 1205 2338 1257 si
2368 1206 2437 1259 ita
2478 1225 2699 1264 necesse
2730 1223 2834 1278 est,
2861 1229 3021 1280 quam
3066 1216 3211 1273 inter
3238 1219 3522 1292 {Egyptios
3554 1242 3676 1295 per-

2100 1304 2411 1350 manentem
2453 1302 2659 1366 necari,
2692 1315 2744 1356 et
2784 1304 2938 1360 falsis
2966 1316 3135 1376 atque
3182 1314 3539 1371 amarissimis
3570 1316 3672 1372 ﬂu-

2098 1383 2274 1439 ctibus
2304 1388 2485 1441 obrui.
2514 1390 2620 1445 Sed
2654 1393 2872 1446 interim
2918 1397 3122 1450 clamat
3158 1398 3369 1470 Moyses
3396 1405 3461 1457 ad
3490 1406 3675 1461 Doml-

2099 1492 2246 1529 num.
2295 1478 2575 1545 Quomodo
2613 1485 2858 1540 clamat?
2900 1486 3056 1543 Nulla
3098 1492 3215 1557 ejus
3258 1509 3363 1548 vox
3415 1497 3673 1556 clamoris

2096 1568 2335 1637 auditur,
2368 1581 2423 1625 et
2450 1582 2629 1627 tamen
2664 1577 2791 1630 dicit
2820 1579 2884 1631 ad
2911 1595 3034 1633 eum
3067 1582 3305 1637 Deus”:
3346 1604 3363 1635 ‹
3387 1586 3527 1652 Quid
3555 1589 3674 1644 cla-

2096 1674 2213 1713 mas
2241 1663 2307 1715 ad
2341 1665 2459 1717 me?
2483 1684 2500 1714 ι
2540 1664 2711 1720 Velim
2745 1670 2887 1725 scire
2908 1676 3181 1741 quomodo
3210 1680 3383 1732 sancti
3427 1681 3542 1735 sine
3576 1697 3671 1736 vo—

2094 1765 2155 1804 ce
2202 1752 2438 1809 claiuant
2490 1759 2555 1808 ad
2597 1759 2902 1813 Dominum.
2952 1765 3243 1831 Apostolus
3298 1770 3483 1833 docet,
3540 1776 3667 1842 quia

2094 1843 2242 1897 dedit
2292 1845 2433 1900 Dens
2478 1846 2737 1917 Spiritum
2776 1852 2899 1907 Fili
2939 1857 3021 1910 sui
3056 1858 3107 1909 in
3145 1860 3403 1915 cordibus
3440 1867 3666 1932 nostris,

2090 1938 2413 1994 clamantem
2440 1958 2453 1992 :
2486 1962 2503 1993 ‹
2535 1944 2683 1996 Abba
2714 1957 2891 2014 pater.
2925 1967 2943 1998 ι
2990 1949 3054 2002 Et
3085 1951 3231 2005 addit
3267 1970 3280 2005 :
3308 1973 3324 2003 ι
3352 1953 3468 2022 Ipse
3500 1959 3667 2026 spiri-

2091 2034 2176 2080 tus
2213 2027 2524 2097 interpellat
2574 2048 2671 2098 pro
2732 2038 2888 2091 nobis
2945 2041 3238 2106 gemitibus
3296 2044 3669 2101 inenarrabili-

2088 2117 2256 2172 bus.»
2313 2120 2375 2172 Et
2428 2122 2665 2178 iterum:
2698 2127 2843 2192 «Qui
2898 2140 3083 2184 autem
3145 2146 3425 2189 scrutatur
3473 2141 3661 2206 corda,

2086 2208 2189 2262 scit
2220 2210 2348 2277 quid
2380 2213 2652 2269 desideret
2681 2218 2929 2285 spiritus,
2969 2222 3094 2289 quia
3132 2228 3431 2281 secundum
3492 2229 3663 2286 Deum

2087 2302 2324 2368 postulat
2358 2319 2455 2372 pro
2485 2308 2691 2362 sanctis
2711 2310 2775 2363 ιδ.
2798 2332 2815 2365 ι
2836 2307 2926 2368 Sic
2944 2328 3071 2382 ergo
3124 2316 3508 2386 interpellante
3539 2323 3665 2393 Spi-

2088 2392 2192 2447 ritu
2229 2406 2416 2449 sancto
2448 2400 2588 2465 apud
2641 2401 2830 2468 Deum,
2867 2418 2965 2471 per
3008 2406 3285 2463 silentium
3339 2392 3658 2471 sanctorum

2085 2485 2292 2540 clamor
2317 2490 2555 2544 auditur.

2164 2579 2216 2633 5.
2250 2579 2312 2635 Et
2342 2582 2471 2651 quid
2511 2596 2633 2651 post
2680 2586 2816 2640 hoc?
2846 2585 3081 2643 anetnr
3115 2590 3326 2663 Moyses
3360 2597 3511 2668 virga
3536 2617 3661 2670 per—

2079 2683 2271 2730 cutere
2306 2690 2478 2739 mare,
2518 2684 2574 2731 nt
2604 2678 2927 2747 ingredienti
2958 2683 3155 2752 populo
3191 2687 3283 2742 Dei
3329 2688 3576 2749 dehiscat
3601 2704 3658 2749 et

2080 2767 2262 2833 cedat,
2301 2782 2364 2820 ac
2403 2768 2665 2821 voluntati
2716 2771 2912 2825 divina:
2953 2774 3351 2833 elementorum
3392 2781 3659 2840 famulen-

2082 2868 2170 2912 tur
2208 2861 2500 2929 obsequia;
2534 2872 2588 2915 et
2624 2879 2777 2931 aqua:
2808 2880 2928 2931 qua!
2956 2867 3307 2933 timebantur,
3342 2873 3531 2929 dextra
3564 2878 3656 2933 lze-

2079 2965 2255 3017 vaque
2278 2950 2498 3004 famulis
2533 2951 2623 3005 Dei
2652 2969 2839 3006 murus
2875 2954 3096 3020 effectae,
3129 2975 3232 3014 non
3270 2964 3443 3016 solum
3469 2973 3651 3033 perni-

2076 3046 2214 3097 ciem
2252 3044 2523 3107 nesciant,
2548 3046 2640 3096 sed
2677 3056 2731 3096 et
2781 3048 3059 3100 munimen
3084 3052 3396 3108 exhibeant.
3428 3059 3652 3128 Cogitur

2075 3148 2207 3199 ergo
2237 3132 2435 3187 fluctus
2489 3135 2542 3186 in
2592 3135 2893 3196 ctnnnhnn,
2925 3147 2980 3189 et
3022 3142 3164 3193 unda
3220 3142 3270 3195 in
3301 3148 3651 3215 semetipsam

388 3223 443 3276 in
475 3221 716 3275 tenebris
762 3228 1109 3289 permanent,
1140 3222 1264 3288 quia
1305 3240 1322 3271 ι
1352 3220 1658 3275 dilexerunt
1712 3224 1967 3278 tenebras
1998 3255 2043 3317 ε
2078 3240 2320 3292 repressa
2348 3233 2624 3279 curvatur.
2652 3225 2994 3281 Suliditatcm
3024 3231 3218 3299 recipit
3246 3226 3447 3303 liquor,
3479 3251 3533 3292 et
3563 3258 3652 3295 so.

388 3314 564 3382 magis
596 3328 757 3383 quam
789 3313 1070 3368 lucem".r
1097 3314 1160 3367 Et
1194 3322 1395 3382 tuergo
1422 3315 1465 3367 si
1495 3314 1563 3367 ab
1584 3313 1858 3386 Egyptiis
1884 3331 1968 3370 re-

382 3407 573 3471 cedas,
592 3406 726 3461 etde
749 3414 1016 3475 potestate
1049 3408 1352 3460 daunonnm
1386 3407 1585 3477 fugias,
1615 3410 1735 3463 vide
1762 3422 1965 3478 quanta

384 3497 648 3553 divinitus
701 3499 796 3553 tibi
848 3508 1225 3568 praeparantur
1277 3499 1503 3565 auxilia,
1565 3502 1685 3557 vide
1744 3507 1967 3573 quantis

382 3591 726 3661 adiutoribus
758 3592 950 3647 uteris.
985 3589 1219 3646 Tantum
1246 3607 1329 3647 esx
1361 3606 1416 3648 ut
1445 3610 1774 3663 permaneas
1810 3597 1963 3652 fortis

382 3685 437 3740 in
473 3686 595 3748 ﬁde,
635 3700 736 3741 nec
767 3696 817 3741 te
848 3685 1230 3756 Egyptiornm
1277 3689 1555 3757 equitatus
1584 3701 1635 3744 et
1670 3692 1961 3761 quadriga-

378 3790 499 3830 rum
537 3777 766 3831 formido
792 3787 1116 3847 perterreat,
1148 3794 1250 3833 nec
1283 3780 1544 3834 reclames
1577 3796 1765 3838 contra
1787 3784 1957 3854 legem

379 3869 472 3924 Dei
505 3878 557 3923 et
591 3868 833 3940 Moysen,
866 3878 921 3923 et
951 3870 1124 3935 dicas,
1162 3872 1304 3925 sicut
1332 3874 1549 3939 quidam
1580 3891 1641 3928 ex
1670 3877 1776 3931 illis
1806 3878 1958 3931 dixe-

378 3974 505 4015 runt
533 3962 577 3993 ¹³
612 3980 626 4016 :
659 3979 678 4012 ί
703 3960 982 4031 Tanquam
1019 3978 1124 4017 non
1162 3974 1348 4019 essent
1393 3966 1644 4035 sepulcra
1696 3969 1751 4022 in
1789 3969 1957 4041 IEgy-

374 4068 488 4126 pto,
520 4059 591 4111 ita
623 4056 858 4111 eduxisti
901 4072 1017 4121 nos,
1040 4066 1097 4110 ut
1136 4057 1190 4111 in
1238 4058 1454 4113 deserto
1492 4059 1598 4115 hoc
1632 4064 1950 4119 moriamur.

372 4149 560 4204 Melius
588 4148 767 4204 fuerat
823 4165 921 4203 nos
952 4150 1162 4204 servire
1192 4150 1483 4221 Egyptiis,
1511 4170 1673 4222 quam
1732 4158 1865 4210 mori
1898 4158 1951 4211 in

370 4246 587 4300 deserto
628 4244 750 4299 hoc.
782 4262 801 4294 ι
846 4240 975 4297 Haec
1020 4243 1325 4299 fatiscentis
1356 4248 1406 4299 in
1454 4248 1754 4304 tentatioue
1783 4252 1949 4305 animi

370 4337 533 4390 verba
560 4346 709 4391 sunt.
744 4335 849 4390 Sed
885 4335 1009 4404 quis
1046 4334 1117 4388 ita
1153 4335 1343 4390 beatus
1373 4345 1479 4400 est,
1514 4339 1607 4405 qui
1662 4341 1742 4395 sic
1770 4351 1947 4395 tenta-

369 4428 575 4481 tionnm
610 4428 823 4497 pondus
851 4427 1128 4496 expediat,
1167 4437 1225 4481 nt
1264 4428 1409 4482 nulla
1447 4433 1614 4486 menti
1648 4432 1768 4500 ejus
1808 4436 1949 4506 cogi-

368 4522 501 4576 tatio
523 4520 901 4590 ambiguitatis
926 4520 1191 4590 obrepat?
1230 4521 1362 4576 Vide
1399 4538 1601 4595 magno
1644 4525 1719 4579 illi
1752 4527 1943 4583 Eccle-

2076 3318 2186 3370 ltnn
2225 3318 2390 3371 maris
2421 3319 2620 3371 arescit
2659 3319 2708 3372 in
2740 3321 3036 3389 pulverem,
3064 3334 3121 3379 ut
3159 3328 3302 3383 sicca
3350 3332 3529 3399 planta
3564 3355 3652 3406 po-

2073 3412 2229 3480 pulns
2262 3412 2352 3464 Dei
2386 3413 2661 3466 transiret.
2694 3414 2994 3469 Bonitatem
3027 3417 3117 3472 Dei
3154 3425 3423 3480 creatoris
3445 3427 3646 3483 intelli-

2070 3519 2161 3572 ge,
2194 3504 2235 3556 si
2272 3505 2535 3555 Voluntati
2570 3504 2688 3569 ejus
2725 3506 3091 3576 obtemperes,
3134 3511 3177 3565 si
3219 3512 3388 3583 legem
3416 3517 3532 3586 ejus
3561 3536 3649 3577 se-

2067 3597 2275 3661 quaris,
2296 3594 2410 3663 ipse
2448 3594 2541 3647 tibi
2568 3596 2835 3650 elementa
2862 3598 3025 3653 etiam
3059 3610 3247 3657 contra
3276 3606 3359 3660 sui
3390 3619 3640 3665 naturam

2066 3685 2275 3738 smvire
2327 3685 2621 3751 compellit.
2684 3687 2878 3743 Audivi
2926 3705 2954 3743 a
3003 3692 3305 3763 majoribus
3361 3701 3638 3766 traditum,

2065 3779 2209 3846 quod
2260 3779 2311 3830 in
2350 3779 2448 3832 ista
2484 3779 2823 3848 digressioue
2856 3783 3043 3848 maris,
3078 3785 3306 3856 singulis
3338 3789 3644 3860 quibusque

2066 3872 2314 3924 ll'lllllbtls
2354 3871 2594 3925 ﬁliorqu
2640 3870 2826 3936 Israel,
2861 3875 3090 3944 singula:
3124 3893 3385 3947 aquarum
3420 3883 3644 3939 divisio-

2060 3982 2158 4020 nes
2190 3965 2345 4019 facta:
2382 3966 2513 4029 sint,
2542 3974 2599 4019 et
2627 3966 2843 4033 propria
2877 3967 3177 4035 unicuique
3217 3969 3380 4023 tribui
3416 3971 3468 4024 in
3497 3975 3632 4027 mari

2057 4068 2246 4126 aperta
2292 4058 2363 4112 sit
2405 4057 2514 4122 via,
2562 4056 2727 4125 idque
2757 4057 2970 4111 ostendi
3003 4074 3067 4112 ex
3098 4074 3186 4123 eo,
3219 4063 3363 4128 quod
3392 4062 3445 4116 in
3478 4062 3629 4118 Psal-

2058 4152 2160 4205 mis
2198 4150 2466 4218 scriptmu
2505 4156 2591 4203 est
2614 4149 2656 4179 “'
2684 4167 2696 4201 :
2729 4168 2747 4198 ι
2772 4150 2873 4216 Qui
2901 4150 3088 4204 divisit
3115 4166 3266 4205 mare
3297 4152 3541 4208 Rubrum
3575 4160 3627 4209 in

2054 4244 2412 4299 divisiones.)
2458 4240 2560 4294 Per
2592 4243 2733 4307 quod
2794 4241 2979 4294 nmltte
3030 4243 3323 4296 divisiones
3370 4245 3638 4303 docentur

2054 4335 2230 4394 factae,
2270 4348 2374 4385 non
2439 4345 2565 4382 una.
2611 4328 2718 4381 Sed
2756 4340 2810 4381 et
2862 4344 2958 4396 per
2995 4331 3093 4382 hoc
3138 4334 3280 4397 quod
3316 4333 3624 4388 dicitur”:

2058 4425 2171 4479 tibi
2227 4424 2507 4494 Benjamin
2550 4422 2737 4490 junior
2774 4422 2824 4473 in
2878 4431 3118 4488 stupore,
3176 4424 3444 4495 principes
3489 4425 3627 4483 Iuda

2050 4518 2218 4574 duces
2244 4532 2452 4583 eorum,
2479 4516 2752 4586 principes
2775 4516 3039 4583 Zabulon,
3072 4525 3123 4569 et
3148 4516 3420 4586 principes
3451 4518 3630 4589 Neph-

364 4614 459 4671 εἰει
501 4613 872 4677 fundamento,
909 4623 963 4667 et
993 4622 1160 4683 petrae
1195 4613 1565 4680 solidissima,
1602 4632 1940 4687 superquam
1976 4613 2023 4672 D
2053 4612 2265 4674 thalint,
2293 4629 2311 4660 ι
2375 4610 2730 4666 nihilominus
2797 4609 3096 4678 unicuique
3141 4608 3305 4661 tribui
3364 4612 3623 4679 proprius

362 4708 614 4764 Christus
655 4706 901 4761 fundavit
930 4706 1231 4762 Ecclesiam
1264 4709 1328 4771 “,
1364 4710 1492 4777 quid
1523 4710 1736 4765 dicatur
1766 4729 1795 4765 a
1836 4715 1942 4767 Do-

364 4801 513 4854 mino
545 4813 561 4852 :
601 4817 619 4850 ι
650 4797 895 4859 Modica).
932 4798 1109 4867 inquit
1132 4798 1198 4863 ¹⁸,
1231 4799 1378 4865 ﬁdei,
1429 4816 1598 4869 quare
1650 4802 1809 4875 146
1844 4806 1938 4857 du-

362 4892 583 4947 bitasti?
608 4913 625 4945 ι
665 4890 1047 4945 Verumtamen
1075 4890 1200 4959 quia
1224 4892 1412 4945 dicunt
1437 4893 1478 4923 ¹⁶
1510 4911 1524 4945 :
1554 4912 1571 4943 ι
1608 4893 1798 4947 Melius
1828 4894 1946 4950 fue-

364 4995 449 5040 rat
492 5001 592 5039 nos
631 4985 837 5038 servire
884 4980 1176 5053 A‘ngptiis,
1207 4998 1373 5052 quam
1425 4984 1561 5036 mori
1603 4984 1652 5036 in
1681 4998 1888 5049 eremo,
1918 5004 1936 5035 ι

360 5077 680 5130 tentationis
721 5085 776 5129 et
809 5072 1119 5142 fragilitatis
1150 5073 1265 5127 haec
1301 5073 1462 5127 verba
1496 5083 1648 5127 sunt.
1685 5073 1936 5141 Alioquin

359 5168 558 5225 falsqu
604 5178 719 5239 est;
751 5166 906 5235 longe
934 5166 1079 5220 enim
1119 5164 1314 5219 melius
1343 5174 1427 5218 est
1458 5165 1510 5217 in
1540 5180 1725 5221 eremo
1774 5165 1931 5229 mori,

355 5279 519 5335 quam
556 5262 767 5318 servire
808 5261 1101 5332 Egyptiis.
1137 5259 1238 5326 Qui
1272 5261 1417 5314 enim
1451 5262 1501 5312 in
1544 5275 1726 5313 eremo
1771 5262 1933 5313 mori-

360 5366 467 5419 tur,
503 5357 607 5411 hoc
645 5356 762 5422 ipso
793 5355 936 5422 quod
975 5362 1264 5421 separatus
1317 5361 1402 5406 est
1451 5351 1519 5405 ab
1557 5349 1851 5422 Egyptiis,
1880 5359 1933 5423 et

354 5450 613 5505 discessit
643 5464 673 5502 a
716 5446 1020 5502 rectoribus
1050 5447 1423 5508 tenebrarum,
1465 5454 1519 5497 et
1557 5445 1621 5498 de
1667 5450 1932 5512 potestate

352 5541 597 5603 Samum,
623 5539 814 5592 habuit
840 5536 1079 5605 aliquem
1120 5535 1450 5605 profectum,
1484 5536 1646 5589 etiam
1679 5535 1722 5589 si
1749 5535 1815 5587 ad
1850 5534 1932 5587 in-

353 5651 566 5697 tegrum
611 5630 901 5699 pervenire
937 5643 1042 5682 non
1081 5630 1277 5697 potuit.
1319 5626 1513 5681 Melius
1552 5627 1697 5681 enim
1745 5625 1927 5694 perfe-

388 5724 635 5783 "Exod.
669 5743 780 5792 xlv,
807 5726 866 5782 2.
942 5725 963 5757 ³
994 5723 1034 5777 ll
1060 5722 1200 5776 Tim.
1236 5739 1315 5782 Ill,
1351 5720 1435 5777 12.
1547 5721 1590 5751 ²⁰
1612 5719 1710 5776 Job
1747 5738 1839 5781 vn.
1872 5721 1923 5792 1.

351 5797 439 5861 Η.
472 5800 559 5852 12.
640 5798 682 5829 ¹’⁵
712 5797 899 5851 Matth.
932 5810 1044 5851 XVI.
1083 5795 1169 5848 18.
1249 5794 1291 5824 ¹⁵
1317 5792 1503 5845 Matth.
1534 5807 1643 5854 XIV,
1671 5793 1759 5846 5L

355 5867 397 5895 "
421 5869 562 5927 Psal.
593 5883 792 5934 cxxxv,
819 5867 902 5920 15.

674 5962 945 6021 Paeon.
992 5960 1110 6019 Gtt.
1162 5958 1299 6018 ΧΠ.

1840 5791 1882 5821 ⁸⁸
1924 5788 2092 5843 Exod.
2127 5799 2237 5846 xw,
2271 5781 2356 5834 12.

982 5868 1026 5897 ’θ’
1053 5863 1192 5919 Psal.
1220 5879 1387 5927 uvtt,
1418 5862 1507 5923 ‘28,
1539 5862 1627 5917 9.9.
1671 5865 1711 5895 ²¹
1750 5863 1765 5915 1
1798 5860 1923 5917 Cor.
1955 5875 2009 5925 κ,
2038 5858 2090 5910 9..
2156 5936 2159 5937 ν

2049 4699 2363 4756 enumerari
2400 4699 2614 4752 videtur
2644 4698 2942 4768 ingressus.
2980 4696 3103 4750 lltee
3133 4713 3161 4750 a
3190 4697 3488 4766 majoribus
3521 4700 3621 4753 ob-

2048 4800 2267 4847 servata
2312 4790 2367 4842 in
2419 4787 2726 4857 Scripturis
2774 4786 2991 4848 divinis,
3051 4786 3363 4854 religiosum
3416 4786 3619 4839 credidi

2051 4896 2155 4936 non
2187 4890 2387 4934 tacere.
2417 4879 2560 4945 Quid
2606 4893 2738 4944 ergo
2780 4892 2875 4930 nos
2904 4878 3162 4930 docemur
3188 4892 3282 4945 per
3314 4878 3470 4930 haec?
3498 4877 3618 4932 Jam

2044 4974 2296 5042 superius
2324 4973 2558 5027 diximus
2603 4971 2726 5039 quis
2760 4972 2834 5022 sit
2865 4969 2915 5021 in
2962 4968 3046 5022 his
3073 4969 3315 5038 Apostoli
3342 4971 3616 5023 sensus".

2039 5065 2370 5136 Baptismum
2423 5065 2525 5119 hoc
2580 5060 2821 5115 nominat
2870 5060 2921 5112 in
2957 5059 3136 5131 Moyse
3172 5071 3611 5114 consummatum

2038 5158 2091 5212 in
2128 5158 2270 5211 nube
2292 5167 2347 5211 et
2379 5157 2431 5210 in
2456 5156 2617 5219 mari,
2649 5166 2702 5207 ut
2732 5166 2786 5208 et
2822 5164 2874 5207 tu
2909 5153 2999 5221 qui
3031 5153 3330 5222 baptizaris
3359 5153 3411 5204 in
3448 5152 3609 5206 Chri-

2034 5258 2136 5309 sto,
2169 5248 2221 5302 in
2256 5262 2396 5316 aqua
2426 5256 2480 5300 et
2526 5246 2578 5299 in
2633 5244 2840 5314 Spiritu
2877 5255 3089 5306 sancto,
3114 5295 3119 5301 ,
3147 5243 3289 5296 scias
3352 5240 3605 5293 insectari

2032 5340 2253 5409 quidem
2301 5347 2423 5408 post
2468 5349 2520 5393 te
2570 5337 2879 5409 Egyptios,
2917 5346 2971 5389 et
2997 5334 3135 5389 velle
3170 5342 3221 5387 te
3251 5345 3506 5385 revocare
3539 5333 3606 5384 ad

2032 5432 2319 5487 servitium
2366 5444 2549 5497 suum,
2582 5439 2822 5485 rectores
2864 5429 3074 5484 scilicet
3107 5425 3269 5495 hujus
3315 5420 3523 5483 mundi,
3555 5430 3610 5472 et

2030 5525 2305 5595 spiritales
2355 5522 2645 5591 nequitias,
2685 5522 2885 5590 quibus
2922 5531 3082 5573 antea
3122 5511 3445 5571 deservisti.
3478 5509 3609 5576 Qum

2029 5625 2303 5672 conantur
2342 5612 2560 5681 quidem
2616 5621 2669 5665 te
2705 5609 2942 5677 insequi,
2985 5607 3080 5663 sed
3126 5613 3181 5659 tu
3228 5600 3514 5659 descendis
3553 5600 3606 5653 in

2037 5716 2078 5748 “
2116 5711 2288 5767 Exod.
2324 5724 2433 5768 xw,
2466 5707 2553 5761 l9.
2652 5707 2693 5738 ¹²
2718 5705 2872 5760 Joan.
2901 5718 2986 5765 tn.
3024 5702 3112 5757 l9.
3215 5698 3258 5731 ¹³
3287 5695 3458 5768 Exod.
3487 5709 3601 5768 xiv,

2436 5779 2475 5810 "
2507 5776 2661 5842 ibid.,
2692 5776 2774 5829 15.
2856 5773 2898 5804 ’⁸
2926 5774 3082 5828 lium.
3119 5785 3236 5833 vttt,
3274 5769 3358 5827 13,
3395 5765 3588 5823 9.6.27.

3209 5932 3274 5989 ll
