4110 6424
481 409 513 447 ο
518 409 549 443 ,ίι

1968 390 2295 451 ORIGENIS

3644 410 3750 465 332

484 514 683 579 aquam
709 517 764 562 et
795 508 979 562 evadis
1012 507 1341 574 incolumis;
1381 517 1544 579 atque
1591 509 1792 565 ablutis
1821 512 2070 565 sordibus
2103 519 2143 574 Α
2176 514 2330 582 gains
2383 512 2497 566 hcce
2548 512 2718 578 dices,
2750 514 2793 568 si
2843 513 3098 568 habueris
3134 526 3445 587 tympanum
3492 519 3543 572 in
3588 538 3748 577 manu

483 614 869 673 peccatorum,
932 604 1094 657 homo
1150 617 1319 656 novus
1372 601 1665 665 ascendis,
1720 612 1941 671 paratus
1995 605 2061 657 ad

484 697 814 752 cantandum
839 697 1114 749 canticum
1143 710 1360 748 novum.
1389 693 1628 765 {Egyptii
1664 710 1793 749 vero
1837 705 1961 766 post
2012 707 2063 750 te

484 791 858 858 insequentes.
887 788 1273 857 demergent-ur
1321 788 1372 839 in
1412 786 1688 856 abyssum,
1718 788 1929 841 etiamsi
1976 787 2059 841 vi-

481 879 680 930 dentur
715 874 1123 945 rlignl‘CJCSlllll,
1164 893 1230 928 ne
1251 877 1464 929 interim
1493 877 1668 929 mittat
1705 893 1796 931 eos
1826 879 1877 932 in
1899 879 2061 950 abys-

482 985 600 1022 sum
624 970 689 1022 τ’,
736 967 843 1022 Sed
878 979 927 1021 et
960 968 1121 1021 alium
1160 984 1223 1021 cx
1273 969 1356 1020 his
1392 970 1638 1037 accipere
1662 984 1951 1039 possumus
1977 972 2056 1023 in-

485 1062 782 1114 tellectum.
818 1059 873 1113 Si
908 1058 1203 1130 Egyptnm
1240 1062 1436 1130 fugias,
1477 1062 1520 1115 si
1554 1060 1876 1130 ignorantizr
1905 1072 2058 1115 tene-

482 1155 612 1206 bras
660 1153 952 1221 relinquas,
979 1163 1032 1205 ct
1059 1154 1307 1221 sequaris
1344 1154 1515 1223 legem
1562 1153 1653 1207 Dei
1687 1153 1930 1223 Moysen,
1964 1153 2059 1205 oh-

483 1248 595 1298 viet
626 1254 806 1297 autem
855 1243 951 1296 tibi
1000 1257 1170 1306 mare,
1197 1253 1250 1295 et
1292 1244 1785 1297 contradicentium
1827 1244 1921 1297 tibi
1953 1244 2059 1297 llu-

482 1345 602 1388 ctus
631 1340 941 1395 occurrant,
973 1344 1194 1400 percute
1245 1342 1297 1385 tn
1328 1334 1673 1387 ohliictaiites
1704 1335 1876 1387 undas
1906 1336 2054 1402 virga

482 1427 675 1497 Moysi,
703 1427 753 1480 id
796 1437 878 1479 est
927 1428 1094 1478 verbo
1142 1427 1294 1495 legis,
1334 1437 1386 1480 et
1423 1427 1701 1495 vigilantia
1745 1427 2055 1495 Scriptura-

483 1534 603 1571 rum
630 1519 735 1571 iter
768 1517 860 1570 tibi
890 1517 989 1585 ipsi
1019 1516 1344 1581 disputando
1375 1531 1470 1585 per
1499 1516 1840 1569 adversarios
1858 1515 2054 1583 pande,

481 1612 681 1663 cedent
730 1610 886 1661 undze
931 1609 1216 1669 continuo,
1252 1618 1305 1659 et
1343 1607 1588 1676 superati
1632 1606 1829 1661 ﬂuctus
1878 1606 2054 1660 locum

478 1698 778 1753 victoribus
812 1698 1057 1762 dahiint,
1109 1696 1539 1765 mirantibusque
1590 1705 1645 1751 et
1699 1697 1945 1750 attonitis
1992 1712 2057 1750 ac

478 1798 699 1857 stupore
742 1786 934 1842 deﬁxis
974 1789 1061 1841 his
1100 1789 1191 1858 qui
1235 1786 1395 1858 paulo
1444 1797 1569 1841 ante
1600 1788 2051 1854 adversabantur,

2170 617 2284 668 tua,
2322 607 2372 659 id
2400 616 2482 659 est
2534 607 2576 661 si
2607 622 2829 661 carnem
2880 617 3023 662 tuam
3060 612 3402 667 crucilixeris
3446 630 3569 667 cum
3604 616 3749 671 vitiis

2165 710 2218 752 et
2253 699 2727 767 concupiscentiis,
2752 708 2807 752 et
2839 699 2884 754 si
2912 702 3327 757 inortilicaveris
3362 705 3608 759 membra
3634 717 3751 775 tua,

2165 807 2286 861 quae
2333 800 2455 845 sunt
2494 806 2657 858 super
2692 801 2913 845 terram.
2960 793 3025 846 Et
3087 802 3266 850 tamen
3310 797 3589 852 videamus
3620 799 3750 866 quid

2166 886 2291 938 dicit
2327 904 2337 938 :
2379 903 2396 935 i
2437 884 2732 938 Cantemus
2780 883 3026 947 Domino,
3064 886 3300 955 gloriose
3335 891 3481 942 enim
3527 890 3752 944 honori--

2167 977 2355 1031 lieatiis
2395 985 2497 1038 cst,
2532 996 2549 1028 ι
2586 978 2737 1040 quasi
2781 993 2883 1031 non
2930 978 3199 1031 sulliceret
3235 998 3247 1033 :
3288 998 3306 1032 ι
3352 981 3746 1035 honorilicalns

2162 1078 2266 1133 est,
2306 1088 2323 1120 ι
2360 1068 2454 1121 sed
2502 1067 2756 1121 addidit:
2797 1088 2813 1119 ι
2855 1068 3085 1137 gloriose
3141 1071 3535 1125 liouorilicatus
3582 1083 3686 1127 est.
3720 1093 3738 1123 ι

2165 1164 2420 1230 Equidem
2462 1171 2725 1231 quantum
2776 1180 2993 1233 possum
3040 1163 3332 1231 conjicere,
3370 1169 3584 1219 videtur
3610 1169 3740 1220 mihi

2162 1254 2305 1306 aliud
2335 1267 2453 1306 esse
2476 1252 2798 1319 glorilicari,
2830 1252 2976 1305 aliud
3004 1253 3239 1321 gloriose
3261 1253 3581 1324 glorillcari.
3607 1256 3740 1310 Nam

2163 1343 2422 1397 Dominus
2481 1359 2635 1397 meus
2689 1341 2847 1396 Jesus
2894 1342 3169 1407 Christus,
3221 1360 3340 1397 cum
3395 1360 3615 1399 Carnem
3669 1361 3735 1399 ex

2163 1434 2385 1504 Virgine
2419 1435 2586 1489 Maria
2618 1452 2716 1504 pro
2743 1437 2922 1490 salute
2959 1447 3145 1490 nostra
3178 1438 3441 1505 suscepit,
3470 1438 3743 1506 gloriﬁca-

2162 1536 2248 1581 tus
2266 1538 2347 1581 est
2373 1526 2613 1596 quidem,
2638 1527 2762 1594 quia
2798 1528 2945 1581 venit
2967 1542 3213 1596 quaerere
3240 1526 3380 1596 quod
3409 1527 3647 1595 perierat
3671 1528 3739 1589 ³⁸,

2162 1637 2267 1674 non
2306 1629 2483 1672 tamen
2520 1618 2757 1688 gloriose
2799 1619 3133 1688 gloriﬁcatus
3187 1628 3291 1672 est.
3342 1618 3550 1671 Dicitur
3594 1620 3740 1670 enim

2160 1712 2225 1765 de
2254 1713 2371 1781 ipso
2393 1712 2462 1779 ’⁷,
2492 1711 2614 1779 quia
2643 1730 2662 1762 ι
2695 1712 2930 1765 vidimus
2958 1726 3105 1774 eum,
3132 1718 3186 1763 et
3220 1724 3325 1762 non
3351 1710 3584 1764 habebat
3612 1724 3738 1777 Spe.

2159 1806 2295 1856 ciem
2335 1818 2508 1869 neque
2544 1802 2817 1865 decorem,
2849 1811 2904 1854 et
2934 1800 3111 1854 vultus
3145 1800 3259 1868 ejus
3292 1798 3544 1865 ignobilis
3579 1813 3742 1866 super

476 1881 741 1949 legitimis
775 1889 827 1933 tu
875 1880 1302 1946 disputationum
1349 1880 1505 1933 lineis
1543 1890 1750 1934 rectum
1798 1880 1917 1932 lidci
1954 1881 2056 1935 iter

2164 1896 2303 1948 ﬁlios
2332 1895 2632 1947 hominum.
2661 1912 2679 1944 ι
2703 1892 3052 1948 Glorilicatus
3082 1901 3164 1945 est
3190 1900 3245 1944 et
3269 1905 3392 1944 cum
3425 1895 3491 1941 ad
3522 1902 3739 1942 crucem

474 1972 707 2035 secabis,
756 1979 813 2023 ct
861 1971 1131 2023 iiitautuin
1180 1971 1439 2024 doctrina:
1487 1972 1651 2024 verbo
1697 1969 2056 2040 proﬁcies,ut

476 2064 761 2116 auditores
796 2063 897 2124 tui,
923 2076 1062 2131 quos
1095 2061 1147 2114 in
1181 2062 1329 2129 virga
1364 2061 1498 2131 legis
1525 2062 1777 2125 eruilisti,
1813 2061 1911 2130 ipsi
1941 2061 2053 2130 jam

478 2167 669 2209 contra
702 2153 1005 2224 Egyptios,
1029 2154 1175 2207 velut
1211 2152 1406 2207 ﬂuctus
1438 2154 1605 2207 maris
1648 2153 1955 2223 insurgant,
2001 2163 2057 2208 et

479 2264 584 2302 non
620 2246 796 2300 solum
826 2248 1143 2314 iinpugnent
1164 2260 1280 2310 eos,
1303 2245 1396 2297 sed
1423 2258 1473 2298 et
1494 2254 1751 2313 superent
1774 2257 1827 2298 et
1846 2246 2057 2298 exstin-

477 2350 665 2408 guant.
699 2338 1004 2404 Exstinguit
1039 2351 1273 2406 namque
1314 2335 1653 2406 Egyptiinn,
1684 2337 1774 2405 qui
1805 2353 1909 2390 non
1945 2338 2057 2407 agit

472 2448 641 2501 opera
692 2432 1063 2484 tenebrarum.
1111 2428 1418 2497 Exstinguit
1449 2428 1783 2498 Egyptium,
1826 2429 1916 2497 qui
1945 2445 2050 2482 non

476 2525 794 2587 carnaliter,
826 2522 919 2575 sed
966 2520 1327 2591 spiritualiter
1354 2521 1508 2574 vivit.
1542 2521 1851 2591 Exstinguit
1883 2520 2054 2592 Egy-

476 2622 674 2689 ptiiim,
706 2616 797 2685 qui
827 2615 1189 2683 cogitationes
1219 2615 1467 2667 sordidas
1498 2624 1551 2668 et
1575 2614 1817 2680 impuras
1849 2616 1926 2667 vel
1958 2615 2055 2668 de-

474 2712 629 2781 pellit
687 2726 752 2764 ex
821 2710 1008 2772 corde,
1076 2706 1159 2761 vel
1222 2706 1448 2760 omnino
1503 2722 1606 2759 non
1670 2707 1885 2774 recipit,
1941 2708 2052 2778 sic-

484 2817 539 2858 ut
582 2813 637 2856 et
685 2801 974 2870 Apostolus
1021 2800 1151 2854 dicit
1181 2799 1269 2854 ":
1305 2818 1321 2850 ι
1353 2799 1707 2852 Assiimentes
1741 2806 1951 2850 scutum
1989 2796 2053 2848 li-

475 2897 561 2950 dei
599 2898 651 2949 in
696 2909 805 2961 quo
845 2906 1132 2962 possumus
1179 2890 1360 2944 omnia
1403 2888 1581 2955 jacula
1632 2888 1851 2957 maligni
1885 2886 2053 2956 ignita

474 2987 846 3055 exstinguere.
877 3004 894 3036 ι
938 2983 1050 3037 lloc
1072 2984 1214 3036 enim
1246 2981 1403 3035 modo
1438 2995 1731 3049 possumus
1762 2978 1924 3033 etiam
1958 2979 2055 3032 ho-

475 3081 562 3135 die
590 3078 880 3149 Aigyptios
908 3077 1093 3130 videre
1120 3082 1384 3141 mortuos,
1420 3085 1474 3128 et
1495 3073 1743 3143 jai-eiites
1780 3072 1846 3125 ad
1881 3071 2050 3136 littus,

477 3168 751 3238 submergi
808 3167 1100 3237 quadrigas
1160 3180 1347 3218 eorum
1395 3173 1450 3217 et
1506 3177 1699 3232 equos.
1752 3159 2053 3215 Possumus

2160 1988 2327 2050 venit,
2361 1995 2415 2040 et
2447 1986 2669 2055 pertulit
2707 1995 2962 2040 mortem.
2997 1985 3091 2039 Vis
3130 1983 3273 2038 scire
3302 1996 3430 2050 quia
3471 1979 3741 2049 glorit‘n-a-

2160 2090 2247 2134 tus
2281 2080 2401 2133 est?
2435 2079 2553 2149 Ipse
2598 2078 2881 2133 dicebat"
2914 2094 2927 2132 :
2970 2097 2987 2127 ι
3021 2075 3205 2141 Pater,
3249 2075 3395 2127 venit
3445 2076 3599 2133 liora,
3626 2073 3738 2125 cla-

2162 2173 2309 2225 riﬁca
2343 2170 2535 2224 Filium
2580 2180 2756 2233 tuum,
2812 2176 2868 2221 tit
2920 2167 3085 2221 Filius
3136 2178 3258 2219 tuus
3300 2167 3563 2218 clarilicet
3603 2174 3671 2216 te.
3715 2180 3733 2213 ι

2159 2266 2287 2320 Erat
2316 2282 2445 2333 ergo
2469 2265 2516 2319 ei
2544 2264 2740 2335 gloria,
2768 2264 2930 2318 etiam
2966 2264 3077 2333 ipsa
3106 2263 3289 2332 [ηδτ-ιο
3315 2262 3517 2322 crucis,
3550 2274 3737 2313 verum

2157 2353 2327 2422 gloria
2361 2353 2477 2407 haec.
2509 2367 2616 2405 non
2648 2363 2763 2405 erat
2808 2352 3063 2421 gloriosa,
3091 2352 3183 2404 sed
3219 2351 3454 2405 humilis.
3500 2350 3740 2417 Denique

2158 2445 2356 2497 dicitur
2382 2445 2446 2496 de
2474 2460 2539 2497 eo
2562 2444 2643 2496 “:
2683 2463 2699 2495 ι
2740 2443 3052 2497 llumiliavit
3083 2458 3143 2496 se
3178 2458 3350 2512 usque
3379 2443 3444 2495 ad
3482 2450 3738 2504 mortem.

2158 2543 2385 2587 inuitem
2441 2543 2620 2586 autem
2668 2533 2865 2586 cruris.
2910 2552 2927 2583 ι
2979 2534 3050 2586 De
3100 2548 3206 2601 quo
3263 2533 3428 2585 etiam
3479 2532 3739 2600 prepheta

2158 2625 2481 2694 praedixerat
2516 2623 2558 2655 ⁸ο
2600 2640 2614 2676 :
2663 2641 2681 2674 ι
2734 2622 2904 2676 Morte
2956 2622 3264 2690 turpissima
3318 2623 3741 2675 condemnemus

2156 2733 2301 2771 eum.
2342 2736 2359 2769 ι
2395 2716 2498 2769 Sed
2539 2725 2593 2769 et
2638 2714 2807 2768 Isaias
2863 2715 2995 2769 dicit
3046 2717 3111 2769 de
3158 2732 3221 2767 eo
3246 2715 3287 2744 ³⁸
3324 2733 3336 2769 :
3376 2734 3393 2763 α
3436 2714 3488 2767 In
3524 2714 3744 2767 humili-

2159 2816 2267 2861 tate
2292 2807 2553 2876 judicium
2590 2805 2707 2874 ejus
2744 2806 3016 2859 sublatum
3047 2816 3155 2859 est.
3200 2824 3218 2857 ι
3258 2803 3311 2857 In
3345 2805 3429 2858 his
3462 2820 3593 2873 ergo
3624 2818 3743 2856 om-

2156 2896 2317 2950 nibus
2359 2895 2691 2962 glorilicatus
2726 2903 2806 2948 est
2851 2896 3134 2961 Dominus,
3192 2896 3311 2959 sed,
3348 2902 3403 2949 ut
3433 2896 3503 2948 ita
3536 2896 3739 2959 dicam,

2158 2987 2456 3050 humiliter,
2484 3002 2587 3039 non
2620 2986 2855 3055 gloriose
2890 2987 3222 3055 gloriﬁcatus
3251 2998 3359 3042 est.
3386 2987 3583 3041 Verum
3612 2986 3739 3054 quia

2161 3096 2179 3129 ε
2220 3082 2331 3132 haec
2381 3080 2668 3146 oportebat
2717 3080 2823 3147 pati
2868 3078 3167 3144 Christum,
3195 3089 3249 3134 et
3284 3080 3364 3133 sic
3410 3079 3636 3133 introire
3687 3077 3737 3131 iu

2156 3170 2382 3241 gloriam
2410 3186 2562 3224 suam
2593 3171 2659 3233 ",
2690 3190 2707 3224 ι
2738 3188 2859 3224 cum
2918 3173 3127 3226 venerit
3174 3174 3227 3225 in
3268 3173 3437 3243 gloria
3483 3171 3660 3225 Patris
3686 3178 3739 3223 et

474 3262 640 3315 itiain
688 3262 865 3329 ipsum
925 3256 1266 3312 Pharaonem
1303 3256 1489 3309 videre
1520 3252 1787 3321 demergi.
1824 3252 1867 3307 si
1901 3260 2049 3305 tanta
2079 3233 2123 3292 θ
2157 3269 2467 3313 sanctorum
2492 3261 2839 3331 angelorum,
2864 3276 2987 3314 cum
3015 3262 3225 3315 venerit
3250 3262 3300 3314 iii
3336 3261 3619 3332 majestate
3642 3276 3737 3314 sua

473 3353 582 3409 ﬁde
609 3350 881 3411 vivamus,
915 3360 974 3401 ut
1009 3348 1148 3401 Deus
1180 3353 1425 3401 conterat
1474 3342 1731 3398 Satanam
1763 3343 1864 3398 sub
1894 3343 2051 3413 pedi-

470 3446 579 3501 bus
612 3441 817 3497 nostris
842 3440 890 3472 ”
921 3441 1184 3495 velociter
1221 3454 1315 3509 per
1349 3436 1534 3492 Jesum
1566 3437 1843 3492 Christum
1870 3436 2053 3491 Donii-

469 3552 605 3593 num
641 3543 912 3597 nostrum,
948 3533 1034 3586 cui
1067 3542 1147 3585 est
1177 3531 1344 3601 gloria
1374 3538 1428 3584 et
1452 3529 1741 3598 imperium
1766 3528 1819 3582 iii
1853 3528 2053 3583 smcula

473 3630 816 3685 uinculorum.
860 3626 1053 3679 Anien.

1064 3777 1344 3834 llOlilLlA
1382 3776 1467 3834 Vl.

477 3898 555 3953 De
599 3897 804 3951 cantico
854 3895 995 3963 quod
1054 3892 1284 3945 cantavit
1328 3889 1540 3963 Moyses
1584 3904 1704 3942 cum
1756 3885 1969 3957 papula,
2005 3895 2052 3939 et

926 3964 1105 4019 Maria
1127 3978 1244 4015 cum
1274 3960 1605 4017 mulieribus.

550 4090 605 4142 1.
636 4084 800 4139 Multa
824 4083 1041 4152 quidem
1075 4079 1288 4132 cantica
1314 4077 1428 4131 lieri
1458 4075 1685 4145 legimus
1713 4074 1764 4127 in
1801 4073 2054 4141 Scriptu-

478 4181 557 4236 ris
583 4177 803 4240 divinis,
842 4176 1033 4228 horum
1078 4182 1256 4224 tamen
1283 4167 1525 4221 omnium
1546 4168 1777 4235 primum
1811 4164 1953 4219 istud
1974 4172 2058 4218 est

473 4273 774 4336 canticum,
794 4268 935 4337 quod
956 4264 1225 4334 Egyptiis
1255 4269 1312 4315 et
1335 4259 1622 4315 Pharaone
1656 4259 1941 4313 submerso
1960 4274 2057 4329 po-

472 4366 628 4435 pulus
650 4363 739 4416 Dei
768 4359 925 4430 147
956 4368 1079 4427 post
1108 4355 1389 4409 victoriam
1419 4352 1637 4407 cecinit.
1661 4351 1823 4407 Moris
1854 4352 2057 4423 quippe

474 4466 791 4512 sanctorum
826 4462 927 4514 est,
961 4451 1046 4503 ubi
1080 4448 1428 4502 adversarius
1479 4445 1735 4508 vincitur,
1793 4452 2055 4510 tanquam

2152 3354 2401 3424 judicare
2448 3366 2671 3418 terram,
2702 3352 2921 3423 quando
2961 3362 3013 3405 et
3062 3367 3248 3406 verum
3299 3352 3656 3415 Pharaonem,
3686 3351 3739 3404 id

2156 3458 2240 3501 est
2267 3448 2539 3501 diabolum
2596 3448 2890 3503 interliciet
2937 3448 3132 3515 spiritu
3163 3446 3275 3499 oris
3319 3447 3422 3509 sui,
3458 3461 3577 3498 cum
3611 3459 3744 3511 ergo

2169 3540 2456 3609 refulgebit
2488 3540 2539 3593 iu
2576 3539 2855 3608 majestate
2889 3538 3063 3593 Patris
3089 3537 3192 3598 Siti,
3222 3546 3275 3589 et
3302 3545 3422 3606 post
3449 3537 3743 3589 adventum

2158 3630 2513 3697 humilitatis,
2574 3634 2868 3685 secundum
2934 3633 3089 3686 nobis
3148 3632 3201 3685 in
3263 3631 3430 3697 gloria
3493 3630 3746 3683 OSIcndet

2162 3725 2483 3787 adventum,
2533 3735 2658 3776 tunc
2707 3739 2821 3777 non
2870 3725 3041 3778 solum
3090 3723 3421 3795 gloriﬁcatur
3465 3722 3743 3785 Dominus,

2157 3818 2251 3871 sed
2279 3826 2330 3871 et
2357 3816 2595 3885 gloriose
2634 3814 2992 3884 glorificatur,
3030 3830 3151 3868 cum
3193 3830 3382 3867 omnes
3414 3814 3485 3865 ita
3521 3811 3746 3866 honori-

2160 3910 2323 3961 licant
2354 3907 2574 3973 Filium,
2608 3910 2749 3962 sicut
2782 3906 3145 3963 honoriﬁcam
3173 3906 3389 3961 Patrem
3420 3904 3487 3957 ³³.

2228 4002 2282 4054 2.
2322 4019 2340 4051 ι
2395 4000 2603 4069 Equum
2653 4010 2706 4054 et
2749 4015 3094 4054 ascensorem
3158 3997 3388 4068 projecit
3436 3996 3487 4049 iu
3542 4007 3743 4053 mare:

2158 4094 2370 4160 adjutor
2399 4102 2452 4145 et
2484 4101 2757 4160 protector
2791 4093 2969 4145 factus
3002 4100 3085 4144 est
3112 4091 3242 4142 mihi
3278 4090 3328 4140 in
3364 4088 3590 4141 salutem
3616 4085 3679 4137 “.
3718 4101 3739 4137 ι

2162 4183 2418 4236 lloinines
2447 4184 2538 4252 qui
2574 4197 2674 4235 nos
2716 4183 3097 4250 insequuntur,
3134 4182 3256 4249 equi
3290 4187 3437 4239 sunt,
3473 4186 3547 4239 et,
3582 4184 3639 4227 ut
3671 4174 3743 4227 ita

2159 4278 2357 4341 diciim,
2384 4292 2571 4330 omnes
2598 4276 2687 4343 qui
2736 4276 2788 4329 in
2841 4291 3007 4329 carne
3059 4277 3168 4328 uati
3200 4282 3348 4338 sunt,
3396 4269 3743 4340 singulariter

2159 4370 2281 4437 cqui
2305 4378 2451 4434 sunt,
2480 4368 2571 4422 sed
2598 4368 2649 4422 bi
2681 4367 2883 4422 habent
2907 4381 3234 4421 ascensores
3261 4381 3404 4418 suos.
3433 4364 3571 4416 Sunt
3592 4361 3740 4431 equi,

2159 4476 2295 4530 quos
2324 4460 2580 4514 Dominus
2612 4461 2879 4526 ascendit,
2910 4468 2961 4513 et
3008 4459 3352 4513 circumeunt
3380 4470 3598 4509 onmem
3634 4464 3743 4506 ter-

475 4552 566 4618 qui
595 4550 772 4603 sciant
799 4560 903 4599 non
935 4560 1029 4598 sua
1056 4544 1275 4604 virtute,
1318 4543 1410 4594 sed
1440 4540 1530 4593 Dei
1564 4539 1735 4606 gratia
1767 4538 2052 4591 Victoriam

2163 4568 2276 4605 ram
2312 4569 2325 4604 :
2364 4553 2429 4605 de
2470 4552 2668 4620 quibus
2700 4551 2901 4605 dicitur
2928 4550 3013 4605 ":
3050 4569 3068 4602 ι
3106 4548 3179 4602 Ει
3205 4550 3478 4619 equitatus
3503 4556 3624 4599 tuus
3654 4562 3744 4599 sa-

474 4645 701 4704 l'actam,
748 4641 1005 4709 hymnum
1046 4639 1154 4691 Deo
1198 4633 1582 4705 gratulationis
1627 4630 1844 4684 oll'erre.
1898 4631 2053 4683 Acci-

476 4738 634 4804 piunt
674 4745 876 4793 tamen,
921 4732 1181 4801 hymnum
1224 4736 1505 4789 canentes,
1541 4725 1704 4778 etiam
1744 4734 2057 4793 tympanum

478 4827 530 4879 iu
567 4826 819 4878 inanibus
867 4823 1002 4883 suis,
1057 4819 1195 4873 sicut
1234 4820 1299 4871 de
1341 4816 1509 4869 Maria
1564 4830 1751 4869 sorore
1799 4813 1965 4883 Moysi
2007 4821 2063 4866 rt

477 4924 656 4974 Aaron
692 4920 945 4971 refertur.
981 4914 1046 4967 Et
1076 4921 1131 4967 tit
1166 4926 1296 4980 ergo
1333 4910 1375 4963 si
1413 4923 1563 4961 mare
1600 4905 1848 4960 Rubrum
1884 4915 2063 4959 trans-

475 5012 627 5073 ieris,
673 5010 716 5063 si
750 5007 1031 5078 Egyptios
1060 5006 1111 5060 in
1157 5004 1293 5057 mari
1325 5002 1602 5072 submergi
1633 5000 1831 5055 videris
1865 5008 1920 5051 et
1963 5012 2062 5051 ex-

476 5101 675 5172 stingui
704 5098 1068 5162 Pharaonem,
1098 5106 1258 5165 atque
1284 5097 1335 5149 in
1364 5095 1545 5163 abyssi
1574 5091 1897 5162 profundum
1922 5105 2058 5160 pra:-

474 5192 716 5263 cipitari,
752 5199 904 5259 potes
955 5190 1209 5259 hymnum
1249 5201 1449 5243 canere
1502 5186 1631 5249 Deo,
1686 5195 1836 5253 potes
1875 5197 2058 5236 vocem

476 5284 861 5355 gratulationis
906 5284 1177 5348 emittere,
1210 5293 1267 5337 et
1299 5284 1483 5337 dicere
1516 5296 1528 5333 :
1569 5297 1587 5330 ι
1624 5279 1916 5333 Cantemus
1955 5276 2059 5328 Do-

478 5380 646 5445 mino,
688 5377 923 5449 gloriose
974 5376 1119 5428 enim
1177 5374 1569 5428 bonorilicatus
1613 5381 1716 5435 est,
1759 5385 1959 5438 equnin
2011 5378 2064 5423 et

477 5477 820 5517 ascensorem
842 5463 1070 5532 projecit
1098 5462 1148 5515 in
1181 5476 1328 5514 mare
1350 5462 1416 5514 ⁸³.
1444 5479 1461 5510 i
1483 5461 1670 5514 Melius
1689 5469 1865 5512 autem
1897 5469 1951 5512 et
1981 5460 2063 5512 di-

986 5597 1033 5631 ³³
1050 5598 1267 5679 Ephesi
1292 5612 1365 5660 vt,
1394 5596 1515 5679 16.“
1548 5599 1595 5635 “
1618 5593 1774 5679 Emit.
1800 5613 1911 5660 xu,
1938 5596 2031 5679 29.

1050 5670 1094 5700 ¹⁹
1139 5667 1328 5735 Philip.
1378 5682 1437 5731 ti,
1486 5666 1539 5719 8.
1619 5666 1663 5696 ³⁰
1715 5666 1842 5734 Sap.
1882 5683 1940 5727 ll,
1985 5670 2074 5720 ‘20.

1076 5738 1121 5770 ³⁸
1161 5735 1357 5793 llabac.
1395 5750 1475 5799 ιιι,
1511 5737 1565 5790 8.
1641 5736 1687 5767 ³⁸
1721 5735 1879 5791 Joan.
1912 5737 2074 5799 Xlit,i

549 5598 593 5628 ²¹
624 5597 812 5655 Matth.
834 5614 916 5653 ιιι.

477 5664 524 5697 ’⁸
551 5665 704 5719 Joau.
746 5684 876 5731 xvn,
923 5668 974 5725 ‘l.

481 5734 527 5770 ⁸³
548 5737 718 5792 Exod.
748 5754 836 5802 xv,
869 5741 920 5803 1,
944 5739 1001 5791 2.

2110 5598 2154 5629 ³⁵
2178 5599 2347 5653 Exod.
2377 5615 2467 5664 xv,
2501 5599 2550 5653 l.
2610 5600 2656 5630 '°
2683 5599 2871 5654 Matth.
2910 5616 3060 5665 .\\‘ltl,
3092 5601 3176 5653 Η.

1641 5736 1687 5767 ³⁸
1721 5735 1879 5791 Joan.
1912 5752 2027 5801 xm,
2058 5737 2147 5791 27.

2161 4642 2263 4694 liis.
2302 4660 2321 4692 ι
2351 4641 2490 4695 Sunt
2521 4653 2699 4694 autem
2732 4641 2878 4711 equi,
2916 4640 3008 4709 qni
3043 4652 3366 4693 ascensores
3399 4636 3597 4691 habent
3629 4636 3745 4687 dia-

2162 4733 2338 4787 holuin
2380 4732 2455 4805 (9)
2492 4741 2546 4785 et
2590 4734 2809 4803 angelos
2855 4732 2993 4801 ejus.
3042 4730 3206 4784 ludas
3254 4742 3427 4798 equus
3466 4738 3612 4783 erat:
3654 4724 3746 4779 sed

2160 4821 2331 4874 donec
2376 4836 2722 4875 ascensorem
2777 4822 2968 4874 habuit
3024 4820 3335 4884 Dominum,
3378 4818 3445 4872 de
3494 4818 3742 4885 equitatu

2165 4912 2260 4964 l'uit
2311 4912 2523 4966 salutis.
2579 4912 2713 4967 Cum
2767 4913 2981 4967 caeteris
3031 4911 3177 4965 enim
3218 4910 3480 4980 apostolis
3524 4912 3743 4963 missus.

2162 5004 2382 5072 aegrotis
2416 5003 2646 5057 salutem
2679 5013 2735 5057 et
2762 5004 3052 5059 sanitatem
3096 5001 3481 5071 languentibus
3520 5008 3746 5067 praesta—

2161 5098 2272 5149 bat.
2326 5096 2430 5149 Sed
2481 5098 2569 5150 tibi
2629 5111 2687 5150 se
2741 5096 2958 5152 diabolo
3009 5096 3331 5158 substravit,
3373 5101 3492 5163 post
3529 5090 3747 5146 buccel-

2164 5187 2267 5241 lam
2299 5188 2443 5242 enim
2476 5190 2717 5244 introivit
2767 5190 2821 5241 in
2855 5191 3003 5242 illum
3038 5188 3269 5241 Satanas
3300 5186 3366 5250 ³⁸,
3403 5193 3459 5240 et
3490 5196 3750 5238 ascensor

2168 5281 2334 5348 ipsius
2379 5281 2601 5333 cll'ectus
2648 5292 2732 5335 cst
2782 5281 3035 5341 Satanas,
3087 5290 3137 5333 ct
3191 5263 3334 5333 illius
3385 5277 3612 5331 habenis
3653 5276 3752 5329 du-

2166 5384 2287 5425 i-tns
2340 5375 2595 5425 adversus
2655 5372 2940 5424 Dominum
2992 5382 3049 5424 et
3106 5369 3445 5423 Salvatorein
3498 5377 3749 5421 nostrum

2171 5467 2332 5532 coepit
2363 5464 2636 5533 equitare.
2671 5463 2871 5519 Omnes
2899 5478 3027 5533 ergo
3060 5463 3147 5530 qui
3189 5470 3594 5530 persequuntur
3622 5472 3751 5510 san.

3254 5599 3297 5631 ²⁷
3324 5598 3424 5652 lsa.
3455 5612 3571 5659 Lttl,
3602 5594 3660 5657 2,
3692 5595 3750 5650 5.

2154 5670 2193 5700 ³¹
2224 5671 2321 5723 lsa.
2375 5686 2490 5733 Lt-tl,
2523 5672 2574 5725 8.
2655 5670 2698 5701 ³¹
2728 5670 2855 5726 Luc.
2901 5664 3053 5739 sxw,
3094 5670 3184 5725 ‘36.
3263 5668 3311 5711 ³³
3353 5668 3510 5724 loan.
3554 5681 3612 5733 v,
3648 5664 3740 5720 Ξῖ.

562 5853 635 5921 (9)
663 5850 756 5905 Sic
804 5866 971 5921 mss.;
1022 5852 1156 5907 alias
1201 5867 1351 5920 vero,
1406 5870 1422 5903 i
1466 5867 1810 5908 ascensorem
1865 5853 2063 5907 habent
2114 5854 2407 5909 diabolum.
2446 5872 2467 5907 ι
