4110 6392
378 380 478 438 555

1586 370 1649 423 IN
1690 367 1978 423 EXODUM
2022 364 2303 420 llOMlLlA
2340 364 2426 418 Vl.

3540 362 3640 426 πη

365 516 501 570 etos,
532 503 656 573 equi
686 512 814 556 sunt
865 496 1193 559 hinnientes,
1240 494 1333 548 sed
1375 492 1577 547 habent
1611 505 1952 555 ascensores,
1986 495 2031 551 Α
2060 498 2229 550 ctum,
2257 486 2335 539 vel
2369 486 2751 547 centesimum,
2785 482 2863 535 Vl'l
2909 483 3330 550 su‘xagesiuutm,
3360 484 3647 539 vultui“...

365 600 564 669 quibus
609 605 873 664 aguntur,
930 589 1151 656 angelos
1213 586 1416 648 malos,
1470 594 1525 638 et
1574 585 1694 637 ideo
1749 583 1956 637 feroces

369 699 516 745 sunt.
546 688 604 743 Si
635 700 766 755 ergo
799 681 1001 736 videris
1041 679 1334 747 aliquando
1364 686 1772 748 persecutorem
1803 684 1955 729 tuum

372 781 594 837 nimium
651 775 995 837 saevientem,
1048 773 1188 827 scito
1240 769 1365 839 quia
1396 769 1464 823 ab
1513 783 1807 823 ascensore
1860 781 1959 821 suo

373 873 614 926 datmone
641 871 990 936 perurgetur,
1018 871 1074 917 et
1102 861 1222 914 ideo
1250 873 1446 922 stevus,
1474 857 1595 911 ideo
1624 856 1961 911 truculentus

372 973 472 1019 est.
509 962 770 1016 Dominus
796 972 929 1025 ergo
958 973 977 1006 ι
1014 969 1214 1023 equum
1261 960 1317 1006 et
1351 966 1699 1008 ascensorem
1733 949 1961 1019 proiecit

376 1057 427 1110 in
470 1069 640 1118 mare,
676 1064 729 1105 et
776 1052 952 1103 t'actus
985 1056 1069 1101 est
1110 1045 1239 1099 mihi
1283 1044 1337 1098 in
1388 1041 1639 1097 salutem.
1682 1040 1779 1095 llic
1824 1042 1963 1094 Deus

379 1163 547 1209 meus,
600 1156 656 1199 et
706 1142 1082 1198 honoriticaho
1132 1153 1279 1202 eum,
1333 1136 1476 1190 Deus
1524 1135 1694 1206 patris
1744 1135 1870 1199 mei,
1909 1145 1964 1189 et

379 1240 631 1296 exaltabo
686 1252 831 1290 eum.
870 1255 889 1284 ι
932 1232 1028 1285 llic
1086 1245 1216 1300 ergo
1270 1237 1321 1281 et
1374 1242 1525 1281 meus
1565 1238 1647 1280 est
1702 1226 1864 1288 Deus,
1910 1235 1965 1280 et

388 1333 527 1386 Deus
562 1329 733 1394 patris
761 1327 886 1380 mei.
920 1324 1082 1380 Pater
1137 1333 1324 1375 noster
1362 1320 1453 1387 qui
1509 1334 1607 1371 nos
1639 1316 1769 1371 fecit
1795 1328 1848 1371 et
1875 1333 1967 1387 ge-

392 1425 527 1485 nuit,
561 1421 806 1475 Christus
834 1426 940 1479 est,
983 1422 1039 1469 et
1073 1414 1188 1483 ipse
1214 1412 1344 1466 dicit
1373 1410 1417 1443 ³⁷
1448 1428 1461 1463 :
1495 1428 1514 1462 ι
1557 1409 1705 1463 Vado
1754 1411 1819 1462 ad
1864 1407 1968 1462 Pa-

393 1524 522 1569 trem
574 1527 750 1566 meum
799 1518 855 1565 Cl.
902 1508 1119 1563 Patrem
1168 1513 1431 1564 VBSU'UID,
1469 1502 1638 1556 Deum
1687 1515 1866 1555 meum
1914 1509 1967 1553 ει

385 1606 547 1664 Deum
573 1612 838 1657 vestrum.
871 1619 891 1654 ι
921 1600 977 1654 Si
1004 1614 1133 1670 ergo
1158 1611 1448 1668 agnoscam
1469 1594 1613 1664 quod
1643 1594 1784 1648 Deus
1815 1608 1968 1647 meus

384 1698 453 1753 sit
479 1695 641 1758 Deus,
676 1693 995 1764 glorilieabo
1024 1706 1170 1749 enm.
1197 1689 1256 1744 Si
1283 1702 1413 1743 vero
1438 1686 1602 1741 etiam
1631 1686 1772 1739 istud
1804 1699 1969 1755 agno-

382 1801 554 1851 scam,
580 1783 857 1855 quomodo
911 1781 1084 1852 patris
1128 1778 1233 1833 mei
1284 1776 1485 1833 Christi
1516 1776 1586 1831 sit
1622 1774 1788 1839 Deus,
1820 1774 1969 1829 exal-

2058 580 2279 633 simum.
2307 578 2525 648 Triplex
2557 593 2791 644 namque
2820 588 2903 629 est
2934 578 3095 631 etiam
3140 579 3275 630 bene
3307 577 3497 643 agendi
3535 578 3643 637 via,

2061 669 2414 723 nihilominus
2461 671 2605 723 enim
2656 667 2739 721 vel
2788 684 2974 738 opere,
3020 668 3103 722 vel
3158 668 3510 737 cogitatione,
3563 669 3646 721 vel

2060 760 2229 814 verbo
2268 760 2391 815 boui
2426 760 2628 828 aliquid
2680 761 2880 829 agitur.
2936 759 3049 814 Hoc
3101 761 3246 815 enim
3286 762 3558 828 signiﬁcat
3595 774 3650 816 et

2063 850 2376 921 Aposmlus,
2412 866 2534 905 cum
2572 852 2704 905 dicit
2730 850 2809 905 ἠε
2840 869 2857 902 ι
2889 851 2990 919 Qui
3027 863 3206 906 autem
3231 854 3458 907 reddit-at
3488 848 3652 922 Super

2066 942 2476 999 fundamentum
2520 946 2641 1011 hoc,
2681 960 2895 1009 aurum,
2933 956 3238 1016 argentum,
3287 946 3491 1014 lapides
3522 963 3651 1014 pre-

2067 1036 2258 1101 tiosos,
2300 1057 2318 1089 ι
2352 1036 2615 1105 triplicem
2647 1038 2911 1092 honorum
2947 1039 3195 1093 iudicans
3226 1039 3388 1093 viam.
3422 1038 3653 1105 thjuu-

2067 1130 2143 1198 git
2185 1128 2535 1182 nihilominus
2573 1130 2839 1199 triplicem
2881 1129 3045 1183 etiam
3088 1130 3378 1194 malorum,
3415 1147 3536 1183 cum
3568 1133 3652 1183 di-

2068 1222 2185 1285 cit;
2222 1240 2242 1273 ι
2288 1221 2477 1292 Ligna,
2531 1221 2774 1289 frenum,
2824 1224 3101 1294 stipulam.
3154 1225 3296 1279 »15ιί
3344 1240 3476 1296 ergo
3518 1225 3654 1278 tertii

2069 1323 2302 1369 statores
2327 1324 2453 1367 sunt
2486 1314 2660 1385 angeli
2697 1332 2926 1385 nequam
2960 1319 3025 1370 de
3057 1318 3298 1371 exercitu
3332 1316 3656 1383 Pharaonis,

2069 1404 2158 1471 qui
2195 1412 2339 1459 stant
2368 1404 2420 1458 in
2471 1406 2844 1474 hujuscemodi
2895 1408 3021 1471 viis,
3064 1410 3422 1463 observantes
3458 1426 3659 1463 unum-

2070 1511 2342 1566 quemque
2372 1507 2620 1551 nostrum
2655 1514 2752 1568 per
2786 1501 2900 1554 haec
2935 1501 3039 1554 iter
3075 1518 3237 1571 agere
3269 1503 3319 1556 in
3350 1512 3656 1570 peccaturo,

2071 1602 2208 1655 quos
2240 1588 2503 1659 demergit
2538 1590 2800 1644 Dominus
2834 1592 2884 1645 iu
2916 1593 3160 1648 Rubrum
3193 1609 3365 1657 mare,
3392 1604 3446 1649 et
3480 1595 3663 1665 ignitis

2070 1693 2166 1733 eos
2191 1680 2241 1731 iu
2268 1679 2455 1750 judicii
2502 1682 2588 1735 die
2630 1680 2882 1740 ﬂuctibus
2915 1685 3111 1749 tradet,
3145 1700 3210 1741 ac
3255 1702 3537 1755 pmuarum
3568 1703 3660 1756 pc-

2077 1768 2200 1840 lago
2237 1780 2403 1838 teget,
2447 1773 2490 1826 si
2537 1781 2592 1826 tu
2642 1774 2808 1827 Deum
2841 1791 3078 1844 sequens
3112 1776 3178 1832 de
3219 1791 3408 1832 eorum
3440 1786 3491 1831 te
3520 1786 3667 1847 pote-.-

387 1879 515 1933 tabo
550 1854 697 1932 eum.
733 1875 910 1931 Altior
947 1886 1183 1941 namque
1214 1869 1523 1925 intellectus
1562 1877 1667 1929 est,
1696 1868 1971 1937 quomodo
2003 1854 2046 1913 Β
2076 1872 2217 1916 state
2248 1865 2608 1918 subtraxeris.

383 1970 631 2025 Christus
662 1976 723 2022 ut
754 1968 916 2022 unius
952 1966 1044 2021 Dei
1076 1965 1410 2033 constringat
1443 1973 1498 2016 et
1529 1961 1735 2014 muniat
1766 1960 1970 2014 verita-

385 2071 512 2126 tem,
540 2064 709 2117 Deum
742 2076 898 2115 suum
928 2059 1080 2125 dicit,
1107 2072 1268 2126 quem
1305 2068 1499 2109 natura
1537 2052 1756 2111 Patrem
1789 2064 1970 2105 vocat.

390 2172 409 2206 ι
452 2156 595 2209 Deus
616 2162 906 2208 conterens
935 2151 1096 2216 bella,
1125 2149 1386 2203 Dominus
1416 2162 1613 2201 nomen
1640 2154 1722 2200 est
1750 2144 1824 2198 illi
1851 2145 1917 2200 ³⁸.
1950 2163 1968 2195 ι

383 2246 520 2301 Nolo
552 2255 731 2315 putes,
755 2245 881 2313 quia
923 2251 1131 2295 tantum
1194 2239 1436 2294 visibiles
1487 2250 1699 2308 pugnas
1742 2235 1978 2289 conterit

386 2339 672 2403 Dominus,
697 2338 791 2394 sed
814 2347 872 2393 et
912 2336 1031 2391 illas
1073 2336 1333 2397 conterit,
1363 2348 1483 2402 qua)
1524 2331 1681 2385 nobis
1706 2339 1832 2385 sunt
1867 2344 1975 2383 non

384 2432 653 2493 adversus
681 2444 903 2486 carnem
945 2439 999 2483 et
1042 2427 1383 2496 sanguinem,
1415 2425 1508 2479 sed
1543 2424 1804 2478 adversus
1833 2422 1981 2492 priu-

390 2524 609 2592 cipatus
635 2531 690 2576 et
718 2530 1013 2590 potestates
1049 2518 1183 2591 (10),
1217 2528 1271 2573 et
1302 2518 1563 2571 adversus
1603 2515 1787 2569 mundi
1823 2516 1980 2582 huius

385 2626 639 2670 rectores
690 2614 1041 2667 tenebrarum
1100 2613 1291 2666 harum
1346 2609 1409 2661 ³⁹.
1449 2627 1467 2661 ι
1527 2607 1789 2662 Dominus
1834 2607 1979 2661 enim

387 2722 596 2763 nomen
648 2718 731 2759 est
771 2705 873 2768 illi,
910 2723 928 2755 ι
976 2713 1172 2759 etnon
1225 2711 1308 2757 est
1359 2700 1463 2754 ulla
1506 2709 1777 2763 creatura,
1832 2697 1984 2763 cujus

398 2798 667 2855 Dominus
702 2814 807 2851 non
839 2797 929 2852 sit.

464 2892 521 2947 3.
565 2910 584 2941 ι
615 2892 920 2959 Quadrigas
947 2888 1268 2953 Pharaonis,
1298 2895 1351 2939 et
1385 2884 1683 2943 exercitum
1717 2881 1834 2950 ejus
1860 2894 1985 2950 pro-

383 2984 521 3051 jceit
550 2984 603 3036 in
652 2998 824 3035 mare.
878 2981 1091 3033 Electos
1141 2991 1486 3040 ascensores,
1519 2984 1707 3030 ternos
1750 2983 1988 3028 statores

388 3076 660 3130 demersit
685 3075 737 3127 iu
770 3072 1012 3127 Rubrum
1046 3086 1194 3123 mare
1222 3067 1289 3121 ⁸⁸.
1326 3086 1345 3121 ι
1379 3067 1592 3120 Pharao
1624 3068 1772 3120 velut
1800 3074 1988 3133 poten-

389 3169 503 3221 tior
531 3167 584 3219 iu
621 3164 845 3225 malitia,
876 3174 930 3217 et
967 3178 1187 3232 regnum
1228 3160 1487 3229 nequitiae
1516 3168 1729 3220 tenens,
1760 3158 1988 3227 quadri-

2144 1953 2198 2008 4.
2233 1973 2250 2005 ι
2296 1955 2622 2011 Deciderunt
2672 1957 2722 2009 iu
2790 1944 3323 2027 profundum‘quasi
3366 1960 3502 2029 lapis
3529 1961 3593 2013 ⁸³.
3639 1981 3658 2013 ι

2077 2044 2259 2111 Quare
2323 2047 2644 2102 deciderunt
2699 2050 2753 2102 in
2804 2050 3130 2119 profundum
3182 2061 3434 2120 tauquam
3489 2052 3668 2120 lapis?

2077 2136 2212 2204 Quia
2247 2154 2351 2191 non
2403 2148 2565 2192 erant
2600 2139 2735 2194 tales
2766 2138 2990 2208 lapides,
3044 2140 3112 2195 de
3159 2143 3355 2209 quibus
3410 2146 3667 2199 suscitari

2080 2236 2299 2297 possent
2333 2227 2427 2281 lilii
2470 2228 2739 2291 Abrahae;
2783 2231 2876 2283 sed
2918 2230 3073 2297 tales,
3114 2234 3203 2299 qui
3258 2242 3505 2286 amarent
3545 2248 3670 2300 pro-

2083 2318 2330 2382 fundum,
2358 2330 2412 2372 et
2450 2306 2712 2387 liquidum
2767 2320 3058 2390 diligerent
3105 2322 3456 2385 elementum,
3502 2325 3553 2377 id
3587 2336 3673 2377 est

2082 2408 2175 2477 qui
2207 2424 2449 2462 amaram
2479 2421 2531 2462 et
2563 2408 2763 2463 ﬂuxam
2808 2410 3153 2477 praaseutium
3196 2428 3375 2465 rerum
3411 2425 3673 2483 caperent

2084 2500 2439 2568 voluptatem.
2473 2498 2625 2554 Unde
2657 2510 2708 2553 et
2751 2501 2816 2553 de
2853 2500 2984 2571 ipsis
3026 2502 3225 2556 dicitur
3248 2502 3294 2533 δ”
3324 2522 3335 2556 :
3376 2526 3392 2553 ι
3431 2506 3670 2559 Demcrsi

2085 2600 2213 2646 sunt
2248 2601 2503 2661 tauquam
2537 2590 2815 2660 plumbum
2864 2591 2914 2644 in
2963 2608 3158 2662 aquam
3196 2594 3607 2649 validissimam.
3646 2615 3668 2649 ο

2088 2683 2411 2740 Peccatores
2436 2698 2634 2754 graves
2663 2694 2810 2737 sunt.
2863 2684 3103 2753 Denique
3133 2696 3185 2739 et
3219 2685 3480 2755 iniquitas
3512 2702 3677 2757 super

2091 2777 2352 2832 talentum
2405 2778 2608 2847 plumbi
2659 2779 2852 2833 sedere
2884 2790 3245 2844 monstratur,
3281 2780 3420 2835 sicut
3464 2779 3677 2835 Zacha-

2089 2870 2201 2922 rias
2234 2870 2497 2937 propheta
2533 2869 2665 2923 dicit
2707 2885 2721 2923 :
2774 2889 2791 2921 ι
2841 2867 2985 2931 Vidi,
3049 2871 3223 2938 inquit
3268 2871 3335 2937 “,
3390 2874 3676 2928 mulierem

2090 2962 2372 3015 sedentem
2407 2977 2570 3029 super
2603 2962 2862 3019 talentum
2894 2962 3121 3031 plumbi,
3154 2973 3208 3016 et
3235 2964 3344 3017 dixi
3379 2984 3392 3020 :
3432 2966 3563 3031 Qua)
3594 2977 3679 3020 est

2092 3053 2247 3107 tunc?
2279 3054 2343 3107 Et
2375 3054 2653 3122 respondit
2690 3072 2703 3106 :
2735 3054 3018 3123 Iniquitas.
3056 3072 3073 3107 ι
3105 3054 3231 3108 Inde
3266 3064 3350 3109 est
3374 3071 3503 3125 ergo
3532 3060 3678 3126 quod

2095 3143 2266 3212 iniqui
2300 3144 2532 3198 demersi
2570 3153 2695 3197 sunt
2732 3145 2783 3199 in
2830 3143 3178 3211 profundum,
3214 3145 3355 3199 sicut
3396 3148 3678 3215 plumlmn:

390 3273 495 3327 gas
530 3256 661 3323 agit.
701 3253 817 3308 Non
851 3254 927 3310 illi
960 3254 1095 3309 satis
1123 3262 1208 3308 est
1239 3266 1403 3305 unum
1431 3265 1627 3319 equum
1661 3249 1983 3314 ascendere,

2096 3235 2148 3289 iu
2180 3251 2377 3305 aquam
2411 3237 2821 3292 validissimam.
2868 3238 3054 3296 Sancti
3088 3248 3269 3291 autent
3319 3255 3424 3292 non
3468 3240 3679 3298 demor-

393 3348 493 3402 scd
530 3349 715 3416 plures
745 3344 906 3407 simul
948 3346 1140 3414 agitat,
1187 3344 1367 3412 plures
1401 3340 1563 3399 simul
1609 3339 1783 3409 plagis
1814 3347 1991 3395 tortos

393 3438 644 3494 verberis
672 3439 839 3509 cogit.
870 3436 1238 3506 Quoscunque
1272 3434 1472 3487 videris
1518 3432 1571 3485 in
1618 3432 1831 3485 luxuria
1873 3440 1990 3483 tur-

395 3534 605 3609 piorcs,
641 3532 693 3585 in
724 3530 1049 3586 crudelitate
1102 3529 1385 3590 saaviores,
1412 3527 1464 3579 in
1510 3525 1739 3578 avaritia
1793 3523 1985 3576 tetrio-

391 3640 502 3686 res,
528 3625 580 3677 in
609 3625 885 3692 impietate
904 3620 1311 3692 llagitiosiores,
1336 3620 1471 3672 scito
1504 3616 1603 3670 hos
1626 3618 1692 3672 de
1714 3612 1993 3683 quadrigis

394 3730 521 3770 esse
549 3713 893 3779 Pharaonis;
931 3712 1061 3781 ipsis
1092 3716 1264 3775 sedet,
1304 3710 1450 3778 ipsos
1494 3708 1678 3764 currui
1718 3722 1817 3761 suo
1866 3705 1992 3761 sub-

390 3806 597 3883 iungit,
646 3807 699 3861 in
758 3806 889 3873 ipsis
938 3803 1111 3858 fertur
1164 3813 1220 3858 et
1267 3802 1481 3867 volitat,
1531 3811 1583 3854 et
1632 3815 1731 3869 per
1777 3807 1993 3868 apertos

396 3900 668 3956 scelerum
699 3912 925 3967 campos
965 3895 1155 3954 ell'usis
1183 3908 1279 3948 eos
1326 3894 1437 3962 agit
1480 3893 1727 3948 habenis.
1766 3891 1905 3948 Sunt
1938 3898 1994 3944 et

396 3992 496 4052 alii
529 3990 687 4045 electi
711 4002 1060 4049 ascensores,
1085 3986 1245 4039 electi
1276 3985 1395 4039 sine
1423 3984 1587 4038 dubio
1610 3985 1676 4037 ad
1704 3982 1990 4039 malitiam.

399 4083 569 4165 148
595 4083 702 4137 Sed
720 4079 832 4149 jam
859 4080 925 4134 de
945 4077 1331 4139 ascensoribus
1354 4091 1515 4145 supra
1541 4074 1779 4129 diximus
1810 4090 1822 4129 :
1851 4087 1993 4126 nunc

395 4178 566 4233 etiam
593 4174 685 4244 qui
709 4181 839 4228 sunt
858 4172 999 4224 terni
1020 4178 1255 4224 statores
1275 4167 1572 4222 videamus.
1591 4165 1721 4220 Mihi
1747 4166 1996 4218 videntur

401 4268 547 4324 terni
572 4275 811 4319 statores
837 4279 934 4332 pro
952 4278 1017 4317 eo
1039 4261 1168 4325 diei,
1190 4260 1331 4330 quod
1361 4258 1556 4328 triplex
1582 4267 1661 4311 est
1688 4256 1997 4311 hominibus

401 4356 791 4430 peecaudivia.
813 4357 920 4408 Aut
950 4353 1093 4406 enim
1128 4352 1180 4405 in
1227 4351 1389 4413 facto,
1425 4358 1519 4401 aut
1546 4349 1597 4400 in
1631 4348 1798 4410 dicto,
1828 4346 1994 4399 autin

401 4450 737 4522 cogitatione
755 4456 1032 4516 peccatur.
1051 4445 1117 4501 Et
1138 4443 1260 4498 ideo
1283 4442 1421 4496 terni
1441 4450 1677 4496 statores
1690 4455 1785 4506 per
1812 4439 1999 4507 singu-

406 4543 489 4599 los
510 4555 754 4611 quosque
771 4539 1053 4601 dicuntur,
1078 4539 1168 4605 qui
1196 4548 1305 4589 tres
1330 4535 1460 4589 istas
1480 4533 1532 4587 in
1558 4531 1712 4586 nobis
1735 4529 1994 4599 peccandi
2033 4570 2073 4623 υ

401 4633 698 4689 obsideant
724 4631 860 4695 vias,
878 4638 933 4682 et
954 4628 1304 4697 speeuleutnr
1331 4639 1567 4694 semper,
1589 4632 1753 4699 atque
1785 4623 1837 4675 in
1866 4620 1995 4676 iusi-

404 4728 512 4785 diis
532 4732 715 4795 agant,
734 4732 793 4776 ut
811 4731 903 4776 aut
921 4720 1008 4774 ille
1029 4736 1095 4782 ex
1113 4720 1313 4774 misero
1328 4716 1547 4776 homine
1566 4729 1867 4769 sermonem
1884 4728 1997 4766 ma-

409 4819 520 4873 lum
564 4817 765 4884 eliciat,
801 4814 1006 4867 autille
1041 4814 1280 4880 iniquum
1320 4826 1457 4878 opus
1505 4815 1856 4875 extorqueat,
1904 4816 2000 4859 aut

406 4907 503 4967 ille
524 4908 910 4974 cogitationem
946 4904 1236 4973 pessimam
1262 4902 1452 4968 rapiat.
1483 4900 1719 4965 Denique
1737 4907 1789 4950 et
1808 4910 1994 4950 semen

411 4999 565 5053 verbi
597 4999 687 5052 Dei
730 4999 819 5052 ubi
866 4997 1012 5052 cadit
1058 5005 1113 5049 et
1161 4995 1396 5062 deperit,
1435 4990 1628 5059 triplex
1672 4987 1999 5041 describitur

413 5092 568 5148 locus
590 5092 657 5145 “.
688 5090 837 5146 Unus
870 5104 1030 5145 secus
1056 5089 1194 5141 viam
1243 5076 1498 5145 refertur,
1530 5082 1622 5152 qui
1651 5081 1998 5139 conculcatur

409 5187 482 5241 ab
510 5185 853 5245 hominibus;
888 5184 1023 5237 alius
1050 5183 1099 5242 iu
1135 5180 1337 5250 spinis;
1369 5178 1507 5230 alius
1552 5178 1602 5228 iu
1653 5173 1903 5246 petrosis.
1937 5172 2000 5224 Et

412 5277 722 5333 (contrario
754 5285 897 5329 terra
940 5275 1079 5327 bona
1110 5270 1306 5332 afferre
1342 5268 1542 5323 dicitur
1580 5266 1846 5333 triplicem
1889 5261 2002 5313 liu-

1054 5410 1097 5439 ³⁸
1120 5408 1293 5464 Exod.
1344 5420 1433 5465 xv,
1460 5406 1515 5457 3.

1015 5480 1059 5510 "‘
1095 5480 1226 5532 Ibid.
1274 5479 1357 5531 10.
1396 5490 1399 5491 ⁷
1435 5476 1480 5507 ’⁸⁵
1512 5474 1679 5535 Zaclt.
1728 5488 1777 5533 ν,
1804 5473 1853 5522 7.

485 5413 529 5445 ³⁷
557 5411 715 5467 Joan.
756 5427 848 5477 xx,
874 5410 960 5463 l7.

415 5483 466 5517 “
504 5483 674 5537 Exod.
724 5498 816 5543 xv,
868 5481 920 5533 5.

417 5554 465 5591 “
492 5554 722 5610 Malach.
754 5567 839 5614 ut,
866 5552 918 5606 5.

491 5673 607 5744 (l0)
634 5672 803 5744 alias,
838 5688 875 5744 r_
903 5667 1177 5738 principes
1203 5675 1258 5720 et
1284 5672 1598 5744 potestates.
1642 5680 1664 5744 ξ

495 5674 585 5744 (l0
634 5674 803 5735 Alias,
838 5688 857 5721 ι
903 5674 1177 5738 principes
1203 5675 1258 5720 et
1284 5674 1598 5732 potestates.
1645 5680 1664 5713 ι

495 5674 607 5814 (lli
644 5740 966 5814 Veniendum
1006 5747 1101 5814 est
1140 5752 1262 5814 ergo
1307 5736 1546 5814 omnibus
1588 5731 1892 5814 adnigneat.
1932 5728 2007 5783 De

425 5800 527 5869 hoc
556 5800 674 5869 loco
710 5811 933 5867 consule
971 5800 1337 5865 clarissimum
1369 5804 1621 5859 Huctium
1650 5800 2005 5870 Origeniauo-

1593 5403 1636 5434 3°
1665 5400 1863 5458 Enhes.
1908 5415 1984 5458 vr,
2024 5397 2103 5450 1‘2.

1711 5418 1863 5471 pnes.
1908 5418 1984 5458 vr,
2024 5418 2103 5450 tz.
2182 5418 2227 5435 τ’(
2262 5418 2354 5450 mu

1728 5488 1777 5523 v.
1804 5473 1853 5522 7.
1934 5470 1979 5500 "‘
2008 5468 2194 5523 Matth.
2245 5483 2356 5521 λιν.

2095 3338 2318 3399 guntur,
2352 3330 2445 3383 sed
2473 3328 2755 3382 ainhulaut
2785 3346 2948 3398 super
2979 3346 3169 3405 aquas,
3201 3332 3327 3398 quia
3360 3331 3507 3386 leves
3529 3344 3682 3394 Sunt,

2094 3429 2150 3474 et
2182 3420 2391 3490 peccati
2436 3421 2676 3490 pondere
2719 3436 2823 3474 non
2871 3433 3189 3492 gravantur.
3223 3423 3465 3491 Denique
3504 3406 3685 3477 Domi-

2097 3529 2199 3566 nus
2242 3520 2298 3567 et
2347 3512 2601 3566 Salvator
2647 3522 2834 3569 noster
2878 3528 3044 3582 super
3076 3528 3246 3584 aquas
3286 3515 3683 3569 ambulavit“.

2097 3604 2214 3675 Ipse
2241 3615 2322 3659 ρει
2353 3607 2497 3659 enim
2528 3605 2619 3674 qui
2656 3620 2782 3659 vere
2824 3616 3109 3676 peccatum
3152 3609 3344 3662 nescit.
3374 3608 3688 3663 Ambulavit

2097 3705 2151 3748 et
2179 3694 2481 3763 discipulus
2519 3694 2638 3769 ejus
2673 3694 2886 3761 Petrus,
2919 3696 3045 3753 licet
3068 3697 3349 3765 paululum
3381 3700 3689 3767 trepidave-

2099 3786 2189 3840 rit.
2224 3786 2338 3840 Nou
2377 3789 2519 3841 enim
2546 3796 2730 3841 tcmtus
2757 3799 2875 3841 erat
2911 3804 2975 3843 ac
3005 3788 3149 3854 talis,
3175 3789 3265 3858 qui
3304 3789 3434 3843 nihil
3466 3791 3689 3847 omnino

2098 3878 2164 3931 de
2195 3878 2376 3948 specie
2407 3877 2611 3946 plumbi
2652 3882 2702 3931 iu
2742 3894 2801 3930 se
2846 3880 3073 3933 haberet
3106 3881 3418 3933 admistutu.
3465 3879 3687 3946 Habuit,

2102 3969 2227 4026 licet
2257 3986 2471 4039 parum.
2501 3970 2718 4039 Propter
2749 3971 2892 4040 quod
2919 3971 3050 4024 dicit
3078 3971 3144 4023 ad
3167 3988 3291 4024 eum
3324 3972 3580 4025 Dominus
3596 3972 3640 4003 ⁸⁷
3672 3986 3688 4027 :

2106 4081 2125 4112 ι
2160 4063 2384 4117 Modica:
2420 4062 2563 4122 tidei,
2597 4078 2767 4137 quare
2800 4062 3147 4117 dubitasti?»
3174 4064 3380 4117 Idcirco
3406 4064 3573 4132 igitur
3597 4067 3688 4132 qui

2100 4154 2282 4209 salvus
2317 4154 2397 4215 tit,
2426 4169 2522 4221 per
2563 4155 2741 4222 ignem
2782 4152 2968 4207 salvus
3012 4153 3090 4217 tit,
3121 4163 3179 4207 ut
3218 4155 3260 4208 si
3293 4155 3422 4223 quid
3458 4158 3595 4207 torte
3625 4158 3693 4210 du

2100 4244 2281 4313 specie
2303 4243 2509 4312 plumbi
2537 4243 2791 4297 habuerit
2812 4242 3132 4304 admistum,
3173 4242 3223 4294 id
3255 4242 3394 4310 ignis
3426 4244 3694 4310 decoquat

2101 4343 2157 4388 et
2189 4334 2444 4396 resolvat,
2487 4344 2545 4387 ut
2594 4332 2906 4393 elliciantur
2962 4347 3154 4386 omnes
3201 4348 3393 4385 aurum
3443 4334 3690 4387 bonum:

2102 4428 2230 4495 quia
2269 4440 2459 4479 aurum
2496 4435 2656 4479 terra:
2690 4424 2837 4479 illius
2867 4426 3066 4481 bonum
3110 4436 3234 4481 esse
3265 4423 3487 4489 dicitur,
3526 4438 3691 4493 quam

2106 4517 2509 4579 habiturisunt
2559 4517 2759 4580 sancti,
2817 4525 2874 4571 et
2927 4516 3069 4569 sicut
3109 4514 3303 4571 foruax
3350 4518 3541 4584 probat
3592 4533 3692 4568 att-

2107 4625 2224 4668 rum
2256 4608 2324 4671 ⁸⁵⁸,
2370 4609 2447 4663 sic
2514 4609 2760 4663 homines
2822 4608 3000 4679 justos
3057 4609 3308 4667 tentatio.
3360 4608 3694 4671 Venit-udum

2105 4711 2189 4756 est
2218 4717 2348 4771 ergo
2377 4701 2631 4755 omnibus
2661 4700 2727 4753 ad
2759 4701 2937 4771 ignem
2970 4698 3113 4772 (ll),
3152 4700 3475 4754 veniendqu
3509 4712 3592 4755 est
3627 4703 3697 4754 ad

2106 4794 2503 4855 contlatorium.
2538 4794 2701 4847 Sedet
2751 4794 2897 4846 enim
2948 4793 3233 4859 Dominus,
3279 4804 3333 4847 et
3377 4795 3598 4858 coullat,
3642 4804 3699 4848 et

2108 4896 2301 4958 purgat
2332 4887 2471 4941 ﬁlios
2511 4885 2647 4941 Juda
2675 4885 2742 4940 δί’.
2785 4886 2889 4940 Sed
2936 4894 2993 4939 et
3036 4886 3165 4941 illuc
3214 4903 3337 4939 cum
3387 4887 3623 4949 venitur,
3652 4888 3697 4943 si

2108 4979 2231 5049 quis
2263 4978 2429 5030 multa
2463 4992 2627 5046 opera
2660 4978 2829 5041 bona,
2860 4985 2916 5029 et
2963 4991 3153 5046 parum
3199 4976 3404 5043 aliquid
3443 4976 3699 5044 itt.quit:t-

2108 5074 2177 5125 tis
2230 5072 2498 5135 attulerit,
2547 5072 2677 5126 illud
2726 5088 2913 5142 parum
2969 5082 3225 5140 tanquam
3269 5071 3544 5139 plumbum
3589 5069 3697 5135 igni

2112 5166 2402 5225 resolvitur
2453 5179 2517 5218 ac
2568 5176 2853 5235 purgatur,
2899 5174 2954 5219 et
2995 5172 3165 5220 totum
3219 5171 3465 5218 remanet
3504 5175 3696 5212 aurum

2113 5274 2327 5327 purum.
2365 5257 2429 5315 Et
2463 5258 2506 5310 si
2548 5259 2673 5328 quis
2708 5259 2830 5327 plus
2873 5258 2999 5311 illuc
3029 5257 3230 5326 plumbi
3268 5254 3546 5316 detulerit,
3580 5252 3699 5321 plus

2182 5398 2227 5435 ‘°
2262 5397 2429 5450 Exod.
2466 5411 2554 5455 xv,
2596 5395 2649 5448 4.
2728 5395 2767 5427 ’δι
2804 5395 2987 5447 Matth.
3018 5408 3135 5447 χιιι.
3200 5391 3243 5421 δι’
3282 5388 3454 5442 lCor.
3484 5403 3568 5448 ιιι,
3606 5387 3695 5453 η,

2434 5468 2479 5498 ⁸⁷
2514 5467 2702 5520 Matth.
2757 5482 2868 5529 κεν,
2907 5466 2994 5518 5|.
3072 5465 3117 5493 ⁸⁸
3155 5461 3329 5515 lCor.
3370 5473 3451 5513 ιιι.
3489 5459 3553 5510 12
3610 5458 3697 5512 15.

2113 5675 2229 5712 rum
2272 5659 2413 5714 libro
2438 5656 2699 5721 secundo,
2728 5653 3030 5725 qtta‘s‘tioue
3062 5648 3369 5714 undecima,
3406 5660 3558 5701 num.
3588 5643 3625 5706 2
3657 5664 3708 5715 τι

2113 5744 2268 5800 εεψι.
