4110 6462
427 374 535 431 3333

1911 365 2234 422 ORlGENlS

3582 375 3688 430 536

431 493 700 554 exuritur,
761 503 818 546 ut
870 493 1099 561 amplius
1155 494 1513 562 decoquatur,
1570 500 1627 544 ut
1671 492 1772 544 etsi
1816 503 2006 558 parum
2042 493 2080 546 Α
2120 508 2135 538 ι
2196 489 2496 542 Evlrttdisli
2558 491 2839 545 dexteram
2913 500 3102 554 tuam,
3161 500 3213 542 et
3267 490 3540 544 demravit
3593 505 3693 545 eos

434 583 635 652 aliquid
661 585 729 637 sit
765 585 907 647 auri,
944 593 1228 653 purgatum
1263 595 1443 638 tamen
1493 583 1745 637 resideat.
1783 581 1935 646 Quod
1967 582 2010 634 si

434 676 632 743 aliquis
659 675 784 728 illuc
819 685 959 729 totus
996 677 1276 744 plumbeus
1302 675 1530 738 venerit,
1560 675 1648 726 lict
1679 675 1742 727 de
1784 674 1873 727 illo
1912 674 2011 727 hoc

433 769 573 836 quod
605 769 864 836 scriptmn
893 778 997 832 est,
1028 769 1368 837 (lt-mergetur
1415 766 1465 818 itt
1510 764 1856 834 profutulum,
1897 775 2012 817 tan-

431 874 592 926 quam
624 858 901 927 plumbum
932 858 982 910 in
1008 873 1201 925 aquant
1229 857 1637 909 validissimam.
1661 855 1764 908 Sed
1791 856 2009 924 longum

432 960 514 1004 est
536 951 580 1004 si
608 965 706 1019 per
733 950 981 1004 ordinent
1012 952 1236 1004 velimus
1269 963 1564 1018 exponere,
1592 946 1819 1002 sufficiat
1843 960 2009 1016 pauca

433 1040 628 1109 perstri
641 1055 826 1108 ngere.

503 1133 557 1186 5.
587 1150 606 1182 ι
631 1131 792 1197 Quis,
828 1129 1002 1198 inquit
1035 1128 1104 1193 '°,
1131 1127 1324 1183 similis
1369 1128 1461 1182 tibi
1495 1128 1548 1181 itt
1592 1127 1718 1192 diis,
1744 1126 2008 1181 Domine?

428 1218 566 1286 Quis
590 1221 784 1276 similis
819 1219 948 1274 tibi?
973 1218 1252 1274 Gloriosus
1296 1219 1348 1272 in
1396 1218 1622 1279 sanctis,
1659 1217 1925 1272 mirabilis
1953 1217 2006 1270 iu

436 1312 831 1381 majestatihus,
855 1311 1058 1366 faciens
1089 1311 1353 1380 prodigia.
1394 1331 1411 1362 ι
1443 1310 1596 1378 Quod
1624 1311 1753 1364 dicit
1783 1329 1794 1363 :
1829 1330 1847 1361 ι
1879 1309 2010 1376 Quis

431 1407 628 1462 similis
660 1407 754 1462 tibi
787 1407 838 1461 in
874 1407 1015 1462 diis?
1051 1424 1070 1458 ι
1109 1422 1213 1461 non
1251 1407 1560 1461 simulacris
1587 1407 1828 1477 gentium
1862 1420 2012 1460 com-

432 1507 590 1567 parat
623 1497 812 1572 Deum,
839 1513 938 1553 nec
968 1499 1323 1559 daunonibus,
1353 1498 1445 1567 qui
1475 1498 1575 1552 sibi
1615 1497 1751 1551 falso
1787 1497 2007 1551 deorum

436 1604 628 1644 nomen
661 1590 953 1653 asciscant,
987 1591 1080 1644 sed
1125 1589 1256 1644 deos
1295 1589 1412 1642 illos
1447 1589 1597 1651 dicit,
1639 1588 1730 1657 qui
1766 1604 1860 1657 per
1887 1604 2010 1657 gra-

437 1681 566 1734 tiam
619 1689 674 1735 et
720 1680 1186 1750 participationem
1248 1679 1342 1732 Dei
1392 1678 1463 1732 dii
1525 1679 1882 1748 appellantur.
1936 1679 2010 1734 De

433 1773 633 1841 quibus
691 1782 746 1827 et
807 1771 929 1825 alibi
987 1769 1273 1838 Scriptura
1331 1769 1460 1824 dicit
1489 1769 1580 1822 ⁸¹ε
1627 1788 1644 1820 ι
1680 1767 1791 1839 Ego
1842 1769 1952 1822 dixi
1991 1783 2006 1822 :

435 1866 515 1920 Dii
548 1867 698 1920 estis.
738 1884 756 1916 ι
799 1865 862 1918 Ει
896 1863 1094 1917 iterum

435 1959 581 2013 tione
610 1959 853 2012 deormu.
895 1976 912 2008 ι
945 1957 1048 2010 Sed
1092 1957 1166 2022 hi,
1209 1955 1458 2023 quamvis
1487 1970 1715 2022 capaces
1747 1954 1856 2006 sint
1890 1953 2006 2018 Dei,

432 2048 609 2102 ethoc
641 2048 859 2100 nomine
886 2045 1075 2097 donari
1103 2059 1198 2110 per
1227 2043 1457 2111 gratiam
1487 2043 1797 2105 videantur,
1833 2040 2011 2096 nullus

435 2149 609 2190 tamen
647 2138 754 2191 Deo
777 2135 968 2188 similis
1003 2133 1296 2198 invenitur,
1329 2132 1408 2184 vel
1447 2133 1498 2185 itt
1537 2133 1798 2201 potentia,
1837 2131 1919 2186 vel
1956 2131 2007 2184 ill

434 2238 644 2281 natura.
685 2226 746 2280 Et
779 2225 904 2279 licet
943 2225 1178 2280 Joannes
1214 2223 1490 2292 apostolus
1519 2223 1664 2276 dicat
1695 2239 1708 2276 :
1751 2241 1769 2274 ι
1805 2221 2007 2288 Filioli,

433 2320 674 2372 nondum
702 2317 908 2371 scimus
935 2316 1059 2384 quid
1093 2317 1254 2369 futuri
1278 2329 1484 2377 smnus,
1515 2314 1558 2367 si
1585 2323 1765 2366 autem
1801 2313 2011 2368 revela-

435 2422 546 2462 tmu
578 2409 734 2462 nobis
766 2406 930 2461 fuerit
957 2406 1045 2478 (de
1076 2406 1304 2460 Domino
1344 2406 1552 2460 scilicet
1595 2406 1826 2475 dicens),
1859 2406 2010 2460 siuti-

435 2502 512 2554 les
536 2501 607 2553 illi
635 2499 838 2553 erimus
864 2497 930 2562 ",
961 2517 978 2550 ι
1008 2497 1302 2554 similitudo
1335 2507 1514 2550 tamen
1544 2498 1656 2551 haec
1693 2513 1796 2552 non
1820 2497 1886 2550 ad
1917 2513 2011 2552 ua-

435 2603 634 2652 turattt,
666 2588 759 2641 sed
796 2587 862 2641 ad
904 2587 1134 2654 gratiam
1183 2597 1489 2639 revocatur.
1531 2583 1691 2639 Verbi
1731 2602 1915 2650 causa,
1954 2595 2012 2640 ut

431 2683 475 2736 si
504 2681 747 2735 dicamus
778 2680 1047 2749 picturam
1083 2677 1315 2732 similem
1368 2691 1488 2731 esse
1531 2677 1602 2741 ei,
1633 2677 1785 2743 cujus
1835 2678 2011 2746 imago

431 2774 484 2825 ιιι
534 2772 742 2840 pictura
788 2768 1000 2822 videtur
1050 2782 1330 2836 expressa,
1360 2778 1623 2836 quantum
1670 2768 1737 2820 ad
1778 2768 2008 2837 gratiam

427 2862 660 2932 pertinet
685 2861 855 2920 visus,
882 2859 1076 2913 similis
1111 2859 1328 2922 dicitur,
1367 2868 1627 2928 quantum
1655 2859 1721 2912 ad
1754 2860 2011 2913 substan-

431 2956 587 3016 tiam,
621 2951 777 3022 louge
812 2950 1108 3004 dissimilis.
1144 2950 1232 3002 llla
1269 2951 1414 3003 enittt
1451 2950 1660 3017 species
1694 2951 1877 3004 carnis
1902 2959 2006 3010 est,

431 3062 484 3102 t'l
516 3049 678 3102 decor
706 3048 950 3115 corporis
985 3046 1113 3108 vivi,
1159 3045 1259 3098 ista
1310 3045 1551 3099 colorum
1595 3045 1751 3100 lucus
1804 3056 1908 3109 est,
1955 3055 2009 3100 et

2117 589 2289 643 terra;
2333 599 2349 630 ι
2387 581 2538 648 quasi
2575 591 2631 633 ut
2666 584 3064 636 devomrentur
3111 598 3140 635 a
3178 593 3346 643 terra.
3379 583 3491 637 hare
3522 599 3687 639 causa

2115 671 2277 723 fuerit
2325 672 2466 740 quod
2507 674 2752 726 extendit
2805 673 3065 726 Dominus
3105 674 3385 727 dexteram
3419 691 3595 728 suam.
3629 675 3687 729 Si

2114 763 2429 816 consideres
2473 763 2748 832 quomodo
2797 764 3055 818 Dominus
3097 765 3371 819 exaltatus
3422 765 3472 818 in
3523 782 3687 819 cruce

2117 863 2222 906 tota
2258 854 2345 906 die
2371 855 2616 907 extendit
2654 869 2849 907 manus
2885 870 3011 908 suas
3045 857 3109 908 ad
3144 855 3402 925 populum
3435 870 3540 911 non
3573 871 3689 910 ere-

2113 947 2330 999 dentem
2352 945 2530 1011 ”,sed
2560 946 3040 1007 contradicentem,
3069 956 3124 1000 et
3154 947 3388 1015 qualiter
3417 946 3687 1001 inlidelent

2113 1037 2393 1106 populum,
2432 1038 2524 1106 qui
2566 1037 2821 1092 clamavit
2852 1039 2899 1069 ⁵⁸
2937 1055 2949 1091 :
2994 1057 3012 1089 ι
3057 1038 3330 1109 Crueilige
3361 1080 3377 1105 ,
3427 1038 3687 1109 crueiﬁgc

2113 1149 2266 1194 cunt,
2301 1152 2318 1183 ι
2357 1148 2500 1187 mors
2536 1133 2758 1186 admisi
2789 1132 3015 1187 sceleris
3046 1135 3318 1202 oppressit
3364 1152 3376 1186 :
3409 1134 3690 1187 evidenter

2115 1225 2355 1278 invenies
2387 1225 2660 1292 quomodo
2717 1225 2957 1278 extendit
2990 1225 3270 1279 dexteram
3311 1242 3483 1290 suam,
3509 1237 3561 1279 et
3591 1226 3686 1278 de-

2115 1315 2318 1368 voravit
2348 1314 2468 1366 illos
2503 1323 2667 1367 terra.
2703 1313 2807 1366 Nec
2842 1325 3016 1369 tanten
3048 1317 3262 1384 penitus
3290 1317 3687 1384 tlesperaudum

2112 1414 2215 1458 est.
2255 1403 2518 1458 ['ossibile
2568 1420 2802 1473 namque
2852 1415 2957 1468 est,
2999 1415 3079 1468 ut,
3118 1407 3162 1460 si
3213 1406 3354 1461 forte
3401 1409 3689 1476 resipiscat

2113 1496 2202 1565 qui
2241 1495 2538 1550 devoratus
2562 1505 2667 1560 est,
2702 1512 2914 1550 rursum
2972 1497 3142 1564 possit
3183 1498 3387 1562 evomi,
3424 1498 3566 1550 sicut
3597 1495 3690 1550 Jo-

2114 1602 2232 1642 nas.
2267 1587 2374 1642 Sed
2407 1598 2462 1641 et
2500 1603 2693 1642 omnes
2722 1603 2819 1642 nos
2861 1598 2992 1656 puto
3026 1588 3172 1657 quod
3218 1589 3510 1657 aliquando
3542 1600 3687 1641 terra

2114 1680 2409 1733 devoratos
2444 1678 2496 1731 itt
2527 1677 2725 1732 inferni
2753 1679 3124 1748 penetralibus
3151 1678 3444 1741 retinebat,
3479 1688 3531 1731 et
3558 1694 3686 1746 pro-

2115 1781 2305 1838 pterea
2343 1769 2602 1823 Dominus
2635 1778 2820 1824 noster
2851 1770 3131 1824 descendit
3172 1786 3276 1824 non
3308 1769 3482 1823 solum
3518 1783 3686 1836 usque

1134 1881 1146 1916 ε
1185 1881 1202 1914 t
1245 1864 1386 1916 Deus
1423 1862 1574 1915 slelil
1614 1861 1666 1914 in
1709 1876 2008 1930 congrega-
2043 1843 2083 1897 Β
2115 1867 2181 1919 ad
2209 1877 2414 1928 terras,
2441 1864 2534 1917 sed
2568 1878 2743 1932 usque
2772 1865 2838 1915 ad
2877 1862 3132 1916 inferiora
3170 1873 3327 1917 terra:
3361 1873 3453 1915 :et
3478 1863 3548 1913 ibi
3589 1875 3687 1912 nos

2115 1956 2323 2010 invenit
2362 1955 2674 2016 devoratos,
2705 1963 2760 2006 et
2794 1953 3048 2006 sedentes
3089 1953 3190 2007 sub
3231 1953 3418 2006 tunbra
3457 1953 3682 2008 mortis:

2110 2059 2164 2103 et
2199 2048 2325 2101 inde
2354 2047 2590 2101 edocens
2623 2060 2729 2098 non
2769 2043 2885 2114 jam
2935 2044 3114 2099 locum
3152 2054 3330 2107 terrae,
3378 2056 3434 2098 ut
3491 2045 3683 2097 iterant

2111 2140 2524 2194 devorarentur.
2549 2135 2643 2191 sed
2675 2136 2853 2191 locum
2902 2145 3168 2206 prteparat
3201 2136 3356 2191 nobis
3387 2136 3536 2207 regni
3569 2149 3683 2190 ca:-

2111 2232 2309 2286 lorum.
2577 2280 2580 2284 .

2183 2324 2235 2378 7.
2273 2342 2291 2375 ι
2327 2322 2603 2378 Deduxisti
2625 2323 2676 2375 in
2697 2319 2904 2390 justitia
2937 2330 3024 2372 tua
3058 2319 3310 2390 pepulmtt
3339 2331 3484 2374 tmutt
3515 2318 3684 2382 hunc,

2110 2431 2269 2486 quem
2306 2414 2566 2469 Iiberasti.
2601 2413 2925 2468 Consulatus
2969 2429 3029 2467 es
3079 2414 3131 2466 itt
3197 2412 3395 2464 virtute
3451 2423 3578 2472 tua,
3631 2411 3682 2463 in

2113 2506 2296 2574 τιῳιίθ
2345 2513 2532 2560 sancta
2593 2513 2683 2556 tua
2712 2501 2778 2555 ⁵⁷.
2819 2520 2837 2552 ι
2879 2503 3140 2556 Dominus
3185 2501 3441 2570 populum
3482 2515 3682 2556 suum.

2112 2614 2272 2666 quem
2307 2598 2562 2652 liberavit
2598 2614 2693 2666 per
2733 2600 3007 2652 lavacrum
3045 2594 3490 2664 regenerationis,
3513 2592 3684 2646 dedu-

2111 2693 2186 2745 cit
2223 2692 2276 2745 itt
2311 2692 2549 2761 justitia,
2591 2692 2910 2745 rettsolatur
2938 2691 3103 2743 etiam
3135 2705 3258 2742 eum
3292 2702 3387 2756 per
3432 2685 3686 2739 consola-

2114 2784 2312 2836 tionem
2365 2783 2598 2852 Spiritus
2631 2787 2803 2836 sancti
2837 2784 2888 2835 itt
2917 2783 3119 2834 virtute
3151 2794 3269 2842 sua,
3303 2789 3358 2832 et
3408 2778 3459 2831 iu
3499 2775 3686 2843 requie

2111 2891 2227 2930 Sua.
2254 2874 2582 2928 Futurorutn
2614 2890 2848 2942 namque
2873 2889 3016 2942 Spes,
3046 2870 3418 2925 laborantibus
3446 2866 3686 2934 requiem

2111 2968 2282 3037 parit;
2329 2968 2551 3021 sicutet
2599 2970 2650 3021 itt
2682 2982 2854 3035 agone
2897 2966 3088 3034 positis
3131 2963 3368 3018 dolorem
3402 2959 3688 3012 vulnerum

2113 3058 2321 3127 mitigat
2351 3073 2474 3128 spes
2509 3073 2748 3112 corona».

427 3140 950 3195 ceratahulissensu
970 3138 1857 3208 carentibussuperposita.Nullus
1880 3153 2078 3237 ergoC
2179 3151 2233 3204 3,
2297 3153 2648 3204 .Aud§.-r..m
2697 3158 2887 3216 gemes
2931 3157 2985 3201 et
3042 3148 3194 3201 irata;
3250 3155 3416 3207 sunt,
3471 3143 3690 3197 dolores

429 3238 484 3289 in
511 3235 613 3289 diis
651 3233 847 3288 similis
883 3232 1130 3297 Domino,
1165 3231 1343 3286 nullus
1372 3233 1514 3284 enim
1554 3231 1864 3296 invisibilis,
1891 3231 2010 3286 nul-

432 3330 515 3381 lius
567 3327 938 3394 incorporeus,
989 3323 1169 3378 nullus
1220 3323 1597 3387 immutabilis,
1663 3323 1840 3379 nullus
1893 3325 2010 3380 sine

430 3419 589 3473 initio
612 3427 665 3472 et
699 3419 818 3472 sine
857 3416 980 3476 line.
1014 3415 1193 3469 nullus
1239 3429 1453 3469 creator
1484 3417 1747 3481 omnium,
1776 3418 1876 3471 nisi
1905 3415 2010 3471 Pa-

435 3524 516 3564 ter
550 3524 674 3564 cum
708 3507 844 3561 Filio
870 3517 924 3560 et
952 3506 1158 3576 Spiritu
1193 3517 1401 3561 sancto.

501 3600 556 3654 6.
595 3619 613 3650 ι
645 3598 954 3653 Ειίιθιιάἱειί
1001 3598 1276 3651 dexteram
1341 3609 1523 3664 tttattt,
1576 3599 1856 3654 devoravit
1916 3615 2010 3654 eos

436 3704 579 3745 terra
614 3690 680 3743 ⁵³.
714 3708 732 3742 t
771 3689 968 3758 ltnpios
1017 3689 1234 3758 quidem
1278 3695 1331 3740 et
1370 3689 1525 3742 hodie
1571 3689 1796 3743 devorat
1843 3700 2008 3744 terra.

436 3789 630 3837 Annon
670 3783 764 3836 tibi
796 3781 1012 3834 videtur
1049 3790 1190 3834 terra
1226 3780 1493 3834 devorare
1531 3781 1702 3846 illum,
1733 3783 1824 3849 qui
1863 3797 2008 3835 sem-

436 3894 531 3945 per
583 3876 648 3930 de
697 3883 843 3928 terra
890 3874 1122 3941 cogitat,
1168 3873 1258 3942 qui
1307 3887 1523 3936 semper
1554 3871 1714 3944 149
1763 3884 2010 3929 terrenos

429 3969 601 4022 habet
629 3977 808 4027 actus,
834 3965 924 4033 qui
957 3966 1022 4018 de
1058 3973 1201 4017 terra
1241 3963 1496 4032 loquitur,
1532 3966 1596 4019 de
1635 3977 1774 4018 terra
1807 3965 2008 4038 litigat,

437 4071 636 4112 terram
677 4057 968 4120 desiderat,
1023 4065 1076 4110 et
1115 4071 1332 4110 onmem
1377 4072 1525 4124 Spem
1577 4071 1730 4110 suam
1775 4058 1926 4125 ponit
1955 4060 2008 4113 in

437 4166 614 4215 terra;
643 4151 733 4218 qui
775 4149 841 4202 ad
884 4149 1081 4203 caelum
1109 4165 1215 4202 non
1253 4148 1500 4218 respicit,
1547 4149 1638 4218 qui
1679 4147 1860 4203 futura
1903 4168 2007 4206 non

435 4243 662 4312 cogitat,
706 4242 795 4310 qui
831 4241 1097 4310 judicium
1157 4240 1246 4294 Dei
1304 4256 1408 4294 non
1453 4240 1668 4304 metuit,
1720 4255 1818 4295 nec
1851 4242 2006 4296 beata

428 4337 552 4402 ejus
586 4335 849 4403 promissa
903 4332 1318 4406 desiderat,_sed
1350 4348 1566 4401 semper
1614 4333 1678 4386 de
1724 4335 2009 4400 praesenti-

436 4430 534 4480 bus
590 4425 809 4494 cogitat,
863 4435 919 4476 et
961 4423 1026 4474 ad
1075 4432 1290 4473 terrena
1348 4421 1630 4489 suspirat?
1667 4421 1852 4475 Talem
1885 4439 2006 4476 cum

2114 3239 2645 3308 comprehenderunt
2685 3237 3022 3292 habitatores
3069 3236 3385 3290 Pltilistiitn.
3419 3235 3570 3287 Tunc
3608 3235 3686 3284 l'e-

2113 3335 2456 3388 stiuaveruut
2493 3333 2661 3384 duces
2697 3330 2888 3394 Edom,
2923 3339 2976 3382 et
3007 3329 3282 3398 principes
3309 3327 3687 3388 Moabitaruut,

2115 3426 2474 3494 apprehendit
2502 3423 2620 3476 illos
2654 3423 2819 3476 timor
2847 3432 2901 3473 et
2936 3431 3160 3475 tremor.
3197 3419 3520 3472 Tabuerant
3567 3433 3689 3469 out--

2116 3533 2210 3570 nes
2244 3514 2614 3568 inhabitantes
2640 3513 2894 3564 Chanaan
2914 3510 2958 3540 ⁸⁸
2983 3510 3118 3578 (l2).
3159 3528 3176 3560 ι
3208 3509 3477 3574 Quantum
3501 3508 3566 3559 ad
3603 3507 3688 3560 ιιι-

2115 3609 2340 3663 Stet-iant
2371 3604 2628 3674 pertinet,
2664 3601 2868 3656 nullum
2895 3616 2958 3653 ex
2992 3601 3076 3654 Itis
3100 3601 3350 3667 gentibus
3375 3598 3690 3652 interfuisse

2118 3697 2457 3752 tuirabilibus
2483 3710 2603 3763 qua:
2640 3694 2782 3747 facta
2816 3701 2967 3756 sunt,
3000 3700 3213 3745 constat
3246 3691 3382 3760 (l5).
3407 3690 3689 3756 Quomodo

2118 3806 2243 3860 ergo
2275 3789 2871 3843 videbutttur‘trentore
2923 3785 3192 3850 deterriti,
3251 3783 3332 3837 vel
3375 3783 3688 3844 festinasse,

2118 3895 2177 3937 ttt
2206 3883 2356 3945 dicit,
2403 3881 2484 3934 vel
2531 3879 2653 3932 irati
2691 3894 2816 3933 esse
2863 3877 3178 3939 l’hilistiim,
3221 3886 3274 3927 et
3324 3873 3604 3935 Moaltita‘,
3636 3881 3691 3924 et

2119 3977 2305 4037 Iidem,
2336 3985 2387 4026 et
2429 3973 2646 4040 reliqua:
2677 3986 2812 4040 quas
2856 3977 3140 4023 enumerat
3173 3966 3469 4020 nationes?
3500 3965 3606 4019 Sed
3642 3965 3686 4016 si

2118 4070 2401 4122 redeamus
2442 4065 2506 4117 ad
2552 4063 2966 4132 intelligentiam
2999 4062 3321 4130 spiritali-tn,
3355 4059 3691 4114 inveniemus

2116 4161 2243 4229 quia
2297 4155 2588 4221 Philistiui,
2627 4154 2678 4209 id
2729 4166 2810 4210 est
2839 4157 3082 4208 cadentes
3110 4154 3287 4222 populi
3315 4194 3330 4218 ,
3385 4163 3440 4206 et
3474 4153 3640 4204 Edoni
3672 4186 3690 4213 ,

2115 4254 2206 4321 qui
2239 4254 2624 4319 interpretatur
2651 4257 2887 4301 terrenus
2916 4244 3051 4318 (1-1),
3083 4248 3374 4314 trepidant,
3406 4254 3460 4297 et
3497 4244 3688 4295 borum

2116 4344 2358 4397 omnium
2400 4339 2672 4409 principes
2702 4341 3008 4401 cursitant,
3060 4349 3112 4390 et
3165 4346 3358 4404 paVeut
3405 4332 3690 4386 constricti

2119 4435 2418 4495 doloribus,
2467 4449 2588 4486 eum
2637 4432 2819 4484 vident
2868 4444 3030 4497 regna
3060 4443 3180 4488 sua,
3222 4442 3341 4494 qua:
3391 4426 3443 4478 itt
3480 4423 3691 4477 inferno

432 4515 660 4579 Videris:
690 4513 856 4566 diem)
880 4510 1001 4574 qui“
1047 4509 1331 4563 άθνθηνίί
1361 4524 1482 4563 eum
1538 4518 1703 4562 lem"
1736 4508 1842 4562 se"
1874 4517 1926 4562 θι
1965 4511 2009 4562 εί
2046 4527 2088 4581 D
2121 4538 2282 4590 sunt,
2335 4535 2618 4595 penetrata
2653 4528 2720 4576 ab
2748 4537 2812 4574 eo
2845 4523 2938 4589 qui
2989 4519 3273 4573 descendit
3327 4519 3378 4571 in
3433 4516 3690 4570 inferiora

435 4619 594 4673 quem
631 4602 832 4654 videris
873 4598 1100 4652 luxuriat
1157 4600 1338 4651 carnis
1385 4607 1439 4651 et
1473 4599 1841 4666 voluptatibus
1889 4615 2011 4652 cor-

430 4696 582 4765 poris
615 4695 875 4756 deditum,
903 4691 954 4744 itt
986 4704 1090 4757 quo
1123 4690 1336 4742 animus
1374 4689 1506 4742 nihil
1531 4690 1693 4752 valet,
1723 4691 1816 4742 sed
1843 4698 2008 4743 totmn

439 4791 606 4843 libido
628 4788 813 4840 carnis
849 4785 1106 4849 obtinuit,
1139 4785 1309 4838 dicito
1335 4792 1389 4837 et
1418 4783 1485 4835 de
1526 4780 1626 4835 hoc
1674 4784 1801 4850 quia
1849 4784 2012 4835 devo-

431 4881 580 4936 ravit
629 4895 754 4934 emn
800 4889 963 4933 terra.
1012 4880 1202 4932 Adhuc
1265 4891 1352 4929 me
1409 4884 1591 4928 movet
1624 4873 1769 4942 quod
1805 4874 1880 4927 ait
1910 4875 2005 4928 ’δε

509 5021 554 5052 ⁶⁰
589 5019 756 5074 Exod.
791 5035 877 5085 xv,
906 5018 993 5073 Η.
1088 5018 1130 5048 ⁵¹
1165 5015 1307 5068 Psal.
1337 5030 1556 5085 ιιιιιιιι,
1579 5015 1633 5077 6,
1671 5014 1721 5085 1.

435 5093 484 5125 ⁸⁸
516 5092 646 5146 Luc.
681 5106 838 5156 xxm,
868 5083 964 5144 Ἦ.
1075 5086 1120 5120 ⁵⁷
1145 5086 1319 5142 Exod.
1374 5100 1462 5151 xv,
1497 5084 1583 5140 15.
1661 5083 1706 5114 ⁵⁸
1735 5083 1864 5138 ibid.
1909 5085 2028 5141 H.-

507 5229 624 5300 (Ιτὶ)
652 5229 787 5284 Vide
821 5228 913 5282 lib.
951 5243 989 5281 ιι
1021 5226 1196 5294 0rig.,
1223 5236 1416 5295 quaast.
1447 5225 1534 5279 15.

513 5294 624 5370 (1'5)
673 5301 943 5362 Quantum
991 5300 1057 5349 ad
1095 5294 1386 5370 historiam
1426 5295 1669 5360 pertinet,
1697 5294 1912 5370 pullum
1950 5313 2015 5350 ea:

441 5365 530 5424 his
554 5365 791 5439 géntibus
825 5369 1125 5439 interfuisse
1144 5367 1488 5439 mirabilibus
1520 5380 1652 5439 quae
1684 5365 2012 5439 factottum,

441 5435 666 5493 constat.
707 5441 850 5503 Esto,
889 5440 984 5492 sed
1025 5437 1152 5506 quid
1190 5446 1334 5489 vetat
1371 5437 1481 5488 lucc
1511 5435 1707 5488 cantici
1743 5437 1901 5488 verba
1927 5436 2012 5488 fu-

443 5522 690 5562 turorum
719 5524 838 5562 esse
865 5509 1226 5577 prophetiam,
1250 5506 1708 5577 quemadmodum
1742 5507 2014 5577 accipiunt

445 5579 684 5632 melioris
721 5574 1237 5644 none—interpretes.
1271 5574 1427 5629 Sane
1460 5574 1683 5629 Ilebrata
1722 5576 1886 5627 verba
1942 5577 2008 5630 ad

445 5648 682 5702 futurum
717 5657 928 5716 tempus
957 5649 1037 5702 sic
1064 5647 1196 5700 Vcl‘li
1225 5656 1453 5714 possunt
1481 5661 1494 5697 :
1521 5663 1538 5694 ι
1571 5645 1879 5716 Audierant
1911 5660 2008 5714 po-

445 5716 581 5784 puli,
621 5714 1063 5779 coulremiscent,
1091 5716 1243 5770 dolor
1273 5714 1632 5782 apprehendit
1664 5715 2009 5768 habitatores

445 5786 763 5841 t'alzestime.
802 5786 953 5838 'l‘une
985 5787 1157 5838 territi
1193 5795 1321 5838 sunt
1361 5784 1646 5837 millenarii
1677 5785 1840 5836 l'idout
1863 5825 1878 5846 ,
1927 5800 2013 5836 ro-

1822 5014 1867 5085 ν
1910 5015 1924 5066 I
1956 5013 2113 5070 Joau.
2141 5035 2222 5085 ιιι,
2249 5021 2304 5073 9..

2123 4628 2302 4680 terrm,
2341 4626 2398 4668 ιιι
2442 4616 2679 4683 eriperet
2717 4629 2812 4668 eos
2854 4613 2946 4680 qui
2996 4610 3410 4679 possidebantur
3437 4625 3466 4661 a
3501 4619 3688 4660 morte.

2123 4707 2259 4759 llinc
2289 4722 2383 4759 eos
2421 4705 2830 4773 comprehendit
2861 4705 3025 4758 timor
3061 4715 3113 4756 et
3149 4713 3371 4764 tremor,
3403 4702 3528 4770 quia
3564 4716 3690 4752 sen-

2121 4807 2310 4849 serunt
2340 4795 2763 4865 t'nagnitudinetn
2799 4795 3008 4847 brachii
3050 4793 3188 4862 ejus.
3239 4792 3376 4845 llinc
3421 4793 3584 4845 etiam
3613 4801 3694 4842 ta-

2121 4886 2353 4941 bueruut
2379 4901 2570 4940 omnes
2596 4885 2967 4940 inhabitantes
2989 4885 3272 4946 Chanaan,
3301 4885 3391 4952 qtti
3419 4881 3692 4935 mutabiles

2382 5019 2428 5051 ⁵³
2451 5018 2619 5074 Exod.
2653 5034 2740 5084 xv,
2775 5019 2867 5074 Η.
2941 5018 2988 5049 ⁸³
3019 5018 3150 5073 ibid.
3263 5018 3308 5048 ⁵⁵
3341 5017 3445 5072 lsa.
3480 5031 3603 5081 va,
3636 5015 3691 5070 2.

2116 5232 2306 5282 bustos
2341 5225 2494 5280 Moab
2527 5226 2895 5294 apprehendet
2932 5235 3160 5281 tremor.
3195 5225 3366 5280 Cadet
3403 5240 3566 5296 super
3597 5239 3694 5278 eos

2117 5309 2295 5351 terror
2327 5308 2381 5350 et
2415 5312 2600 5364 pavor.
2636 5316 2654 5346 ι

2185 5368 2296 5437 (14)
2355 5364 2650 5429 l’ltilt'stiui,
2708 5366 2762 5418 id
2796 5374 2871 5419 est
2904 5364 3163 5420 cadentes
3202 5365 3409 5436 populi,
3443 5376 3489 5421 et
3524 5365 3694 5421 Edam

2111 5460 2202 5530 qui
2241 5461 2623 5526 interpretatur
2677 5466 2949 5512 terrenus.
2987 5461 3042 5530 AV
3082 5459 3266 5530 radice
3298 5442 3420 5518 ωδε
3460 5461 3698 5512 volutare

2111 5528 2165 5584 se
2192 5530 2248 5582 iu
2281 5529 2509 5593 pulvere,
2545 5537 2595 5583 et
2627 5544 2756 5583 Voce
2783 5539 2865 5592 DY
2886 5529 3141 5596 populus;
3174 5528 3464 5581 l’bilistiiut
3496 5539 3694 5581 utcun-

2116 5615 2222 5669 que
2249 5600 2352 5652 diei
2395 5610 2618 5665 possunt
2647 5602 2889 5652 cadentes
2928 5600 3131 5666 pepuli,
3157 5599 3279 5669 quia
3311 5600 3401 5667 qui
3443 5597 3693 5652 volutan-

2121 5668 2206 5724 tur
2235 5671 2286 5722 itt
2322 5669 2568 5736 pulvere,
2597 5670 2898 5722 ceciderint
2926 5678 3162 5735 oportet.
3189 5668 3355 5721 Edunt
3395 5685 3524 5724 vero
3553 5669 3695 5738 opti-

2121 5755 2205 5793 me
2238 5741 2387 5792 reddi
2423 5751 2598 5806 potest
2639 5751 2873 5795 terrenus
2910 5739 2977 5792 ah
3003 5746 3169 5798 317218
3196 5751 3348 5797 terra,
