4110 6406
336 443 442 498 557

1475 465 1477 467 ι
1548 428 1614 483 IN
1657 421 1944 482 EXODUM
1989 421 2274 478 llOMlLlA
2312 422 2397 478 V'l.

3495 417 3603 472 338

333 565 767 630 interpretantur
801 564 854 610 et
882 556 1092 608 utubi’es
1132 553 1265 625 (l5),
1312 570 1434 608 cum
1471 554 1654 607 vident
1708 550 1912 606 moveri
1944 546 1991 602 Α
2021 554 2074 598 et
2103 547 2310 600 creavit
2336 556 2386 598 te
2414 553 2466 598 et
2498 543 2790 612 acquisivit
2823 543 2913 595 te?
2949 562 2964 592 ι
3003 540 3224 594 Videtur
3262 539 3405 592 enim
3435 555 3602 592 mins-

332 667 501 721 regua
551 664 673 712 sua,
728 645 935 712 alligari
983 647 1208 707 fer-tem,
1259 654 1314 699 et
1375 660 1502 697 vasa
1565 642 1682 710 ejus
1720 643 1906 710 diripi.

335 763 354 797 ι
403 743 594 795 Veniat
625 755 755 809 ergo
783 754 947 807 super
974 753 1068 791 eos
1100 739 1262 790 timor
1305 746 1363 790 et.-
1401 747 1606 790 tremor
1643 736 1914 805 magnitu-

331 837 474 891 dinis
507 833 718 886 brat-hii
759 831 832 884 tui
857 831 947 885 Ψ.
985 849 1002 880 ι
1031 830 1166 896 Quid
1201 829 1394 883 timent
1426 828 1733 882 daemones?-
1775 827 1914 894 Quid

333 940 568 983 tremunt
594 927 616 978 ?
646 927 776 978 Siue
805 924 971 978 dubie
996 939 1213 977 crucem
1243 923 1469 986 Christi,
1503 923 1554 975 in
1588 937 1690 991 qua
1723 923 1914 974 trium-

330 1020 482 1088 phati
516 1027 663 1076 sunt,
698 1017 749 1068 in
780 1031 886 1085 qua
918 1017 1065 1068 exuti
1111 1024 1237 1067 sunt
1277 1015 1612 1083 principatus
1645 1028 1830 1068 eorum
1861 1021 1914 1067 et

331 1120 650 1178 potestates.
686 1108 876 1159 Timor
917 1121 1048 1172 ergo
1083 1114 1136 1159 e-t
1177 1115 1378 1159 tremor
1423 1107 1579 1159 cadet
1605 1121 1768 1174 super
1795 1121 1910 1171 eos,

330 1219 448 1255 cum
480 1205 694 1270 signum
723 1201 777 1252 in
806 1200 962 1253 nobis
993 1198 1232 1253 viderint
1257 1203 1436 1251 rnn-is
1465 1199 1696 1253 ﬁdeliter
1725 1199 1912 1264 ﬁxum,

330 1306 380 1348 ct
415 1293 850 1362 magnitudinem
893 1291 1100 1345 brachii
1135 1291 1302 1355 illius,
1331 1294 1473 1359 quod
1529 1291 1790 1345 Dominus
1819 1306 1916 1347 ex-

329 1387 518 1457 pandit
563 1385 614 1438 in
652 1400 838 1447 cruce,
878 1384 1022 1437 sicut
1049 1383 1184 1437 dicit
1209 1385 1296 1436 ":
1334 1403 1350 1434 ι
1387 1383 1520 1437 Tota
1563 1386 1649 1438 die
1681 1389 1913 1453 expandi

334 1494 525 1532 manus
555 1491 707 1530 meas
734 1476 799 1528 ad
830 1475 1083 1544 pupulum
1115 1491 1223 1527 non
1253 1477 1590 1542 credentem,
1620 1485 1672 1529 et
1702 1489 1918 1530 contra-

331 1573 597 1624 dicenteni
633 1568 787 1622 mihi.
824 1587 841 1619 ι
885 1567 998 1620 Non
1036 1577 1086 1620 te
1123 1585 1253 1634 ergo
1296 1569 1454 1623 aliter
1491 1569 1782 1632 timebunt,
1817 1586 1916 1622 nec

332 1663 487 1715 aliter
512 1671 720 1714 tremor
749 1670 871 1712 tum
896 1659 1078 1714 veniet
1108 1673 1271 1728 super
1303 1677 1423 1725 eos,
1470 1660 1571 1714 nisi
1611 1663 1832 1714 videant
1863 1662 1914 1714 in

334 1763 387 1807 te
436 1768 649 1805 crucem
698 1751 948 1816 Christi,
996 1753 1096 1805 nisi
1146 1763 1201 1805 et
1247 1761 1298 1806 tu
1345 1753 1554 1821 poteris
1589 1754 1771 1807 dicere
1812 1753 1856 1783 ⁶⁰
1900 1769 1914 1807 :

342 1865 360 1897 ι
400 1846 521 1898 Mihi
567 1854 747 1897 autem
791 1845 933 1899 absit
970 1845 1224 1914 gloriari.
1264 1845 1366 1898 nisi
1403 1845 1455 1898 in
1501 1860 1664 1900 cruce
1696 1845 1910 1898 Domini

343 1938 440 1991 mei
469 1936 594 1990 Jesu
622 1937 843 2000 Christi,
875 1952 972 2005 per
996 1951 1156 2006 quem
1182 1937 1313 1990 mihi
1354 1937 1589 1992 mundus
1615 1937 1912 1992 cruciﬁxus

337 2040 433 2090 est,
467 2039 517 2082 et
557 2043 655 2099 ego
692 2029 914 2082 mundo.
953 2048 970 2080 ι

398 2124 448 2174 9.
493 2140 510 2172 ι
544 2122 698 2174 Fiant
732 2133 992 2191 tanquam
1035 2122 1175 2190 lapis
1207 2123 1381 2177 donec
1412 2131 1655 2178 transeat
1679 2123 1912 2193 papulus

332 2223 471 2274 tuus,
523 2214 780 2280 Domine,
837 2215 1009 2268 donec
1063 2223 1309 2270 transeat
1357 2216 1589 2284 populus
1636 2225 1758 2269 tuus
1802 2217 1908 2282 hic,

328 2323 485 2373 quem
521 2306 805 2375 acquisisti
833 2306 899 2360 ⁶¹.
945 2326 963 2358 ι
993 2307 1138 2361 Fieri
1178 2318 1438 2377 tanquam
1485 2307 1764 2378 lapidem,
1804 2327 1908 2364 nun

323 2409 407 2454 est
435 2408 628 2452 natura
655 2414 776 2452 esse
803 2399 1057 2467 lapidem.
1086 2397 1202 2452 Non
1240 2401 1384 2453 enim
1429 2400 1603 2465 ﬁeret,
1637 2402 1740 2455 nisi
1768 2404 1912 2472 quod

328 2508 433 2544 non
462 2503 604 2544 erat.
639 2490 754 2545 lloc
797 2502 1018 2560 propter
1051 2491 1170 2546 illos
1212 2493 1469 2559 dicimus,
1501 2494 1591 2563 qui
1624 2495 1781 2548 malae
1813 2513 1910 2549 na-

323 2593 461 2636 :nrze
491 2584 860 2648 Pharaonem,
913 2584 995 2638 vel
1041 2585 1332 2655 Egyptios
1386 2588 1575 2642 dicunt
1635 2587 1825 2653 fuisse,
1858 2598 1913 2642 et

325 2690 436 2726 non
461 2690 525 2727 ex
552 2674 761 2727 arbitrii
799 2673 1052 2729 libertate
1082 2675 1134 2728 in
1167 2675 1270 2729 hoc
1300 2691 1423 2730 esse
1453 2679 1718 2731 deductos
1746 2695 1760 2740 ;
1815 2680 1909 2732 sed

321 2777 372 2818 et
404 2777 622 2834 propter
650 2781 762 2828 eos,
790 2767 880 2835 qui
918 2777 1224 2820 creatorem
1271 2768 1437 2822 Deum
1476 2780 1745 2824 accusant
1792 2781 1913 2825 tan-

321 2873 490 2926 quam
524 2872 750 2922 sa-vum,
781 2859 924 2926 quod
962 2860 1208 2913 homines
1259 2871 1432 2914 vertat
1480 2862 1531 2914 in
1569 2862 1798 2932 lapides.
1844 2863 1910 2918 lli

319 2966 456 3020 ergo
501 2951 820 3020 priusquam
867 2949 1265 3018 blasphemeut,
1311 2953 1670 3006 considerent
1695 2970 1909 3009 summa

322 3044 634 3102 librationc,
688 3055 811 3110 quae
859 3041 1063 3108 scripta
1119 3051 1267 3093 sunt.
1327 3039 1443 3094 Non
1495 3046 1640 3096 enim
1713 3045 1850 3098 dixit
1894 3064 1907 3098 :

325 3154 344 3186 ι
395 3134 558 3188 Fiant
588 3144 846 3200 tanquam
879 3131 1014 3199 lapis
1035 3169 1049 3193 ,
1082 3150 1100 3182 ι
1136 3141 1190 3184 et
1216 3133 1408 3193 tacuit.
1435 3135 1530 3188 sed
1559 3147 1773 3202 tempus
1795 3148 1911 3190 sta-

321 3227 452 3288 tuit,
505 3236 558 3279 et
610 3238 928 3276 mensuram
971 3225 1448 3280 eoudemnationis
1498 3227 1763 3280 decernit.
1822 3229 1981 3305 Aitc

322 3317 474 3368 enim
515 3331 528 3366 :
568 3334 584 3363 I
624 3315 806 3368 Donec
861 3323 1106 3368 transeat
1153 3315 1383 3385 populus
1425 3326 1568 3382 tuus,
1605 3317 1849 3374 Domine.
1885 3339 1903 3372 ι

323 3407 446 3470 Quo
467 3405 674 3458 scilicet
705 3415 824 3474 post
856 3407 1144 3460 transitum
1171 3407 1352 3476 pepuli
1380 3423 1486 3463 non
1518 3410 1626 3464 sint
1654 3419 1909 3480 tanquam

325 3495 556 3564 lapides.
596 3495 650 3549 In
685 3512 794 3564 quo
822 3496 954 3550 mihi
997 3497 1215 3551 videtur
1250 3499 1546 3567 prophetiae
1579 3501 1782 3569 aliquid
1826 3503 1910 3555 la-

328 3599 465 3643 tere.
505 3588 672 3640 V'ideo
711 3589 855 3641 enim
910 3589 1037 3658 quia
1080 3591 1233 3658 prior
1261 3591 1510 3661 populus,
1537 3595 1625 3664 qui
1653 3595 1753 3650 fuit
1785 3608 1911 3654 ante

323 3697 446 3743 nos,
475 3680 647 3734 fartus
672 3691 754 3735 est
786 3691 1042 3751 tanquam
1087 3683 1226 3751 lapis
1271 3684 1441 3739 durus
1474 3696 1529 3740 et
1572 3687 1906 3746 incredulus.

321 3772 530 3826 Verum
570 3788 673 3826 non
705 3783 954 3834 eatenus,
1007 3784 1064 3827 ut
1120 3776 1172 3829 in
1229 3776 1423 3845 lapidis
1471 3789 1662 3835 natura
1696 3798 1909 3850 perma-

321 3875 472 3927 neat,
501 3866 592 3918 sed
629 3867 802 3920 donec
839 3876 1080 3920 transeat
1121 3869 1350 3939 populus
1387 3871 1498 3935 hic,
1540 3875 1771 3942 populus
1822 3877 1910 3932 hic

319 3973 482 4024 quem
549 3957 811 4012 Dominus
873 3959 1166 4025 acquisivit
1192 3957 1305 4028 ([6)
1333 3974 1346 4010 :
1371 3981 1388 4010 ι
1415 3962 1642 4019 Caecitas
1667 3968 1813 4020 enim
1839 3985 1905 4022 ex

320 4059 481 4118 parte
518 4049 747 4116 contigit
777 4049 829 4100 in
862 4047 1022 4102 Israel
1057 4068 1076 4100 ι
1113 4053 1413 4106 secundum
1457 4070 1719 4120 carnem,
1757 4078 1775 4108 ι
1811 4060 1909 4112 do-

321 4158 425 4196 nec
463 4140 623 4209 150
649 4140 931 4208 plenitudo
962 4142 1204 4210 gentium
1235 4145 1596 4200 subintroiret
1622 4149 1688 4202 δ’.
1722 4167 1740 4200 ι
1771 4150 1906 4204 Cum

319 4235 469 4288 cnim
496 4233 780 4302 plenitudo
814 4235 1058 4300 gentium
1097 4235 1512 4302 subintraverit,
1555 4247 1684 4293 tunc
1735 4242 1905 4295 etiam

317 4326 504 4380 omnis
529 4325 715 4388 lsrael,
750 4325 838 4394 qui
868 4342 964 4394 per
997 4327 1402 4383 incredulitatis
1441 4330 1700 4384 duritiam
1735 4333 1910 4389 factus

319 4418 504 4473 fuerat
538 4419 672 4471 sicut
709 4418 864 4488 lapis,
894 4417 1214 4472 salvabitur.
1243 4420 1404 4474 Etvis
1429 4421 1611 4476 videre
1633 4428 1908 4493 quomodo

317 4511 658 4564 salvabitur?
686 4529 704 4561 ‹
747 4510 944 4564 l‘otens
980 4519 1085 4574 est,
1117 4511 1290 4579 inquit
1325 4511 1392 4578 “,
1441 4513 1580 4568 Deus
1621 4515 1688 4569 de
1717 4515 1906 4584 lapidi-

2023 639 2256 706 quisqne
2294 637 2423 692 illud
2455 637 2761 706 acquirere,
2811 636 2955 705 quod
2987 651 3093 688 non
3128 634 3231 687 fuit
3265 648 3444 688 suum.
3474 631 3604 686 lude

2022 731 2254 801 denique
2289 739 2344 786 ct
2388 730 2630 785 haeretici
2666 731 2856 784 dicunt
2885 731 2950 784 de
2983 728 3266 782 Salvatore
3287 767 3301 791 ,
3333 727 3458 795 quia
3495 743 3603 778 non

2019 833 2179 876 erant
2201 823 2310 887 sui,
2343 837 2483 891 quos
2517 822 2836 891 acquisivit.
2860 822 2998 875 Dato
3025 823 3228 874 etenim
3251 821 3428 888 pretio
3453 833 3602 872 mer-

2022 923 2175 968 ratus
2206 925 2289 969 est
2326 914 2576 970 homines
2609 929 2748 984 quos
2764 915 2995 970 Creator
3017 914 3239 968 fecerat.
3285 913 3351 966 Et
3388 922 3600 966 certum

2019 1018 2126 1070 est,
2156 1007 2332 1071 aiunt,
2367 1023 2811 1077 unumquemque
2855 1024 2964 1062 non
3017 1006 3146 1061 illud
3189 1019 3397 1068 emere,
3455 1005 3600 1072 quod

2019 1115 2176 1152 suum
2229 1111 2334 1154 est.
2399 1100 2694 1171 Apostolus
2740 1100 2885 1154 enim
2932 1101 3008 1152 ait
3040 1099 3131 1151 ML:
3165 1117 3184 1149 ι
3218 1097 3598 1164 Pretio-empti

2016 1192 2169 1247 estis.
2203 1211 2221 1244 ι
2256 1193 2362 1248 Sed
2394 1194 2517 1246 audi
2553 1193 2684 1262 quid
2714 1192 2846 1245 dicit
2888 1192 3153 1261 propheta
3186 1191 3231 1221 ⁶⁶
3263 1207 3274 1243 :
3309 1207 3327 1240 ι
3358 1188 3603 1243 Peecatis

2020 1286 2218 1338 vestris
2249 1285 2546 1338 venundati
2587 1284 2744 1347 estis,
2784 1292 2839 1336 et
2869 1298 2968 1349 pro
2992 1281 3374 1351 iniquitatilms
3405 1281 3604 1335 vestris

2018 1378 2196 1432 dimisi
2229 1389 2458 1430 matrem
2490 1388 2750 1430 vestram.
2782 1395 2800 1428 ι
2829 1374 2995 1430 Vides
3025 1389 3178 1444 ergo,
3203 1375 3328 1442 quia
3360 1374 3452 1429 Dei
3481 1374 3604 1442 quis

2018 1473 2138 1524 dem
2197 1482 2450 1526 creatura
2498 1486 2690 1523 omnes
2749 1485 2982 1534 sumus,
3033 1469 3412 1536 unusquisque
3476 1484 3605 1522 vero

2019 1565 2258 1630 peccatis
2284 1564 2396 1618 suis
2424 1564 2794 1625 vcuuudatur.
2835 1571 2888 1617 et
2941 1576 3042 1630 pro
3075 1559 3455 1630 iniquitatibus
3487 1561 3606 1615 suis

2019 1669 2050 1706 a
2094 1655 2316 1723 proprio
2364 1664 2617 1708 creatore
2662 1653 2916 1708 discedit.
2945 1651 3041 1706 Dei
3075 1651 3248 1722 igitur
3291 1665 3484 1706 sumus
3520 1665 3604 1706 se-

2029 1747 2266 1799 cundum
2299 1745 2443 1813 quod
2478 1749 2546 1798 ab
2585 1760 2652 1798 eo
2679 1747 2849 1799 creati
2879 1759 3090 1798 sumus.
3129 1741 3318 1797 Elfecti
3343 1758 3474 1798 vero
3507 1759 3603 1796 su.-

2023 1851 2144 1890 mus
2169 1837 2308 1890 servi
2339 1835 2575 1899 diaboli,
2608 1835 2904 1888 secundum
2939 1834 3082 1902 quod
3113 1833 3354 1903 peccatis
3395 1835 3602 1888 nostris

2021 1930 2313 1983 venundati
2353 1945 2559 1983 sumus.
2592 1927 2837 1982 Veniens.
2859 1938 3041 1979 autem
3088 1925 3340 1980 Christus
3370 1926 3602 1980 redemit

2021 2037 2119 2077 nos
2143 2038 2268 2076 cum
2316 2024 2650 2077 serviremus
2697 2023 2771 2074 illi
2817 2023 3062 2083 domino,
3104 2019 3189 2073 cui
3228 2019 3602 2088 nosmetipsos

2022 2119 2299 2186 peccando
2339 2115 2704 2169 vendidimns.
2746 2113 2811 2166 Et
2841 2115 2914 2166 ita
2951 2114 3165 2166 videtur
3189 2122 3448 2179 tanquam
3478 2125 3607 2165 suos

2021 2210 2238 2279 quidem
2270 2209 2567 2276 recepisse,
2591 2222 2727 2275 quos
2764 2214 3071 2266 creaverat,
3105 2213 3366 2271 tanquam
3399 2203 3607 2258 alienos

2019 2312 2200 2357 autem
2246 2300 2588 2370 acquisisse,
2657 2300 2786 2367 quia
2859 2297 3098 2349 alienum
3161 2295 3264 2350 sibi
3323 2294 3602 2347 domimnn

2020 2397 2134 2450 sive
2161 2394 2435 2458 errando,
2483 2393 2599 2446 sive
2641 2389 2918 2458 peccando
2964 2388 3351 2458 quaesiverant.
3393 2386 3457 2440 Et
3493 2385 3606 2440 for-

2023 2497 2167 2542 tasse
2215 2494 2364 2539 recte
2391 2484 2613 2554 quidem
2642 2483 2840 2538 dicitur
2882 2480 3180 2536 redemisse
3206 2496 3302 2535 nos
3326 2479 3602 2544 Christus,

2019 2580 2112 2647 qui
2169 2577 2400 2646 pretium
2456 2575 2628 2630 nostri
2682 2573 3000 2643 sanguinem
3054 2587 3209 2627 suum
3255 2571 3423 2627 dedit.
3463 2572 3604 2638 Quid

2021 2672 2128 2725 tale
2171 2679 2354 2726 autem
2387 2678 2445 2723 ut
2479 2684 2576 2725 nos
2608 2677 2955 2723 mercaretur
2997 2666 3165 2721 etiam
3219 2663 3470 2720 diabolus
3502 2665 3599 2719 de-

2019 2764 2141 2818 dit?
2173 2763 2334 2832 Ergo,
2376 2761 2419 2815 si
2453 2760 2709 2822 videtur,
2754 2757 3024 2812 auseulta.
3075 2756 3460 2819 Homicidium,
3509 2772 3610 2826 pe-

2020 2857 2182 2910 cunia
2245 2855 2447 2909 diaboli
2493 2863 2598 2910 est.
2655 2850 2748 2904 llle
2791 2849 2936 2902 enim
2993 2851 3062 2906 ab
3120 2851 3278 2904 initio
3329 2850 3604 2905 homicida

2019 2959 2104 3004 est
2137 2948 2203 2999 °".
2239 2947 2440 3002 Fecisti
2477 2947 2867 3013 homicidium,
2906 2945 3108 3001 diaboli
3145 2945 3431 3014 pecuniam
3478 2958 3603 2996 sus-

2020 3041 2241 3108 cepisti.
2299 3037 2669 3103 Adulterium,
2720 3039 2918 3092 diaboli
2961 3037 3193 3106 pecunia
3244 3045 3352 3098 est.
3389 3035 3606 3089 Diaboli

2019 3133 2166 3186 enim
2192 3131 2247 3184 in
2285 3145 2351 3184 eo
2381 3129 2560 3197 imago
2600 3138 2683 3182 est
2719 3139 2774 3182 et
2811 3129 3228 3197 superscriptio.
3265 3125 3612 3182 Commisist‘r

2020 3223 2386 3287 adulterium,
2433 3221 2694 3289 accepisti
2733 3219 2937 3273 diaboli
2985 3220 3278 3273 numisma.
3335 3217 3599 3277 Furtum,

2017 3315 2216 3369 falsum
2248 3314 2643 3380 testimonium,
2681 3315 2980 3383 rapacitas,
3025 3311 3311 3382 violentia,
3347 3313 3461 3366 hinc
3483 3326 3601 3364 om-

2017 3411 2104 3464 nia
2150 3407 2349 3463 diaboli
2400 3422 2601 3460 census
2640 3416 2745 3468 est,
2781 3414 2835 3459 et
2876 3405 3076 3460 diaboli
3110 3406 3418 3460 thesaurus.
3455 3404 3602 3458 Talis

2013 3503 2160 3557 enim
2187 3501 2416 3572 pecunia
2453 3499 2520 3554 de
2546 3495 2666 3566 ejus
2703 3507 2921 3551 moneta
2959 3497 3224 3568 procedit.
3273 3496 3387 3552 llae
3437 3498 3602 3565 igitur

2012 3597 2242 3666 pecunia
2273 3595 2406 3648 emit
2451 3595 2574 3658 ille,
2626 3613 2763 3664 qin-s
2805 3595 2958 3658 emit,
2992 3601 3047 3647 et
3085 3589 3251 3646 cﬂicit
3275 3589 3385 3645 sibi
3411 3605 3602 3644 servos

2012 3704 2238 3753 omnes,
2293 3687 2384 3756 qni
2429 3688 2495 3742 de
2555 3685 2928 3756 hujuscemodi
2987 3699 3152 3739 censu
3204 3681 3332 3750 ejus.
3366 3689 3597 3749 qualth

2013 3783 2342 3851 lnmeunqne
2365 3780 2730 3849 susceperint.
2754 3778 2950 3832 Verum
2975 3792 3081 3848 ego
3098 3788 3312 3839 vereor,
3339 3788 3408 3827 ne
3432 3774 3597 3826 etiam

2012 3874 2227 3944 aliquos
2256 3874 2321 3928 de
2347 3873 2678 3935 astantibus,
2705 3887 2842 3940 quos
2868 3871 3164 3935 noscimus,
3189 3868 3434 3922 diabolus
3459 3882 3599 3921 mets-

2011 3975 2170 4020 cetur
2201 3964 2436 4028 occulte,
2487 3978 2554 4017 ne
2591 3963 2754 4016 etiam
2801 3960 3076 4029 aliquibus
3110 3968 3420 4013 nostrorum
3455 3957 3598 4009 hanc

2012 4057 2329 4127 pecuniam,
2357 4071 2522 4125 quam
2557 4068 2722 4121 supra
2763 4051 3233 4115 cnumeravimus,
3271 4051 3509 4118 ingerat,
3540 4059 3596 4103 et

2013 4151 2174 4204 faciat
2221 4148 2340 4201 illos
2368 4161 2580 4200 rursum
2619 4158 2770 4207 suos,
2807 4153 2862 4197 et
2895 4158 3108 4197 rursum
3140 4157 3240 4210 pro
3273 4143 3352 4199 eis
3385 4142 3598 4193 tabulas

2011 4241 2322 4301 servitutis,
2349 4250 2402 4293 et
2429 4239 2637 4307 peccati
2680 4237 3106 4304 chirographum
3152 4235 3380 4296 scribat,
3431 4242 3598 4300 atque

2013 4333 2322 4387 immisceat
2359 4330 2535 4385 servis
2569 4329 2663 4383 Dei
2683 4343 2800 4394 eos,
2843 4341 2983 4396 quos
3026 4325 3236 4396 peccati
3285 4324 3461 4394 pretio
3491 4323 3593 4377 sibi

2013 4425 2208 4480 fecerit
2237 4439 2447 4478 servos.
2481 4423 2630 4477 Solet
2655 4422 2823 4486 enim,
2850 4422 2977 4491 quia
3013 4419 3265 4473 inimicus
3297 4418 3456 4471 homo
3485 4425 3610 4481 est,

2015 4519 2197 4573 tritico
2239 4517 2471 4572 miscere
2509 4517 2739 4570 zizania.
2777 4517 2839 4570 Et
2868 4525 3047 4568 tamen
3072 4513 3116 4566 si
3154 4513 3278 4580 quis
3313 4511 3453 4565 ferte
3493 4512 3596 4564 hu.-

316 4602 424 4656 bns
460 4601 577 4654 istis
629 4601 899 4655 suscitare
959 4602 1098 4656 lilios
1141 4603 1394 4659 Abrahae.
1427 4623 1446 4656 ι
1505 4605 1725 4662 Manent
1773 4625 1904 4680 ergo
1938 4585 2316 4683 Djuscctuodi
2376 4613 2660 4680 pecuniam
2707 4623 2737 4662 a
2782 4606 2999 4665 diabolo
3043 4608 3300 4672 deceptus
3359 4604 3591 4672 accepit,

318 4693 530 4762 lapides
583 4710 749 4757 nime,
801 4696 975 4749 donec
1023 4703 1265 4750 transeat
1313 4697 1541 4766 populus
1595 4709 1739 4764 tuus,
1793 4701 1905 4757 Do-

318 4785 511 4849 mine,
553 4783 780 4854 pOpulus
837 4794 962 4837 tuus
1012 4784 1099 4837 hic
1157 4800 1317 4854 quem
1363 4788 1667 4856 arquisisti.
1713 4792 1819 4847 Sed
1857 4795 1905 4849 si

317 4878 439 4946 ipse
471 4875 734 4930 Dominus
777 4887 995 4929 creator
1043 4887 1127 4929 est
1178 4878 1447 4942 omnium,
1485 4881 1772 4938 videndum
1818 4896 1904 4940 est

317 4971 595 5040 quomodo
626 4969 714 5022 hic
745 4968 1050 5036 arqnisisse
1085 4957 1321 5035 dicatur,
1350 4985 1471 5038 qua
1506 4987 1602 5026 sua
1644 4990 1765 5030 esse
1796 4994 1901 5034 non

318 5063 546 5117 dubium
579 5071 681 5114 est.
731 5061 938 5115 Dicitur
980 5071 1034 5115 et
1083 5065 1136 5117 in
1170 5061 1278 5114 alio
1323 5065 1539 5118 cantico
1567 5067 1903 5126 Denterono-

325 5152 422 5208 mii
461 5151 507 5182 “
540 5170 554 5206 :
596 5169 614 5202 ι
654 5151 846 5208 Nonne
874 5152 965 5208 hic
1008 5154 1120 5223 ipse
1169 5155 1309 5210 Deus
1339 5166 1484 5224 tuus,
1512 5159 1604 5228 qui
1650 5161 1780 5218 fecit
1822 5177 1894 5235 te,

386 5317 456 5350 ⁸⁸·
486 5318 656 5372 Exod.
683 5334 771 5381 xv,
798 5318 885 5374 l6.

315 5390 364 5423 “
401 5388 558 5442 Dent.
589 5404 762 5452 xxxii,
785 5388 838 5446 6.

317 5473 440 5526 va,
469 5458 560 5513 22.

389 5555 504 5625 (Ιὸ)
528 5553 1195 5632 l"habitantesChanaan,
1215 5561 1305 5628 qui
1327 5565 1617 5619 mutabiles
1639 5568 1898 5632 interpre—

317 5635 502 5679 tantur
530 5633 579 5677 et
608 5625 858 5701 niobiles.
893 5627 934 5679 A
976 5627 1162 5701 radice
1194 5625 1281 5688 κ’Ίὲ
1327 5637 1482 5686 movit
1513 5651 1622 5688 sese
1647 5675 1660 5696 ,
1702 5625 1897 5701 uictus,

317 5707 554 5774 agitatus
599 5695 722 5763 fuit,
762 5706 816 5750 et
865 5699 1234 5774 primos-iteite
1273 5695 1733 5774 :,Jinterpretari
1769 5695 1900 5774 quo;

320 5767 593 5832 quomodo
634 5777 862 5834 possunt
892 5768 1182 5822 Chanaumi
1210 5772 1436 5826 mobiles
1467 5767 1550 5827 Vel
1579 5767 1891 5832 mutabiles.

325 5835 707 5910 \«ruintann-u
765 5838 816 5891 in
861 5837 1075 5910 Lexiris
1115 5840 1360 5895 llehrmis
1429 5845 1597 5898 radici
1649 5855 1750 5910 ιω
1798 5847 1894 5899 de-

325 5905 532 5972 pressit,
577 5909 884 5976 prostravit,
922 5909 1169 5981 subjacct
1195 5920 1316 5988 In:
1343 5911 1587 5982 Canae",
1622 5905 1759 5986 rcgio
1790 5915 1893 5970 Ca-

971 5321 1018 5353 ”
1047 5319 1153 5377 lsa.
1178 5338 1301 5388 LXV,
1325 5323 1380 5376 2.

953 5392 999 5424 “
1033 5391 1050 5446 l
1084 5393 1209 5448 Cor.
1245 5410 1338 5457 vn,
1365 5395 1455 5450 25.

1458 5326 1502 5358 ⁶⁰
1535 5325 1710 5384 Galat.
1738 5348 1809 5398 vi,
1832 5336 1915 5392 M.

1577 5401 1620 5431 ⁶⁶
1649 5399 1750 5457 lsa.
1797 5410 1927 5470 1.,1.

2007 4721 2113 4765 non
2165 4717 2557 4772 usquequaque
2608 4702 2907 4772 desperet;
2970 4699 3286 4754 misericors
3322 4697 3469 4752 enim
3508 4708 3594 4750 est

2003 4807 2059 4854 et
2101 4798 2395 4852 mise-rator
2432 4797 2729 4857 Dominus.
2774 4803 2830 4850 et
2874 4806 3142 4850 creaturae
3188 4809 3302 4848 sua:
3344 4808 3450 4846 non
3481 4791 3595 4844 vult

2006 4889 2376 4958 mortem,scd
2406 4898 2462 4943 ut
2485 4897 2860 4952 convertatur,
2889 4895 2944 4942 et
2969 4887 3115 4940 vivat
3143 4886 3208 4938 ⁸⁸.
3242 4884 3588 4950 Ptenitendo,

2003 4984 2202 5049 ﬂendo,
2240 4982 2631 5039 satisfaciendo
2677 4981 2859 5036 deleat
2913 4981 3056 5050 quod
3115 4980 3418 5035 admissum
3481 4991 3588 5032 est.

2008 5076 2153 5130 Dicit
2200 5077 2345 5130 enim
2401 5076 2665 5144 prepheta
2695 5073 2762 5138 “,
2795 5074 2923 5144 quia
2965 5091 2996 5124 α-
3021 5074 3065 5128 si
3098 5087 3395 5127 conversus
3435 5071 3587 5142 inge-

2006 5169 2234 5234 mueris,
2280 5177 2410 5223 tunc
2461 5168 2644 5223 salvus
2691 5171 2824 5226 eris.
2851 5187 2870 5220 ›
2909 5167 3076 5222 Paulo
3111 5166 3280 5222 latius
3312 5165 3588 5236 progressi

2574 5337 2620 5370 ⁶³
2647 5336 2802 5392 Rom.
2833 5354 2908 5398 xi,
2932 5336 3028 5390 25.

2671 5409 2716 5441 “
2743 5409 2940 5464 Ezech.
2993 5421 3188 5467 xum,
3219 5407 3301 5458 ll.

3119 5336 3164 5367 ⁸³
3195 5334 3381 5389 Matth.
3409 5347 3493 5396 tu,
3523 5331 3579 5387 9.

1995 5339 2038 5370 “
2064 5339 2232 5398 Exod.
2268 5353 2362 5403 IV,
2389 5337 2477 5392 16.
2574 5337 2620 5370 ⁶³
2647 5337 2802 5392 Rom.
2833 5354 2908 5398 XI,
2932 5337 3028 5390 25.
3119 5337 3164 5367 ⁸³
3195 5337 3381 5389 Matth.
3409 5347 3493 5396 tlt,
3523 5337 3578 5387 9.

2041 5411 2084 5443 6⁷
2109 5411 2264 5455 .lnan-
2304 5425 2422 5455 vm-
2468 5408 2558 5455 ΔΑ.-
2671 5409 2716 5441 ⁸⁸
2745 5409 2940 5455 Ezecli-
2993 5421 3187 5455 xxxm.
3219 5407 3301 5455 Η.
3411 5400 3578 5455 “lsa.

2041 5411 2084 5443 ⁶⁷
2109 5411 2264 5467 Joan.
2304 5425 2424 5475 vul,
2468 5408 2558 5463 44.

2006 5589 2167 5631 "ann.
2203 5573 2361 5642 cujus
2389 5573 2582 5642 incola:
2612 5587 2734 5623 cum
2769 5569 2838 5623 ob
2867 5568 3031 5621 maris
3073 5564 3327 5616 viciniam
3371 5575 3587 5642 inerra-

2006 5651 2141 5696 tura:
2169 5639 2337 5697 dediti
2376 5641 2597 5706 fuerint,
2635 5642 2759 5693 inde
2784 5648 2924 5726 pus,
2953 5645 3230 5693 mercator,
3267 5639 3584 5702 negotiator.

2076 5734 2188 5815 (l6)
2225 5733 2482 5814 Dominus
2521 5720 2820 5812 acquisivit.
2866 5728 2976 5784 Vox
3023 5725 3274 5778 Dominus
3316 5727 3368 5779 in
3418 5720 3609 5776 editis-

2003 5814 2228 5870 omissa,
2270 5814 2540 5878 reperitur
2580 5819 2631 5855 ιιι
2669 5815 2796 5854 mss.
