4110 6462
386 457 489 515 359

392 595 602 642 sumus,
635 576 760 630 dum
794 569 1044 624 volumus
1069 575 1346 636 exponere
1369 560 1643 632 quomodo
1678 553 1819 609 Deus
1849 567 1968 621 quae
2000 553 2044 609 Δ

393 689 491 728 sua
524 677 651 725 sunt
687 667 899 721 dicatur
937 660 1256 730 acquirere,
1310 668 1366 710 et
1405 655 1678 708 redimere
1719 648 1973 702 Christus

394 764 660 835 sanguine
693 759 931 829 pretioso
968 768 1107 825 quos
1151 761 1362 808 emerat
1402 745 1650 801 diabolus
1693 741 1782 792 vili
1833 753 1974 791 mer.

396 859 530 913 cede
563 853 794 926 peccati.

469 952 556 1005 to.
597 966 615 1001 ι
654 947 924 1002 lnducens
962 941 1144 1010 planta
1183 953 1281 990 eos
1333 936 1385 989 in
1425 942 1610 987 monte
1641 924 1979 984 haereditatis

399 1052 506 1095 tua:
532 1038 601 1094 ⁷⁸.
635 1057 654 1089 ι
713 1036 828 1092 Non
863 1033 976 1088 vult
1025 1047 1124 1085 nos
1162 1029 1302 1082 Dens
1338 1027 1388 1079 in
1440 1023 1677 1093 Egypto
1712 1019 1978 1088 plautare,

403 1151 503 1189 nec
538 1135 592 1187 in
635 1130 858 1199 dejectis
889 1136 942 1182 et
975 1126 1026 1179 in
1063 1121 1361 1178 humilibus
1390 1118 1546 1183 Ιοιτίε,
1580 1115 1674 1168 sed
1706 1113 1759 1167 in
1795 1117 1983 1164 monte

405 1223 742 1282 hmreditatis
777 1236 888 1276 suae
933 1216 1045 1270 vult
1080 1214 1329 1282 plantare
1357 1223 1518 1279 quos
1569 1205 1797 1276 plantat.
1845 1200 1982 1256 Tum

406 1327 667 1390 praetcrea
727 1313 872 1383 quod
916 1309 1067 1364 addit
1107 1325 1122 1361 :
1176 1323 1194 1356 ι
1239 1304 1501 1358 lndncens
1555 1299 1736 1368 planta
1794 1309 1925 1359 eos;
1961 1310 1980 1343 ι

410 1383 540 1466 num
575 1407 668 1462 tibi
707 1405 920 1458 videtur
957 1409 1216 1468 tanquam
1247 1394 1313 1448 de
1347 1391 1529 1463 pueris
1555 1389 1760 1452 dicere,
1781 1384 1872 1456 qui
1904 1383 1988 1438 in-

409 1507 680 1558 ducuntur
704 1497 771 1551 ad
801 1493 1055 1556 scholas,
1089 1488 1418 1544 inducuntur
1450 1482 1518 1536 ad
1553 1481 1785 1542 litteras,
1829 1475 1988 1530 indu-

411 1607 615 1653 cuntur
645 1594 715 1648 ad
749 1601 963 1647 onmem
1001 1576 1418 1641 eruditionem?
1455 1574 1700 1644 lntellige
1738 1586 1868 1642 ergo
1898 1583 1992 1638 per

419 1693 556 1756 haec,
575 1688 621 1743 si
651 1695 830 1740 tamen
859 1681 1027 1735 trabes
1056 1691 1217 1730 aures
1246 1669 1523 1733 audiendi,
1553 1663 1823 1736 quomodo
1853 1662 1996 1717 Deus

419 1779 627 1853 plantat
668 1801 679 1833 :
723 1791 791 1830 ne
850 1773 992 1829 forte
1045 1784 1169 1823 cum
1222 1765 1379 1820 audis
1439 1776 1568 1816 eum
1627 1757 1885 1812 inducere
1943 1759 1998 1807 et

418 1875 684 1944 plautare,
720 1880 876 1939 putes
904 1879 1028 1920 eum
1061 1862 1197 1916 licus
1242 1859 1296 1914 in
1343 1868 1509 1921 terra,
1546 1859 1637 1906 aut
1669 1851 1774 1904 alia
1811 1848 1997 1916 hujus-

419 1939 632 2020 cemodi
697 1957 933 2028 virgulta
987 1953 1243 2023 deligere.
1284 1947 1420 2003 Audi
1460 1955 1516 1999 et
1555 1942 1681 1997 alibi
1725 1939 2001 2010 quomodo

421 2059 634 2128 plantat
688 2054 852 2107 Deus.
918 2047 1186 2117 PrOpheta
1262 2041 1394 2096 dicit
1449 2039 1540 2092 7‘:
1583 2055 1602 2088 ι
1660 2033 1879 2088 Vineam
1933 2046 2000 2084 ex

423 2148 660 2217 Egypto
695 2139 1046 2205 transtulisti,
1095 2146 1150 2191 et
1195 2131 1446 2202 expulisti
1482 2138 1692 2200 gentes,
1741 2137 1795 2181 et
1847 2123 2003 2192 plan-

429 2241 551 2296 tasti
585 2254 730 2294 eam.
762 2234 1015 2289 l’ervium
1049 2231 1152 2283 iter
1186 2225 1365 2281 fecisti
1417 2233 1545 2276 ante
1575 2235 1718 2282 eam,
1752 2214 2003 2286 plantasti

429 2333 640 2388 radices
693 2330 832 2399 ejus,
879 2339 933 2380 et
982 2321 1200 2391 replesti
1244 2329 1475 2372 terram.
1525 2311 1754 2384 Operuit
1793 2315 2010 2363 montes

422 2426 622 2480 umbra
651 2424 802 2491 ejus,
851 2430 906 2474 et
941 2419 1168 2470 arbusta
1205 2413 1324 2481 ejus
1355 2407 1551 2464 cedros
1594 2404 1710 2460 Dei.
1746 2421 1766 2456 υ
1799 2403 2008 2455 Adver-

432 2520 542 2573 tiin
579 2520 691 2586 jam
720 2511 994 2585 quomodo
1029 2508 1242 2576 plantat
1290 2503 1432 2557 Dens
1458 2543 1474 2567 ,
1515 2511 1572 2553 et
1615 2496 1706 2552 ubi
1765 2493 2014 2563 plantat?

432 2608 550 2668 Non
587 2611 796 2680 plantat
831 2607 884 2660 in
920 2604 1177 2664 vallibus,
1209 2598 1304 2653 sed
1350 2597 1403 2650 in
1452 2592 1730 2647 montibus
1781 2587 2015 2642 excelsis

437 2718 494 2760 et
528 2701 854 2760 sublimibus
896 2698 1049 2752 loris.
1079 2696 1225 2762 Quos
1264 2692 1409 2746 enim
1441 2689 1623 2745 educit
1655 2688 1721 2741 de
1756 2680 2015 2754 Egypto,

437 2813 574 2868 quos
608 2795 675 2850 de
701 2789 903 2848 saeculo
932 2787 1154 2843 adducit
1176 2787 1244 2838 ad
1269 2783 1448 2845 lldem,
1485 2795 1588 2834 non
1635 2775 1746 2831 vult
1779 2792 1874 2830 eos
1913 2775 2016 2827 ite-

443 2901 560 2943 rum
605 2887 657 2941 in
697 2882 992 2940 humilibus
1037 2876 1348 2936 collocare,
1394 2871 1489 2926 sed
1547 2865 2018 2924 conversationem

439 2991 629 3038 eorum
671 2978 784 3032 vult
827 2987 951 3030 esse
992 2969 1302 3027 soblimem.
1347 2965 1474 3018 Vult
1518 2978 1616 3016 nos
1660 2962 1711 3014 in
1749 2957 2023 3012 montibus

446 3072 716 3134 habitare,
774 3069 868 3123 sed
922 3066 975 3118 in
1026 3061 1157 3130 ipsis
1217 3055 1570 3112 nihilominus
1606 3049 1884 3106 montibus
1916 3062 2022 3101 non

445 3166 560 3219 vult
591 3179 689 3218 nos
715 3176 879 3229 super
900 3167 1099 3213 terram
1127 3165 1338 3222 repere,
1370 3162 1470 3202 nec
1495 3145 1634 3199 ultra
1666 3141 1780 3196 vult
1809 3141 2024 3194 vineam

447 3273 598 3310 suam
636 3253 784 3308 humi
828 3248 1065 3316 dejectos
1115 3243 1317 3298 habere
1353 3236 1590 3297 fructus,
1637 3234 1734 3286 sed
1771 3230 1882 3284 vult
1915 3229 2029 3297 pal-

451 3352 612 3405 tnitcs
648 3346 765 3414 ejus
803 3356 1019 3417 sursum
1054 3337 1201 3399 duci,
1236 3334 1289 3388 in
1325 3330 1436 3385 alto
1459 3325 1735 3389 collocari,
1771 3322 2030 3378 traduces

453 3441 594 3505 lteri,
621 3448 675 3494 ct
716 3437 966 3491 traduces
1010 3445 1116 3485 non
1157 3428 1212 3481 in
1263 3422 1680 3492 quibuscunque
1735 3413 2034 3470 humililms

454 3533 764 3592 arboribus,
803 3527 898 3582 sed
951 3526 1003 3579 in
1055 3517 1291 3575 excelsis
1343 3521 1398 3568 et
1448 3513 1501 3567 in
1543 3508 1828 3564 altissimis
1857 3506 2037 3561 cedi-is

461 3627 574 3680 Dei.
617 3623 822 3678 Cedros
878 3618 968 3672 Dei
1008 3629 1108 3684 ego
1140 3613 1432 3683 prophetas
1466 3617 1522 3660 ct
1553 3602 1828 3672 apostolos
1863 3611 1993 3668 puto
2019 3639 2037 3663 ,

458 3719 662 3791 quibus
703 3729 803 3770 nos
844 3713 888 3767 si
920 3707 1278 3776 adjungamur
1311 3701 1438 3757 vitis
1483 3713 1645 3769 quam
1697 3697 1765 3749 dc
1802 3691 2040 3761 Egypto

463 3809 742 3868 transtulit
772 3807 934 3870 Deus,
964 3811 1018 3859 et
1049 3816 1145 3870 per
1176 3813 1360 3853 ramos
1408 3808 1596 3850 eorum
1644 3788 1815 3844 nostri
1850 3785 2043 3857 palmi-

465 3915 549 3961 tes
586 3901 978 3960 dill'undantnr,
1011 3903 1175 3962 atque
1224 3889 1357 3960 ipsis
1392 3885 1566 3942 innixi
1604 3881 1856 3937 traduces
1895 3892 2042 3948 qna}-

465 4000 590 4052 dam
620 3992 918 4049 etiiciamur
952 3984 1237 4042 charitatis
1265 3982 1331 4037 ad
1361 3977 1591 4034 invicem
1642 3973 1874 4028 vinculis
1906 3986 2041 4025 con-

465 4089 616 4153 ttexi,
647 4088 880 4140 fructum
912 4081 1030 4134 sine
1057 4077 1219 4132 dubio
1246 4073 1537 4144 plurimttm
1567 4068 1880 4122 aﬂ‘erentus.
1907 4062 2042 4117 Nam

473 4202 493 4235 ι
529 4179 710 4236 omnis
759 4176 924 4229 arbor
965 4186 1086 4241 qua:
1135 4185 1242 4223 non
1279 4164 1409 4221 facit
1445 4162 1682 4217 fructum
1711 4160 1913 4216 bonum
1951 4171 2046 4212 ex-

469 4275 702 4334 cidetur,
735 4278 790 4323 et
821 4269 872 4321 ln
907 4267 1083 4337 ignem
1124 4262 1371 4316 mittetur
1398 4257 1466 4313 τ’.
1497 4274 1517 4308 ι

545 4363 631 4417 Η.
670 4379 688 4412 ι
731 4360 785 4414 In
812 4365 1116 4428 praeparata
1143 4349 1478 4406 habitatione
1509 4356 1621 4410 tua,
1647 4355 1807 4414 quam
1845 4355 2054 4411 prmpa-

477 4456 632 4517 vasti,
667 4452 892 4507 Domine
922 4446 988 4500 ⁷³.
1025 4465 1042 4497 ι
1093 4442 1224 4498 Vide
1251 4437 1536 4496 clementis
1571 4434 1787 4490 Domini
1838 4431 2052 4486 bonita-

479 4561 609 4611 tem,
646 4561 749 4598 non
781 4541 895 4596 vult
931 4551 982 4594 te
1010 4536 1267 4591 inducere
1301 4532 1367 4587 ad
1399 4530 1664 4593 laborem,
1694 4541 1800 4597 non
1847 4525 1963 4578 vult
2000 4529 2059 4574 ut

483 4655 597 4708 ipse
626 4637 719 4691 tibi
755 4634 924 4688 facias
957 4622 1481 4692 habitaculum,jam
1513 4633 1564 4676 te
1586 4595 2059 4689 aderaaparatam
2095 4593 2137 4649 θ
2167 4606 2415 4676 sequitur
2440 4594 2746 4654 Christum,

2004 4704 2016 4708 ‘
2167 4703 2177 4708 -
2409 4685 2554 4708 ιμν-ΙΑ
2616 4696 2746 4708 ιιι-..η

482 4729 703 4786 deducit
769 4723 1184 4781 habitationem.
1241 4717 1378 4772 Audi
1439 4715 1608 4770 Deum
1666 4710 1934 4764 dicentem
2004 4704 2059 4757 in

485 4820 776 4892 Evangelio
806 4817 852 4848 ⁷⁵
883 4829 895 4871 :
929 4833 948 4866 ι
985 4813 1089 4868 Alii
1128 4811 1534 4870 laboraverunt,
1561 4812 1616 4858 et
1646 4816 1739 4856 vos
1771 4800 1822 4854 in
1851 4796 2064 4850 labores

483 4928 672 4970 eorum
708 4906 994 4966 introistis.
1029 4922 1048 4956 ι

558 5003 642 5057 12.
686 5021 706 5054 ι
745 4995 1196 5058 Sanctimoninm,
1237 4989 1488 5051 Domine,
1525 4983 1668 5054 quod
1717 4987 2067 5048 praeparave-

486 5107 615 5154 runt
639 5109 834 5150 manus
871 5104 976 5146 tuae
1010 5089 1080 5141 ⁷³.
1121 5103 1139 5138 t
1177 5079 1637 5139 Sanctimonium,
1674 5073 1830 5143 151
1867 5068 2069 5123 dicitur

491 5185 904 5246 tabernaculum
944 5181 1062 5244 Dei,
1095 5175 1179 5232 vel
1217 5174 1475 5244 templum
1499 5170 1568 5222 ab
1595 5182 1660 5221 eo
1695 5163 1837 5234 quod
1868 5157 2071 5214 sancti--

491 5285 617 5337 licat
646 5277 990 5334 accedentes.
1026 5271 1138 5326 lloc
1176 5283 1282 5323 non
1330 5265 1465 5320 dicit
1498 5275 1662 5316 manu
1711 5253 1950 5310 hominis
1986 5250 2069 5303 lae

492 5385 663 5439 etum,
689 5370 785 5425 sed
817 5380 979 5421 manu
1021 5363 1135 5417 Dei.
1167 5359 1307 5427 Quid
1335 5355 1507 5427 ergo?
1553 5352 1782 5418 Propter
1809 5356 1862 5400 te
1931 5341 2075 5394 Deus

488 5477 545 5518 et
600 5465 831 5536 plantat,
883 5465 937 5513 et
983 5455 1236 5518 aediﬁcat,
1270 5448 1509 5522 agricola
1544 5444 1794 5505 eﬂicitur,
1832 5445 2077 5495 structor

567 5678 614 5709 ⁷ο
645 5675 816 5730 Exod.
855 5689 943 5736 xv,
985 5670 1068 5723 l7.
1146 5667 1189 5698 ⁷¹
1227 5661 1366 5736 ῐδεῑετι]Σ
1398 5672 1597 5736 cum,
1634 5654 1688 5708 9.

507 5755 590 5812 λγ,
919 5723 1043 5796 Cor.
1075 5755 1160 5803 III,
1191 5737 1246 5792 9.
1322 5732 1366 5763 ⁷⁷
1398 5731 1558 5785 ΡΙύνο
1603 5740 1681 5790 IK.
1729 5723 1778 5775 ί·

1855 419 2178 484 ΟΒ.ΙΕΕΝ18

1763 5651 1808 5682 ⁷²
1838 5647 2024 5703 Matth.
2061 5657 2157 5705 vlt,
2188 5640 2276 5694 i9.

1855 5719 1901 5749 ⁷⁸
1938 5716 2070 5770 Dan.
2117 5729 2178 5774 tt,
2206 5711 2296 5765 51.

3555 391 3662 454 5.ιο

2077 548 2337 608 eﬂieitnr,
2371 557 2436 598 ne
2469 540 2566 596 tibi
2617 535 2824 608 aliquid
2856 531 3018 588 desit.
3070 523 3209 584 Audi
3241 533 3296 580 et
3327 512 3550 578 i’anlum
3580 519 3663 572 di-

2077 649 2290 693 centetn
2314 635 2360 667 ⁷⁶
2394 654 2407 689 :
2447 653 2464 684 ι
2505 631 2597 686 Dei
2628 626 2983 696 agricultura,
3019 619 3114 674 Dei
3139 615 3434 672 aediﬁcatio
3468 612 3660 666 estis.»

2079 737 2231 801 Quod
2263 748 2394 800 ergo
2429 728 2570 784 istud
2609 735 2692 779 est
2719 717 3164 777 sanctimoniam,
3194 709 3339 778 quod
3369 721 3474 760 non
3503 715 3670 756 manu

2081 826 2317 882 hominis
2359 822 2565 876 factum
2616 824 2724 878 est,
2774 811 2871 866 sed
2928 805 3181 860 manibus
3230 799 3321 854 Dei
3381 789 3668 865 paratum?

2081 919 2220 974 Audi
2254 912 2582 984 sapientiam
2614 907 2887 961 dicentem
2913 898 2986 962 ",
3019 893 3152 964 quia
3184 908 3204 943 ι
3239 884 3524 944 atdilicavit
3563 880 3667 935 sibi

2084 1015 2326 1065 domum.
2375 1023 2394 1056 ι
2428 1002 2538 1070 Ego
2563 1008 2744 1052 autem
2780 995 2882 1048 hoe
2916 990 2981 1043 de
3014 982 3402 1040 incarnatione
3453 971 3667 1029 Domini

2089 1101 2290 1156 rectius
2319 1089 2728 1161 intelligendum
2762 1093 2912 1155 puto.
2969 1077 3089 1131 Non
3119 1071 3264 1127 enim
3297 1079 3460 1121 manu
3493 1060 3673 1118 homib

2089 1209 2212 1248 num
2250 1191 2449 1244 factum
2481 1193 2590 1247 est,
2621 1181 2673 1234 id
2700 1187 2808 1237 est.
2840 1189 2945 1228 non
2974 1182 3136 1238 opere
3155 1166 3394 1218 humano
3414 1154 3672 1224 templum

2088 1284 2272 1342 carnis
2309 1279 2608 1336 :edilicatur
2641 1274 2694 1325 in
2726 1267 2968 1336 virgine,
3007 1259 3124 1323 sed,
3155 1256 3299 1310 sicut
3340 1248 3676 1321 praedixerat

2092 1379 2134 1434 D
2173 1376 2281 1432 niel
2315 1372 2387 1436 ⁸⁷⁸,
2416 1370 2558 1438 lapis
2586 1367 2706 1422 sine
2735 1359 2990 1417 manibus
3022 1352 3242 1407 excisus
3271 1343 3466 1403 crevit,
3511 1347 3564 1392 et
3595 1334 3679 1388 I'a-s

2091 1482 2212 1526 ctus
2245 1478 2327 1522 est
2352 1478 2507 1518 mons
2540 1470 2792 1527 magnus.
2815 1449 2959 1504 Istud
2993 1455 3076 1499 est
3100 1433 3520 1496 sanctimonium
3550 1441 3676 1482 car-

2097 1569 2181 1618 nis
2216 1567 2527 1627 assumptm,
2559 1561 2614 1608 et
2637 1549 2757 1605 sine
2785 1542 3058 1603 manibus,
3077 1535 3130 1590 id
3153 1540 3236 1587 est
3281 1529 3485 1592 alisque
3511 1531 3679 1589 opere

2099 1655 2402 1715 hominum,
2434 1651 2500 1704 de
2535 1653 2719 1700 monte
2753 1641 3003 1695 humanae
3032 1638 3237 1684 naturae
3267 1630 3322 1676 et
3351 1611 3670 1673 substantiae

2101 1744 2288 1802 carnis
2313 1739 2584 1796 excisum.

2174 1837 2263 1893 15.
2302 1852 2321 1886 t
2365 1829 2615 1889 Domine,
2643 1822 2736 1894 qui
2763 1831 2962 1886 regnas
2988 1813 3041 1867 in
3081 1804 3366 1864 steculum,
3399 1807 3449 1853 ct
3494 1795 3548 1850 in
3583 1807 3687 1846 sa:-

2103 1931 2311 1992 culum,
2337 1933 2394 1980 et
2423 1922 2605 1977 adhuc
2632 1884 2701 1968 τί.
2739 1931 2758 1965 ›
2791 1884 3020 1977 Quoties
3063 1901 3117 1955 in
3160 1893 3418 1952 sacculum
3463 1884 3686 1946 dicitur,

2424 1973 2644 2083 quidem
2689 1973 2974 2070 temporis,
3017 1991 3112 2048 sed
3153 1999 3279 2043 esse
3329 1979 3453 2035 linis
3492 1973 3692 2043 aliquis

2109 2065 2404 2174 indicatur,
2431 2065 2496 2161 et
2529 2103 2573 2157 si
2624 2102 2676 2154 in
2722 2094 2868 2150 aliud
2920 2085 3180 2144 saeculum
3224 2077 3460 2137 dicatur,
3493 2065 3693 2136 aliquis

2110 2212 2226 2266 sine
2257 2158 2421 2260 dubio
2450 2195 2668 2266 longior
2704 2187 2949 2260 quidem,
2981 2189 3162 2232 tamen
3187 2170 3413 2242 ponitur
3443 2162 3606 2224 ﬁnis;
3637 2158 3698 2211 et

2112 2300 2330 2373 quoties
2362 2290 2561 2349 saecula
2597 2282 2921 2342 surculorum
2958 2271 3333 2328 nominantur,
3363 2258 3599 2314 fortasse
3629 2251 3696 2305 lia

2950 2365 2984 2373 ⁸
3122 2371 3130 2373 -
3177 2369 3187 2373 -
3238 2368 3249 2373 -
3281 2371 3320 2373 ν-
3358 2349 3551 2373 -ιει-..εμ
3585 2354 3694 2373 “nu

2114 2349 2201 2456 cet
2223 2393 2443 2462 ignotus
2473 2381 2651 2446 nobis,
2679 2385 2859 2431 tamen
2894 2383 2922 2422 a
2950 2365 3061 2420 Deo
3087 2368 3324 2414 statutus
3356 2349 3554 2418 aliquis
3585 2354 3694 2398 tera

3053 2450 3184 2462 .
3259 2449 3273 2462 _
3312 2441 3508 2462 1,,“
3547 2455 3604 2462 __
3644 2444 3692 2462 Μ

2117 2441 2296 2543 mimis
2324 2477 2621 2535 indicatur.
2659 2464 2813 2535 Quod
2847 2473 2976 2514 vero
3000 2453 3145 2510 addit
3173 2450 3226 2503 in
3259 2449 3366 2502 hoc
3392 2441 3514 2497 loco
3547 2455 3605 2494 τι
3643 2444 3697 2488 et

2673 2529 2896 2615 sensum
2941 2545 3157 2604 termini
3188 2539 3419 2606 alicujus
3454 2542 3547 2588 aut
3575 2529 3702 2584 linis

2121 2669 2364 2739 reliquit.
2390 2659 2764 2729 Quodcunque
2801 2647 2945 2703 enim
2973 2639 3104 2693 illud
3130 2628 3473 2704 cegitaveris,
3506 2625 3560 2678 in
3593 2634 3702 2690 quo

3415 2719 3508 2739 -!I.:
3569 2714 3693 2739 ,ιιηιι

2125 2714 2285 2819 tinent
2341 2766 2495 2826 putes
2545 2761 2704 2818 posse
2764 2740 3090 2798 consistere,
3144 2739 3359 2795 semper
3415 2719 3509 2772 tibi
3565 2714 3700 2769 dicit

2124 2869 2306 2912 sermo
2343 2845 2731 2921 propheticus:
2767 2857 2784 2889 ι
2820 2835 2886 2890 Et
2917 2832 3116 2891 adhuc,
3153 2841 3171 2878 δ
3203 2819 3347 2873 velut
3371 2814 3415 2870 si
3450 2812 3706 2879 loquatur

2125 2949 2190 3003 ad
2225 2957 2296 3011 te,
2328 2899 2383 2997 ert
2413 2899 2562 2994 dicat
2597 2951 2610 2986 :
2640 2931 2806 2984 Putas
2833 2927 2884 2980 in
2911 2918 3166 2978 sarculum
3199 2907 3378 2966 saeculi
3413 2899 3700 2958 Dominum

2129 2995 2520 3104 regnaturum?
2554 3045 2572 3078 ι
2625 3021 2692 3077 Et
2737 3004 3242 3072 adhuc.»Putasin
3295 2995 3490 3054 saecula
3522 3001 3699 3044 sazcu-

3003 3099 3037 3104 A’
3314 3093 3325 3104 '
3438 3103 3448 3104 κ
3481 3096 3577 3104 ---Α
3628 3078 3676 3104 .Ιέ

2545 3117 2725 3171 adhuc
2760 3107 2898 3183 (Π).
2945 3125 2964 3158 ι
3001 3099 3067 3157 Ει
3090 3078 3710 3186 quomodocunq-ue.

2117 2579 2323 2637 adhuc,
2362 2591 2382 2625 ι
2421 2565 2627 2625 nullum

2058 3237 2100 3296 α
2131 3170 2547 3279 ζέιῖέζὶὶιιλύ-ιίθ
2593 3205 2743 3276 regni
2767 3170 2899 3269 ‘ejus
2924 3193 3140 3266 spatiis,
3182 3198 3402 3254 semper
3430 3177 3528 3235 tibi
3580 3170 3713 3231 dicit

2138 3313 2402 3388 propheta
2435 3322 2452 3358 :
2489 3321 2506 3354 ι
2544 3301 2610 3356 Ει
2645 3297 2845 3351 adhuc.
2892 3309 2913 3344 ι

2210 3361 2298 3459 1;.
2339 3416 2356 3451 ι
2395 3394 2662 3462 Quoniam
2695 3383 2919 3441 intravit
2947 3375 3228 3446 equitatus
3260 3361 3559 3422 Pharaonis
3591 3367 3717 3413 cum

2142 3492 2422 3569 quadrigis
2457 3493 2514 3541 et
2547 3477 2934 3538 ascensoribus
2970 3471 3025 3524 in
3062 3463 3297 3519 medium
3351 3468 3523 3516 mare,
3549 3459 3608 3504 et
3638 3450 3722 3501 ina

3227 3550 3330 3569 μέ-
3383 3543 3502 3569 nzlt:
3537 3550 3718 3569 ωηο...

2141 3543 2300 3646 duxit
2327 3543 2493 3652 ἕψει·
2524 3589 2617 3630 eos
2655 3569 2918 3626 Dominus
2951 3571 3126 3629 aquas
3162 3550 3353 3607 maris.
3383 3543 3504 3601 Filii
3537 3550 3720 3594 autem

3158 3651 3164 3652 κ
3347 3643 3378 3652 ι-
3569 3637 3580 3648 ς
3617 3632 3661 3652 ..ι
3698 3648 3713 3652 _

2145 3632 2300 3646 μμ-.-
2328 3632 2423 3652 -.-τ
2443 3632 2478 3634 _,

2145 3682 2312 3744 Israel
2342 3673 2767 3733 ambulaverunt
2795 3677 2890 3732 per
2917 3656 3122 3712 siccum
3156 3651 3209 3703 in
3242 3643 3418 3699 medio
3446 3637 3584 3694 mari
3615 3632 3717 3684 ⁸⁸.»

2146 3781 2213 3836 Ει
2240 3788 2293 3831 tu
2317 3774 2361 3829 si
2395 3769 2536 3824 [ilius
2562 3757 2729 3818 lsrael
2760 3729 2844 3816 es,
2866 3759 3020 3820 potes
3053 3738 3335 3798 stabulare
3373 3747 3470 3804 per
3513 3729 3722 3784 siccum

2147 3876 2201 3930 in
2223 3869 2401 3926 medio
2428 3859 2586 3918 mari.
2623 3854 2682 3910 Si
2715 3847 2884 3904 lueris
2915 3844 2973 3898 in
2996 3838 3173 3895 medio
3206 3830 3442 3888 nationis
3468 3839 3646 3898 pravae
3671 3829 3729 3874 et

2149 3974 2417 4038 perversae
2447 3955 2589 4010 sicut
2636 3947 2821 4001 lumen
2872 3935 3003 3992 solis
3034 3931 3259 3986 verlmm
3289 3925 3417 3978 vita:
3445 3916 3731 3975 continens

2751 4033 2772 4038 ‘
2846 4029 2858 4038 ·
2940 4036 2946 4038 -
2987 4024 3018 4038 ’ν
3137 4017 3239 4038 κη-
3271 4021 3616 4038 --η-ιιη-..,η
3651 4004 3731 4038 ςη,

2151 4004 2217 4112 :d
2247 4049 2498 4122 gloriam,
2534 4043 2716 4112 potest
2747 4029 2860 4087 ﬁeri
2895 4036 2956 4082 ut
2987 4024 3042 4078 in
3067 4017 3245 4076 medio
3271 4021 3618 4086 peccatorum
3651 4004 3732 4058 in-

2152 4101 2436 4206 cedEntem
2480 4101 2554 4190 (θ’
2584 4145 2688 4186 non
2742 4120 2996 4181 infundat
3037 4117 3234 4172 humor
3280 4113 3513 4179 peccati,
3555 4101 3738 4168 potest

2159 4240 2276 4298 ﬁeri
2313 4246 2374 4291 ut
2394 4234 2770 4288 transeuntem
2805 4228 2858 4273 te
2889 4225 2984 4286 per
3013 4211 3160 4265 hunc
3193 4201 3452 4260 mundum
3487 4189 3630 4248 nulla
3678 4187 3740 4240 Ii-

2157 4331 2362 4391 bidinis
2416 4323 2560 4378 ‘nnda
2625 4316 2930 4382 respergat,
2979 4301 3157 4358 nullus
3205 4286 3518 4361 cupiditatis
3571 4290 3740 4337 aestus

2471 4372 2573 4482 Qui
2603 4372 2785 4464 autem
2816 4372 3106 4468 Egyptius
3136 4397 3220 4443 est
3239 4394 3295 4438 et
3321 4379 3574 4482 sequit‘ur.
3598 4372 3739 4426 Pha-

2451 4465 2538 4562 ille
2566 4504 2832 4556 vitiorum
2874 4465 3133 4544 [luctibus
3157 4475 3441 4545 mergitur.
3474 4465 3577 4534 Qui
3611 4474 3743 4516 vero

2782 4593 2837 4639 et
2873 4580 3018 4634 sicut
3069 4575 3182 4641 ipsc
3215 4561 3533 4624 ambulavit,
3577 4557 3650 4610 ita
3688 4560 3745 4608 et

2166 4651 2284 4769 ipse
2318 4685 2582 4749 ambulat,
2616 4694 2768 4750 aqum
2795 4674 2844 4730 ei
2874 4682 3063 4726 murus
3089 4665 3226 4718 liunt
3259 4659 3450 4712 dextra
3474 4651 3741 4718 laevaque,

2861 4765 2872 4769 “
3005 4761 3036 4769 ““
3245 4753 3258 4765 ⁸
3306 4764 3421 4769 ---—-
3497 4743 3613 4769 Μειν-
3651 4741 3741 4769 .In-

2166 4741 2285 4862 ilpse
2317 4795 2498 4841 autem
2533 4773 2710 4832 media
2744 4771 2832 4822 via
2860 4761 3068 4819 incedit
3095 4771 3190 4828 per
3217 4753 3447 4807 siccum.
3497 4743 3615 4799 Non
3649 4741 3748 4795 de-

2168 4846 2335 4938 clinat
2362 4873 2431 4930 ad
2467 4872 2771 4927 dexteram,
2805 4871 2980 4924 neque
3011 4851 3077 4906 ad
3122 4846 3429 4904 sinistram,
3468 4846 3752 4905 usquequo

2169 4981 2330 5030 exeat
2355 4967 2420 5022 ad
2459 4964 2791 5018 libertatem,
2831 4959 2887 5004 et
2936 4946 3196 5016 hymnum
3233 4932 3480 4989 victoriae
3524 4924 3754 4980 Domino

2169 5063 2438 5122 concinat
2486 5055 2674 5110 dicens
2697 5047 2739 5078 ⁸¹
2771 5062 2784 5098 :
2819 5060 2838 5093 ι
2878 5039 3175 5095 Cantemus
3227 5025 3474 5083 Domino,
3519 5017 3754 5089 gloriose

2925 5151 2942 5182 υ
2981 5143 3074 5198 per
3101 5123 3286 5178 Jesnm
3332 5115 3610 5171 Christum
3647 5107 3753 5160 Do-

3182 5223 3235 5269 ct
3262 5209 3544 5281 imperium
3573 5203 3625 5257 in
3657 5213 3758 5254 sua.

2161 4426 2436 4482 verberet.

2165 4527 2416 4574 I'ﬂOllelll,

2177 5159 2320 5212 enim
2352 5146 2750 5206 honorilicatus
2779 5143 2887 5197 est,

2174 5250 2380 5304 Il’ttttttttl
2417 5250 2687 5297 nostrum,
2719 5229 2804 5283 cui
2839 5235 2919 5279 cst
2951 5219 3148 5293 gloria,

2173 5340 2294 5396 cola
2327 5334 2674 5390 surculorum.
2709 5325 2902 5376 Amen.

3511 5593 3559 5628 ⁷⁸
3588 5579 3763 5648 Etim].

2957 5617 3004 5648 7"
3037 5615 3194 5669 Joau.
3217 5621 3290 5670 tv,
3314 5603 3400 5658 58.
3511 5603 3559 5628 ⁷³
3588 5603 3740 5648 onu

2975 5687 3020 5720 so
3073 5685 3182 5720 tum
3265 5677 3353 5720 t9-
3427 5671 3470 5701 ⁸⁸
3521 5665 3680 5720 ibid..
3712 5659 3740 5717 1

2388 5637 2433 5666 ⁷³
2465 5629 2631 5685 Exod.
2669 5640 2759 5686 xv,
2792 5621 2878 5674 17.
2957 5621 3004 5648 7"
3037 5621 3194 5669 Joau.
3217 5621 3330 5670 tv,;

2397 5707 2416 5736 θ
2475 5700 2646 5741 ιῖςηιι-
2689 5706 2781 5741 xv-
2813 5691 2900 5741 18-
2975 5687 3020 5720 ⁸ο
3072 5685 3231 5741 ibid.,
3265 5677 3330 5731 l9

3153 5706 3231 5746 u.,
3269 5706 3353 5731 ιυ.

2371 5707 2416 5736 ’⁷³
2475 5700 2647 5755 EXod.
2689 5691 2900 5760 M318.

571 5906 682 5964 tl?)
716 5900 882 5955 Putas
908 5899 959 5953 in
983 5893 1176 5951 sa'cula
1205 5886 1568 5947 swculoram?
1603 5880 1670 5937 Et
1715 5878 1909 5934 adhuc.
1965 5871 2087 5928 llaec
2118 5869 2170 5925 in
2200 5875 2358 5920 antea
2389 5859 2546 5916 editis
2571 5854 2921 5914 omittuntur,
2953 5844 3046 5900 scd
3074 5839 3343 5897 habentur
3371 5831 3425 5888 in
3459 5837 3591 5883 mss.

666 5965 674 5975 ι
