4110 6462
422 344 527 398 πη
1916 340 1977 394 Ol

2084 340 2237 396 lile
3583 338 3688 395 δυ

426 478 616 517 omnes
640 462 1008 532 :egrilndincs,
1042 475 1179 529 quas
1203 459 1386 514 induxi
1413 460 1689 533 IEgyptiis
1711 464 1775 516 ³³.
1808 481 1825 512 ι
1863 461 2001 528 Quid
2030 466 2077 523 Α
2108 464 2314 519 decima
2345 466 2432 520 die
2463 466 2690 531 mensis,
2728 464 3092 518 mttrmnravit
3124 462 3353 532 populus
3398 462 3683 517 adversum

425 570 555 626 ergo
590 553 1037 608 videturdicere?
1060 552 1103 607 si
1139 551 1262 620 quis
1286 563 1464 606 servet
1494 555 1768 618 mandata,
1803 553 2001 607 nullam
2108 556 2343 626 Moysem
2380 558 2563 612 dicens
2594 572 2609 610 :
2646 557 2865 611 Utinam
2903 556 3099 610 mortui
3129 554 3419 609 fuissemus
3446 555 3498 608 itt
3538 564 3683 609 terra

426 648 805 714 :egritttdittettt
847 646 1121 715 patiatur?
1166 646 1268 701 hoc
1296 654 1399 711 est,
1431 659 1610 713 neque
1652 644 1871 713 febriat,
1911 662 2004 701 ne-
2103 648 2360 720 Egypti.
2417 666 2538 705 cum
2586 650 2901 703 sederenms
2944 663 3108 717 super
3159 647 3294 701 ollas
3346 648 3530 700 carnis
3556 687 3571 711 ,
3625 655 3681 701 et

423 754 530 806 que
566 737 700 790 alios
732 736 952 791 dolores
999 736 1253 809 corporis
1308 736 1495 790 ferat?
1532 736 1646 789 Non
1704 745 1831 805 pulo
1857 739 2000 805 quod

423 830 535 883 hare
576 830 685 883 sint
720 845 837 896 quae
873 830 1262 899 promittantur
1291 828 1470 881 divina
1497 828 1751 882 mandata
1776 844 2001 883 servan-

422 918 585 970 tibus.
620 918 875 986 Alioquin
905 919 1107 972 indicio
1136 919 1289 972 nobis
1323 927 1408 972 est
1434 916 1911 984 Johjustissimns,
1945 929 2000 973 et

418 1011 586 1064 totius
662 1012 882 1081 pictatis
942 1011 1483 1074 observantissimus,
1540 1010 1665 1079 quia
1728 1027 1757 1065 a
1819 1012 1998 1081 capite

417 1118 594 1173 usque
628 1106 692 1156 ad
734 1105 898 1173 pedes
933 1105 1172 1174 repletur
1206 1106 1384 1160 ulcere
1426 1106 1687 1173 pessimo.
1746 1104 1859 1159 Non
1912 1107 1995 1162 his

415 1210 606 1250 carere
638 1196 892 1249 dicuntur
927 1196 1361 1257 infirmitatibus,
1388 1196 1479 1265 qui
1516 1198 1772 1251 mandata
1804 1206 1992 1253 custo-

419 1286 596 1349 diunt,
630 1287 726 1341 sed
779 1304 886 1341 non
946 1288 1223 1341 habebunt
1283 1287 1401 1340 illas
1451 1288 1798 1342 inﬁrmitates
1854 1304 1993 1358 quas

412 1376 657 1447 IEgyptii
692 1380 915 1434 habent.
951 1380 1219 1449 Aigyputs
1252 1396 1490 1451 namque
1521 1381 1754 1436 nmudus
1790 1381 1991 1451 ligura-

412 1469 539 1523 liter
571 1472 895 1539 appellatur.
932 1473 1166 1543 Diligere
1195 1489 1326 1543 ergo
1370 1475 1657 1539 mundum,
1698 1487 1752 1530 et
1781 1491 1843 1529 ea
1871 1491 1991 1545 quae

415 1562 466 1615 in
510 1563 710 1617 mundo
743 1574 891 1629 sunt,
920 1564 1206 1636 {Egyptins
1235 1566 1461 1634 languor
1491 1576 1597 1621 est.
1648 1566 1770 1620 Dies
1800 1567 1990 1622 obser-

410 1667 558 1715 vare,
583 1663 633 1705 et
660 1670 890 1718 menses,
920 1664 974 1710 et
1004 1666 1270 1724 tempora,
1297 1658 1449 1726 signa
1482 1658 1778 1726 requirere,
1798 1658 1985 1712 stella«

408 1760 527 1797 rum
584 1747 831 1799 cursibus
885 1748 1199 1811 adhmrere,
1247 1746 1536 1820 Egyptius
1600 1750 1828 1819 languor
1880 1760 1982 1804 est.

406 1832 692 1892 Deservire
735 1839 916 1893 carnis
963 1839 1210 1905 luxurim,
1252 1852 1306 1894 et
1344 1842 1711 1910 voluptatibus
1766 1858 1984 1911 cperam

408 1929 559 1992 dare,
594 1944 791 1985 vacare
819 1932 1049 1995 deliciis,
1086 1932 1381 2003 Egyptius
1429 1935 1656 2004 languor
1687 1946 1790 1989 est.
1824 1934 1987 1989 Caret

403 2032 532 2087 ergo
564 2020 647 2073 his
671 2022 1077 2079 inﬁrmitatibus
1104 2032 1159 2076 et
1182 2024 1555 2092 languoribus,
1590 2026 1682 2094 qui
1730 2027 1980 2079 mandata

402 2110 657 2163 custodit.

473 2201 527 2254 5.
577 2200 705 2254 Post
755 2202 870 2256 haec
915 2202 1066 2267 dicit,
1091 2204 1219 2273 quia
1254 2223 1270 2255 ι
1313 2214 1581 2258 venerunt
1611 2206 1660 2258 in
1696 2206 1889 2271 llelittt,
1927 2219 1983 2262 et

403 2303 564 2346 erant
599 2293 667 2345 ibi
701 2293 981 2349 duodecim
1017 2294 1196 2350 fontes
1227 2311 1520 2365 aqttarttm,
1548 2306 1599 2348 el
1632 2300 1979 2365 septuaginta

400 2386 627 2439 arbores
641 2386 938 2453 palmarutn
953 2388 1019 2442 ”.
1036 2406 1052 2439 ι
1075 2387 1147 2441 Pu
1160 2396 1311 2442 tasuc
1330 2389 1488 2442 habet
1506 2390 1707 2458 aliquid
1728 2390 1978 2454 rationis,

400 2478 545 2545 quod
577 2494 681 2532 non
716 2489 842 2532 ante
875 2480 927 2533 in
962 2480 1133 2533 llelim
1165 2480 1382 2534 ducitur
1413 2480 1664 2551 populus,
1698 2481 1785 2535 ubi
1822 2490 1979 2535 erant

400 2572 687 2624 duodecim
733 2572 908 2626 fontes
936 2588 1227 2641 aquarum,
1270 2574 1468 2643 quibus
1493 2574 1626 2628 nihil
1658 2576 1979 2629 amaritudi-

401 2663 488 2717 nis
516 2663 710 2727 inerat,
746 2664 855 2718 imo
888 2666 1067 2734 potius
1114 2667 1205 2721 ubi
1256 2676 1375 2720 erat
1419 2668 1711 2722 amoenitas
1741 2668 1973 2737 plurima

398 2770 467 2809 ex
507 2755 775 2810 densitate
832 2757 1175 2824 palmarum;
1228 2758 1320 2813 sed
1368 2760 1543 2826 primo
1577 2759 1772 2814 ductus
1798 2772 1881 2814 est
1909 2762 1974 2815 ad

399 2863 571 2916 aquas
597 2848 775 2902 salsas
801 2858 855 2901 ct
908 2864 1147 2912 amaras,
1195 2850 1391 2918 quibus
1443 2864 1537 2918 per
1580 2850 1785 2920 lignum
1818 2866 1973 2903 mon-

396 2948 632 2994 stratqu
661 2956 688 2992 a
734 2939 959 2992 Domino
991 2940 1238 2994 dulcibus
1276 2938 1501 3007 effectis,
1541 2950 1725 3009 postea
1761 2942 1975 2995 venitur

398 3033 465 3085 ad
493 3031 700 3085 fontes?
732 3028 788 3085 Si
824 3032 1108 3087 historiam
1141 3031 1313 3087 solam
1356 3048 1670 3099 sequamur,
1700 3049 1805 3089 non
1835 3034 1973 3087 mul-

2106 743 2564 795 manducaremus
2595 755 2766 808 panes
2794 741 2860 792 ad
2888 740 3222 802 satietatem,
3254 739 3514 808 quoniam
3543 741 3675 793 edu-

2100 832 2225 886 xisti
2266 847 2363 885 nos
2397 832 2449 885 in
2483 834 2756 885 desertum
2790 829 2891 883 hoc
2912 870 2928 895 ,
2961 842 3158 882 necare
3190 843 3405 882 onmem
3441 844 3673 898 synago-

2100 941 2220 996 gam
2269 926 2426 978 fame.
2465 945 2483 977 ι
2520 924 2652 978 Esto
2701 929 2843 993 quod
2890 933 3113 992 propter
3155 922 3555 991 correptionem
3594 922 3673 976 le-

2098 1018 2336 1086 gentium
2369 1018 2641 1071 indicetur
2668 1016 2845 1084 populi
2877 1024 3179 1084 peccatum,
3205 1015 3333 1082 quia
3366 1028 3672 1067 murmura-

2100 1108 2258 1171 vcrit,
2288 1117 2345 1161 et
2376 1109 2619 1176 ingratus
2654 1108 2817 1161 fuerit
2846 1106 3131 1161 beueliciis
3160 1105 3382 1168 divinis,
3413 1120 3535 1158 cum
3564 1120 3671 1160 c03-

2098 1201 2232 1254 leste
2266 1216 2464 1253 manna
2499 1201 2841 1268 susciperet;
2875 1198 3003 1268 qttid
3040 1198 3203 1252 etiam
3239 1198 3355 1250 dies
3405 1196 3671 1251 describio

2098 1300 2207 1353 tur,
2239 1291 2288 1342 iu
2326 1305 2430 1357 qua
2457 1290 2878 1343 murttturaverit
2916 1288 3185 1358 p0pulus?
3218 1304 3235 1337 ι
3277 1284 3551 1348 Secundo,
3593 1286 3669 1338 in-

2095 1382 2473 1451 qnit,'mense,
2513 1380 2914 1449 quintadecima
2950 1380 3035 1434 die
3066 1379 3289 1432 mensis.
3321 1398 3339 1430 ι
3380 1375 3532 1443 Quod
3563 1378 3671 1428 uti-

2093 1490 2198 1543 que
2250 1492 2352 1526 non
2403 1474 2609 1541 absque
2646 1472 2857 1526 ratione
2901 1471 3163 1540 scriptum
3210 1481 3312 1525 est.
3361 1469 3671 1524 Recordare

2092 1567 2157 1621 de
2186 1566 2396 1636 legibus
2426 1564 2644 1618 Pascha:
2667 1579 2788 1633 qua:
2818 1564 3019 1633 scripta
3050 1573 3199 1625 sunt,
3228 1570 3279 1616 et
3305 1559 3544 1619 invenies
3572 1560 3668 1622 ibi,

2092 1660 2192 1712 hoc
2238 1674 2358 1712 esse
2392 1670 2607 1725 tempus
2638 1657 2782 1724 quod
2833 1655 3091 1709 statuitur
3134 1655 3199 1707 ad
3240 1654 3537 1708 secundum
3570 1650 3667 1704 Pa-

2091 1753 2218 1807 scha
2256 1752 2559 1805 faciendum
2602 1749 2684 1803 his
2712 1749 2802 1819 qui
2841 1748 3105 1803 immundi
3133 1748 3186 1800 in
3220 1747 3401 1800 anima
3441 1745 3668 1809 fuerint,

2094 1848 2180 1901 vel
2214 1849 2464 1914 occupati
2522 1847 2573 1899 in
2622 1845 2857 1916 negotiis
2903 1843 3234 1913 peregrinis.
3271 1840 3371 1907 Qui
3402 1857 3530 1911 ergo
3564 1856 3667 1895 non

2096 1939 2317 1991 luerunt
2343 1936 2605 1990 immundi
2641 1937 2693 1991 in
2727 1936 2927 1998 anima,
2972 1934 3056 1989 vel
3101 1950 3204 1988 non
3243 1933 3397 1999 longe
3430 1932 3668 2001 peregri-

2094 2032 2367 2083 nabantur
2390 2069 2405 2093 ,
2441 2028 2852 2098 quartadecima
2884 2027 2972 2080 die
3015 2025 3173 2095 primi
3219 2025 3423 2079 mensis
3463 2024 3666 2078 Pascha

2094 2126 2359 2174 fecerunt.
2393 2120 2493 2185 Qui
2524 2129 2700 2172 autem
2734 2118 2889 2187 longe
2925 2114 3439 2185 peregrinabantur,
3469 2126 3523 2169 et
3559 2115 3667 2166 im-

2092 2217 2274 2269 tnnndi
2308 2224 2485 2281 erant,
2517 2214 2811 2267 secundum
2842 2210 3051 2265 Pascha
3082 2209 3136 2262 in
3167 2209 3269 2262 hoc
3306 2216 3549 2276 tempore
3587 2206 3669 2260 fa-

2088 2306 2263 2368 ciunt,
2297 2322 2406 2375 quo
2446 2314 2501 2358 et
2529 2318 2725 2359 manna
2757 2304 2823 2357 de
2850 2302 2990 2355 coelo
3030 2299 3330 2353 descendit.
3362 2298 3417 2351 In
3448 2298 3534 2351 die
3558 2313 3666 2365 quo

2090 2401 2321 2467 primunt
2356 2398 2564 2452 Pascha
2611 2398 2690 2460 lit,
2720 2409 2825 2448 non
2862 2393 3141 2448 descendit
3176 2408 3369 2444 manna
3407 2391 3473 2444 de
3502 2390 3661 2449 caelo,

2088 2490 2183 2543 sed
2234 2492 2284 2541 in
2323 2489 2425 2542 hoc
2470 2504 2578 2557 quo
2630 2484 2927 2541 secundmu
2987 2482 3191 2536 Pascha
3243 2481 3319 2536 lit.
3374 2481 3664 2537 Videamus

2087 2594 2215 2648 ergo
2265 2594 2406 2632 nunc
2442 2579 2564 2647 quis
2603 2577 2677 2630 sit
2721 2576 2772 2629 in
2808 2576 2893 2629 his
2929 2574 3065 2628 ordo
3110 2572 3374 2641 mystcrii.
3417 2571 3661 2624 Primum

2085 2668 2289 2723 Pascha
2347 2669 2509 2737 primi
2562 2667 2747 2736 populi
2797 2675 2901 2720 est.
2931 2663 3245 2719 Secundum
3291 2661 3521 2725 Pascha,
3564 2676 3662 2714 no-

2085 2774 2260 2817 strum
2293 2770 2394 2815 est.
2426 2758 2537 2814 Nos
2568 2760 2712 2813 enim
2745 2758 2946 2810 fuimus
2973 2754 3235 2809 immundi
3257 2754 3308 2807 in
3334 2752 3539 2817 anima,
3566 2753 3660 2820 qui

2084 2855 2399 2909 eolebamus
2426 2852 2629 2919 lignum
2661 2861 2714 2905 et
2747 2850 3001 2917 lapidem,
3034 2857 3085 2900 et
3118 2846 3430 2915 ignorantes
3465 2844 3661 2910 Deum,

2082 2945 2167 2999 his
2198 2946 2285 3012 qui
2316 2955 2507 2997 natura
2538 2959 2643 2996 non
2668 2949 2823 2993 erant
2854 2939 2925 2991 dii
2951 2936 3342 2991 serviebamus.
3368 2933 3475 2988 Nos
3494 2933 3657 2988 etiam

2084 3053 2325 3099 eramus,
2358 3037 2447 3105 qui
2476 3036 2632 3104 longe
2660 3032 3171 3102 peregrinabantur,
3209 3028 3274 3082 de
3307 3027 3500 3095 quibus
3529 3027 3661 3080 dicit

398 3135 510 3179 tum
538 3140 632 3177 nos
661 3123 893 3178 aalilieal
921 3127 1064 3178 scire
1093 3124 1158 3178 ad
1191 3139 1351 3193 quem
1387 3124 1561 3179 locum
1599 3125 1775 3195 primo
1808 3140 1968 3181 vene-
2005 3159 2048 3217 ϐ
2085 3130 2375 3196 Apostolus
2405 3128 2448 3157 ³⁷
2478 3143 2492 3179 :
2523 3126 2649 3194 quia
2695 3124 2896 3176 fuimus
2948 3139 2966 3172 ι
3006 3120 3252 3188 hospites
3292 3130 3344 3174 el
3384 3115 3657 3189 peregrini

397 3218 492 3281 rit,
526 3227 576 3271 ct
606 3216 671 3270 ad
725 3231 885 3281 quem
940 3218 1202 3273 secundo.
1245 3217 1301 3272 Si
1337 3233 1468 3274 vero
1511 3220 1772 3273 rimcmur
1802 3220 1853 3272 iu
1891 3221 1975 3276 his

396 3310 715 3380 mysterium
744 3311 942 3374 latens,
971 3310 1277 3365 invenimus
1308 3311 1555 3365 ordinem
1608 3312 1753 3366 fidei.
1792 3312 1978 3366 Primo

396 3404 543 3455 enim
577 3404 796 3457 ducitur
820 3403 1049 3471 populus
1081 3403 1147 3455 ad
1186 3402 1430 3457 litteram
1465 3403 1618 3473 legis.
1645 3405 1727 3459 Ab
1762 3405 1861 3459 hac
1890 3406 1979 3458 lit-

398 3502 515 3547 tera
544 3494 702 3561 legis,
734 3494 909 3547 donec
941 3504 1225 3563 permanet
1250 3493 1303 3547 in
1340 3494 1703 3549 amaritudine
1733 3512 1852 3559 sua,
1888 3511 1977 3550 re-

399 3588 600 3639 cedere
625 3602 728 3639 nou
761 3595 970 3654 potest;
1012 3601 1137 3639 cum
1174 3600 1302 3639 vero
1341 3601 1435 3655 per
1471 3586 1676 3656 lignum
1711 3589 1833 3642 vita:
1860 3589 1978 3642 dul-

401 3679 483 3731 cis
521 3677 682 3731 fuerit
713 3677 927 3741 cili-cla,
959 3686 1013 3729 et
1064 3674 1296 3744 intelligi
1322 3675 1406 3729 lex
1448 3676 1770 3742 spiritaliter
1799 3694 1977 3750 carpe.

400 3772 494 3833 rit,
529 3781 656 3823 tunc
693 3771 758 3823 de
778 3770 953 3823 \‘cteri
982 3768 1324 3823 Testamento
1355 3772 1622 3823 transitur
1650 3772 1715 3823 ad
1742 3772 1972 3839 Novum,

396 3872 449 3916 et
478 3863 693 3915 venitur
721 3862 784 3913 ad
816 3860 1099 3915 duodecim
1123 3862 1449 3931 apostolicos
1483 3865 1680 3917 lentes.
1707 3862 1777 3915 lbi
1809 3864 1971 3917 etiam

398 3955 624 4006 arbores
676 3954 1018 4020 reperientur
1070 3952 1411 4021 septuaginta
1464 3952 1792 4020 palmarum.
1854 3955 1970 4010 Non

395 4050 542 4100 enim
573 4046 673 4099 soli
704 4046 990 4098 duodecim
1018 4043 1242 4113 apostoli
1274 4045 1429 4097 lidem
1461 4045 1661 4099 Christi
1708 4049 1972 4115 prcedica-

396 4148 615 4199 verunt.
641 4142 735 4191 sed
766 4149 818 4191 et
846 4138 935 4189 alii
976 4137 1320 4205 septuaginta
1366 4137 1515 4190 missi
1550 4139 1617 4191 ad
1654 4140 1961 4206 prtedican-

396 4229 523 4280 dum
558 4230 781 4280 verbum
834 4225 927 4279 Dei
972 4225 1312 4287 releruntur,
1357 4239 1454 4290 per
1489 4241 1623 4292 quos
1656 4226 1863 4294 palmas
1900 4229 1973 4278 vi-

396 4321 582 4374 ctoria:
624 4320 823 4373 Christi
867 4320 1100 4371 mundus
1134 4330 1473 4387 agnosceret.
1507 4317 1620 4373 Non
1658 4337 1785 4389 ergo
1822 4321 1973 4374 salii-

399 4416 473 4466 eit
527 4413 725 4481 populo
757 4413 849 4465 Dei
883 4428 1078 4481 aquam
1111 4411 1341 4468 Merrhae
1367 4415 1577 4479 bibere,
1617 4416 1870 4485 quamvis
1918 4417 1968 4468 in

2084 3230 2529 3277 testamentorum
2562 3217 2673 3277 Dei.
2704 3231 2853 3284 spem
2879 3231 2984 3270 non
3013 3215 3296 3277 habentes,
3323 3221 3377 3266 et
3408 3211 3523 3265 sine
3551 3210 3658 3263 Deo

2083 3317 2137 3370 itt
2181 3315 2280 3367 huc
2314 3311 2514 3365 mundo
2565 3316 2839 3361 errantes.
2882 3326 2899 3358 ι
2936 3305 3319 3360 Verumtamen
3354 3318 3457 3356 non
3497 3304 3660 3355 datur

2083 3420 2280 3461 manna
2308 3405 2376 3458 de
2406 3405 2546 3457 cmlo
2574 3403 2625 3454 in
2661 3401 2749 3453 illa
2782 3400 2891 3465 die,
2928 3414 3031 3467 qua
3063 3398 3293 3465 primum
3330 3396 3539 3449 PaSt‘ha
3575 3395 3654 3459 lit,

2080 3500 2175 3552 sed
2225 3498 2276 3551 in
2313 3498 2399 3550 illa
2431 3512 2533 3562 qua
2565 3497 2880 3548 secundum.
2926 3491 3090 3544 Panis
3128 3490 3271 3542 enim
3306 3488 3393 3555 qui
3422 3490 3487 3540 de
3516 3486 3658 3539 cmlo

2079 3589 2357 3643 descendit
2389 3589 2457 3650 ⁸³,
2485 3602 2586 3639 non
2618 3586 2764 3639 venit
2801 3583 2868 3637 ad
2904 3581 3043 3645 illos,
3076 3582 3164 3648 qui
3192 3580 3420 3648 primam
3455 3578 3655 3631 solem-

2080 3684 2301 3737 nitatem
2354 3678 2747 3743 celebrabant,
2795 3675 2888 3730 sed
2933 3674 2999 3728 ad
3055 3687 3190 3739 nos,
3228 3671 3318 3738 qui
3358 3669 3653 3723 secundam

2077 3774 2438 3843 suscepimus.
2470 3791 2487 3821 ‹
2525 3768 2778 3824 Nostrmu
2815 3767 2958 3821 enim
2991 3765 3196 3819 Pascha
3233 3762 3546 3817 immolatus
3570 3770 3653 3813 est

2076 3866 2326 3921 Christus
2359 3864 2403 3894 ’9
2433 3903 2447 3925 ,
2482 3882 2500 3914 ι
2538 3861 2627 3930 qui
2680 3874 2839 3914 verus
2894 3858 3052 3913 nobis
3087 3856 3241 3925 panis
3286 3858 3350 3907 de
3391 3854 3528 3907 caalo
3557 3852 3653 3905 dc-

2075 3956 2302 4009 Seendit.
2336 3953 2442 4006 Sed
2488 3950 2701 4003 interim
2741 3950 3016 4002 videamus
3055 3946 3184 4015 quid
3230 3953 3316 3998 cst
3343 3988 3358 4007 ,
3398 3945 3540 4012 quod
3598 3942 3652 3995 in

2076 4050 2177 4101 hac
2222 4046 2306 4099 dic
2352 4054 2558 4113 gestum
2617 4048 2969 4093 monstratur.
3028 4058 3046 4089 ι
3096 4036 3529 4104 Quintadecima,
3566 4034 3652 4087 in-

2074 4140 2189 4209 quit
2214 4140 2253 4202 ',
2291 4137 2375 4189 die
2426 4134 2628 4187 Iliensis
2676 4132 2898 4187 secundi
2933 4130 3289 4184 murmuravit
3317 4128 3568 4198 populus,
3598 4137 3653 4180 et

2074 4233 2251 4292 dixit,
2303 4229 2428 4298 quia
2479 4227 2671 4281 melius
2717 4225 2893 4279 fuerat
2941 4239 3040 4277 nos
3100 4222 3237 4275 mori
3288 4222 3339 4273 in
3392 4218 3651 4289 ngyplO,

2075 4324 2291 4393 quando
2316 4321 2641 4377 Sedebamus
2664 4334 2825 4387 super
2851 4317 2986 4371 ollas
3012 4316 3278 4369 carnium.
3312 4333 3328 4363 ι
3358 4312 3400 4365 Ο
3425 4310 3653 4378 populus

2080 4421 2324 4487 ingratus
2363 4416 2636 4468 desiderat
2686 4411 3012 4480 Egyptum,
3044 4407 3133 4475 qui
3183 4404 3471 4473 A‘lgyptios
3521 4402 3653 4455 vidit

396 4506 736 4562 dulcedinem
767 4520 919 4558 versa
948 4506 1052 4570 sit;
1101 4509 1353 4576 quamvis
1385 4525 1482 4578 per
1515 4510 1721 4579 lignum
1753 4511 1874 4563 vitae
1914 4521 1966 4562 et

2084 4508 2625 4563 casinctosltjarncs
2643 4502 2861 4571 ngypti
2890 4497 3139 4567 requirit,
3162 4497 3250 4563 qui
3274 4494 3649 4562 Aﬂgyptiorum

397 4596 716 4666 mysterium
752 4595 929 4650 erucis
957 4597 1136 4650 omnis
1174 4599 1371 4654 littera:
1402 4601 1706 4654 amaritudo
1743 4600 1962 4667 depulsa

395 4689 488 4739 sit.
523 4686 709 4740 Solum
736 4698 892 4741 vetus
924 4687 1343 4744 instrumentunt
1376 4707 1481 4744 non
1527 4690 1723 4743 sulIieit
1772 4691 1833 4740 ad
1885 4691 1964 4741 bi-

395 4777 631 4831 bendum
654 4794 662 4837 ι
689 4778 779 4833 sed
804 4779 1122 4833 veniendum
1148 4782 1313 4834 estad
1333 4779 1543 4839 Novum
1567 4782 1965 4835 Testamentum

396 4870 463 4922 de
494 4884 600 4935 quo
633 4870 841 4937 absque
891 4874 1146 4939 scrupulo
1177 4874 1403 4938 bibitur,
1435 4874 1640 4940 absque
1688 4871 1793 4923 ulla
1833 4871 1967 4924 (ΞὶΠί-

394 4960 605 5015 cultale
638 4973 877 5030 putatur.
920 4962 1089 5018 Juda'i
1145 4965 1307 5019 etiam
1350 4982 1490 5018 num:
1519 4966 1661 5032 apud
1692 4964 1961 5017 Merrham

392 5059 542 5117 sunt,
580 5053 742 5102 etiaut
772 5070 910 5107 nunc
957 5054 1112 5124 153
1157 5057 1396 5109 assident
1431 5057 1494 5108 ad
1523 5072 1696 5123 aquas
1725 5072 1959 5109 amaras.

394 5139 640 5198 Nondum
673 5146 817 5197 enim
863 5146 943 5199 cis
988 5147 1128 5198 Deus
1161 5147 1400 5199 ostendit
1429 5147 1656 5215 lignum,
1691 5163 1786 5214 per
1822 5147 1961 5213 quod

393 5232 577 5286 dulces
593 5234 783 5290 ﬁerent
802 5252 952 5305 aqua:
971 5236 1230 5301 ipsorum.
1252 5234 1463 5289 Etenim
1490 5237 1735 5304 prmdixit
1756 5237 1833 5290 eis
1852 5252 1967 5304 pro-

392 5323 554 5387 pheta
580 5328 647 5390 ”,
679 5328 831 5393 quiac
859 5322 961 5376 nisi
983 5328 1347 5391 credideritis,
1374 5344 1544 5396 neque
1572 5329 1898 5399 intelligetis.
1943 5349 1962 5379 ι

463 5418 514 5468 4.
538 5418 666 5472 Post
698 5420 810 5473 haac
834 5419 1090 5487 scriptum
1115 5428 1192 5470 est
1230 5420 1275 5449 ³⁸
1313 5439 1325 5474 ;
1356 5439 1373 5469 ε
1402 5420 1456 5474 ln
1500 5422 1737 5476 secundo
1762 5436 1965 5482 mense,

396 5508 589 5577 inquit,
672 5522 956 5581 postquam
992 5513 1053 5565 de
1082 5510 1320 5582 [Egypto
1346 5514 1569 5583 profecti
1606 5524 1751 5578 sunt,
1781 5515 1966 5582 quinta

464 5677 509 5706 ’³
542 5676 710 5733 Exod.
745 5697 833 5745 xv,
866 5682 954 5735 26.
1029 5682 1074 5714 οῖ
1108 5682 1259 5746 ibid.,
1294 5681 1383 5734 97.

394 5748 433 5779 ’⁸
468 5746 639 5809 trior.
675 5764 735 5817 v,
769 5751 818 5806 7.
892 5753 1106 5810 ‘Exod.
1147 5768 1257 5819 XVI,
1307 5753 1355 5819 Ι,
1387 5753 1452 5819 ‘22
1496 5754 1546 5805 5-

1462 5683 1505 5713 ”
1536 5682 1635 5737 lsa.
1670 5698 1741 5736 vn
1768 5726 1780 5747 ,
1816 5684 1869 5736 9.

1960 5683 2003 5713 ⁹⁶
2036 5682 2205 5735 Εχοά.
2237 5699 2347 5739 xvr.
2385 5683 2433 5741 Ι.
2469 5682 2521 5741 ‘2.
2550 5682 2600 5734 5.

1638 5757 1654 5785 ²
1700 5753 1860 5807 Num.
1910 5768 2019 5808 ut.

2073 4616 2267 4655 carnes
2299 4599 2433 4650 vidit
2485 4596 2652 4648 maris
2696 4593 2935 4661 piscibus
2964 4599 3017 4642 ct
3049 4588 3171 4640 coeli
3223 4587 3441 4639 alitibus
3468 4588 3646 4640 datas.

2077 4693 2317 4746 Murmur
2331 4706 2459 4756 ergo
2477 4691 2763 4741 adversum
2781 4686 3038 4754 Moysem,
3061 4685 3165 4737 into
3182 4684 3465 4736 adversum
3489 4682 3649 4732 Deum

2072 4784 2274 4837 levant.
2303 4780 2407 4833 Sed
2432 4779 2531 4831 hoc.
2555 4778 2730 4846 primo
2758 4777 2975 4845 quidem
3004 4775 3320 4845 ignoscitur,
3352 4774 3651 4843 ignoscitur

2072 4888 2127 4929 et
2153 4873 2413 4937 secundo,
2442 4871 2691 4924 fortassis
2718 4879 2772 4922 et
2802 4868 2959 4923 tertio
2988 4883 3003 4920 :
3052 4877 3423 4919 verumtamen
3459 4866 3502 4918 si
3544 4882 3648 4918 non

2074 4968 2343 5030 desinant,
2374 4965 2465 5017 sed
2493 4963 2811 5032 persistant,
2840 4962 2959 5013 audi
2990 4960 3117 5029 qttid
3149 4959 3374 5026 posthac
3403 4974 3647 5009 murmu-

2075 5072 2285 5113 rantem
2316 5058 2565 5127 populum
2598 5064 2983 5124 consequatur.
3023 5056 3076 5107 In
3111 5054 3465 5105 Numerorum
3513 5052 3651 5103 libro

2072 5154 2306 5207 refertur
2336 5153 2378 5217 ',
2404 5154 2545 5219 quod
2575 5159 2629 5202 et
2664 5149 2715 5201 in
2752 5150 2867 5202 suis
2902 5147 3194 5215 scripturis
3234 5146 3469 5199 retexuit
3505 5146 3650 5212 Apo-

2065 5244 2235 5298 stolus
2260 5244 2442 5297 dicens
2470 5244 2489 5274 ³
2522 5258 2536 5294 :
2571 5261 2587 5292 ι
2625 5240 2808 5307 Neque
2846 5239 3335 5303 murmuraveritis,
3364 5238 3503 5290 sicut
3529 5236 3650 5303 qui-

2067 5336 2188 5388 dam
2223 5348 2410 5387 eorum
2448 5339 2928 5385 murmuraverunt
2954 5370 2969 5393 ,
3000 5339 3054 5384 et
3089 5344 3117 5381 a
3163 5329 3505 5396 serpentibus
3541 5338 3655 5395 per-

2075 5423 2275 5480 ierunt.
2340 5444 2358 5475 ι
2418 5425 2843 5478 Murmurantcm
2910 5421 3166 5490 populum
3221 5427 3523 5474 venenatus
3593 5414 3647 5467 in

2067 5532 2253 5570 eremo
2296 5516 2603 5583 depascitur
2660 5515 2992 5584 serpentium
3054 5526 3290 5567 morsus.
3359 5508 3650 5563 Videamus

2692 5684 2733 5713 9⁷
2766 5681 2897 5751 Eph.
2935 5697 2994 5747 ll,
3028 5681 3109 5737 l2.
3187 5678 3231 5711 °"
3263 5675 3416 5731 Joan.
3452 5689 3526 5741 vt,
3559 5675 3645 5728 53.

2107 5754 2125 5783 ³
2172 5753 2347 5808 lCer.
2401 5770 2470 5817 χ,
2511 5761 2589 5813 10,
