4110 6400
338 351 447 408 345

1554 349 1619 403 ΙΝ
1656 348 1941 405 ΕΧΟΒυΪιΙ
1979 348 2260 404 llOMlLlA
2291 348 2402 403 \‘ll.

3496 342 3599 397 5&6

342 483 473 533 nos,
524 467 616 537 qui
656 466 771 519 hcce
816 466 1081 531 audimus,
1129 481 1249 531 nos,
1289 466 1544 533 inquam,
1584 482 1681 536 pro
1724 468 1919 535 quibus
1949 469 1992 524 A
2026 468 2151 520 alibi
2186 469 2446 537 propheta
2468 469 2487 497 ’
2516 485 2527 521 :
2564 486 2580 517 ι
2607 466 2804 520 Diebus
2835 465 3017 519 tnultis
3036 461 3409 518 sedebuntfilii
3441 461 3603 516 Israel

340 557 541 625 scripta
572 562 734 610 sunt:
769 555 874 607 illis
897 555 1040 609 enim
1073 557 1137 609 ad
1171 557 1563 610 correct'onem
1600 557 1739 611 facta
1766 567 1918 621 sunt,

339 649 541 717 scripta
574 656 701 701 sunt
731 656 911 700 autem
939 662 1159 716 prepter
1186 664 1302 712 nos,
1338 667 1357 699 ι
1399 652 1451 702 in
1479 665 1616 718 quos
1646 649 1781 705 fines
1816 666 1917 703 sae-

342 740 588 795 culorum
618 741 960 792 devenerunt
986 738 1027 791 ⁸.
1066 758 1086 791 ι
1125 740 1181 795 Si
1212 756 1315 794 non
1350 740 1649 793 desinimus
1678 756 1920 794 murmu-

342 846 497 893 rare,
526 830 569 883 si
605 845 709 882 non
736 844 1015 884 cessamus
1046 847 1075 883 a
1111 832 1347 900 querelis
1379 832 1581 886 nostris
1604 872 1615 891 .
1649 847 1785 901 quas
1814 832 1922 884 fre-

339 931 573 991 quenter
598 921 864 976 habemus
908 928 1167 977 adversus
1202 924 1367 977 Deum
1399 963 1414 989 ,
1454 924 1808 977 observemus
1854 939 1920 977 ne

338 1016 517 1069 simile
562 1013 880 1068 oﬂ‘ensionis
935 1015 1279 1069 incnrranms
1329 1014 1664 1084 exemplum.
1707 1015 1917 1069 Etenim

338 1123 463 1161 cum
492 1107 558 1159 de
582 1106 703 1161 coeli
733 1105 1077 1175 intemperie,
1102 1107 1168 1160 de
1195 1106 1588 1161 infecunditate
1622 1108 1917 1171 fructuum,

337 1200 405 1250 de
434 1197 660 1250 raritate
690 1195 970 1259 imbrium,
1004 1198 1071 1251 de
1106 1197 1557 1265 prosperitatibus
1584 1199 1835 1263 aliorum,
1867 1207 1921 1252 et

338 1288 404 1342 de
440 1286 670 1339 aliorum
706 1286 1142 1355 improsperitate
1181 1300 1500 1347 causamnr,
1543 1286 1645 1339 hoc
1684 1295 1767 1339 est
1824 1286 1921 1338 ad-

337 1395 528 1434 versus
560 1378 727 1432 Deum
759 1394 1005 1432 murmur
1030 1365 1307 1433 attollere.
1340 1378 1446 1433 Sed
1476 1379 1592 1433 hrec
1636 1379 1785 1432 initia
1821 1379 1921 1432 ha-

338 1470 591 1525 bentibus
621 1469 954 1535 ignoscitur;
991 1470 1042 1521 in
1083 1484 1176 1523 eos
1206 1484 1360 1536 vero,
1386 1470 1477 1538 qui
1512 1486 1614 1523 non
1647 1471 1917 1534 desinunt,

340 1561 578 1631 graviter
615 1560 946 1617 vindicatur.
986 1561 1276 1615 Mittuntur
1314 1577 1550 1630 namque
1586 1562 1636 1615 in
1684 1577 1779 1616 eos
1806 1578 1922 1616 ser-

341 1663 551 1719 pentes,
588 1651 639 1704 id
678 1661 761 1706 est
800 1652 1094 1706 immundis
1133 1651 1409 1720 spiritibus
1439 1652 1727 1706 traduntur
1759 1668 1919 1707 vene-

344 1745 595 1811 natisqne
620 1743 990 1807 daemonibus,
1034 1744 1125 1813 qui
1158 1759 1252 1798 eos
1284 1744 1555 1798 morsibus
1583 1744 1816 1798 occultis
1854 1760 1918 1799 ac

344 1832 634 1885 latentibus
670 1816 979 1898 perimant,
1003 1841 1166 1899 atque
1209 1832 1438 1885 internis
1481 1840 1535 1884 et
1567 1831 1705 1883 intra
1735 1830 1917 1901 cordis

351 1923 641 1991 penetralia
673 1923 947 1978 conclusis
995 1922 1421 1992 cogitationibus
1456 1923 1762 1977 absumant.
1813 1921 1919 1977 Sed

351 2018 569 2070 obsecro
612 2032 726 2080 vos,
760 2016 970 2085 prosint
1015 2016 1168 2070 nobis
1216 2016 1512 2086 praemissa:
1555 2015 1919 2082 correptionis

347 2108 583 2174 exempla
611 2124 624 2161 :
667 2107 881 2161 illorum
918 2122 1112 2175 poena,
1152 2107 1461 2161 emendatio
1489 2114 1672 2159 nostra
1704 2106 1793 2160 sit.
1831 2106 1921 2159 Di-

343 2202 410 2253 cit
444 2200 586 2254 enim
616 2200 789 2260 Deus,
821 2201 945 2267 quia
986 2218 1002 2250 ι
1044 2198 1226 2252 audivi
1260 2199 1750 2252 murmurationem
1778 2197 1919 2250 filio-

345 2306 460 2343 rum
509 2290 675 2344 Israel
709 2290 753 2345 ³.
789 2309 807 2341 ι
863 2289 1071 2343 Videtis
1113 2289 1238 2357 quia
1273 2303 1377 2343 non
1426 2287 1557 2341 latet
1586 2288 1751 2342 Deum
1781 2304 1921 2341 mur-

342 2383 575 2437 muratio
616 2393 793 2436 nostra
829 2396 845 2436 :
886 2383 1037 2435 audit
1075 2382 1282 2446 omnia,
1321 2390 1372 2435 et
1411 2383 1552 2452 quod
1595 2396 1697 2436 non
1734 2382 1918 2435 statim

342 2476 521 2545 punit,
597 2475 976 2543 paenitentiam
1035 2483 1235 2529 nostrae
1292 2473 1668 2529 conversionis
1727 2487 1920 2541 exspe-

341 2578 476 2622 Ctal.

413 2658 467 2712 5.
506 2658 611 2713 Sed
648 2658 777 2727 quid
828 2668 946 2726 post
996 2659 1110 2713 lucc
1164 2658 1455 2714 recitatum
1495 2656 1623 2710 est?
1670 2674 1688 2707 ι
1744 2654 1916 2723 Dixit,

346 2752 516 2820 inquit
542 2757 585 2818 ⁸,
621 2751 877 2804 Dominus
923 2751 987 2804 ad
1017 2751 1252 2820 Moysem
1278 2766 1292 2805 :
1321 2751 1460 2805 Ecce
1486 2766 1585 2819 ego
1610 2750 1790 2817 pluatn
1822 2766 1918 2802 vo-

344 2843 427 2895 bis
459 2858 626 2910 panes
669 2843 733 2894 de
764 2841 903 2895 cmlo
929 2881 942 2903 ,
988 2852 1041 2895 et
1072 2842 1241 2894 exibit
1291 2841 1519 2909 populus
1548 2881 1563 2903 ,
1598 2849 1652 2893 et
1699 2840 1921 2908 colliget

346 2935 503 2988 unius
530 2934 633 2988 diei
668 2935 719 2987 in
766 2934 939 2997 diem,
972 2942 1028 2985 ιιι
1072 2942 1275 2986 tentem
1309 2931 1429 2985 illos
1474 2931 1519 2984 si
1552 2932 1831 2984 ambulant
1868 2933 1919 2983 in

349 3025 464 3097 lege
507 3044 652 3089 mea,
690 3042 757 3080 an
806 3041 933 3077 non.
966 3024 1030 3075 Et
1073 3024 1179 3075 erit
1226 3023 1277 3075 in
1314 3023 1399 3075 die
1430 3032 1583 3075 sexto
1607 3062 1621 3085 ,
1652 3022 1923 3089 parabunt

343 3121 705 3187 quodcunque
747 3114 1024 3168 intulerint
1068 3112 1284 3183 (l9),et
1324 3113 1431 3164 erit
1474 3112 1694 3178 duplum
1745 3113 1922 3179 quod-

344 3225 563 3278 cunque
628 3204 911 3260 intulerint
981 3202 1353 3268 quotidianum
1428 3201 1480 3254 in
1551 3200 1659 3258 die.
1728 3220 1746 3250 ι
1808 3202 1921 3268 Ego

342 3303 565 3368 quidem
606 3312 769 3365 super
817 3298 920 3349 hac
969 3294 1235 3363 scriptura
1270 3293 1428 3346 velim
1471 3294 1645 3362 primo
1679 3309 1799 3347 cum
1826 3294 1920 3350 Ju-

346 3392 478 3443 dmis
518 3389 717 3442 habere
758 3401 1102 3451 sermonem,
1150 3385 1347 3452 quibus
1413 3387 1620 3440 credita
1673 3386 1925 3441 dicuntur

348 3481 561 3547 eloquia
598 3481 689 3533 Dei
724 3480 769 3542 ⁷,
794 3478 923 3548 quid
961 3478 1063 3530 illis
1081 3478 1329 3531 videatur
1350 3476 1415 3529 de
1439 3492 1504 3529 eo
1534 3476 1675 3546 quod
1706 3478 1837 3530 dicit
1858 3479 1879 3509 ⁸
1907 3499 1918 3533 :

351 3590 369 3620 ι
399 3570 502 3625 Sex
536 3569 725 3624 diebus
756 3567 1027 3621 continuis
1053 3565 1334 3635 colligatis.
1383 3583 1401 3615 ι
1442 3565 1535 3619 Die
1559 3576 1738 3620 autem
1761 3580 1920 3622 sexto

343 3660 566 3727 duplum
603 3658 886 3728 colligatis.
922 3659 1152 3727 Apparet
1184 3666 1362 3710 autem
1399 3668 1609 3711 sextam
1643 3660 1785 3713 diem
1819 3677 1922 3716 uo-

342 3751 540 3804 tninari
590 3749 774 3813 illam,
820 3764 942 3818 quze
986 3760 1114 3803 ante
1155 3750 1453 3805 Sabbatnm
1508 3753 1760 3817 ponitur.
1802 3770 1924 3822 quae

347 3847 486 3912 apud
533 3858 632 3897 nos
666 3842 969 3896 Parasceve
1012 3841 1331 3910 appellatur.
1379 3844 1677 3899 Sabbatnm
1718 3857 1919 3911 autem,

343 3936 570 4003 septima
597 3933 710 3987 dies
734 3942 835 3986 est.
863 3930 1057 3996 Quer
1075 3945 1206 3999 ergo
1229 3945 1333 3999 qua
1361 3932 1447 3985 die
1462 3934 1690 4001 coeperit
1725 3951 1921 3989 manna

345 4028 561 4082 coalitus
592 4023 731 4087 dari,
753 4032 804 4075 et
824 4022 946 4076 volo
969 4036 1291 4090 comparare
1320 4021 1653 4076 Dominicam
1676 4037 1920 4079 nostram

343 4136 467 4174 cum
504 4116 743 4172 Sabbato
776 4113 1108 4169 Jndtcorum.
1149 4113 1225 4166 Ex
1261 4113 1462 4167 divinis
1498 4129 1732 4182 namque
1768 4116 1922 4170 Scri-

347 4205 941 4282 pturisapparet,quod
972 4205 1023 4257 in
1060 4204 1146 4258 die
1180 4203 1457 4256 Dominica
1482 4204 1658 4271 primo
1681 4206 1733 4258 itt
1760 4208 1924 4261 terris

343 4312 529 4360 datum
562 4314 642 4360 est
676 4318 894 4358 manna.
932 4303 987 4357 Si
1019 4303 1183 4366 enim,
1228 4313 1286 4356 ιιι
1312 4299 1595 4370 Scriptura
1631 4301 1791 4361 dicit,
1827 4315 1922 4353 sex

345 4399 537 4451 diebus
566 4395 842 4451 continuis
875 4393 1163 4447 collectum
1197 4402 1303 4455 est,
1332 4392 1563 4460 septima
1597 4397 1777 4442 autem
1808 4389 1921 4455 die,

2023 559 2141 611 sine
2172 575 2314 628 rege,
2343 559 2462 613 sine
2495 558 2766 626 principe,
2793 559 2909 612 sine
2938 557 3222 625 propheta,
3253 554 3370 608 sine
3403 553 3603 617 hostia,

2024 653 2143 705 sine
2182 652 2491 712 sacrificio,
2540 655 2659 705 sine
2711 656 3015 706 sacerdote.
3055 666 3073 700 ι
3126 648 3179 702 In
3228 660 3411 703 nostra
3456 647 3601 701 enim

2028 742 2303 794 Dominica
2333 743 2416 795 die
2443 758 2657 811 semper
2685 742 2942 795 Dominus
2965 740 3099 808 pluit
3130 754 3321 791 manna
3357 739 3421 791 de
3438 736 3601 790 cmlo.

2024 836 2127 889 Sed
2156 846 2210 889 et
2248 837 2405 888 hodie
2435 850 2535 904 ego
2565 835 2719 898 dico,
2755 834 2880 902 quia
2929 834 3064 902 pluit
3098 832 3357 885 Dominus
3402 843 3599 882 manna

2023 928 2087 980 de
2115 928 2271 982 coelo.
2305 928 2560 982 Ctelestia
2601 942 2836 993 namque
2878 935 3004 980 sunt
3041 924 3253 993 eloquia
3303 923 3438 983 ista,
3480 934 3603 988 quae

2024 1020 2176 1072 nobis
2212 1021 2345 1073 lecta
2375 1029 2536 1082 sunt,
2577 1030 2629 1072 et
2661 1034 2688 1071 a
2721 1018 2829 1071 Deo
2860 1018 3259 1071 descenderunt
3292 1013 3452 1068 verba
3480 1026 3602 1080 quae

2023 1112 2177 1165 nobis
2235 1113 2461 1166 recitata
2514 1122 2680 1175 sunt,
2734 1120 2789 1164 et
2840 1110 2961 1164 ideo
3012 1124 3108 1162 nos
3157 1108 3340 1161 felices
3372 1106 3461 1174 qui
3497 1104 3603 1159 tale

2024 1220 2218 1256 manna
2250 1204 2610 1273 suscepimus.
2646 1205 2872 1271 Semper
2902 1218 3097 1255 tnanna
3148 1200 3302 1253 nobis
3348 1199 3507 1251 dafur
3535 1197 3603 1250 de

2022 1295 2188 1359 ccelo,
2228 1297 2301 1350 illi
2335 1297 2580 1350 infelices
2610 1298 2815 1358 dolent,
2847 1305 2903 1349 et
2938 1294 3235 1362 suspirant,
3270 1304 3323 1343 et
3348 1307 3405 1344 se
3442 1291 3602 1342 mise-

2024 1402 2114 1440 ros
2139 1386 2345 1451 dicunt,
2367 1386 2494 1453 quia
2529 1402 2747 1445 manna,
2781 1386 2923 1439 sicut
2956 1391 3277 1451 acceperunt
3308 1390 3490 1449 patres
3526 1380 3604 1447 ip-

2023 1494 2244 1539 sorum,
2291 1477 2392 1545 ipsi
2434 1493 2539 1530 non
2574 1489 2855 1532 merentur
2896 1476 3166 1543 accipere.
3206 1473 3281 1525 Illi
3326 1485 3600 1538 nunquam

2023 1582 2220 1620 manna
2250 1568 2576 1620 ntanducant
2603 1585 2617 1620 :
2649 1580 2751 1619 non
2790 1566 2934 1618 enint
2966 1574 3190 1634 possunt
3217 1562 3344 1614 illud
3376 1560 3603 1614 mandu-

2022 1672 2147 1711 care
2169 1697 2183 1720 ,
2221 1659 2364 1725 quod
2393 1666 2477 1711 est
2522 1658 2786 1711 minutum
2818 1657 2959 1710 sicut
2986 1670 3173 1709 semen
3208 1652 3512 1717 coriandri,
3546 1662 3605 1706 et

2021 1750 2315 1801 candidum
2344 1749 2486 1801 sicut
2510 1748 2722 1815 pruina.
2749 1744 2894 1799 Nihil
2923 1746 3066 1799 enim
3103 1746 3153 1798 in
3179 1745 3345 1799 verbo
3384 1743 3475 1795 Dei
3504 1743 3605 1796 mi-

2023 1856 2210 1895 nutnnt
2239 1880 2256 1903 ,
2292 1842 2424 1893 nihil
2464 1840 2666 1894 subtile
2691 1878 2705 1902 ,
2738 1838 2872 1891 nihil
2915 1836 3161 1890 sentiunt
3197 1834 3478 1904 spiritale,
3509 1832 3602 1886 sed

2023 1943 2192 1987 totum
2236 1934 2435 2000 pingue
2464 1970 2480 1994 ,
2527 1939 2698 1982 totum
2735 1944 2979 1982 crassum
3022 1945 3035 1979 :
3077 1945 3095 1977 ι
3130 1926 3491 1979 lncrassatum
3518 1930 3604 1975 est

2020 2025 2164 2079 enim
2195 2022 2490 2091 corpopuli
2519 2022 2663 2075 illius
2692 2021 2758 2072 ¹⁰.
2805 2040 2823 2070 ι
2867 2019 2973 2074 Sed
3010 2028 3065 2072 et
3099 2014 3478 2082 interpretatio
3501 2027 3601 2066 no-

2022 2113 2184 2168 minis
2228 2112 2331 2166 boc
2375 2112 2515 2165 idem
2574 2121 2753 2164 sonat.
2788 2109 2984 2163 Manna
3036 2107 3181 2160 enim
3220 2106 3605 2171 interpretatur

2023 2205 2151 2275 quid
2182 2214 2255 2258 est
2290 2206 2387 2256 hoc
2419 2202 2576 2274 (20)?
2606 2200 2740 2255 Vide
2774 2201 2816 2254 si
2854 2216 2957 2252 non
3001 2199 3118 2267 ipsa
3166 2197 3403 2250 nominis
3434 2203 3604 2247 virtus

2022 2298 2087 2352 ad
2119 2297 2435 2350 discendum
2472 2304 2524 2347 te
2560 2301 2845 2363 provocat,
2878 2301 2957 2357 ut,
2985 2306 3108 2344 cum
3138 2289 3295 2343 audis
3313 2288 3480 2357 legent
3509 2286 3602 2340 Dei

2024 2388 2241 2444 recitari
2272 2429 2286 2452 ,
2323 2387 2570 2455 inquiras
2613 2400 2831 2454 semper
2854 2423 2869 2448 ,
2906 2392 2961 2436 et
3012 2383 3340 2450 interroges,
3367 2388 3421 2433 ct
3449 2378 3603 2432 dicas

2022 2482 2378 2538 doctoribus:
2418 2479 2557 2545 Quid
2589 2488 2673 2532 est
2708 2479 2810 2531 hoc
2836 2477 2859 2530 ?
2890 2475 3002 2530 lloc
3038 2474 3182 2528 enim
3214 2482 3296 2527 est
3343 2472 3484 2542 quod
3523 2472 3604 2523 in-

2023 2576 2171 2630 dicat
2196 2588 2415 2629 manua.
2446 2572 2526 2626 Tu
2560 2586 2694 2640 ergo
2725 2571 2769 2623 si
2800 2569 2880 2623 vis
2912 2568 3243 2623 manducare
3287 2579 3483 2618 manna
3503 2606 3518 2629 ,
3549 2562 3602 2616 id

2023 2680 2106 2723 est
2139 2668 2182 2721 si
2216 2667 2368 2734 cupis
2403 2665 2686 2733 suscipere
2724 2662 2949 2716 verbum
3004 2659 3120 2722 Dei,
3165 2657 3304 2712 seite
3346 2654 3473 2709 illud
3503 2653 3605 2706 mi-

2026 2769 2210 2814 nutmn
2240 2774 2360 2813 esse
2387 2768 2438 2811 et
2474 2758 2629 2811 valde
2660 2755 2858 2809 subtile
2908 2755 3047 2807 sicut
3082 2767 3268 2805 semen
3304 2746 3600 2805 coriandri.

2026 2852 2199 2905 llabet
2230 2850 2371 2903 enim
2413 2849 2620 2918 aliquid
2659 2848 2709 2901 in
2741 2863 2800 2900 se
2828 2846 3018 2908 oleris,
3047 2859 3155 2913 quo
3195 2841 3406 2895 nutrire
3433 2849 3486 2898 et
3522 2854 3607 2891 re-

2026 2959 2221 2998 creare
2274 2942 2448 3009 possit
2501 2942 2786 3002 infirmos,
2838 2937 2964 3005 quia
3023 2953 3042 2985 ι
3085 2934 3175 3002 qui
3230 2932 3472 2984 infirmus
3498 2940 3604 2993 est,

2026 3037 2173 3089 olera
2199 3038 2491 3088 ntandncat
2514 3032 2578 3084 “.
2615 3048 2632 3081 ι
2666 3028 2838 3081 llahct
2867 3026 3068 3095 aliquid
3096 3026 3310 3092 rigoris,
3335 3034 3388 3077 et
3411 3024 3528 3076 ideo
3547 3032 3606 3075 ut

2028 3127 2219 3195 pruina
2269 3135 2370 3179 est.
2427 3121 2693 3176 Candoris
2739 3129 2920 3171 autem
2971 3127 3025 3170 et
3077 3116 3378 3169 dulcedinis
3435 3113 3604 3167 habet

2025 3218 2340 3285 plurimum.
2390 3212 2528 3278 Quid
2571 3212 2715 3265 enim
2768 3209 3073 3271 candidius,
3110 3207 3238 3275 quid
3271 3205 3605 3274 splendidius

2029 3305 2333 3361 eruditione
2368 3302 2602 3357 divina?
2648 3301 2788 3366 Quid
2841 3298 3090 3363 dulcius,
3140 3296 3337 3365 quidve
3387 3296 3606 3349 suavius

2023 3397 2252 3468 eloquiis
2296 3395 2505 3449 Domini
2534 3434 2551 3460 ,
2588 3408 2706 3463 quae
2737 3402 2863 3445 sunt
2894 3404 3055 3458 super
3089 3389 3191 3443 ntel
3226 3399 3281 3442 et
3319 3389 3495 3440 favum
3521 3384 3606 3441 “?

2026 3490 2130 3545 Sed
2161 3489 2288 3558 quid
2318 3487 2569 3556 estquod
2601 3485 2753 3549 dicit,
2784 3484 2916 3537 utin
2947 3483 3035 3537 die
3066 3493 3219 3535 sexto
3245 3480 3466 3550 duplum
3496 3479 3608 3531 eol-

2025 3582 2221 3652 ligatur
2255 3580 2308 3632 in
2360 3577 2782 3647 repromissione
2812 3614 2828 3638 ,
2877 3582 3139 3643 quantum
3180 3572 3410 3625 sufficiat
3439 3571 3601 3623 etiam

2024 3671 2262 3725 Sabbato
2287 3669 2373 3722 13?
2413 3668 2526 3723 Hoc
2567 3667 2865 3722 secundum
2899 3676 3139 3719 nostram
3187 3663 3601 3733 intelligentiam

2026 3779 2129 3816 non
2162 3762 2342 3826 otiosi,
2378 3775 2477 3814 nec
2506 3760 2688 3813 securi
2728 3756 3033 3826 praeterire,
3060 3758 3143 3809 vel
3178 3757 3412 3810 transire
3443 3755 3608 3807 debtr

2024 3870 2161 3907 mus.
2194 3852 2394 3907 Sextus
2425 3852 2541 3905 dies
2581 3861 2663 3904 est
2695 3850 2809 3904 haec
2840 3849 2890 3900 in
2922 3862 3025 3915 qua
3060 3863 3202 3900 nunc
3227 3862 3417 3901 sumus
3444 3846 3554 3899 vita
3583 3860 3603 3903 :

2026 3945 2077 3996 in
2128 3959 2223 3998 sex
2260 3943 2404 3997 enim
2433 3942 2625 3997 diebus
2659 3940 2918 3993 Dominus
2964 3938 3093 3992 fecit
3130 3941 3275 3994 hunc
3316 3941 3600 3995 nmndnm.

2025 4035 2135 4089 llac
2163 4050 2293 4102 ergo
2318 4034 2405 4087 die
2439 4044 2648 4087 tantum
2682 4047 2946 4101 reponere
2992 4043 3048 4087 et
3092 4033 3392 4086 recondere
3438 4031 3603 4085 debe-

2025 4144 2145 4180 mus
2171 4165 2184 4189 ,
2229 4134 2491 4194 quantum
2529 4125 2766 4177 sufficiat
2812 4132 2867 4177 et
2924 4125 2977 4178 in
3023 4124 3205 4177 futuro
3244 4124 3350 4177 die.
3386 4122 3440 4175 Si
3473 4123 3599 4191 quid

2023 4220 2165 4272 enim
2200 4218 2287 4272 hic
2321 4218 2449 4272 boni
2480 4217 2662 4285 operis
2687 4218 2964 4285 acquiras,
2996 4218 3039 4269 si
3067 4216 3195 4285 quid
3220 4216 3468 4284 justiti-ie,
3501 4215 3604 4268 nti-

2024 4310 2335 4364 sericordia:
2364 4317 2417 4362 et
2469 4308 2686 4375 pictatis
2729 4308 3017 4371 recondas,
3055 4309 3155 4360 hoc
3192 4306 3291 4359 tibi
3331 4306 3381 4358 in
3415 4302 3602 4357 futuro

2024 4401 2223 4454 sarculo
2264 4401 2364 4453 erit
2404 4399 2578 4452 cibus.
2631 4396 2883 4463 Nunquid
2925 4413 3030 4450 non
3088 4398 3161 4451 ita
3208 4397 3259 4451 in
3307 4394 3602 4464 Evangelio

346 4507 465 4557 quae
492 4498 575 4541 est
606 4486 826 4541 δηιώΜὶ
852 4528 866 4548 .
915 4482 1075 4555 154
1119 4494 1392 4538 cessum"?
1436 4492 1551 4548 εδει,
1602 4483 1719 4535 Sine
1755 4482 1919 4535 dllbio
1952 4512 1994 4565 ι)
2026 4492 2273 4561 legimus,
2307 4490 2433 4560 quia
2463 4490 2552 4559 qui
2593 4488 2884 4558 acquisivit
2926 4490 3012 4542 hic
3042 4492 3229 4543 decem
3263 4489 3461 4542 talenta
3485 4529 3498 4553 ,
3527 4488 3600 4543 ibi

349 4580 565 4635 initimn
605 4579 722 4646 ejus
753 4594 780 4631 a
818 4578 906 4631 die
948 4578 1153 4644 prima,
1193 4591 1313 4645 quze
1345 4586 1423 4628 est
1460 4575 1575 4628 dies
1611 4573 1911 4637 Dominica,

349 4672 470 4724 fuit.
496 4669 646 4736 Quod
678 4670 719 4723 si
753 4683 817 4721 ex
847 4668 1041 4721 divinis
1070 4666 1371 4733 Scripturis
1395 4665 1496 4718 hoc
1522 4673 1756 4729 constat,
1777 4666 1917 4733 quod

349 4766 435 4817 die
468 4762 741 4817 Dominica
774 4760 913 4813 Deus
940 4760 1073 4830 pluit
1096 4776 1291 4813 manna
1319 4759 1385 4813 de
1418 4760 1577 4823 ωηο,
1614 4767 1669 4812 et
1697 4758 1747 4812 in
1782 4759 1921 4812 Sab-

347 4858 477 4910 bato
504 4868 606 4907 ll0lt
631 4853 785 4923 pluit,
818 4851 1120 4920 intelligant
1151 4850 1318 4905 Judati
1346 4850 1456 4918 jam
1490 4859 1616 4904 tunc
1640 4850 1918 4917 pra:latam

349 4964 470 5002 esse
490 4946 822 5000 Dominicam
848 4956 1090 4997 nostram
1113 4942 1341 4997 Judaico
1370 4944 1632 5006 Sabbttlo,
1656 4943 1766 5010 jam
1796 4953 1924 4996 tunc

351 5039 649 5093 indicalunt
676 5036 818 5105 quod
850 5037 902 5089 in
933 5035 1170 5089 Sabbato
1209 5036 1470 5105 ipsorum,
1522 5035 1693 5103 gratia
1734 5034 1823 5088 Dei
1855 5034 1921 5088 ad

348 5146 443 5186 eos
479 5130 543 5183 de
574 5130 716 5183 coelo
754 5128 898 5182 nulla
932 5126 1309 5191 descenderit,
1359 5128 1515 5195 panis
1547 5126 1791 5195 caelestis
1829 5125 1920 5195 qui

348 5234 433 5277 est
459 5237 639 5276 sermo
669 5220 784 5284 Dei,
819 5221 883 5275 ad
911 5235 1004 5275 eos
1038 5221 1216 5274 nullus
1242 5220 1470 5274 venerit.
1519 5219 1661 5273 Dicit
1688 5219 1832 5272 enim
1870 5232 1922 5274 et

419 5332 440 5363 ⁸
463 5331 479 5385 l
499 5330 625 5386 Cor.
648 5328 810 5395 x,ll.
874 5330 896 5361 ⁸
922 5330 1088 5400 Exod.
1117 5344 1227 5389 xvi,
1252 5328 1365 5400 12.7
1401 5329 1421 5359 ⁸
1442 5327 1572 5400 ibid.
1597 5328 1715 5391 4,5.
1770 5329 1788 5359 "
1823 5328 1975 5400 Rern.
2003 5346 2079 5383 ix.
2137 5332 2159 5363 ⁸
2180 5331 2344 5385 Exod.
2372 5333 2593 5400 xvr,26.
2622 5333 2714 5387 22.
2779 5335 2798 5365 °
2826 5333 2951 5389 Ose.
2976 5350 3058 5399 ιιι,
3089 5335 3145 5387 4.

885 5400 927 5431 η
955 5399 1095 5453 Psal.
1127 5414 1282 5460 xvut,
1310 5399 1395 5451 lt).
1460 5398 1501 5429 ”
1527 5398 1694 5452 Exod.
1734 5414 1842 5463 xvi,
1874 5399 1965 5457 22.

347 5402 390 5436 ⁸⁸
415 5402 573 5457 Rom.
606 5415 715 5461 xtv,
751 5400 805 5453 9..

420 5493 532 5562 (l9)
568 5493 747 5554 Alias,
796 5508 816 5542 ‹
851 5492 1160 5560 quicunque
1207 5492 1522 5555 intulerint,
1562 5511 1580 5543 ι
1623 5493 1718 5547 sed
1750 5509 1904 5558 mss.,

352 5581 374 5616 ι
412 5563 771 5629 quodcunque
807 5562 1101 5615 intulerint.
1145 5581 1163 5612 ι

422 5634 534 5700 (‘20)
566 5633 707 5697 Quid
732 5633 974 5684 esthoc?
1004 5631 1120 5685 Filii
1165 5630 1326 5684 Israel
1357 5641 1650 5698 conspecto
1678 5632 1909 5697 primunt

347 5702 856 5782 manum-dixerunt
903 5704 1129 5782 nulla,
1183 5703 1309 5769 quid
1352 5712 1426 5754 est
1466 5702 1605 5753 hoc?
1641 5700 1776 5755 llinc
1818 5718 1912 5782 no:

348 5773 554 5828 ntinmu
587 5773 909 5839 interpretes
941 5772 1253 5828 det’ivarunt
1294 5786 1489 5827 nomen
1524 5788 1734 5825 manna.
1774 5772 1911 5842 qttod

2025 4585 2231 4652 accepit
2261 4585 2444 4637 decem
2474 4582 2728 4637 civitates
2748 4625 2762 4649 ,
2794 4593 2847 4635 et
2888 4583 2976 4652 qui
3007 4581 3300 4651 acquisivit
3343 4590 3597 4650 quatuor,

2018 4678 2226 4746 accepit
2257 4686 2494 4745 quatuor
2535 4677 2786 4732 civitates
2813 4678 2901 4731 νοῒ
2955 4678 3065 4731 lloe
3107 4686 3191 4729 est
3217 4677 3360 4745 quod
3406 4685 3460 4730 et
3504 4690 3601 4744 per

2018 4770 2179 4823 aliant
2200 4769 2425 4837 figuram
2445 4769 2943 4838 Apostolnsdicit”
2975 4791 2985 4823 :
3023 4786 3041 4818 ι
3072 4769 3225 4834 Quod
3256 4768 3401 4821 enim
3437 4768 3600 4822 semi-

2024 4860 2234 4915 naverit
2279 4860 2459 4924 homo,
2498 4860 2601 4914 hoc
2649 4870 2704 4913 et
2754 4869 2941 4914 metet.
2981 4878 2998 4909 ι
3035 4858 3173 4925 Quid
3219 4873 3349 4929 ergo
3386 4859 3599 4927 agimus

2024 4971 2119 5008 nos
2142 4954 2232 5023 qui
2256 4968 2499 5007 amamus
2520 4953 2648 5006 illttd
2678 4952 2992 5017 recondere,
3022 4950 3163 5020 quod
3194 4960 3598 5019 corrumpatur,

2024 5059 2128 5095 non
2164 5042 2303 5111 quod
2348 5049 2698 5110 permaneat,
2736 5050 2788 5095 et
2842 5043 3099 5109 perduret
3151 5042 3201 5094 in
3255 5037 3600 5093 crastinum?

2026 5134 2229 5188 Divites
2279 5133 2437 5202 hujus
2486 5133 2666 5188 saaculi
2717 5149 2781 5187 ea
2811 5133 3116 5187 recondunt
3140 5147 3257 5202 qua:
3289 5132 3338 5185 in
3370 5130 3470 5183 hoc
3496 5146 3598 5182 sa:-

2022 5223 2164 5285 culo,
2194 5224 2304 5277 imo
2337 5239 2457 5277 cum
2489 5226 2688 5278 saeculo
2721 5234 3168 5293 corrumpuntur.
3200 5222 3254 5276 Si
3289 5237 3392 5290 qua
3418 5230 3595 5273 autent

3213 5333 3255 5363 ¹⁰
3279 5330 3379 5385 lsa.
3402 5347 3476 5397 Vl,
3514 5330 3591 5383 10.

2037 5402 2079 5433 ’⁵
2107 5401 2295 5455 Matth.
2333 5418 2461 5457 xxv.
2542 5404 2585 5435 ¹⁵
2626 5404 2803 5458 Galat.
2852 5420 2933 5468 vr,
2983 5404 3034 5456 7.

2013 5497 2341 5551 recentiores
2388 5498 2593 5550 tnalttttt
2636 5496 2905 5551 deducere
2952 5514 2978 5548 a
3029 5495 3191 5548 verbo
3222 5504 3363 5557 mia.
3389 5493 3439 5546 itt
3481 5494 3591 5561 pih.

2014 5568 2240 5634 paravit,
2283 5569 2598 5635 prwparavit
2632 5569 2704 5621 ita
2757 5572 2925 5649 ιιιῖγε,
2970 5583 3108 5627 ιιιιιιιε
3138 5579 3328 5615 manna
3360 5565 3428 5617 sit
3459 5580 3594 5631 prir-

2018 5669 2237 5725 paratus
2267 5659 2409 5712 cibus
2440 5669 2532 5711 aut
2563 5670 2897 5724 conipm'atus
2931 5658 3043 5710 sine
3076 5655 3286 5721 labore,
3319 5665 3379 5710 ut
3414 5654 3589 5723 appel-

2018 5729 2157 5784 latur
2185 5729 2477 5795 Sapientia:
2510 5734 2625 5798 cap.
2663 5743 2771 5795 xvi,
2804 5728 2894 5781 20.
