4110 6456
399 348 505 409 54⁸1

1863 349 2020 406 Οιιιι]
2030 346 2184 403 Ele

3541 341 3647 397 διδ

400 475 537 523 bona
591 484 754 539 Opera
809 467 1104 524 recomlunt
1134 508 1149 534 ,
1203 468 1292 522 illa
1345 479 1665 539 permanent
1712 484 1881 537 usque
1926 468 1979 521 in
2009 471 2055 525 Α
2086 466 2654 537 inveneruntangelos
2684 482 2806 522 cum
2848 466 3049 537 ingenti
3090 466 3340 521 claritate
3370 465 3436 520 ad
3469 469 3653 536 sepul-

396 574 723 618 Ct'nsittttlm.

470 655 524 708 ϐ.
567 654 809 723 Denique
856 650 935 706 sic
969 653 1232 722 scriptum
1264 664 1380 718 est,
1416 654 1558 723 quod
1592 655 1682 723 qni
1734 654 1977 709 infideles

402 748 640 808 fuerunt,
681 764 698 796 ι
738 755 1114 804 servaverunt,
1150 747 1345 814 inquit,
1373 748 1438 799 de
1480 762 1699 809 manna,
1732 758 1782 802 et
1826 747 1979 802 ebul-

400 834 684 889 liernntex
714 849 780 889 eo
810 851 1045 898 vermes,
1078 848 1131 890 et
1154 838 1485 897 conmutruit
1510 838 1608 890 ιθ.»
1638 839 1767 892 Illud
1799 853 1976 893 autem

399 929 543 998 quod
577 944 674 996 pro
716 929 803 983 die
833 929 1058 983 Sabbati
1094 932 1487 997 reponebatur,
1520 948 1623 985 non
1665 942 1750 986 est
1792 948 1981 987 corru-

402 1030 574 1088 ptum,
610 1033 786 1088 neque
815 1034 1029 1073 vermes
1057 1020 1386 1075 ebullierttnt
1421 1023 1471 1075 in
1504 1039 1589 1086 eo,
1616 1024 1707 1078 sed
1739 1038 1982 1093 perman-

402 1112 473 1163 sit
502 1110 611 1181 (21)
642 1110 934 1177 integrum.
964 1110 1031 1164 Et
1066 1120 1119 1164 tu
1155 1127 1286 1180 ergo
1320 1113 1362 1166 si
1395 1124 1613 1183 propter
1658 1126 1979 1185 prmsentem

404 1204 571 1255 vitam
609 1203 986 1257 tantummodo
1022 1212 1075 1258 et
1117 1215 1339 1272 propter
1380 1220 1619 1259 amorem
1650 1207 1830 1259 seculi
1867 1208 1981 1261 the-

405 1293 665 1355 sanrizes,
697 1294 954 1348 continuo
986 1309 1197 1350 vermes
1226 1296 1513 1349 ebulliunt.
1546 1297 1828 1361 Quomodo
1859 1314 1981 1353 vcr-

407 1400 523 1439 tnes
569 1385 879 1440 ebulliunt?
926 1387 1067 1441 Audi
1114 1388 1179 1443 de
1236 1389 1639 1456 peccatoribus,
1682 1400 1739 1443 et
1794 1391 1980 1461 iisqui

407 1492 647 1547 praesens
684 1479 936 1533 saeculum
968 1480 1235 1549 diligttttt,
1266 1495 1387 1549 quae
1419 1482 1492 1535 sit
1535 1484 1811 1553 propheta:
1858 1499 1984 1537 sen-

411 1571 609 1624 tentia:
644 1588 662 1621 t
693 1569 905 1626 Vennis
926 1572 1092 1638 enim,
1119 1573 1315 1641 inquit,
1340 1590 1529 1629 eorum
1559 1592 1665 1629 non
1698 1577 1984 1641 morietur,

408 1672 463 1714 et
491 1663 630 1731 ignis
646 1677 835 1716 eorum
860 1680 965 1718 non
985 1666 1361 1735 exstinguetur
1380 1667 1441 1720 ".
1472 1687 1491 1719 ι
1511 1668 1600 1723 Isti
1624 1678 1749 1723 sunt
1776 1685 1987 1725 vermes

409 1769 546 1822 quos
571 1766 793 1823 generat
816 1758 1067 1821 avaritia,
1091 1758 1179 1810 isti
1212 1769 1340 1814 sunt
1367 1773 1580 1815 vermes
1601 1777 1739 1830 quos
1760 1770 1987 1832 generat

407 1845 725 1899 divitiarum
760 1861 901 1902 czeca
937 1850 1208 1917 cupiditas
1242 1851 1307 1906 iis
1350 1852 1442 1921 qui
1474 1854 1678 1908 habent
1704 1854 1987 1923 pecunias,

409 1945 464 1989 et
492 1936 739 1991 videntes
786 1938 843 1992 in
889 1942 1219 1998 necessitate
1267 1941 1469 1999 fratres
1520 1961 1688 2011 suos,
1731 1945 1991 2000 claudunt

413 2029 480 2079 ab
517 2029 597 2082 eis
629 2029 839 2085 viscera
870 2047 990 2086 sua.
1018 2034 1310 2104 Propterea
1338 2048 1393 2091 et
1418 2036 1714 2107 Apostolus
1743 2038 1875 2092 dicit
1898 2038 1942 2069 “'
1971 2055 1985 2093 :

417 2134 437 2167 ι
472 2119 735 2175 Divitibus
759 2132 939 2177 autem
964 2125 1124 2193 hujus
1154 2128 1336 2183 saeculi
1362 2129 1597 2197 prazcipe
1623 2144 1727 2183 non
1761 2130 1994 2198 superbe

413 2229 611 2279 εειιιετθ
636 2254 652 2278 ν
708 2230 884 2284 neque
927 2233 1150 2287 sperare
1186 2221 1239 2275 in
1268 2208 1497 2277 incerto
1530 2222 1867 2289 divitiarum,
1897 2223 1993 2276 sed

416 2303 610 2357 divites
637 2304 748 2358 sint
779 2306 831 2360 in
866 2308 1123 2376 operibus
1152 2312 1327 2375 bonis,
1360 2312 1524 2367 facile
1555 2313 1816 2379 tribuant,
1844 2330 1995 2368 com-

417 2394 730 2460 municent,
755 2405 809 2449 et
839 2399 1209 2455 thesaurizent
1250 2401 1351 2456 sibi
1389 2416 1575 2456 veram
1610 2402 1797 2455 vitam.
1829 2422 1848 2453 ι
1889 2401 1996 2456 Sed

416 2483 548 2538 dicit
596 2486 796 2553 aliquis
837 2504 850 2540 :
901 2489 956 2542 Si
1014 2506 1211 2544 manna
1255 2493 1479 2546 verbum
1527 2490 1621 2546 Dei
1661 2507 1783 2548 esse
1832 2492 1995 2555 dicis,

418 2578 693 2643 quomodo
726 2594 940 2636 vermes
988 2581 1158 2637 facit?
1186 2582 1291 2638 Nec
1336 2584 1559 2639 aliunde
1597 2586 1735 2639 fiunt
1784 2599 1999 2640 vermes

420 2665 476 2719 in
510 2669 685 2732 nobis,
713 2670 816 2725 nisi
848 2688 913 2726 ex
946 2674 1111 2728 verbo
1144 2675 1255 2728 Dei.
1296 2674 1386 2729 Sic
1413 2676 1557 2729 enim
1595 2676 1727 2730 dicit
1766 2677 1881 2747 ipse
1910 2678 1951 2710 ⁸⁹
1982 2694 1996 2731 :

424 2776 445 2810 ι
474 2758 590 2815 Nisi
640 2765 908 2818 venissem
962 2777 1015 2818 et
1048 2766 1262 2821 locutus
1296 2768 1376 2822 eis
1427 2769 1648 2822 fuissem
1671 2808 1686 2830 ,
1719 2779 2000 2836 peccatum

424 2864 528 2903 non
560 2851 843 2909 haberent.
878 2874 895 2906 ι
933 2854 1059 2910 Post
1085 2868 1393 2927 susceptum
1424 2874 1553 2929 ergo
1580 2862 1798 2914 verbum
1830 2862 1923 2917 Dei
1952 2863 2000 2917 si

423 2942 546 3009 quis
573 2954 795 3013 peccat,
825 2948 1061 3002 efficitur
1090 2950 1139 3003 ei
1178 2951 1350 3020 ipsum
1380 2955 1623 3023 verbum,
1643 2955 1876 3019 vermis,
1906 2956 2001 3025 qui

424 3038 545 3106 ejus
567 3055 778 3108 semper
808 3042 1200 3097 conscientiam
1233 3043 1422 3109 fodiat,
1451 3054 1506 3099 et
1536 3062 1733 3101 arcana
1766 3050 2005 3117 pectoris

424 3125 544 3193 ejus
573 3127 746 3181 rodat.

501 3218 552 3273 7.
582 3219 688 3274 Sed
721 3222 850 3290 quid
878 3239 977 3277 nos
996 3224 1174 3279 adhuc
1206 3226 1438 3296 amplius
1466 3228 1625 3282 docet
1658 3243 1838 3285 sermo
1868 3232 1998 3286 divi-

430 3329 534 3366 nus
553 3313 630 3367 ὀἳ
649 3331 668 3365 ι
695 3314 842 3369 Etad
867 3331 1167 3386 vesperam,
1190 3319 1387 3388 inquit,
1408 3322 1593 3377 scietis
1612 3326 1739 3395 quia
1761 3341 1862 3395 ego
1884 3342 2004 3380 smn

431 3408 731 3475 Dominus,
769 3426 933 3465 mane
982 3423 1166 3467 autem
1211 3416 1466 3471 videbitis
1518 3419 1855 3484 maiestatem
1906 3422 2010 3475 Do-

435 3501 589 3554 mini.
623 3519 641 3553 ι
676 3502 742 3556 Ει
766 3503 833 3557 de
872 3505 971 3558 hoc
1013 3506 1171 3559 velim
1215 3508 1346 3560 mihi
1380 3506 1552 3563 Judaei
1596 3512 2007 3580 responderent,

434 3596 707 3662 quomodo
791 3598 855 3651 ad
942 3614 1228 3671 vesperam
1312 3604 1624 3671 agnoscitur
1704 3603 2009 3667 Dominus,

438 3702 599 3741 mane
647 3698 825 3744 autem
881 3692 1097 3745 videtur
1146 3694 1403 3763 majestas
1454 3696 1591 3760 ejus.
1644 3691 1744 3751 Ubi
1813 3696 2015 3750 Domi-

440 3794 541 3832 nus
564 3781 780 3848 agnitus
814 3791 896 3836 est
938 3783 1003 3837 ad
1035 3800 1339 3853 vesperam,
1368 3795 1423 3839 et
1461 3787 1579 3854 ejus
1611 3786 1868 3853 majesms
1900 3791 2011 3842 visa

438 3881 525 3925 est
573 3888 732 3927 mane
771 3874 794 3927 ?
839 3874 1185 3945 liespmtdete
1250 3878 1406 3932 nobis
1471 3880 1563 3946 qui
1611 3879 1901 3933 erudimini
1947 3882 2015 3933 ab

441 3965 670 4018 infantia
738 3981 907 4034 usque
971 3970 1036 4021 ad
1098 3979 1432 4024 senectutem
1473 3984 1690 4037 semper
1747 3969 2018 4025 discentes

445 4054 602 4127 155
627 4067 680 4112 et
716 4074 993 4127 nunquam
1026 4062 1091 4114 ad
1118 4061 1401 4115 scietttiatn
1427 4050 2019 4129 veritatis-pervenien-

442 4151 582 4204 tes“
619 4168 634 4204 :
678 4151 858 4218 Quare
902 4169 1007 4207 non
1039 4154 1339 4223 intelligitis
1365 4156 1478 4208 haec
1508 4154 1825 4224 prophetice
1862 4156 1965 4209 dici
1997 4157 2020 4209 ?

442 4244 547 4298 Sed
586 4244 631 4298 si
662 4246 742 4299 vis
773 4246 873 4300 ista
909 4247 1231 4315 intelligere,
1264 4262 1369 4300 non
1405 4256 1557 4316 potes
1585 4249 1685 4303 nisi
1714 4265 1809 4318 per
1840 4251 2021 4305 Evan-

440 4340 659 4405 gelinm.
693 4339 767 4395 lbi
800 4355 1034 4409 namque
1064 4341 1306 4394 invenies
1337 4342 1598 4410 scriptum
1627 4342 1695 4408 ",
1715 4344 1839 4412 quia
1877 4364 1896 4396 ι
1936 4362 2022 4401 vc-

442 4446 597 4498 spere
638 4432 882 4496 Sabbati,
908 4447 1030 4501 qua:
1056 4433 1280 4487 lucescit
1312 4433 1365 4486 itt
1400 4434 1573 4502 prima
1605 4435 1851 4502 Sabbati,
1872 4438 2019 4492 venit

440 4524 609 4578 Maria
662 4526 975 4593 Magdalene
1018 4536 1072 4579 et
1102 4525 1269 4579 Maria
1301 4524 1486 4579 Jacobi
1514 4525 1581 4577 ad
1626 4528 1929 4596 sepulcrum
1963 4540 2016 4583 et

445 4615 772 4669 invenerunt
808 4617 1039 4686 lapidem
1072 4617 1372 4671 revolutum
1413 4632 1442 4670 a
1488 4630 1860 4673 monumento.
1895 4638 1913 4671 ι
1942 4619 2017 4674 lbi

444 4710 630 4763 audies
664 4718 822 4762 terra:
867 4719 1073 4760 tnotnm
1112 4708 1335 4775 factum,
1369 4720 1721 4763 monumenta
1751 4710 2018 4784 disrupta,

442 4804 816 4858 centurionem
866 4812 920 4857 et
979 4804 1174 4857 milites
1227 4804 1317 4873 qui
1372 4803 1437 4858 ad
1492 4803 1797 4858 custodiam
1858 4803 2020 4872 positi

443 4907 622 4960 erant,
682 4899 923 4952 dicentes
950 4898 1031 4952 "z
1071 4915 1089 4949 ι
1128 4898 1267 4952 Vere
1312 4897 1400 4952 hic
1447 4896 1619 4950 Filius
1665 4896 1758 4951 Dei
1808 4905 1948 4949 erat.
1993 4914 2013 4947 ι

443 4991 673 5060 Agnitus
690 5006 821 5061 ergo
848 5000 931 5043 est
957 5005 1052 5058 per
1090 4991 1203 5044 haec
1237 4991 1288 5043 in
1327 5005 1550 5057 vespera
1577 4988 1866 5052 Dominus,
1891 4988 2018 5056 quia

446 5085 563 5153 ipse
592 5082 849 5137 Dominus
875 5091 955 5134 est
985 5081 1199 5151 agnitus
1232 5082 1281 5133 in
1327 5082 1527 5133 virtute
1579 5078 2016 5133 resurrectionis.

444 5178 554 5236 Sed
583 5177 854 5247 quomodo
897 5192 1055 5229 mane
1103 5176 1273 5246 gloria
1306 5174 1423 5240 ejus
1456 5177 1569 5228 visa
1599 5184 1683 5227 est
1707 5173 1730 5226 ?
1753 5172 1886 5228 Cum
1928 5188 2020 5226 vc-

448 5272 795 5328 lliS3ClllDli‘J!
846 5272 1102 5326 mulieres
1134 5272 1305 5342 ptima
1349 5270 1573 5325 Sabbati
1622 5270 1781 5323 valde
1837 5282 2019 5328 mane,

519 5419 563 5447 ‘“
604 5419 768 5471 lixnd.
817 5432 929 5469 ενι.
960 5414 1051 5469 ΞΟ.

449 5492 490 5522 ’ί
533 5492 567 5538 lt
599 5489 737 5542 'l‘im.
767 5505 847 5542 ιιι.
894 5488 945 5539 7.

452 5575 619 5614 xxvnt
646 5601 660 5624 ,
704 5560 757 5613 6.
834 5559 879 5590 ³⁸
914 5556 1083 5612 Exod.
1115 5570 1228 5621 xvi,
1260 5554 1341 5610 l2.

1128 5414 1168 5445 ¹⁷
1202 5413 1305 5466 lsa.
1342 5428 1497 5478 vat,
1531 5411 1623 5463 2i.

1417 5554 1463 5583 “‘
1492 5551 1645 5607 Joan.
1683 5567 1721 5615 t,
1761 5550 1841 5605 14.

662 5679 831 5752 ﬁlias,
864 5696 882 5727 ι
916 5685 1212 5752 permanet.
1244 5694 1262 5726 ι
1547 5742 1557 5752 1
1606 5742 1615 5751 .

526 5747 638 5819 (‘32)
673 5747 768 5802 Sic
800 5763 965 5811 mss.;
1007 5747 1141 5800 alias
1187 5762 1314 5801 vero
1358 5763 1375 5797 ι
1416 5747 1808 5813 suscipiant....
1838 5755 2020 5796 come-

457 5818 677 5881 dant...,
716 5818 1092 5872 manducent?
1130 5837 1148 5867 ι

1701 5411 1743 5441 ¹⁸
1782 5408 1964 5461 lTim.
2024 5405 2225 5469 vr,i7,
2266 5399 2485 5462 18,19.

1022 5486 1066 5515 ²²
1111 5483 1300 5537 Matth.
1334 5499 1527 5543 xxvut,
1586 5484 1642 5544 t;
1679 5480 1844 5532 Marc.
1892 5494 2000 5535 xvt.
2047 5478 2111 5540 i;
2176 5478 2303 5526 Luc.
2368 5487 2419 5521 xx

1022 5556 1083 5608 ul.
1115 5570 1228 5608 xvi.
1260 5554 1341 5608 l2.
1417 5554 1463 5583 “‘
1492 5551 1645 5607 Joan.
1683 5567 1721 5608 ι.
1761 5550 1841 5605 14.
1920 5549 1963 5578 ’⁷
1997 5545 2195 5603 lJoatt.
2240 5560 2298 5608 ιι,
2336 5542 2419 5595 i9.

2078 573 2229 611 crmn
2279 560 2553 625 sedentes,
2602 571 2657 615 et
2710 561 2956 615 dicentes
2984 562 3068 612 ’δε
3104 581 3121 611 ι
3166 559 3279 613 Νοιι
3310 569 3392 613 est
3426 560 3538 626 hic,
3570 576 3655 615 re-

2080 651 2313 704 surrexit
2342 666 2370 703 a
2409 653 2656 707 mortuis.
2690 650 2886 705 Venite
2918 662 2970 704 et
3016 653 3193 706 videte
3233 652 3407 705 locum
3440 652 3528 705 ubi
3560 668 3656 722 po-

2080 743 2221 797 situs
2254 754 2391 809 erat,
2416 755 2471 799 et
2501 746 2594 809 ite,
2630 746 2792 800 dicite
2821 745 3107 813 discipulis
3147 745 3263 814 ejus
3310 746 3431 815 quia
3468 762 3654 801 resur-

2083 837 2241 901 rexit,
2274 846 2327 891 et
2364 840 2631 907 praecedet
2667 854 2761 893 vos
2794 839 2846 892 in
2874 838 3175 893 Galilaeam.
3216 859 3232 889 ι
3268 837 3391 892 Visa
3416 849 3497 894 est
3526 855 3657 909 ergo

2083 942 2238 981 tuane
2270 929 2522 994 majestas
2579 929 2813 995 Domini,
2842 944 2967 983 cum
3017 943 3112 998 per
3163 928 3383 1000 angelos
3418 944 3659 984 resurre-

2083 1022 2194 1073 ctio
2221 1023 2466 1075 nuntiata
2500 1030 2606 1076 est.

2140 1114 2193 1167 8.
2235 1114 2464 1167 Additur
2489 1124 2668 1167 autem
2701 1114 2751 1167 in
2792 1114 3251 1182 consequentibus
3285 1130 3299 1167 :
3342 1133 3361 1166 ι
3398 1114 3654 1186 Vespere,

2084 1203 2259 1274 inquit
2307 1205 2375 1269 ’⁵,
2423 1204 2821 1259 manducabitls
2870 1219 3115 1271 carnem,
3145 1216 3203 1260 et
3236 1221 3391 1260 mane
3430 1208 3657 1276 replebi-

2088 1296 2218 1349 tnini
2252 1297 2501 1365 panibus.
2535 1315 2555 1349 ι
2588 1296 2653 1350 Ει
2686 1297 2753 1351 de
2786 1296 2887 1351 hoc
2915 1296 3074 1351 velim
3102 1298 3263 1362 scire,
3293 1297 3436 1366 quali
3467 1300 3659 1353 ordine

2084 1387 2257 1443 Judazi
2295 1388 2571 1457 propheta:
2604 1389 2745 1443 dicta
2792 1390 3127 1460 suscipiatis.
3168 1390 3305 1456 Quid
3353 1391 3493 1443 enim
3524 1405 3661 1449 cons

2086 1480 2385 1547 sequentia:
2410 1479 2697 1541 videbitur,
2732 1488 2903 1534 utaut
2934 1496 3160 1550 vespere
3192 1497 3387 1536 carnes
3415 1482 3533 1536 sine
3560 1497 3660 1552 pa-

2087 1570 2250 1625 nibus
2286 1572 2585 1627 comedatis
2630 1570 2763 1642 (22),
2794 1580 2887 1625 aut
2919 1588 3075 1625 mane
3112 1588 3279 1640 panes
3300 1576 3505 1642 absque
3540 1574 3661 1639 pul-

2087 1664 2258 1717 menti
2304 1662 2608 1732 adjectione
2657 1664 3001 1718 manducetis
3045 1664 3069 1717 3
3104 1665 3245 1730 Quid
3280 1666 3331 1718 in
3363 1666 3463 1719 hoc
3490 1666 3660 1721 divini

2092 1755 2353 1820 muneris,
2387 1754 2515 1823 quid
2554 1754 2968 1825 temperamenti
2994 1756 3185 1825 gratia:
3212 1755 3454 1811 coalestis
3479 1767 3665 1811 osten-

2091 1848 2217 1905 ditis
2243 1849 2268 1903 2
2298 1847 2533 1904 lloccine
2576 1860 2661 1903 est
2712 1849 2763 1903 in
2812 1865 2919 1918 quo
2962 1849 3185 1919 agnosci
3222 1850 3390 1910 Deum
3440 1851 3662 1919 ponitis,

2092 1941 2233 2011 quod
2265 1938 2530 1995 carnesin
2564 1955 2786 2010 vespera
2824 1940 2941 1994 sine
2987 1940 3214 2010 panibus
3249 1946 3609 1997 comedantnr
3638 1941 3665 1996 τ

2093 2033 2160 2087 Ει
2187 2033 2530 2103 majestatcm
2576 2033 2669 2087 Dei
2714 2033 2895 2086 dicitis
2929 2048 3211 2103 apparere,
3239 2033 3283 2087 si
3329 2048 3539 2088 rursum
3571 2048 3669 2103 pa-

2095 2140 2191 2180 nes
2218 2126 2337 2180 sine
2365 2125 2626 2180 carnibus
2666 2125 3022 2178 comedantnr
3049 2125 3073 2177 ‘!
3102 2125 3205 2178 Sed
3238 2125 3389 2179 vobis
3420 2126 3521 2179 ista
3553 2140 3669 2179 scr-

2097 2228 2240 2280 vate,
2269 2218 2411 2272 etiis
2435 2221 2523 2287 qui
2550 2217 2898 2285 acquieseunt
2925 2218 3097 2280 vobis,
3129 2226 3183 2271 et
3221 2216 3272 2270 in
3298 2218 3669 2274 coturnicibus

2098 2311 2319 2380 agnosci
2374 2325 2534 2380 posse
2568 2310 2733 2363 Deunt
2771 2318 2979 2377 putant.
3008 2307 3117 2361 Nos
3152 2319 3329 2361 autem
3380 2308 3576 2377 quibus
3615 2310 3667 2363 in

2100 2405 2208 2459 fine
2237 2401 2441 2466 szeculi,
2473 2402 2556 2457 vel
2579 2404 2645 2455 ad
2672 2416 2955 2470 vesperam
2988 2399 3193 2464 mundi,
3226 2418 3244 2449 ι
3277 2398 3512 2452 Verbum
3542 2414 3671 2455 caro

2099 2496 2304 2551 factum
2334 2495 2501 2560 est“,
2526 2514 2546 2547 ι
2571 2496 2621 2548 in
2654 2494 2740 2547 illa
2773 2506 2938 2547 carne
2961 2491 3180 2560 agnosci
3213 2490 3443 2545 dicimus
3476 2491 3669 2560 Deum,

2100 2604 2262 2657 quam
2314 2588 2554 2657 suscepit
2593 2602 2660 2641 ex
2709 2586 2956 2650 Virgine.
2992 2586 3133 2641 Istas
3179 2588 3322 2640 enim
3361 2585 3524 2640 Verbi
3577 2584 3671 2640 Del

2104 2695 2321 2744 carnes,
2347 2694 2520 2748 neque
2554 2692 2712 2732 mane
2739 2676 2952 2745 aliquis,
2982 2692 3157 2747 neque
3185 2679 3411 2733 meridie
3440 2678 3672 2731 mandu-

2104 2760 2262 2835 cavit.
2295 2774 2387 2827 sed
2426 2772 2492 2824 ad
2536 2784 2837 2839 vesperam.
2869 2768 3147 2823 Adventus
3170 2769 3314 2823 enim
3368 2764 3577 2821 Domini
3620 2768 3672 2822 in

2105 2874 2273 2917 carne
2299 2861 2364 2915 ad
2395 2875 2673 2930 vesperam
2713 2858 2890 2911 factus
2914 2866 2997 2911 est
3024 2874 3037 2910 :
3068 2857 3212 2913 sicut
3259 2866 3312 2912 et
3338 2856 3573 2912 Joannes
3601 2856 3678 2910 di-

2106 2957 2180 3009 cit
2203 2955 2247 2985 "
2279 2973 2294 3009 :
2328 2971 2348 3005 ι
2384 2952 2565 3016 Pueri,
2588 2952 2881 3006 novissima
2908 2952 3037 3004 hora
3060 2960 3163 3005 est.
3190 2969 3209 3001 ι
3228 2949 3336 3004 Sed
3360 2967 3378 2999 ι
3408 2958 3465 3003 et
3494 2964 3674 3015 mane,

2109 3048 2305 3116 inquit,
2350 3044 2683 3115 replebimini
2730 3040 2977 3113 panibus.
3009 3060 3028 3093 ι
3064 3039 3228 3095 Nobis
3262 3050 3314 3095 et
3349 3040 3527 3109 panis,
3561 3054 3679 3094 ver-

2028 3152 2075 3215 ο
2108 3142 2233 3197 bum
2266 3139 2358 3193 Dei
2391 3148 2473 3194 est
2525 3136 2657 3209 (23).
2705 3135 2820 3203 Ipse
2868 3135 3011 3189 enim
3059 3134 3214 3201 panis
3264 3134 3439 3195 vivus,
3470 3133 3558 3202 qui
3615 3134 3681 3187 de

2109 3233 2247 3290 caelo
2302 3232 2599 3297 descendit,
2632 3238 2687 3285 et
2722 3229 2886 3282 vitam
2928 3228 3019 3281 dat
3068 3227 3194 3281 huic
3246 3226 3447 3279 tnundo
3476 3223 3542 3279 “.
3575 3218 3680 3279 Sal

2112 3326 2386 3397 quomodo
2435 3325 2572 3379 dicit
2621 3336 2779 3377 mane
2814 3321 2932 3374 dari
2971 3321 3114 3374 hunc
3147 3333 3360 3386 panem.
3404 3333 3526 3372 cum
3584 3318 3684 3372 ad-

2112 3428 2333 3473 ventum
2364 3416 2481 3485 ejus
2515 3416 2567 3469 in
2597 3428 2764 3470 carne
2798 3412 2998 3466 factum
3044 3410 3346 3465 dixerimus
3381 3413 3447 3464 ad
3491 3427 3684 3482 vespe-

2115 3528 2230 3566 ram
2260 3511 2283 3565 ?
2313 3509 2426 3564 Hoc
2457 3509 2615 3562 modo
2659 3504 3067 3574 intelligendum
3111 3517 3260 3574 pulo,
3289 3507 3430 3574 quod
3477 3505 3543 3558 ad
3592 3520 3685 3557 ve-
3734 3500 3737 3501 ⁷

2115 3619 2332 3674 speram
2376 3602 2592 3669 quidem
2630 3597 2905 3666 vergentis
2958 3596 3144 3649 tnundi
3201 3607 3257 3650 et
3306 3611 3473 3667 prope
3524 3596 3684 3665 finem

2115 3713 2308 3753 cursus
2339 3698 2418 3750 sui
2446 3695 2603 3765 positi
2635 3694 2889 3747 Dominus
2914 3694 3146 3754 venerit,
3168 3692 3260 3745 sed
3301 3695 3535 3745 adventu
3566 3706 3687 3758 suo,

2119 3789 2374 3859 quoniatn
2399 3790 2512 3857 ipse
2540 3799 2620 3841 est
2652 3788 2729 3840 sol
2748 3788 2990 3856 jnstitize,
3012 3801 3207 3840 novum
3232 3784 3576 3838 credentibus
3602 3799 3688 3836 re-

2119 3881 2394 3952 paraverit
2426 3882 2590 3933 tlicm.
2640 3880 2773 3946 Quia
2821 3895 2951 3947 ergo
2986 3891 3181 3931 novum
3216 3876 3410 3927 mundo
3449 3874 3693 3929 scientia!

2122 3978 2302 4029 lumen
2361 3973 2628 4035 accendit,
2676 3971 2816 4025 diem
2850 3971 2963 4041 (24)
3001 3987 3155 4022 suum
3182 3967 3579 4037 quodammodo
3607 3966 3692 4019 ef-

2124 4070 2249 4123 fecit
2276 4079 2329 4121 et
2365 4083 2520 4120 suum
2554 4079 2714 4118 mane
2748 4076 3005 4133 tanquam
3034 4062 3260 4133 justitize
3301 4062 3378 4116 sol
3414 4060 3692 4129 produxit,

2121 4172 2176 4216 et
2207 4163 2258 4214 in
2295 4160 2395 4213 hoc
2426 4173 2581 4211 mane
2635 4157 2911 4225 replentur
2960 4155 3192 4224 panibus
3245 4156 3335 4223 qtti
3391 4154 3508 4223 ejus
3557 4170 3695 4221 prmo

2123 4262 2276 4319 cepta
2307 4248 2628 4316 suscipiunt.
2663 4245 2775 4300 Nec
2825 4246 3041 4299 mireris
3071 4245 3195 4314 quia
3245 4246 3467 4301 verbum
3517 4246 3604 4299 Dei
3642 4252 3698 4297 et

2122 4359 2252 4398 caro
2283 4342 2505 4405 dicitur,
2546 4350 2597 4394 et
2629 4339 2803 4408 panis,
2830 4347 2885 4391 et
2928 4336 3012 4390 lac
3055 4337 3273 4401 dicitur,
3300 4346 3354 4391 et
3385 4336 3530 4389 olera
3556 4335 3699 4388 dici-

2127 4447 2234 4499 tur,
2271 4446 2324 4489 ct
2359 4451 2456 4504 pro
2498 4446 2753 4487 mensura
2807 4427 3175 4491 credentium,
3203 4429 3284 4482 vel
3342 4428 3700 4497 possibilitate

2123 4529 2451 4583 sumentium
2488 4524 2700 4577 diverse
2734 4522 3064 4574 nominatur.
3095 4517 3281 4572 Potest
3305 4527 3486 4572 tamen
3512 4526 3568 4571 et
3596 4517 3701 4570 hoc

2122 4618 2373 4687 intelligi,
2436 4615 2579 4684 quod
2628 4621 2747 4681 post
2806 4609 3256 4664 resurrectionem
3317 4623 3468 4662 suam
3531 4623 3694 4678 quam

2124 4724 2286 4766 mane
2318 4705 2658 4761 ostendimus
2693 4701 2915 4767 factam,
2949 4700 3231 4756 credentes
3278 4698 3567 4769 repleverit
3608 4716 3702 4770 pa-

2128 4802 2309 4861 nihns,
2351 4812 2447 4866 pro
2494 4810 2559 4849 eo
2603 4796 2745 4864 quod
2795 4793 2965 4847 libros
3019 4792 3151 4863 legis
3203 4802 3257 4847 et
3315 4791 3700 4862 prophetarmn

2130 4894 2344 4963 ignotos
2370 4888 2519 4958 prius
2546 4895 2602 4940 et
2645 4885 2950 4952 incognitus
2995 4882 3199 4939 dederit
3230 4884 3403 4947 nobis,
3437 4892 3490 4936 et
3514 4883 3579 4935 ad
3617 4881 3703 4935 in-

2129 4984 2487 5043 structionetn
2513 4988 2755 5032 nostram
2783 4980 2895 5032 haec
2915 4975 3171 5032 Ecclesiae
3196 4977 3551 5031 instrumenta
3572 4992 3705 5033 oon-

2128 5075 2374 5137 eesscrit,
2409 5083 2466 5127 nt
2497 5074 2609 5141 ipse
2646 5072 2717 5125 sit
2742 5073 2894 5139 panis
2931 5072 2981 5125 in
3015 5069 3541 5139 Evangeliozcmteri
3578 5084 3707 5121 vero

2131 5172 2250 5223 libri
2273 5168 2404 5236 legis
2432 5165 2515 5219 vel
2559 5165 2969 5233 prophetarum,
3005 5163 3086 5215 vel
3124 5161 3492 5222 historiarum,
3524 5160 3709 5229 plures

2130 5258 2385 5331 appellati
2436 5263 2561 5310 sunt
2604 5268 2791 5323 panes,
2826 5267 2892 5306 ex
2942 5252 3138 5320 quibus
3180 5249 3490 5319 repleantur
3520 5246 3611 5315 qui
3639 5258 3707 5296 ex

2596 5395 2638 5425 ¹⁹
2670 5395 2825 5446 Joan.
2857 5407 2948 5453 xv,
2981 5389 3072 5444 22.

2368 5484 2525 5525 χχιιι.
2556 5466 2610 5518 9..
2709 5465 2754 5495 ⁸³
2792 5461 2981 5514 Matth.
3032 5475 3207 5523 xxvii,
3254 5459 3341 5511 54.

2496 5537 2540 5568 ³⁸
2565 5536 2719 5590 Joan.
2754 5549 2829 5597 vt,
2855 5532 2943 5586 53.

3147 5390 3191 5420 ”
3230 5388 3401 5441 Exod.
3432 5400 3544 5438 xvi.
3571 5383 3623 5445 6,
3656 5379 3707 5439 7.

2176 5454 2319 5526 Ιίιιιῖξ
2356 5454 2525 5525 'xxnt.
2556 5466 2610 5518 9..
2709 5465 2754 5495 ⁸³
2792 5461 2981 5514 Matth.
3032 5475 3207 5523 xxvii,
3254 5459 3341 5511 54.
3437 5455 3483 5488 ²⁸
3518 5454 3708 5510 Matth.

2206 5662 2319 5733 (23)
2363 5660 2530 5733 Alias.
2563 5674 2581 5705 ι
2626 5654 2783 5733 nobis
2812 5652 2864 5705 in
2910 5646 3265 5733 qdqpoSlIlI-S
3279 5639 3564 5733 est‘panis,
3586 5651 3713 5693 ver-

2133 5721 2258 5790 httin
2294 5721 2381 5783 Dei
2418 5739 2520 5781 est.
2561 5746 2577 5777 ι
2626 5724 2731 5777 Sed
2768 5737 2894 5775 mss.
2933 5728 2991 5770 ιιι
3027 5721 3083 5770 in
3118 5726 3303 5769 n‘ostro
3329 5721 3501 5767 textu.

2206 5803 2318 5871 (Ξῶ)
2362 5800 2510 5864 Mss,
2552 5816 2569 5849 ι
2609 5797 2772 5851 diem.
2807 5812 2824 5844 ι
2854 5791 3024 5853 Alias,
3061 5806 3080 5840 ι
3108 5799 3285 5841 mane.
3320 5801 3340 5836 ι
