4110 6464
348 447 470 504 339

1576 441 1641 497 IN
1682 441 1971 500 EXODUM
2012 439 2296 499 HOMILIA
2335 439 2471 499 Vlll.

3524 436 3627 495 550

349 569 617 638 gentibus
642 563 895 624 credunt.
930 564 1083 635 Quod
1117 573 1301 620 tamen
1349 576 1454 620 non
1484 554 1947 637 siucpmphetica
1977 574 2022 630 Α
2054 578 2225 622 strum
2272 567 2473 619 ardens
2522 572 2641 617 erat
2671 561 2812 615 intra
2854 577 2983 626 nos,
3020 575 3142 616 cum
3184 560 3422 629 aperiret
3479 560 3637 614 nobis

344 664 693 717 auctoritate
756 660 960 714 factum
1012 659 1291 713 docemus.
1339 658 1672 713 Praedixerat
1720 673 1955 728 namque

348 751 534 807 Isaias
576 750 837 819 pmpheta
870 750 972 804 hoc
1007 749 1164 802 modo
1188 750 1233 779 ²⁹
1262 765 1276 802 :
1317 765 1335 799 ι
1376 748 1685 802 Ascendent
1712 749 1765 803 in
1796 764 1955 803 mon-

352 857 498 910 tem,
540 844 729 899 bibent
774 844 997 909 vinum,
1031 851 1306 914 ungentur
1360 850 1657 911 unguento.
1704 859 1724 893 ι
1780 841 1956 898 Trade

350 936 481 990 haec
510 936 691 990 omnia
723 936 975 1005 gentibus
1010 952 1024 988 :
1058 933 1347 990 consilium
1398 931 1543 985 enim
1578 932 1793 986 Domini
1834 946 1955 986 om-

351 1030 667 1099 nipotentis
696 1029 929 1084 esthoc.
969 1028 1029 1084 Si
1080 1043 1212 1097 ergo
1256 1033 1631 1095 competenter
1658 1036 1713 1080 et
1762 1040 1955 1080 carnes

354 1121 433 1176 ad
461 1136 747 1190 vesperam
780 1124 1183 1191 accepimtts,et
1206 1119 1437 1191 panibus
1471 1119 1745 1187 replemur
1775 1136 1952 1187 mane,

353 1216 491 1284 quia
526 1229 627 1269 nec
678 1214 938 1283 possibile
981 1224 1100 1271 erat
1153 1215 1310 1270 nobis
1342 1228 1503 1268 mane
1541 1228 1740 1268 carnes
1770 1214 1952 1278 edere,

355 1309 604 1361 nondum
634 1306 778 1362 enim
817 1317 1027 1377 tempus
1057 1318 1199 1373 erat,
1228 1307 1322 1364 sed
1356 1322 1457 1362 nec
1488 1305 1713 1361 meridie
1737 1315 1953 1374 potera-

357 1416 508 1454 ntus.
552 1398 651 1453 Vix
685 1398 830 1453 enim
872 1399 1047 1470 angeli
1072 1400 1241 1454 edunt
1286 1414 1482 1454 carnes
1515 1399 1761 1465 meridie,
1797 1409 1851 1453 et
1880 1400 1952 1454 illi

360 1490 621 1546 fortassis
676 1490 855 1544 ordini
912 1491 1273 1545 meridianum
1340 1491 1661 1546 conceditur
1723 1500 1954 1559 tempus.

358 1574 640 1636 Prarterea
676 1582 729 1636 et
764 1582 893 1637 illud
950 1584 1253 1652 intelligere
1309 1597 1594 1652 possumus
1643 1582 1785 1650 quod
1833 1582 1950 1633 ιιιιί-

360 1676 564 1745 cuique
596 1688 843 1730 nostrum
869 1691 1025 1729 mane
1050 1686 1153 1741 est,
1186 1686 1240 1729 et
1266 1675 1482 1729 initium
1517 1675 1625 1728 diei
1664 1676 1793 1729 illud
1820 1687 1958 1727 lem-

367 1784 489 1837 pus,
521 1783 630 1836 quo
658 1766 893 1835 primum
920 1766 1385 1832 illuminatnur,et
1408 1767 1474 1819 ad
1508 1766 1680 1819 lucem
1713 1766 1834 1818 fidei
1869 1783 1959 1820 uc-

370 1862 629 1916 eedimus.
650 1858 703 1913 ltt
723 1856 829 1913 hoc
846 1873 976 1929 ergo
996 1869 1261 1927 tempore,
1281 1873 1387 1924 quo
1406 1855 1582 1909 adhuc
1602 1855 1653 1908 in
1676 1857 1958 1927 principiis

378 1951 501 2005 fidei
530 1951 638 2019 (25‘,
695 1966 908 2017 sumus,
940 1966 1135 2006 carnes
1165 1946 1327 2006 Verbi
1366 1949 1459 2003 Dei
1513 1952 1796 2004 comedere
1851 1926 1955 2003 non
1993 1926 2032 1980 Β

370 2060 682 2115 possumus,
712 2043 763 2099 id
789 2053 871 2098 est
903 2045 1157 2115 perfecta:
1192 2053 1248 2097 et
1271 2054 1667 2097 consnnnnata:
1698 2042 1957 2097 doctrinae

367 2137 610 2191 nondum
659 2150 891 2205 capaces
944 2135 1284 2190 exsistimus.
1321 2134 1427 2190 Sed
1451 2147 1570 2207 post
1605 2136 1759 2204 longa
1795 2149 1957 2188 exer-

364 2230 518 2293 citia,
550 2236 674 2299 post
719 2228 1022 2298 profectum
1056 2227 1376 2297 plurimum.
1415 2244 1540 2283 cum
1570 2229 1680 2296 jam
1726 2227 1955 2296 proximi

362 2335 561 2375 sumus
598 2320 666 2373 ad
696 2333 1002 2389 vesperam,
1047 2330 1103 2373 et
1151 2320 1217 2373 ad
1248 2319 1423 2388 ipsum
1461 2319 1622 2373 linem
1669 2318 1959 2388 perfectio-

358 2414 452 2468 nis
481 2428 761 2480 urgemur,
799 2421 927 2467 tunc
952 2411 1167 2466 demum
1192 2409 1470 2465 solidioris
1513 2410 1618 2465 cibi
1645 2422 1700 2466 et
1734 2412 1960 2481 perfecti

359 2506 518 2562 verbi
572 2520 803 2575 capaces
860 2504 976 2559 fieri
1015 2516 1321 2575 possumus.
1369 2501 1524 2559 Nunc
1563 2521 1694 2576 ergo
1737 2504 1962 2560 festine-

358 2614 490 2653 mus
519 2598 746 2652 cwleste
769 2611 970 2651 manna
1002 2598 1284 2667 suscipere
1313 2612 1328 2651 :
1375 2596 1520 2651 istud
1552 2599 1697 2652 enim
1738 2614 1957 2664 manna,

358 2705 530 2768 prout
584 2695 699 2750 vult
747 2696 1000 2765 quisque,
1048 2694 1210 2749 talem
1253 2710 1505 2766 saporem
1561 2694 1741 2751 reddit
1780 2694 1833 2749 in
1866 2709 1963 2752 ore

356 2792 508 2859 ejus.
550 2788 688 2843 Audi
720 2790 863 2844 enim
897 2803 949 2843 et
1002 2789 1289 2844 Dominum
1331 2791 1600 2846 dicentem
1646 2788 1713 2844 iis
1746 2788 1837 2858 qui
1869 2804 1963 2844 ac-

357 2884 568 2939 cedunt
596 2882 662 2936 ad
690 2895 749 2936 se
770 2882 815 2913 ³⁰
848 2900 861 2935 :
895 2901 913 2934 ι
946 2874 1066 2935 Fiat
1095 2881 1193 2936 tibi
1228 2881 1527 2936 secundum
1560 2880 1719 2935 fidem
1753 2891 1956 2935 tuam.»

362 2975 437 3031 Et
466 2983 518 3030 ttt
544 2992 673 3047 etgo
704 2973 749 3027 si
784 2973 1010 3027 verbum
1059 2970 1181 3035 Dei,
1210 2972 1353 3039 quod
1389 2972 1443 3025 in
1478 2970 1723 3025 Ecclesia
1764 2972 1964 3039 praedi-

362 3076 549 3131 catur,
596 3075 705 3118 tota
743 3063 867 3127 ﬁde,
913 3070 1025 3116 tota
1073 3060 1365 3115 devotione
1395 3060 1692 3128 suscipies,
1742 3060 1833 3115 fiet
1866 3060 1961 3116 tibi

365 3160 546 3226 ipsum
596 3157 840 3218 verbum,
872 3149 1237 3220 quodcunque
1283 3150 1587 3205 desideras.
1625 3150 1783 3203 Verbi
1836 3167 1964 3220 gra-

366 3251 469 3313 tia,
530 3248 572 3301 si
625 3243 931 3298 tribttlaris.
968 3240 1281 3295 consolatur
1332 3251 1384 3295 te
1432 3238 1622 3297 dicens
1669 3240 1712 3272 "
1750 3257 1764 3294 :
1799 3260 1817 3293 ι
1857 3241 1964 3297 Cor

367 3339 671 3394 contritum
730 3343 784 3389 et
836 3331 1177 3387 humiliatum
1225 3332 1368 3388 Deus
1417 3349 1523 3387 non
1580 3334 1810 3402 Spernit.
1846 3352 1863 3383 ι
1903 3332 1957 3387 Si

370 3430 578 3485 laetaris
600 3444 696 3498 pro
714 3443 806 3499 spe
836 3425 1042 3490 futura,
1061 3425 1301 3479 cumulat
1319 3424 1413 3480 tibi
1443 3427 1636 3495 gaudia
1666 3428 1855 3480 dicens
1878 3423 1956 3479 3'z

373 3541 398 3575 ε
437 3520 720 3577 Ιιιειιιιιιίιιί
752 3521 805 3575 in
849 3519 1079 3575 Domino
1126 3526 1182 3573 et
1215 3518 1485 3572 exsultate
1521 3518 1674 3587 justi.
1715 3538 1733 3570 ι
1770 3518 1825 3573 Si
1853 3520 1962 3573 ira-

365 3616 583 3670 cundus
624 3629 704 3682 es,
746 3614 961 3682 mitigat
1012 3619 1067 3667 te
1111 3612 1299 3667 dicens
1327 3612 1371 3643 ³³
1404 3629 1418 3667 :
1458 3630 1477 3663 ι
1517 3612 1712 3669 Desine
1753 3615 1821 3667 ab
1856 3615 1958 3678 ira,

364 3718 428 3764 et
484 3706 797 3777 derelinque
837 3705 1293 3775 indignationem.
1330 3724 1350 3759 ι
1382 3705 1440 3759 Si
1466 3704 1520 3761 in
1546 3704 1849 3773 doloribus,
1872 3720 1962 3759 sa-

368 3806 467 3852 nat
493 3807 544 3850 te
575 3796 763 3853 dicens
792 3795 840 3828 “
874 3809 887 3848 :
929 3796 1191 3851 Dominus
1232 3814 1251 3847 ι
1290 3805 1450 3851 Sanat
1489 3812 1683 3852 omnes
1732 3796 1960 3867 languo-

370 3905 463 3945 res
498 3899 638 3943 tuos.
677 3906 697 3940 ι
729 3887 786 3942 Si
820 3897 1149 3958 paupertate
1176 3887 1539 3950 consttmeris.
1570 3888 1883 3943 consolatur
1911 3899 1961 3945 te

368 3981 565 4035 dicens
597 3980 641 4011 ³³
677 4004 688 4035 ;
719 3978 978 4034 Dominus
1001 3997 1020 4030 ι
1047 3979 1245 4033 allevat
1267 3980 1333 4033 de
1361 3988 1504 4033 terra
1534 3979 1695 4050 156
1722 3981 1957 4051 inopem,

368 4073 509 4128 etde
531 4083 776 4127 stercore
792 4070 955 4139 erigit
973 4084 1285 4139 pauperem.
1300 4088 1318 4121 ι
1334 4068 1426 4125 Sic
1445 4084 1574 4141 ergo
1595 4088 1790 4124 manna
1812 4072 1958 4127 verbi

366 4166 469 4220 Dei
499 4166 669 4219 reddit
698 4165 752 4218 in
775 4177 872 4218 ore
896 4173 990 4216 tuo
1020 4178 1271 4232 saporem
1292 4176 1674 4231 quemcunque
1702 4163 1958 4218 volucris.

372 4255 494 4312 lloc
528 4267 707 4311 tamen
740 4256 785 4310 si
816 4254 939 4325 quis
962 4253 1249 4309 infideliter
1274 4256 1557 4325 suscipiat,
1583 4263 1636 4307 et
1672 4270 1778 4308 non
1816 4271 1961 4310 com-

367 4348 520 4413 edat,
554 4348 649 4403 sed
691 4345 1014 4410 abscondat,
1050 4357 1264 4401 vermes
1309 4362 1378 4401 ex
1429 4362 1496 4402 eo
1522 4343 1806 4401 ebulliunt.
1856 4346 1964 4400 Pu-

368 4450 534 4495 tasne
593 4453 837 4509 eousque
885 4437 1262 4495 deducendum
1321 4447 1408 4494 est
1458 4442 1686 4495 verbum
1736 4438 1855 4501 Dei,
1905 4446 1963 4492 ut

363 4533 537 4588 etiam
572 4529 774 4586 vermis
827 4528 942 4584 ﬁeri
987 4538 1209 4598 putetur
1241 4528 1404 4586 ?Non
1442 4540 1493 4585 te
1537 4530 1624 4586 hic
1655 4528 1835 4585 turbet
1862 4546 1963 4584 au-

2056 656 2414 727 Scripturas?
2446 675 2465 708 ι
2495 654 2561 708 Et
2596 652 2719 708 aliis
2746 652 2860 722 ipse
2893 653 3033 719 ignis
3077 663 3186 717 est,
3215 652 3307 721 qui
3338 650 3639 720 conflagrat

2054 749 2243 818 spinas
2274 748 2341 803 de
2399 756 2544 801 terra
2578 743 2744 807 mala,
2781 744 2833 797 id
2873 753 2958 797 est
3009 743 3101 811 qui
3141 743 3405 810 malignas
3435 742 3639 811 cogita-

2056 842 2233 895 tiones
2265 839 2318 893 itt
2340 838 2508 893 corde
2531 835 2826 891 consumit.
2853 835 2921 889 Et
2959 834 3082 889 ideo
3112 835 3488 904 peccatoribus
3518 835 3635 902 qui-

2055 933 2199 995 dem,
2232 945 2410 1001 neque
2450 929 2652 984 vermis
2691 942 2925 997 arguens
2955 943 3192 996 unquam
3239 925 3352 995 (26)
3384 928 3633 991 utoritnr,

2056 1038 2232 1093 neque
2259 1024 2397 1092 ignis
2437 1035 2676 1075 exurens
2707 1020 3001 1089 aliquando
3032 1019 3391 1088 restinguitur
3421 1036 3436 1083 ;
3472 1017 3634 1085 justis

2055 1127 2234 1171 autem
2264 1125 2319 1171 et
2349 1115 2597 1169 fidelibus
2633 1122 2915 1182 permanet
2965 1110 3139 1165 dulcis
3168 1120 3222 1165 et
3247 1110 3453 1163 suavis.
3481 1129 3497 1160 ι
3527 1110 3635 1163 Gn-

2055 1219 2194 1264 state
2209 1208 2353 1262 enim
2371 1218 2429 1261 et
2445 1207 2644 1268 videte,
2665 1205 2922 1273 quoniam
2941 1202 3124 1257 suavis
3146 1210 3230 1255 est
3249 1202 3511 1254 Dominus
3529 1202 3595 1260 ³⁸.
3613 1218 3632 1251 ι

2057 1303 2171 1371 ipse
2201 1300 2464 1355 Dominus
2490 1310 2544 1354 et
2572 1296 2831 1353 Salvator
2859 1306 3049 1349 noster
3072 1292 3232 1348 Iesus
3255 1293 3522 1355 Christus,
3547 1293 3636 1346 cui

2054 1405 2137 1450 est
2163 1394 2327 1467 gloria
2358 1403 2413 1448 et
2439 1392 2725 1462 imperium
2759 1390 2809 1442 itt
2842 1386 3037 1442 saecula
3075 1384 3636 1440 smculorum.Ameu.

2624 1501 2905 1559 llOMlLlA
2932 1498 3067 1557 Vill.

2555 1598 2630 1651 De
2672 1598 2825 1649 initio
2868 1592 3139 1663 Decalogi.

2131 1694 2181 1745 l.
2212 1690 2401 1747 Omnis
2442 1688 2534 1758 qui
2588 1687 2785 1742 didicit
2811 1695 3163 1740 contemnere
3199 1698 3438 1752 prwsens
3463 1696 3640 1736 εξεειις

2057 1784 2193 1846 lttttt,
2221 1783 2363 1852 quod
2417 1779 2717 1848 figuraliter
2764 1775 3031 1846 {Egyptus
3073 1775 3400 1843 appellatur,
3447 1780 3501 1826 et
3532 1784 3632 1841 per

2060 1878 2285 1931 verbum
2319 1872 2439 1937 Dei,
2471 1882 2527 1926 dt
2560 1871 2853 1924 secundum
2896 1865 3210 1933 Scriptttras
3239 1865 3643 1928 dicam,trans—

2059 1971 2200 2024 latus
2221 1976 2322 2028 est.
2350 1971 2403 2020 et
2434 1979 2538 2017 non
2579 1961 2876 2024 invenitur,
2906 1960 3034 2029 quia
3066 1959 3132 2013 ad
3181 1957 3437 2012 saeculum
3494 1956 3642 2009 f’utu-

2061 2077 2179 2115 rtttn
2224 2056 2451 2112 festinat
2498 2071 2562 2108 ae
2616 2053 2812 2115 tendit,
2842 2050 2909 2103 de
2943 2049 3250 2119 hujusmodi
3286 2048 3465 2100 anima
3512 2044 3642 2100 dicit

2061 2152 2323 2207 Dominus
2354 2148 2399 2180 ’θ
2434 2164 2449 2201 :
2501 2163 2519 2197 ι
2559 2145 2670 2213 Ego
2712 2160 2830 2197 sum
2883 2141 3142 2196 Dominus
3178 2139 3318 2194 Deus
3363 2147 3508 2201 tuus,
3548 2135 3641 2205 qui

2059 2245 2220 2302 eduxi
2258 2252 2311 2296 te
2333 2241 2401 2295 de
2429 2249 2569 2294 terra
2592 2232 2836 2307 Egypti,
2862 2237 2926 2288 de
2956 2240 3115 2287 domo
3144 2228 3444 2287 servitutis.
3480 2246 3500 2282 ι
3526 2228 3640 2282 Νοιι

2060 2353 2193 2408 ergo
2229 2336 2343 2389 haec
2366 2332 2434 2386 ad
2464 2331 2585 2385 illos
2622 2339 2832 2383 tantum
2874 2326 3148 2392 dicuntur,
3176 2323 3267 2394 qui
3302 2323 3369 2376 de
3414 2318 3644 2391 [Egypto

2061 2427 2285 2500 profecti
2320 2434 2464 2489 sunt,
2488 2423 2581 2477 sed
2607 2420 2776 2475 multo
2800 2419 2972 2488 magis
2991 2419 3056 2472 ad
3090 2428 3160 2479 te,
3192 2415 3283 2485 qui
3314 2428 3457 2469 nunc
3487 2412 3645 2466 audis

2060 2524 2189 2588 ista,
2218 2522 2262 2576 si
2310 2528 2490 2574 tamen
2517 2514 2884 2584 proficiscaris
2909 2527 2973 2566 ex
3006 2508 3263 2581 Egypto,
3282 2518 3337 2562 et
3370 2504 3644 2576 ιιΕεγυιίἰε

2062 2618 2203 2673 ultra
2236 2630 2341 2670 non
2374 2610 2599 2672 servias,
2625 2608 2759 2662 dicit
2795 2606 2909 2661 [nec
2939 2605 3109 2660 Dens:
3135 2622 3153 2655 ι
3185 2603 3297 2674 Ego
3323 2615 3441 2655 sum
3461 2598 3645 2654 Domi-

2062 2726 2166 2768 nus
2188 2711 2328 2764 Deus
2359 2716 2503 2766 tuus,
2523 2704 2613 2773 qni
2632 2702 2789 2757 eduxi
2812 2710 2863 2753 te
2890 2699 2957 2752 de
2979 2708 3122 2752 terra
3144 2695 3381 2767 Egypti,
3398 2694 3463 2748 de
3486 2693 3647 2747 domo

2062 2800 2366 2857 servitutis.
2408 2817 2427 2850 ι
2472 2795 2609 2850 Vide
2652 2793 2694 2848 si
2732 2808 2857 2867 _non
2910 2789 3124 2860 negotia
3175 2787 3379 2850 smt-uli,
3408 2794 3461 2839 et
3492 2792 3647 2839 actus

2063 2893 2271 2959 carnis,
2305 2891 2498 2945 domus
2536 2896 2620 2942 est
2655 2886 2944 2940 servitutis
2993 2901 3008 2936 :
3048 2883 3188 2937 sicut
3234 2895 3448 2935 rursum
3479 2891 3648 2930 econ-

2065 2986 2233 3041 trario
2264 2984 2574 3050 relinquere
2605 2977 2913 3039 smcularia,
2953 2986 3006 3029 et
3033 2974 3332 3028 secundum
3378 2970 3545 3025 Deum
3568 2968 3652 3021 vi-

2063 3092 2215 3142 vere,
2272 3077 2466 3130 domus
2525 3080 2609 3125 est
2658 3068 2949 3131 libertatis,
2991 3068 3130 3121 sicut
3178 3073 3237 3119 et
3291 3064 3550 3118 Dominus
3594 3062 3652 3114 in

2066 3168 2358 3238 Evangelio
2382 3164 2515 3219 dicit
2539 3163 2583 3195 ’⁵ο
2606 3181 2616 3215 :
2639 3179 2657 3211 t
2698 3161 2754 3215 Si
2780 3159 3195 3230 perinanscritis
3223 3157 3275 3209 in
3309 3154 3476 3208 verbo
3505 3142 3660 3219 meo,I

2069 3277 2166 3315 vos
2187 3258 2493 3328 agnoscctis
2520 3257 2833 3317 veritatem,
2876 3258 2931 3304 et
2966 3249 3170 3303 veritas
3200 3244 3452 3301 liberabit
3494 3260 3644 3299 vos.)

2069 3354 2211 3423 Ergo
2241 3350 2509 3421 Egyptus
2534 3349 2726 3402 domus
2761 3355 2846 3401 est
2887 3341 3188 3405 servitutis,
3218 3339 3401 3393 Judaca
3445 3352 3574 3391 vero
3596 3345 3654 3390 et

2068 3441 2396 3506 Jerusalem,
2429 3440 2623 3493 domus
2660 3446 2743 3492 est
2776 3433 3060 3491 libertatis.
3087 3433 3223 3487 Audi
3253 3440 3305 3484 et
3332 3430 3650 3498 Apostotum

2068 3534 2133 3587 de
2187 3533 2269 3586 bis
2319 3529 2616 3585 secundum
2678 3525 2999 3596 sapientiam
3029 3539 3147 3589 quae
3171 3522 3221 3577 ei
3247 3521 3301 3575 itt
3344 3518 3653 3575 ministerio

2068 3621 2190 3675 data
2227 3621 2424 3680 fuerat.
2455 3617 2900 3686 pronuntiantem
2934 3630 2945 3667 :
2984 3633 3002 3666 ι
3043 3613 3171 3679 Quae
3199 3623 3379 3665 autem
3423 3626 3641 3665 sursum

2067 3722 2168 3775 est,
2197 3712 2371 3782 inquit
2392 3712 2460 3776 δι,
2495 3706 2859 3770 Hierusalem,
2889 3707 3056 3761 libera
3081 3716 3184 3773 est,
3213 3721 3333 3775 quae
3358 3714 3442 3758 est
3477 3712 3653 3757 mater

2067 3804 2309 3858 omnium
2337 3813 2602 3858 nostrum.
2631 3822 2649 3856 ι
2669 3803 2967 3869 Sicutergo
2984 3798 3273 3870 Egypttts,
3297 3797 3399 3851 ista
3431 3805 3647 3849 terrena

2068 3898 2370 3966 provincia,
2414 3896 2539 3951 filiis
2572 3894 2738 3952 Israel
2790 3895 2983 3947 domus
3019 3893 3218 3946 dicitur
3255 3888 3552 3953 servitutis,
3582 3886 3651 3940 ad

2067 3990 2531 4058 comparationem
2557 3987 2758 4041 Iudaee
2797 3995 2852 4039 et
2895 3982 3257 4043 Hierusalem,
3293 3997 3413 4051 qua:
3444 3979 3523 4031 eis
3557 3978 3655 4031 do-

2070 4098 2189 4135 tnus
2213 4080 2444 4136 ellicitur
2471 4079 2740 4134 libertatis
2775 4096 2787 4128 :
2821 4076 2897 4129 ita
2935 4077 3002 4129 ad
3051 4072 3509 4141 comparationem
3534 4081 3653 4123 cm-

2071 4169 2223 4223 lestis
2258 4170 2625 4231 Hierusalem,
2660 4184 2800 4238 quze,
2840 4177 2899 4219 ttt
2930 4169 3002 4220 ita
3047 4164 3245 4225 dicam,
3281 4172 3454 4214 mater
3479 4168 3562 4213 est
3588 4158 3654 4211 li-

2070 4262 2321 4326 bertatis,
2354 4271 2496 4315 totus
2553 4252 2643 4314 hic
2690 4260 2947 4321 mundus,
2991 4267 3044 4311 et
3087 4256 3267 4308 omnia
3302 4269 3424 4323 quae
3464 4253 3517 4305 itt
3549 4252 3655 4306 hoc

2074 4352 2276 4405 mundo
2314 4362 2461 4414 sunt,
2498 4352 2691 4404 domus
2736 4360 2820 4402 est
2861 4347 3165 4402 servitutis.
3204 4346 3268 4399 Et
3296 4344 3554 4414 quoniam
3586 4343 3655 4399 de

2069 4442 2325 4511 paradiso
2354 4441 2622 4494 libertatis
2649 4454 2746 4506 pro
2785 4453 2943 4507 pwna
2995 4438 3206 4505 peccati
3236 4436 3303 4490 ad
3346 4433 3653 4503 huiusmodi

2070 4541 2292 4588 ventum
2333 4532 2513 4584 fuerat
2567 4529 2909 4594 servitutem,
2955 4528 3159 4583 idcirco
3211 4526 3421 4595 primus
3468 4539 3655 4579 sermo

368 4624 544 4686 ditus,
581 4622 705 4677 audi
739 4618 1066 4691 Prophetam
1116 4634 1181 4674 ex
1233 4636 1462 4690 persona
1516 4621 1730 4676 Domini
1778 4621 1965 4677 dicen-
1997 4640 2041 4697 ι)
2075 4625 2347 4695 Deealogi,
2391 4624 2441 4677 id
2475 4633 2558 4678 est
2586 4623 2760 4692 prima
2796 4622 3178 4675 mandatorum
3209 4619 3300 4673 Dei
3353 4635 3457 4673 vox
3489 4618 3556 4673 de
3593 4617 3658 4672 li-

370 4724 486 4769 tem
510 4712 596 4768 ":
635 4732 654 4763 c
697 4710 807 4783 Ego
844 4720 1024 4765 autem
1076 4726 1194 4766 sum
1243 4713 1445 4767 vermis
1483 4723 1537 4767 ct
1582 4727 1688 4767 non
1719 4712 1903 4767 homo.
1935 4733 1954 4767 ι

370 4805 530 4861 Sicut
564 4804 709 4859 enim
737 4804 850 4872 ipse
888 4812 972 4858 est
991 4803 1083 4873 qtti
1113 4803 1170 4856 fit
1200 4802 1324 4857 aliis
1365 4803 1418 4857 in
1453 4804 1689 4870 ruinam,
1719 4804 1841 4859 aliis
1868 4821 1964 4859 au-

370 4910 486 4952 tem
515 4899 567 4952 in
600 4896 1052 4951 resurrectionem
1084 4912 1098 4961 ;
1134 4896 1207 4951 ita
1238 4905 1293 4950 et
1337 4897 1450 4966 ipse
1482 4906 1565 4951 est
1594 4899 1685 4967 qui
1731 4913 1875 4953 nunc
1906 4897 1959 4953 in

374 5007 577 5046 manna
611 4989 861 5044 fidelibus
893 4988 1111 5057 quidem
1145 4988 1374 5043 uulcedo
1406 4988 1607 5055 mellis,
1645 4989 1961 5045 infidelibus

369 5094 555 5138 autem
592 5084 794 5138 vermis
841 5078 1093 5135 ellicitttr.
1125 5079 1246 5151 ipse
1280 5090 1364 5137 est
1418 5081 1563 5137 enim
1615 5096 1797 5136 sermo
1837 5079 1960 5147 Dei,

369 5175 468 5244 qui
511 5176 817 5243 iniquorum
853 5180 1064 5227 mentes
1094 5171 1297 5243 arguit,
1324 5180 1379 5226 et
1416 5171 1821 5242 correptionum
1852 5171 1963 5243 spi-

370 5266 516 5321 culis
545 5274 887 5336 pcccatorum
917 5264 1285 5319 conscientias
1316 5267 1577 5320 terebrat.
1609 5264 1725 5335 lpse
1760 5272 1846 5320 est
1866 5263 1963 5335 qui

371 5367 433 5412 et
482 5357 621 5427 ignis
669 5356 900 5411 efﬁcitur
951 5356 1005 5410 in
1060 5358 1317 5414 cordibus
1356 5358 1597 5426 illorum,
1633 5359 1833 5429 qnilms
1863 5356 1960 5413 ad-

375 5451 556 5519 aperit
596 5448 927 5518 Scripturas,
960 5451 1051 5518 qui
1099 5451 1289 5506 dicunt
1316 5450 1359 5483 ³⁷
1400 5470 1414 5506 :
1455 5469 1473 5503 ι
1521 5449 1711 5505 Nonne
1742 5466 1837 5506 cor
1869 5467 1966 5506 no-

881 5563 925 5594 ³⁸
953 5562 1142 5618 Matth.
1172 5580 1289 5628 vttt,
1336 5566 1424 5623 15.
1500 5565 1542 5596 ³³
1572 5563 1714 5619 Psal.
1742 5583 1799 5629 L,
1832 5566 1919 5619 l7.

380 5635 427 5667 ⁸⁸
469 5635 585 5687 Psal
640 5651 773 5694 cxtt,
824 5634 876 5686 7.
956 5634 1002 5665 ³³
1033 5635 1175 5690 Psal.
1223 5653 1336 5692 χιιι.
1369 5638 1423 5691 7.

381 5702 474 5769 51,
528 5705 615 5758 52.
694 5705 737 5736 ⁸⁸
787 5705 964 5759 Galat.
1010 5722 1091 5769 tv,
1143 5706 1232 5761 ‘26.

462 5801 577 5871 t25)
616 5800 751 5866 Vox,
803 5822 819 5852 ι
879 5803 1020 5871 fidei,
1063 5823 1081 5857 ι
1127 5805 1279 5860 deest
1331 5805 1382 5859 in
1431 5815 1591 5862 antea
1631 5804 1792 5863 editis
1825 5846 1838 5874 ,
1875 5806 1968 5862 sed

390 5875 620 5929 habetur
657 5874 709 5929 itt
736 5890 865 5929 mss.

453 5564 500 5598 ³³
541 5564 642 5617 lsa.
672 5580 803 5619 LVII.

1998 5564 2042 5597 ³³
2079 5564 2222 5619 Psal.
2255 5580 2409 5627 xxxi,
2457 5563 2541 5617 ll.

1500 5635 1543 5668 ³⁷
1570 5635 1698 5691 Luc.
1735 5652 1883 5703 ntv,
1932 5636 2020 5692 5‘2.

2067 4718 2275 4773 bertate
2308 4714 2605 4786 profertur,
2634 4714 2855 4767 dicens:
2887 4732 2903 4764 ι
2928 4712 3039 4783 Ego
3073 4729 3191 4766 sum
3220 4712 3481 4765 Dominus
3513 4711 3657 4766 Deus

2066 4819 2212 4875 tuus,
2251 4809 2342 4877 qui
2370 4807 2533 4861 eduxi
2568 4815 2619 4861 te
2640 4807 2706 4861 de
2738 4818 2880 4860 terra
2907 4800 3150 4875 Egypti,
3182 4804 3249 4856 de
3292 4802 3453 4856 domo
3484 4798 3658 4856 servi-

2066 4899 2216 4955 tutis.
2255 4918 2273 4952 ι
2313 4898 2464 4953 llanc
2491 4912 2678 4951 vocem
2709 4897 2762 4951 in
2793 4890 3035 4965 {Egypto
3085 4895 3294 4962 positus
3331 4893 3522 4948 audire
3550 4907 3656 4946 non

2068 4990 2553 5063 poteras,etiamsi
2605 4988 2702 5043 tibi
2758 4989 3074 5057 injttngatur
3120 4995 3178 5039 ut
3227 4984 3429 5038 Pascha
3466 4984 3655 5049 facias,

2069 5082 2279 5139 etiamsi
2314 5081 2619 5151 accingaris
2650 5079 2900 5143 lumbos,
2942 5087 2997 5131 et
3040 5078 3286 5131 santlalia
3336 5075 3574 5146 accipias
3603 5075 3657 5127 in

2069 5178 2314 5249 pedibus,
2348 5177 2562 5231 etiamsi
2592 5174 2800 5245 virgam
2856 5184 3045 5229 teneas
3083 5173 3137 5226 itt
3172 5188 3356 5235 manu,
3392 5180 3446 5225 ct
3468 5183 3658 5238 azyma

2069 5286 2192 5325 cum
2219 5268 2584 5322 amaritudine
2615 5267 2891 5322 comedas.
2922 5266 2984 5319 Et
3013 5264 3142 5333 quid
3173 5264 3294 5317 dico
3332 5263 3384 5315 in
3422 5257 3660 5329 Aﬂgypto

2072 5357 2277 5430 positus
2307 5359 2421 5412 haec
2459 5358 2647 5412 audire
2701 5372 2806 5411 non
2845 5365 3062 5426 poteras
3092 5355 3115 5408 ?
3146 5352 3251 5408 Sed
3286 5366 3354 5405 ne
3387 5351 3509 5403 itide
3538 5350 3661 5417 qni-

2072 5452 2194 5507 dem
2223 5450 2497 5521 profectus
2527 5450 2578 5504 itt
2614 5448 2788 5519 pritna
2812 5449 2999 5502 statim
3026 5445 3309 5500 mansione
3328 5442 3441 5495 lucc
3470 5435 3661 5493 audire

2623 5563 2668 5595 ³³
2695 5562 2841 5617 Psal.
2872 5577 3074 5623 xxxvi,
3105 5561 3158 5612 8.
3234 5555 3281 5589 "‘
3304 5552 3443 5610 Psal.
3474 5569 3571 5616 ett.
3600 5556 3661 5612 5.

2097 5635 2142 5668 ³⁸
2169 5634 2313 5690 Psal.
2349 5625 2548 5700 xsxnt,
2573 5633 2633 5689 8.
2707 5634 2750 5665 ’9
2782 5633 2957 5687 Exod.
2993 5646 3088 5696 xx,
3114 5629 3172 5684 2.
3247 5625 3294 5659 ⁸⁸
3337 5625 3494 5680 Joau.
3525 5638 3662 5694 vm,

2150 5802 2261 5873 (‘26)
2297 5802 2465 5869 Alias,
2506 5819 2525 5855 ι
2569 5812 2801 5869 arguens
2835 5796 3043 5865 ittiqua.
3077 5812 3096 5848 ι
