4110 6464
428 405 521 461 5ΐ1

1911 397 2070 453 ORIG
2080 396 2233 452 ENIS

3593 388 3710 447 ωε.

427 529 671 595 potuisti.
710 539 810 580 nec
848 526 897 579 in
946 522 1183 578 secunda
1210 564 1224 585 ,
1261 536 1361 576 nec
1398 522 1450 575 in
1502 522 1683 587 tertia,
1736 535 1835 574 nec
1890 537 2012 575 cum
2048 523 2091 578 Α
2121 533 2279 586 quem
2336 517 2539 580 omnia,
2578 526 2631 572 et
2660 532 2759 572 nos
2808 533 2902 589 per
2931 518 3123 587 ipsmu.
3148 537 3165 569 ι
3212 516 3315 571 Sed
3344 525 3398 571 et
3435 517 3487 570 in
3516 515 3698 571 multis

429 620 690 673 trausires
731 616 969 669 lhtbrum
1005 630 1175 681 mare,
1203 614 1419 669 etiamsi
1444 614 1509 668 ad
1548 614 1819 668 Merrham
1854 628 2011 667 vene-

428 711 525 777 ris,
563 720 618 763 et
664 708 825 761 fuerit
864 709 934 761 ibi
989 707 1302 761 amaritudo
1334 706 1389 759 in
1437 706 1780 760 dulcedinem
1833 720 2013 769 versa,

426 802 639 854 etiamsi
672 801 725 853 iu
765 798 937 852 IIelim
967 798 1187 852 veneris
1216 798 1283 851 ad
1314 798 1599 853 duodecim
1634 798 1816 852 fontes
1846 814 2015 866 aqua-

429 908 566 955 rum,
591 901 645 944 et
675 892 1021 959 septuaginta
1056 890 1280 944 arbores
1305 890 1631 958 palmarum,
1659 890 1873 943 etiamsi
1905 889 2013 942 Ra-

426 981 631 1050 phidim
689 980 1064 1050 praeterieris,
1113 990 1452 1048 cmterosque
1498 979 1771 1049 profectus
1821 994 2012 1033 ascen-

426 1072 573 1126 deris
621 1088 635 1125 :
690 1072 928 1125 nondum
986 1073 1053 1124 ad
1120 1072 1496 1140 hujuscemodi
1552 1072 1719 1125 verba
1783 1073 2011 1127 idoneus

418 1165 705 1232 judicaris,
755 1166 850 1220 sed
892 1181 1013 1219 eum
1070 1164 1390 1234 perveneris
1446 1166 1513 1219 ad
1560 1175 1795 1219 montem
1855 1166 2007 1219 Sina.

426 1258 604 1312 Multis
634 1272 764 1325 ergo
793 1269 922 1312 ante
964 1258 1244 1313 laboribus
1288 1258 1550 1327 peractis,
1599 1259 1781 1312 multis
1814 1274 2010 1312 mrum-

426 1350 510 1404 uis
548 1359 605 1403 et
654 1348 1048 1404 teutationibus
1095 1350 1388 1418 superatis,
1433 1349 1521 1403 vix
1577 1350 1867 1418 aliquando
1899 1364 2010 1404 me-

433 1441 641 1496 reberis
671 1450 940 1510 przecepta
991 1443 1269 1510 suscipere
1313 1443 1603 1509 libertatis,
1652 1452 1705 1496 et
1760 1443 1944 1497 audire
1977 1458 2005 1494 a

426 1531 693 1586 Domino:
728 1551 746 1583 «
782 1532 895 1601 Ego
925 1548 1044 1587 sum
1071 1533 1327 1587 Dominus
1350 1535 1491 1589 Deus
1527 1543 1671 1599 tuus,
1718 1534 1809 1603 qui
1845 1533 2005 1587 eduxi

428 1633 480 1675 te
508 1624 575 1677 de
601 1632 743 1677 terra
767 1622 1012 1693 tEgypti,
1040 1622 1105 1676 de
1132 1624 1292 1677 domo
1316 1625 1615 1679 servitutis.
1651 1644 1669 1677 ι
1696 1624 1890 1679 Verum
1922 1626 2007 1679 hic

423 1727 604 1767 sermo
628 1714 865 1767 nondum
898 1727 1081 1767 sermo
1128 1714 1367 1766 mandati
1402 1725 1503 1779 est,
1534 1714 1628 1769 sed
1657 1716 1779 1779 quis
1817 1716 1889 1769 sit
1913 1716 2003 1784 qui

427 1805 666 1869 mandat,
704 1805 966 1858 ostendit.
998 1804 1152 1859 Nunc
1192 1821 1323 1875 ergo
1352 1806 1634 1860 videamus
1654 1807 1781 1875 quid
1808 1807 1878 1861 sit
1905 1808 2006 1860 itii-

428 1895 561 1946 tium
586 1894 774 1949 decem
806 1897 1185 1951 mandatorum
1239 1896 1372 1966 legis
1402 1914 1415 1950 :
1449 1906 1503 1950 et
1546 1897 1589 1950 si
1623 1912 1730 1949 non
1764 1896 2010 1951 occurri-

419 2000 539 2040 mus
571 1987 636 2039 ad
674 1987 855 2041 omnia
878 2028 892 2051 ,
930 1989 1082 2043 initia
1107 1989 1320 2055 saltem,
1351 1998 1509 2057 prout
1532 1988 1793 2044 Dominus
1841 1988 2009 2044 dedc-

422 2079 514 2144 rit,
552 2081 906 2149 explicemus.

485 2172 543 2227 2.
577 2170 818 2226 Primum
849 2188 977 2243 ergo
1026 2173 1336 2227 mandatum
1368 2183 1453 2227 est
1500 2174 1545 2204 ’δ’
1574 2191 1589 2229 :
1620 2192 1638 2225 ι
1678 2173 1791 2227 Non
1847 2184 2009 2227 erunt

419 2262 513 2316 tibi
548 2264 618 2316 dii
652 2263 765 2327 alii,
794 2275 988 2332 praeter
1014 2279 1119 2319 me.
1164 2284 1181 2314 ι
1218 2265 1284 2318 Et
1313 2274 1435 2333 post
1461 2267 1562 2320 hoc
1591 2266 1837 2335 sequitur
1864 2264 1951 2322 u:
1984 2286 2001 2316 ι

421 2370 443 2405 ο
485 2353 599 2407 Non
632 2354 804 2408 facies
838 2354 949 2425 (27)
1000 2356 1096 2409 tibi
1154 2355 1380 2420 idolum,
1414 2372 1587 2425 neque
1617 2358 1776 2410 ullam
1814 2360 2005 2413 simili-

422 2446 689 2505 tudinem,
723 2461 1060 2515 qumcuuque
1099 2447 1152 2499 iu
1182 2447 1322 2501 caelo
1354 2464 1572 2502 sursum
1610 2460 1757 2515 sunt,
1778 2461 1832 2504 et
1858 2469 2005 2521 qua:-

416 2549 629 2603 eunque
660 2535 712 2587 in
749 2545 893 2589 terra
932 2536 1184 2591 deorsum
1217 2548 1363 2603 sunt,
1401 2547 1455 2590 et
1494 2555 1831 2608 qttzecunqne
1876 2552 2005 2596 sunt

416 2626 468 2678 in
499 2625 651 2694 aquis
684 2627 873 2679 subtus
902 2634 1124 2688 terram,
1147 2636 1201 2681 et
1243 2644 1347 2681 non
1384 2628 1639 2682 adorabis
1664 2629 1751 2681 illa
1778 2670 1793 2695 ,
1826 2646 2003 2699 neque

414 2713 557 2767 coles
614 2713 721 2768 illa.
786 2715 899 2783 Ego
938 2717 1080 2769 enim
1140 2733 1258 2769 stt-n
1321 2718 1583 2772 Dominus
1640 2718 1786 2774 Deus
1840 2732 1998 2789 tuus,

415 2802 555 2858 Deus
577 2805 779 2872 zelaus,
810 2807 899 2875 qui
936 2809 1103 2861 reddo
1150 2818 1372 2876 peccata
1410 2819 1624 2877 patrum
1662 2811 1713 2865 in
1748 2812 1912 2877 Iilios,
1944 2813 1997 2865 in

414 2899 626 2953 tertiam
678 2910 732 2953 et
790 2912 1040 2968 quartam
1100 2904 1415 2969 progeniem
1484 2901 1550 2956 iis
1616 2901 1709 2971 qui
1770 2903 2002 2958 oderunt

415 3008 537 3052 me,
580 3002 635 3045 et
692 2991 900 3046 faciens
959 2992 1393 3046 misericordiam
1436 2993 1488 3046 in
1537 2993 1743 3061 millia,
1792 2994 1857 3049 iis
1904 2995 1997 3064 qui

412 3072 639 3157 diligunt
684 3099 770 3138 me
814 3092 867 3137 et
898 3082 990 3153 qui
1035 3092 1254 3137 servant
1303 3095 1570 3154 praecepta
1603 3101 1742 3143 mea.
1800 3104 1819 3137 ι
1873 3085 1997 3139 Haec

2116 608 2237 661 aliis
2272 609 2517 662 invenies
2549 609 2847 677 Scriptum
2879 610 3011 663 locis
3048 610 3179 663 deos
3212 610 3500 674 nominari,
3557 609 3697 663 sicut

2115 709 2170 753 et
2199 700 2331 754 alibi
2364 701 2496 753 (iit'il
2522 701 2564 732 ‘7
2598 720 2609 754 :
2650 702 2952 768 tQuoniam
2988 702 3244 756 Dominus
3274 717 3537 763 suuunus,
3585 711 3695 753 ter-

2118 795 2313 857 ribilis,
2346 803 2400 847 et
2431 810 2528 849 rex
2579 810 2810 862 magnus
2839 809 3004 864 super
3043 810 3233 848 omnes
3274 803 3443 857 deos;
3472 812 3489 843 ι
3525 802 3579 847 et
3606 791 3693 846 ηε

2119 903 2137 935 ι
2168 884 2308 939 Deus
2339 886 2561 938 deorum
2598 885 2858 939 Dontinus
2890 886 3103 939 loeutus
3131 894 3250 947 est;
3276 903 3294 935 ι
3333 892 3387 936 et
3463 884 3506 915 δ’
3538 899 3551 912 '
3594 902 3612 936 ι
3638 883 3694 939 In

2115 975 2295 1027 medio
2350 985 2533 1029 autetn
2588 977 2720 1031 deos
2773 976 3097 1029 discernit.»
3160 974 3234 1026 De
3276 975 3508 1028 dominis
3554 974 3693 1027 idem

2113 1066 2404 1136 Apostolus
2435 1068 2567 1121 dicit
2594 1066 2638 1098 "°
2671 1084 2687 1121 :
2728 1085 2745 1117 ‹
2774 1065 2901 1120 Sive
2944 1064 3145 1129 throni,
3199 1066 3313 1119 sive
3364 1067 3694 1119 dominatio-

2114 1174 2232 1221 nes,
2283 1159 2399 1212 sive
2450 1167 2770 1226 potestates,
2817 1157 2997 1211 omnia
3049 1172 3144 1224 per
3185 1158 3378 1223 ipsum,
3410 1168 3463 1210 et
3495 1158 3545 1209 in
3578 1157 3693 1225 ipso

2111 1251 2295 1305 omnia
2354 1262 2538 1305 creata
2589 1260 2733 1304 sunt.
2773 1269 2791 1303 ι
2858 1250 3265 1304 Domiuationes
3317 1260 3499 1303 autem
3559 1250 3691 1302 nihil

2110 1342 2254 1395 aliud
2283 1352 2433 1405 sunt,
2482 1358 2643 1411 quam
2695 1342 2831 1395 ordo
2865 1342 3084 1410 quidam
3118 1352 3171 1394 et
3201 1340 3487 1394 multitmlo
3519 1341 3689 1393 domi-

2111 1452 2327 1489 norum.
2370 1435 2425 1488 In
2458 1452 2591 1505 quo,
2642 1446 2700 1488 ιιι
2734 1436 2862 1489 mihi
2898 1436 3138 1498 videtur,
3196 1451 3414 1489 sensum
3448 1435 3586 1504 legis
3613 1434 3691 1487 Iu-

2109 1527 2373 1581 cidiorem
2406 1527 2530 1581 fecit
2560 1528 2838 1596 apostolus
2872 1526 3091 1581 Paulus.
3122 1528 3250 1583 Tale
3273 1536 3357 1582 est
3382 1528 3524 1581 enim
3547 1527 3695 1595 quod

2111 1620 2293 1673 dicit:
2342 1617 2494 1673 Licet
2517 1619 2628 1673 sint
2672 1619 2823 1673 tnulti
2876 1620 3078 1674 domini
3131 1620 3221 1688 qui
3278 1619 3401 1673 aliis
3442 1618 3693 1687 gentibus

2109 1710 2480 1773 dominentur,
2512 1719 2566 1764 et
2601 1710 2675 1763 dii
2710 1710 2863 1763 tnulti
2902 1712 2991 1781 qui
3025 1713 3093 1765 ab
3128 1712 3252 1765 aliis
3292 1710 3564 1773 colantur,
3596 1713 3689 1764 sed

2111 1801 2268 1854 nobis
2300 1817 2436 1855 unus
2468 1801 2629 1864 Deus,
2685 1818 2821 1856 unus
2852 1801 3136 1855 Dominus.
3179 1802 3318 1869 Quid
3346 1812 3526 1855 autem
3559 1817 3689 1854 cau-

2116 1909 2187 1948 sa:
2217 1894 2289 1947 sit
2327 1895 2378 1947 in
2414 1894 2519 1948 diis
2552 1894 2755 1960 multis,
2793 1894 2876 1947 vel
2914 1895 3149 1948 dominis
3176 1894 3381 1959 multis,
3411 1894 3456 1947 si
3489 1894 3692 1947 intente

2114 1996 2165 2040 et
2200 1986 2469 2055 patienter
2501 1986 2722 2047 auditis,
2758 1986 2871 2055 ipsa
2898 2003 2996 2040 uos
3026 1986 3303 2053 Scriptura
3336 1986 3534 2055 poterit
3567 1986 3692 2039 edo-

2112 2092 2259 2131 cere.
2297 2078 2386 2130 Ait
2417 2079 2561 2132 enim
2611 2079 2751 2132 idem
2785 2078 2960 2132 Moses
3012 2078 3064 2131 iu
3099 2079 3503 2132 Deuteronomii
3553 2094 3687 2133 ran-

2114 2170 2325 2223 tico“:
2361 2188 2380 2221 ι
2423 2170 2558 2224 Cum
2599 2170 2884 2233 divideret,
2931 2171 3126 2238 inquit,
3176 2171 3435 2227 Excelsus
3474 2184 3689 2243 gentes,

2110 2273 2161 2315 et
2195 2262 2522 2333 diSpei-geret
2557 2262 2697 2316 ﬁlios
2728 2263 2875 2327 Adae,
2908 2263 3099 2315 statuit
3128 2264 3389 2318 terminos
3415 2265 3687 2331 gentium,

2110 2352 2408 2407 secimdum
2466 2367 2753 2406 numerum
2803 2353 3115 2420 angelorum
3149 2355 3263 2419 Dei,
3311 2364 3367 2408 et
3409 2354 3550 2409 facta
3603 2365 3691 2422 est

2110 2442 2285 2510 portio
2314 2442 2524 2495 Domini
2557 2443 2787 2511 populus
2818 2443 2936 2512 ejus
2968 2444 3156 2508 Jacob,
3210 2444 3484 2499 funiculus
3512 2444 3684 2499 luere-

2108 2531 2290 2585 ditatis
2316 2531 2432 2600 ejus
2462 2530 2644 2584 Israel.
2673 2550 2691 2583 ι
2737 2532 2970 2602 Angelos
3015 2533 3180 2603 igitur
3211 2534 3347 2604 (29),
3376 2536 3569 2604 quibus
3601 2550 3688 2590 re-

2106 2623 2312 2691 gendas
2357 2632 2546 2689 gentes
2593 2625 2862 2678 commisit
2903 2625 3184 2690 Excelsus,
3220 2628 3302 2681 vel
3343 2627 3473 2683 deos
3503 2626 3689 2697 appel-

2104 2713 2224 2777 lari,
2252 2725 2307 2767 et
2339 2713 2589 2768 dominos
2640 2726 2887 2783 constat;
2923 2716 3053 2770 deos
3079 2718 3236 2786 quasi
3285 2733 3315 2771 a
3365 2718 3474 2772 Deo
3505 2722 3683 2782 datos,

2102 2815 2158 2859 et
2189 2806 2437 2859 dominos
2462 2806 2617 2875 quasi
2651 2821 2680 2859 a
2713 2807 2941 2861 Domino
2970 2809 3145 2864 sortiti
3178 2809 3288 2862 sint
3336 2820 3680 2878 potestatem.

2106 2896 2261 2952 Uudc
2308 2906 2361 2951 et
2388 2897 2649 2953 Dominus
2692 2898 2911 2953 dicebat
2943 2900 3011 2955 ad
3057 2900 3276 2969 angelos
3302 2902 3392 2971 qui
3429 2916 3534 2956 non
3567 2917 3685 2956 ser-

2103 2998 2370 3043 vaverunt
2417 3004 2573 3043 suum
2625 2990 2988 3059 principatum
3010 2991 3055 3022 ⁸³
3110 3008 3124 3044 :
3183 3009 3200 3042 ι
3230 2991 3341 3061 Ego
3380 2992 3488 3047 dixi
3536 3010 3550 3046 :
3597 2992 3681 3047 Dii

2100 3078 2255 3144 estis,
2305 3089 2359 3133 et
2390 3079 2484 3133 filii
2520 3079 2730 3135 Excelsi
2765 3095 2981 3136 oumes.
3024 3080 3133 3136 Vos
3170 3092 3349 3136 autem
3398 3091 3457 3136 ut
3513 3082 3683 3137 homi-

410 3173 593 3227 oumia
643 3173 825 3238 simul,
868 3174 1110 3227 nonnulli
1150 3184 1343 3245 putant
1385 3191 1507 3231 esse
1553 3192 1721 3231 unum
1774 3178 1995 3230 manda-
2025 3198 2067 3256 ο
2105 3186 2204 3226 "es
2236 3172 2565 3235 Ilioriemini,
2617 3180 2671 3226 cl
2702 3173 2845 3228 sicut
2875 3188 3016 3227 unus
3051 3173 3116 3227 de
3160 3173 3499 3244 principibus
3525 3176 3683 3230 cade-

414 3270 547 3316 tum.
597 3262 751 3329 Quod
790 3265 834 3318 si
881 3266 949 3318 ita
986 3275 1227 3335 putetur,
1262 3282 1371 3322 non
1412 3268 1784 3338 complebitur
1837 3269 1995 3340 157

411 3351 596 3407 decem
642 3370 900 3410 numerus
938 3357 1339 3415 mandatorum.
1381 3358 1445 3412 Et
1489 3360 1579 3414 ubi
1602 3361 1713 3429 jam
1760 3363 1864 3415 erit
1898 3363 1997 3416 De-

409 3442 586 3512 eangi
640 3446 877 3499 veritas?
912 3446 1018 3501 Sed
1061 3449 1108 3502 si
1158 3464 1223 3503 eo
1259 3450 1417 3504 modo
1464 3451 1769 3517 dirimatur,
1804 3468 1913 3521 quo
1942 3465 1998 3507 et

412 3548 513 3587 uos
563 3533 615 3585 in
651 3536 922 3604 superiori
969 3539 1417 3606 pronuntiatione
1446 3541 1814 3606 distinximus,
1854 3543 1997 3595 iule-

413 3639 508 3690 ger
562 3624 746 3679 decem
799 3629 1177 3682 mandatorum
1228 3646 1486 3686 numerus
1539 3635 1839 3700 apparebit.
1906 3634 1995 3687 Est

413 3730 542 3783 ergo
595 3716 826 3784 primum
881 3720 1193 3773 mandatum
1217 3720 1308 3773 διε
1362 3739 1377 3770 ι
1407 3719 1521 3775 Non
1571 3734 1731 3775 erunt
1775 3723 1869 3777 tibi
1919 3725 1992 3778 dii

413 3807 502 3858 alii
552 3820 749 3876 ιηἰιιιει·
802 3826 922 3875 me;
951 3831 969 3863 ι
1013 3814 1308 3865 secundum
1342 3828 1472 3868 vero
1496 3814 1542 3845 ⁴⁵
1580 3832 1593 3868 :
1635 3833 1653 3867 ι
1679 3815 1793 3869 Non
1829 3817 1997 3872 facies

415 3899 509 3951 tibi
544 3900 764 3964 idolum,
818 3918 993 3971 neque
1027 3904 1191 3957 ullam
1222 3904 1655 3973 similitudinem,
1687 3927 1705 3959 ι
1754 3919 1860 3962 etc.
1904 3909 1993 3962 lu-

409 3989 677 4056 cipiamus
729 4008 859 4063 ergo
899 4011 926 4046 a
984 3996 1160 4063 primo
1193 3998 1464 4051 mandato.
1521 3999 1625 4053 Sed
1673 4011 1727 4053 et
1763 4017 1864 4069 ego
1895 4017 1992 4053 au-

412 4085 542 4136 xilio
592 4085 807 4152 indigeo
860 4088 1030 4156 ipsius
1065 4090 1158 4158 qui
1210 4092 1322 4146 hanc
1358 4094 1618 4161 praecepit
1673 4093 1783 4153 Dei,
1820 4097 1885 4148 ad
1915 4096 1995 4148 di-

410 4177 668 4240 cendum,
703 4190 755 4231 ct
788 4195 879 4233 vos
910 4181 1313 4249 purgatioribus
1343 4185 1512 4253 egetis
1540 4187 1764 4239 auribtts
1792 4187 1858 4239 ad
1897 4203 1991 4239 att-

410 4266 688 4321 diendum.
734 4268 789 4321 St
839 4271 961 4338 quis
1012 4288 1142 4341 ergo
1192 4284 1431 4327 vestrum
1481 4276 1645 4329 habet
1691 4292 1850 4330 aures
1895 4293 1992 4330 au-

409 4360 613 4423 diendi,
667 4362 851 4414 audiat
882 4365 1152 4431 quomodo
1199 4366 1400 4418 dictum
1451 4376 1535 4421 est
1583 4385 1596 4420 :
1636 4368 1791 4421 «Non
1829 4380 1991 4424 erunt

411 4450 506 4503 tibi
549 4453 619 4505 dii
669 4453 759 4507 alii
794 4466 989 4521 prazter
1027 4470 1173 4509 me.»
1221 4454 1279 4510 Si
1328 4457 1576 4522 dixisset,
1613 4459 1723 4512 Non
1754 4470 1883 4513 sunt
1914 4461 1986 4516 dii

2102 3264 2251 3327 tis;i
2310 3262 2590 3316 imitantes
2658 3262 2871 3317 scilicet
2920 3263 3217 3329 diabolum,
3284 3264 3373 3332 qui
3429 3265 3682 3335 princeps

2097 3355 2340 3407 omnium
2392 3353 2572 3409 factus
2615 3356 2794 3408 estad
2840 3355 3074 3410 ruinam.
3120 3355 3271 3410 Unde
3298 3366 3511 3410 constat
3537 3359 3677 3426 quod

2098 3446 2466 3499 exsecrabiles
2514 3445 2634 3499 illos
2685 3445 2815 3500 fecit
2864 3445 3259 3513 prmvaricatio,
3309 3463 3414 3501 nou
3460 3458 3677 3503 natura.

2098 3537 2217 3590 Tibi
2250 3552 2405 3606 ergo,
2453 3552 2486 3590 o
2515 3536 2744 3605 populus
2792 3552 2945 3590 meus
2975 3536 3164 3599 Israel,
3195 3539 3285 3607 qui
3315 3554 3441 3609 pars
3472 3541 3561 3593 Dei
3592 3556 3676 3607 es,

2096 3630 2188 3698 qui
2244 3627 2511 3681 funiculus
2559 3629 2891 3684 Inueditatis
2937 3627 3052 3695 ejus
3112 3627 3338 3684 effectus
3381 3644 3460 3696 es,
3521 3649 3670 3686 «non

2096 3730 2294 3786 erunt,
2355 3720 2527 3789 inquit
2571 3720 2637 3785 ⁵⁵³,
2692 3720 2783 3773 alii
2821 3721 2889 3773 dii
2944 3729 3141 3788 printer
3176 3737 3290 3787 tne;
3337 3724 3505 3792 iquia
3549 3740 3678 3779 vere

2100 3814 2238 3868 Deus
2268 3830 2405 3867 unus
2433 3824 2514 3866 est
2552 3813 2709 3875 Deus,
2745 3821 2798 3866 et
2836 3827 2961 3866 vere
2994 3814 3251 3867 Dominus
3284 3831 3420 3869 unus
3459 3827 3541 3870 est
3576 3818 3677 3871 Do—

2098 3906 2295 3959 minus.
2332 3903 2557 3958 Czeteris
2610 3919 2759 3969 vero,
2810 3905 2901 3974 qui
2936 3906 3003 3958 ab
3035 3905 3150 3974 ipso
3171 3908 3340 3960 creati
3366 3920 3513 3974 sunt,
3546 3926 3675 3963 eon-

2098 3997 2218 4050 tulit
2248 4012 2442 4049 nomen
2493 3998 2640 4051 istud
2672 4012 2776 4049 nou
2825 4006 3039 4061 natura,
3093 3998 3185 4052 sed
3236 4002 3431 4067 gratia.
3480 4000 3675 4057 Verum

2096 4103 2164 4142 ne
2205 4089 2486 4142 existimes
2536 4089 2650 4142 hmc
2691 4097 2894 4141 tantmu
2928 4089 2994 4141 ad
3048 4089 3192 4142 illmn
3220 4092 3322 4144 dici
3363 4091 3546 4156 Israel,
3581 4094 3674 4163 qui

2094 4182 2391 4235 secundum
2442 4196 2660 4234 carnem
2700 4192 2859 4235 natus
2892 4190 2994 4235 est.
3040 4180 3205 4236 Multo
3255 4185 3427 4251 magis
3458 4186 3570 4239 haec
3605 4186 3674 4238 ad

2096 4284 2147 4328 te
2179 4276 2453 4340 dicuntur,
2496 4275 2585 4344 qui
2639 4274 2803 4329 Israel
2849 4272 3071 4329 effectus
3097 4291 3155 4329 es
3194 4285 3370 4329 mente
3396 4277 3558 4330 Deum
3594 4278 3677 4329 vi-

2092 4368 2291 4434 dendo,
2320 4378 2373 4424 et
2397 4368 2759 4423 circumcisus
2796 4382 2855 4421 es
2884 4369 3068 4432 corde,
3094 4383 3199 4419 non
3229 4382 3415 4421 carne.
3458 4367 3591 4421 Nam
3617 4378 3674 4422 et

2092 4459 2134 4512 si
2168 4459 2219 4512 in
2271 4476 2437 4513 carne
2474 4474 2665 4529 gentes
2695 4474 2904 4523 sumus,
2952 4459 3002 4510 in
3046 4460 3236 4527 spiritu
3274 4460 3438 4515 Israel
3467 4478 3670 4522 sumus,

408 4551 604 4608 pra-ter
654 4559 756 4606 me,
793 4545 1096 4598 absolutior
1147 4561 1329 4601 sermo
1361 4549 1655 4602 videretur.
1711 4549 1863 4605 Nunc
1896 4567 1991 4604 au-
2023 4550 2067 4604 D
2098 4559 2318 4617 propter
2360 4566 2481 4604 eum
2532 4551 2620 4619 qui
2667 4551 2805 4604 dixit
2829 4547 2877 4578 ’δ
2908 4565 2922 4601 :
2958 4568 2974 4598 ι
2996 4548 3123 4603 Pete
3152 4566 3180 4602 a
3214 4566 3298 4604 me
3320 4562 3372 4607 et
3399 4553 3539 4608 dabo
3576 4555 3672 4607 tibi

408 4642 515 4685 tem
571 4634 695 4701 quia
748 4635 878 4687 dicit
929 4655 942 4688 :
1002 4636 1162 4689 «Non
1213 4647 1372 4691 erunt
1407 4639 1500 4692 tibi
1549 4640 1621 4692 dii
1666 4640 1757 4693 alii
1796 4651 1991 4707 praeter

409 4740 495 4778 me
522 4726 657 4793 (ἒὸ),
684 4745 701 4775 ι
740 4742 844 4779 non
881 4730 1093 4797 negavit
1120 4731 1244 4799 quia
1268 4731 1397 4794 sint,
1429 4731 1522 4785 sed
1554 4746 1621 4784 ne
1653 4731 1728 4784 illi
1760 4734 1868 4786 sint
1902 4734 1990 4787 cui

406 4816 527 4868 lucc
557 4818 736 4870 omnia
788 4830 1051 4889 praecepta
1104 4822 1324 4886 dantur,
1372 4822 1630 4876 inhibuit.
1673 4822 1810 4876 IIinc
1859 4834 1989 4891 puto

408 4910 706 4976 apostolum
742 4908 966 4963 Paulum
1018 4914 1317 4981 sumpsisse
1362 4914 1512 4978 illud,
1570 4916 1712 4984 quod
1764 4917 1830 4969 ad
1882 4916 1989 4970 Co-

407 5000 641 5054 rinthios
693 5002 941 5070 scripsit,
981 5003 1169 5058 dicens
1196 5004 1242 5035 ⁸⁸
1277 5023 1289 5059 :
1335 5024 1353 5057 ε
1383 5004 1438 5060 Si
1476 5006 1691 5075 quidem
1728 5018 1851 5061 sunt
1897 5010 1991 5077 qui

406 5091 665 5144 dicuntur
693 5092 790 5156 dii,
829 5093 944 5149 sive
996 5094 1049 5149 in
1079 5095 1240 5160 caelo,
1271 5097 1384 5151 sive
1436 5098 1487 5150 in
1521 5106 1689 5151 terra.
1715 5116 1735 5149 ι
1801 5098 1867 5153 Et
1897 5099 1993 5153 ad-

409 5181 486 5233 dit
520 5202 531 5235 :
568 5200 586 5231 α
616 5181 681 5235 Et
714 5182 857 5236 sicut
893 5194 1019 5237 sunt
1052 5185 1124 5239 dii
1155 5186 1329 5251 multi,
1360 5198 1414 5241 et
1447 5189 1648 5241 domini
1685 5189 1859 5254 multi,
1898 5205 1996 5244 no-

407 5273 488 5325 bis
538 5284 713 5328 tamen
772 5290 913 5329 unus
944 5275 1084 5331 Deus
1112 5277 1292 5345 Pater,
1326 5295 1389 5334 ex
1432 5295 1538 5349 quo
1576 5282 1783 5346 omnia,
1813 5292 1867 5335 et
1895 5297 1993 5336 nos

408 5377 506 5429 per
538 5365 736 5433 ipsum,
778 5375 834 5421 et
879 5383 1021 5423 unus
1071 5368 1330 5424 Dominus
1375 5370 1536 5426 Jesus
1583 5371 1850 5437 Christus,
1900 5387 1995 5442 per

478 5483 521 5515 "
557 5484 728 5540 Exod.
754 5504 846 5549 xx,
880 5490 934 5544 '5.
1040 5488 1086 5520 ⁸³
1115 5489 1245 5544 ibid.
1280 5490 1334 5551 4.
1375 5490 1431 5551 5,
1455 5490 1510 5545 6.

408 5550 454 5582 “'
480 5552 622 5625 I‘sal.
653 5572 798 5616 xm.
827 5559 877 5612 I.
960 5560 1003 5591 δ’
1031 5558 1173 5613 Psal.
1202 5550 1389 5625 uim,
1416 5550 1465 5614 -I.

412 5636 504 5684 xx,
528 5624 580 5675 5.
656 5627 702 5657 ’δ
733 5628 871 5682 I’sal.
902 5645 959 5695 It,
982 5632 1037 5685 8.
1112 5631 1158 5662 ⁸⁵
1180 5630 1335 5683 Joan.
1367 5624 1495 5698 tvzt,
1528 5632 1603 5687 I0.

483 5718 595 5785 (ΕΠ)
636 5722 803 5785 Alias,
846 5743 862 5773 ι
900 5742 1003 5778 non
1045 5726 1229 5781 facias.
1266 5746 1283 5777 ι

485 5790 598 5858 (28)
625 5790 794 5858 Alias,
830 5811 847 5844 ι
874 5795 945 5848 dii
981 5796 1158 5851 alieni.
1190 5816 1206 5849 ι

1588 5491 1633 5521 ⁸⁵
1684 5491 1853 5549 Exod.
1910 5490 2082 5556 “,5.

1544 5561 1589 5593 ⁸⁰
1614 5562 1824 5619 Coloss.
1857 5578 1892 5630 I,
1921 5563 2005 5617 lb‘.
2082 5565 2125 5595 δι
2152 5563 2309 5619 Deut.
2346 5580 2517 5632 xxxii,
2544 5564 2599 5629 8,
2626 5565 2681 5620 9.

2094 4651 2283 4709 gentes
2338 4642 2710 4696 hzereditatem
2760 4653 2929 4706 tuam,
2976 4651 3030 4697 et
3083 4644 3480 4712 posscs~ionem
3527 4654 3671 4701 tuam

2097 4734 2357 4787 terminos
2408 4743 2628 4790 terr-.e.»
2671 4735 2738 4789 Et
2769 4745 2991 4806 propter
3039 4751 3160 4790 eum
3213 4738 3303 4806 qui
3354 4738 3548 4791 iterum
3599 4739 3675 4791 di-

2098 4823 2244 4877 xit"
2278 4843 2291 4878 :
2328 4824 2552 4888 «Pater,
2600 4828 2783 4880 omnia
2832 4844 2948 4882 mea
2996 4839 3083 4882 tua
3138 4839 3284 4897 sunt,
3340 4840 3395 4885 et
3427 4841 3514 4884 tua
3552 4845 3671 4885 mea

2093 4926 2241 4981 sunt,
2266 4927 2316 4970 et
2344 4917 2676 4985 glorificatus
2703 4933 2821 4971 sum
2849 4921 2899 4973 in
2935 4920 3039 4986 bis,
3068 4939 3085 4971 ι
3117 4922 3160 4975 si
3192 4932 3370 4976 tamen
3403 4922 3473 4974 ita
3516 4939 3670 4991 agas,

2099 5017 2157 5060 ut
2190 5008 2385 5077 dignus
2419 5009 2495 5061 sis
2526 5023 2651 5077 pars
2682 5024 2803 5064 esse
2843 5010 2956 5073 Dei,
2990 5022 3043 5065 et
3081 5012 3131 5066 in
3175 5012 3416 5067 funicqu
3445 5015 3673 5069 haeredi-

2095 5099 2221 5154 tatis
2261 5099 2378 5168 ejus
2409 5100 2607 5153 metiri.
2647 5101 2861 5171 Alioqui
2891 5101 2934 5157 si
2981 5103 3198 5172 indigne
3235 5119 3388 5173 agas,
3425 5106 3673 5174 exemplo

2095 5191 2204 5243 sint
2236 5190 2332 5244 tibi
2379 5190 2477 5257 illi,
2532 5192 2623 5262 qui
2675 5194 2740 5246 ad
2776 5194 2878 5248 hoc
2905 5196 3080 5248 vocati
3114 5194 3348 5264 fuerant,
3403 5206 3461 5251 ut
3489 5208 3672 5252 essent

2096 5297 2220 5350 pars
2252 5282 2367 5349 Dei,
2415 5292 2468 5338 et
2511 5287 2749 5353 peccatis
2783 5287 2896 5341 suis
2946 5290 3043 5343 boc
3086 5300 3422 5355 meruerunt,
3458 5299 3515 5343 ut
3552 5292 3670 5343 dis-

2094 5385 2454 5446 pergerentur
2478 5391 2575 5446 per
2607 5393 2797 5433 omnes
2824 5390 3032 5448 gentes.
3087 5380 3150 5434 Et
3186 5383 3274 5449 qui
3305 5385 3454 5453 prius
3487 5383 3671 5436 educti

2162 5494 2206 5525 "
2234 5494 2363 5547 ibid.
2389 5494 2440 5547 ι.
2519 5494 2562 5525 ιδ
2590 5494 2604 5546 Ι
2637 5494 2761 5549 Cor.
2814 5511 2931 5559 vni,
2954 5498 3008 5562 5,
3035 5496 3089 5551 6.
3168 5498 3209 5529 "
3235 5497 3329 5552 PSa

2162 5563 2309 5619 Deut.
2346 5580 2517 5625 xxxii,
2544 5564 2599 5625 8,
2626 5565 2681 5620 9.
2757 5566 2802 5597 δ’
2824 5566 2967 5621 I’sal.
2996 5583 3181 5625 unt.
3215 5569 3270 5625 6.
3300 5569 3329 5621 7

2848 5570 2967 5621 ’sal.
2996 5583 3181 5638 um,
3215 5570 3270 5637 6,
3300 5570 3351 5624 7.

3168 5498 3209 5529 ⁸⁷
3235 5497 3376 5552 Psal.
3423 5512 3569 5560 nvi,
3609 5495 3668 5551 3.

3168 5610 3181 5625 .
3215 5569 3270 5625 6.
3300 5569 3351 5624 7.
3428 5564 3475 5599 ⁸³
3496 5566 3671 5625 Exod.

2160 5730 2269 5798 (99)
2300 5728 2434 5787 Vide
2471 5730 2561 5787 lib.
2591 5748 2627 5787 II
2668 5732 2880 5804 Origrn.
2907 5749 2997 5803 qu.
3027 5734 3078 5790 5.
