4110 6458
331 396 458 452 555

1554 395 1622 450 ΙΝ
1667 395 1952 450 EXODUM
1997 394 2285 450 IIOMIUA
2328 397 2457 452 VIII.

3524 404 3632 459 35%

333 524 564 577 fuerant
593 522 657 574 de
691 521 853 572 donto
878 520 1176 585 servitutis,
1212 538 1355 575 nunc
1381 538 1592 575 rursum
1624 520 1771 592 (quia
1805 539 1824 572 ι
1849 523 1938 587 qui
1971 523 2014 578 Α
2046 520 2157 573 lure
2207 520 2388 574 sciens
2425 523 2733 591 Apostolus,
2789 523 2919 576 dicit
2947 523 3010 587 θί,
3050 542 3065 572 ι
3091 522 3214 592 quia
3251 520 3451 575 idolum
3496 523 3634 579 nihil

331 625 562 684 peccat,
614 629 809 668 servus
857 624 937 667 est
973 614 1319 682 peccatiuil
1369 631 1474 666 non
1520 615 1631 683 jam
1668 613 1938 682 Aﬂgyptiis

331 708 503 768 snlis,
539 710 634 761 sed
686 707 947 759 onmibns
980 706 1232 774 gentibus
1266 706 1530 759 serviunt.
1573 707 1713 773 Ergo
1738 705 1939 759 dicitur

332 811 394 852 et
432 799 550 861 tibi,
601 798 695 867 qni
730 814 829 867 per
859 798 1042 851 Jesnm
1073 797 1348 851 Christum
1389 796 1548 850 existi
1580 797 1646 852 de
1677 796 1936 868 Egypto,

331 900 393 944 et
422 891 490 943 de
525 891 687 943 domo
730 892 1010 943 servitutis
1043 893 1272 945 educnts
1304 905 1362 943 es
1392 904 1406 942 :
1455 906 1472 939 ι
1497 888 1612 944 Non
1653 898 1816 944 erunt
1842 889 1935 942 tibi

333 983 415 1036 dii
449 982 539 1034 alii
571 991 772 1048 praeter
805 998 888 1034 ttte
913 983 980 1033 ⁵⁷.
1010 1002 1027 1032 ι

414 1076 450 1127 5
506 1073 635 1127 Post
685 1074 798 1126 lure
851 1074 1129 1127 videamus
1158 1074 1286 1142 quid
1320 1073 1484 1126 etiam
1530 1074 1826 1128 secundum
1859 1073 1936 1126 vi-

336 1169 505 1221 detur
553 1166 837 1220 continere
870 1167 1208 1219 mamlatnm.
1258 1167 1413 1220 «Non
1469 1167 1638 1221 facies
1691 1168 1781 1220 tibi
1830 1167 1934 1236 ipsi

338 1259 573 1322 idolum,
629 1273 807 1324 neque
855 1274 1071 1310 omnem
1125 1259 1542 1313 similitudinem
1578 1274 1765 1314 eorum
1815 1273 1936 1328 quae

335 1365 474 1406 sunt
526 1353 573 1404 in
609 1351 772 1413 etelo,
830 1352 913 1404 vel
967 1368 1088 1420 qua:
1137 1354 1188 1406 in
1220 1364 1382 1415 terra,
1414 1355 1494 1408 vel
1524 1371 1644 1424 (tua:
1672 1355 1723 1408 itt
1756 1357 1932 1424 aquis,

335 1456 399 1499 et
441 1461 560 1512 qua:
607 1443 798 1496 subtus
832 1453 1035 1498 terram
1059 1445 1126 1499 ⁸⁸.
1154 1465 1171 1496 ι
1218 1445 1399 1515 Longe
1439 1447 1584 1500 aliud
1611 1456 1736 1500 sunt
1771 1448 1932 1512 idola,

334 1548 397 1592 ct
429 1538 573 1590 aliud
615 1537 708 1599 dii,
744 1537 889 1590 sicut
939 1537 1053 1605 ipse
1103 1553 1201 1592 nos
1251 1539 1603 1592 nihilominus
1641 1539 1934 1607 Apestolus

336 1635 523 1683 docet.
565 1628 697 1682 Nam
731 1629 796 1681 de
825 1629 930 1682 diis
958 1629 1098 1684 dixit
1121 1631 1164 1661 ¹⁵⁹
1200 1647 1213 1683 :
1247 1650 1264 1681 ι
1291 1630 1446 1685 Sicut
1493 1641 1620 1686 sunt
1649 1633 1721 1686 dii
1757 1633 1930 1697 multi,

337 1734 400 1776 et
429 1723 630 1774 domini
685 1722 862 1778 multi.
887 1741 904 1773 ι
953 1723 1025 1776 De
1073 1723 1234 1776 idolis
1267 1736 1449 1778 autent
1497 1724 1721 1789 dicit”,
1758 1744 1777 1775 ι
1805 1727 1930 1793 quia

343 1816 479 1868 nihil
501 1825 582 1869 est
610 1815 808 1867 idolum
843 1815 893 1866 in
927 1815 1146 1868 mundo.
1177 1836 1195 1867 ι
1233 1815 1382 1871 Unde
1415 1816 1542 1869 mihi
1573 1816 1788 1870 videtur
1821 1833 1927 1871 non

348 1909 659 1961 transitorie
704 1910 820 1961 lucc
870 1908 1066 1976 legisse
1121 1924 1240 1976 (pta:
1286 1909 1371 1963 lex
1407 1909 1559 1963 dicit.
1601 1907 1751 1964 Vidit
1783 1909 1928 1964 enim

349 1999 703 2054 diﬂ‘erenliam
733 2003 984 2063 deorum,
1023 2011 1073 2054 et
1106 2001 1374 2055 idolorum
1399 2019 1412 2064 ;
1444 2011 1497 2056 et
1526 2017 1741 2056 rursum
1771 2001 1953 2056 dilI'e-‘

345 2093 572 2146 rentiatn
629 2092 922 2156 idolorum,
975 2103 1029 2146 et
1067 2093 1504 2148 similitudinum.
1559 2093 1692 2148 Nam
1728 2095 1818 2164 qni
1865 2095 1930 2149 de

340 2181 499 2234 idolis
525 2181 665 2234 dixit
698 2181 825 2250 quia
857 2197 963 2235 non
1005 2191 1151 2246 sunt,
1185 2199 1290 2237 non
1332 2184 1480 2238 addit
1509 2184 1636 2254 quia
1671 2185 1928 2239 similitu-

335 2273 494 2326 dines
524 2289 627 2325 non
663 2281 806 2325 sunt.
849 2271 950 2324 llic.
980 2282 1159 2326 autent
1197 2274 1375 2327 dicit:

339 2366 450 2420 (οὑ
478 2365 726 2435 ποιήσεις
753 2365 864 2434 (⁸50)
889 2365 1098 2435 σεαυτῷ

329 2457 560 2512 εἴδωλον
593 2499 607 2522 ,
685 2457 806 2510 οὐδὲ
897 2459 1098 2523 παντὸς

329 2551 611 2623 ὁμοίωμα..
671 2570 689 2601 t
740 2550 900 2603 Ἀλλο
939 2551 1094 2605 εἴδω-

323 2645 448 2708 λον,
480 2645 574 2699 καὶ
608 2645 794 2717 ἕτερον
819 2645 1091 2717 ὁμοίωμα.

339 2740 631 2811 Ὀμοίωμα
667 2740 765 2812 μὲν
795 2741 904 2811 γάρ
927 2742 1096 2805 ἐστιν,

325 2833 433 2889 ἐὰν
455 2836 615 2904 ποιῇς
641 2833 841 2904 ἰχθύος,
860 2833 892 2903 ἢ
911 2850 1100 2906 τετρα-

323 2923 520 2988 πόόου,
573 2925 606 2995 ἢ
644 2924 832 2996 Θηρίου
875 2924 962 2978 διὰ
1004 2943 1094 2978 τε-

323 3017 649 3089 χνουργίας,
686 3017 719 3088 ἢ
753 3017 840 3069 διὰ
875 3017 1096 3088 ζωγρα-

324 3109 461 3178 φίας
515 3108 687 3179 ὁμοίω
694 3125 788 3178 μα.
866 3109 1097 3161 Εἴδωλον

320 3201 410 3264 δὲ,
464 3203 565 3255 ὅσα
608 3199 958 3254 ἀκιατυποῦσα
989 3200 1094 3270 ψυ-

321 3294 404 3364 χὴ
449 3296 613 3355 ποιεῖ,
671 3292 770 3343 οὐκ
813 3291 873 3356 ἐξ
919 3295 1095 3364 ὑπαρ-

323 3384 539 3452 χόντων
565 3383 954 3454 πρωτοτύπως·
981 3380 1093 3438 οἷον

325 3475 780 3546 ἀναμεμιγμένον
836 3479 896 3531 τὸ
954 3479 1090 3543 ζῶον

321 3566 442 3621 ἀπὸ
469 3567 752 3638 ἀνθρώπου
783 3571 876 3624 καὶ
898 3571 1088 3626 ἵππου.

1173 2367 1212 2434 -ι-
1232 2384 1250 2416 ι
1277 2366 1389 2421 Non
1407 2367 1571 2421 facies
1589 2367 1682 2422 tibi
1698 2368 1796 2436 ipsi
1813 2367 1927 2422 ido-

1173 2455 1301 2518 lum,
1322 2470 1497 2526 neque
1515 2458 1925 2512 similitudinem

1171 2552 1434 2606 omnium.
1460 2571 1478 2604 ι
1513 2551 1670 2606 Aliud
1693 2563 1774 2607 est
1799 2568 1928 2623 ergo

1175 2644 1358 2699 facere
1403 2645 1630 2711 idolum,
1678 2646 1821 2700 aliud
1852 2648 1928 2700 si-

1173 2739 1558 2797 tnilitttdinent.
1639 2739 1704 2792 Et
1757 2741 1927 2809 siqui-

1171 2833 1291 2884 dem
1327 2832 1586 2885 Dominus
1635 2847 1732 2885 nos
1762 2835 1827 2884 ad
1861 2847 1925 2886 t-a

1168 2941 1288 2994 qua:
1313 2926 1540 2979 dicenda
1570 2935 1695 2979 sunt
1726 2927 1928 2979 illumi-

1171 3035 1302 3071 nare.
1326 3022 1600 3087 dignetur,
1626 3035 1725 3085 ego
1745 3021 1822 3073 sic
1841 3037 1926 3073 ar-

1172 3111 1728 3179 Ititroraccipiendutn
1761 3113 1922 3180 quod,

1173 3201 1320 3254 verlti
1374 3215 1560 3263 causa.
1621 3202 1667 3254 si
1709 3203 1831 3269 quis
1869 3204 1920 3256 in
1953 3219 1995 3278 ς
2033 3205 2193 3259 Ἀλλο
2219 3203 2562 3274 προσκυνεῖν,
2587 3199 2680 3253 καὶ
2703 3198 2788 3252 ἄλ-

1167 3292 1407 3360 qnolibet
1438 3293 1657 3348 metallo
1691 3296 1807 3350 auri
1836 3299 1920 3350 vel

1166 3389 1395 3457 algenti,
1431 3391 1511 3444 vel
1543 3390 1696 3460 ligni,
1735 3393 1813 3447 vel
1845 3394 1921 3446 la-

1167 3479 1481 3546 pidisfacial
1499 3481 1734 3550 speciem
1759 3479 1921 3551 158

1166 3569 1535 3640 quadrupedis
1558 3570 1808 3639 alienjus,
1836 3574 1915 3626 vel

325 3662 626 3729 serpentis,
677 3662 762 3716 vel
796 3664 934 3726 avis,
983 3673 1038 3717 et
1089 3672 1296 3717 statuat
1351 3664 1496 3718 illam
1555 3667 1914 3733 adorandam,

325 3767 438 3804 non
475 3751 699 3817 idolum,
758 3755 852 3808 sed
883 3755 1297 3809 similitudinem
1331 3755 1483 3810 fecit.
1544 3755 1636 3810 Vel
1671 3759 1833 3811 ctiattt
1867 3760 1911 3812 si

325 3846 602 3912 picturam
636 3848 702 3900 ad
737 3849 842 3901 hoc
887 3850 1062 3916 ipsuttt
1098 3858 1326 3916 statuat,
1363 3850 1719 3906 nihilominus
1752 3853 1912 3906 simi-

325 3934 610 3990 Iiludinetn
664 3938 856 3993 fecisse
889 3940 1149 3994 dicendus
1181 3951 1286 3994 est.
1362 3940 1565 3995 Idolum
1608 3957 1736 3996 veto
1783 3944 1914 3999 facit

322 4028 440 4090 ille,
475 4029 564 4096 qui
598 4032 892 4082 recnndnm
921 4031 1241 4098 Aposlnlttm
1267 4031 1560 4096 dicentem,
1597 4036 1721 4102 quia
1752 4053 1769 4085 ι
1797 4035 1912 4089 ido-

323 4119 440 4174 lum
478 4122 613 4175 nihil
645 4132 744 4183 est,
773 4141 790 4173 ι
823 4121 955 4176 facit
982 4126 1125 4193 quod
1156 4141 1264 4179 non
1298 4135 1400 4179 est.
1443 4126 1582 4191 Quid
1614 4137 1698 4180 est
1727 4137 1907 4180 autent

323 4213 473 4280 quod
507 4230 611 4266 nott
647 4215 769 4267 est?
799 4213 1021 4283 Species
1049 4231 1209 4282 quant
1245 4232 1348 4270 non
1385 4217 1519 4271 vidit
1562 4219 1775 4282 oculus,
1812 4219 1910 4272 sed

323 4304 447 4373 ipse
475 4304 576 4359 sibi
610 4306 824 4359 animus
857 4305 1026 4374 fingit.
1071 4307 1232 4360 Verbi
1266 4308 1466 4374 gratia,
1503 4317 1562 4360 ut
1587 4308 1631 4362 si
1661 4311 1782 4377 quis
1809 4308 1910 4362 litt-

322 4401 506 4452 tnanis
538 4399 795 4452 membris
825 4411 990 4467 caput
1022 4402 1194 4462 canis,
1227 4408 1321 4451 ant
1357 4400 1545 4453 arietis
1573 4398 1790 4465 formet,
1824 4399 1906 4454 vel

323 4503 543 4542 rursum
596 4490 647 4541 in
688 4505 795 4541 uno
827 4491 1061 4543 b0minis
1095 4490 1277 4543 habitu
1311 4491 1447 4542 duas
1497 4491 1666 4548 facies
1714 4495 1902 4564 lingat,

2041 623 2124 664 est
2159 613 2208 664 in
2244 615 2463 665 ntnmlo.
2492 632 2510 662 ι
2551 612 2663 666 Νοιι
2700 614 2844 668 enim
2880 615 3058 684 aliqua
3103 629 3171 667 ex
3213 616 3372 667 tebns
3413 626 3634 668 exstan-

2042 707 2186 760 tibus
2231 705 2533 760 asstnnitnr
2583 706 2813 774 species,
2845 708 2939 759 sed
2972 707 3112 774 quod
3152 707 3262 774 ipsa
3301 708 3402 759 sibi
3453 707 3628 760 otiosa

2042 814 2200 853 tuens
2240 806 2294 851 et
2340 797 2560 850 curiosa
2616 799 2906 866 repererit.
2971 798 3284 851 Similitudo
3337 813 3468 851 Vero
3520 808 3626 860 est,

2039 906 2161 945 eunt
2213 889 2420 958 aliquid
2476 905 2540 942 ex
2601 889 2685 943 his
2736 904 2858 957 qua:
2907 899 3033 942 sunt
3070 889 3149 941 vel
3203 891 3255 941 itt
3289 891 3428 942 cmlo
3458 887 3539 941 Vl‘l
3575 889 3626 941 in

2041 995 2208 1047 terra,
2250 985 2330 1036 vel
2361 982 2411 1035 in
2446 982 2624 1050 aquis,
2677 980 2965 1042 formatur,
2999 981 3142 1033 sicut.
3186 980 3434 1048 superius
3483 980 3627 1031 dixi-

2039 1092 2180 1130 mus.
2229 1077 2610 1129 Verumtamen
2649 1088 2756 1127 non
2805 1071 2950 1126 sicut
2996 1071 3065 1126 de
3117 1071 3184 1124 iis
3216 1085 3338 1140 quae
3386 1071 3438 1122 in
3483 1079 3626 1121 terra

2036 1179 2163 1222 sunt
2192 1167 2275 1221 vel
2306 1168 2358 1220 in
2384 1166 2518 1220 mari
2547 1163 3000 1218 snnilitudinibus
3022 1162 3076 1215 itt
3109 1167 3364 1230 promptu
3393 1172 3474 1214 est
3501 1175 3630 1229 pro-

2038 1261 2315 1323 nuntiare,
2350 1259 2423 1311 ita
2457 1259 2618 1312 etiam
2651 1256 2718 1310 de
2765 1253 3086 1309 coelestibus
3119 1267 3134 1305 :
3168 1253 3269 1306 nisi
3319 1251 3366 1306 si
3394 1253 3518 1320 quis
3546 1251 3628 1304 di-

2035 1363 2124 1408 cat
2163 1354 2228 1407 de
2260 1352 2394 1416 sole,
2424 1361 2478 1405 et
2511 1349 2658 1412 luna,
2697 1358 2750 1401 et
2781 1346 2953 1401 stellis
2986 1347 3088 1399 hoc
3122 1360 3283 1413 posse
3312 1344 3520 1398 sentiri.
3563 1343 3628 1396 Et

2036 1448 2229 1501 horum
2281 1457 2516 1511 namque
2559 1443 2766 1496 fortnas
2797 1440 3111 1508 exprimere
3155 1437 3433 1506 gentilitas
3463 1438 3623 1490 solet.

2037 1540 2141 1594 Sed
2177 1539 2303 1608 quia
2339 1539 2558 1606 Moyses
2611 1534 2859 1588 eruditus
2892 1542 3010 1585 erat
3067 1531 3118 1583 in
3173 1530 3321 1583 ontni
3357 1529 3625 1598 sapientia

2035 1632 2442 1703 IEgyptiormn,
2471 1628 2637 1682 etiam
2664 1641 2725 1680 ea
2766 1640 2886 1693 quat
2927 1625 3068 1692 apttd
3106 1623 3226 1676 illos
3254 1631 3414 1674 etant
3451 1622 3502 1673 in
3529 1636 3625 1673 oc—

2033 1728 2198 1781 cultis
2247 1733 2303 1778 et
2356 1719 2677 1783 reconditis,
2730 1717 3028 1786 prohibere
3080 1715 3332 1784 cupiebat
3386 1731 3400 1767 :
3461 1713 3623 1775 sicut,

2039 1818 2181 1873 verbi
2212 1832 2398 1879 causa,
2427 1824 2484 1866 nt
2529 1829 2623 1867 nos
2661 1826 2878 1879 quoque
2921 1809 3375 1878 appellationibus
3406 1817 3626 1861 utamur

2037 1914 2297 1980 ipsorum,
2335 1907 2572 1960 Ilecalen
2600 1920 2764 1972 quant
2797 1903 3002 1962 dicunt,
3037 1903 3282 1970 aliasqtte
3306 1901 3620 1954 daemonum

2031 2003 2258 2065 fortnas,
2296 2016 2414 2068 qua:
2444 1994 2737 2066 Apostolus
2775 2011 2794 2044 ς
2823 1992 3088 2062 spiritalia
3143 1991 3402 2063 nequitiae
3429 1991 3481 2045 in
3511 2005 3623 2042 rut-

2033 2094 2302 2148 lestibns»
2343 2088 2589 2143 vocat“.
2656 2086 2732 2138 De
2780 2086 2909 2155 ipsis
2946 2087 3215 2149 fortassis,
3271 2095 3322 2138 et
3356 2084 3619 2154 propheta

2030 2188 2164 2240 dicit
2189 2185 2252 2249 ⁸³,
2287 2186 2414 2253 quia
2459 2202 2477 2234 ‹
2506 2182 2811 2236 inebriatus
2861 2190 2942 2233 est
2971 2178 3186 2246 gladius
3227 2192 3380 2230 mens
3416 2177 3467 2230 in
3501 2190 3617 2229 etB-

2029 2279 2101 2333 ln.
2130 2298 2148 2330 ι
2195 2277 2288 2331 llis
2337 2276 2482 2330 enim
2531 2272 2726 2326 formis
2773 2281 2827 2324 et
2875 2268 3327 2323 similitmlinibus
3362 2267 3620 2320 invocare

2028 2368 2296 2423 daantonia
2327 2367 2499 2420 moris
2549 2373 2633 2417 est
2667 2362 2753 2426 iis,
2786 2360 2982 2430 quibus
3025 2359 3150 2412 talia
3183 2374 3329 2412 cura:
3359 2366 3506 2421 sunt,
3534 2356 3620 2410 νει

2028 2463 2094 2515 ad
2151 2460 2472 2530 repellenda,
2526 2456 2610 2512 Vel
2663 2455 2827 2509 etiam
2878 2451 2942 2505 ad
3009 2452 3225 2504 vitanda
3280 2449 3441 2511 mala,
3495 2463 3619 2517 quae

2029 2571 2173 2610 nunc
2207 2569 2390 2609 sermo
2421 2553 2514 2608 Dei
2567 2551 2820 2606 universa
2854 2545 3226 2613 complectens
3275 2542 3434 2596 simul
3467 2541 3620 2609 abjn-

2030 2659 2114 2705 rat
2149 2659 2218 2704 et-
2242 2649 2454 2718 abiicit,
2484 2656 2538 2702 el
2572 2662 2679 2701 non
2725 2643 2900 2699 solum
2934 2639 3135 2692 idolum
3175 2637 3289 2689 lieri
3322 2645 3492 2696 vetat,
3521 2636 3616 2687 sed

2027 2755 2080 2798 et
2132 2741 2542 2796 similitudinem
2577 2738 2822 2793 omnium
2855 2748 2973 2802 quae
3011 2731 3063 2784 in
3099 2741 3242 2783 terra
3291 2738 3447 2792 sunt,
3473 2736 3528 2782 et
3561 2727 3616 2779 in

2028 2836 2220 2905 aquis,
2246 2845 2302 2888 et
2332 2836 2384 2887 itt
2417 2833 2576 2888 ccelo.

2098 2932 2153 2984 4.
2190 2929 2350 2982 Addit
2397 2939 2578 2979 antrnt
2631 2933 2686 2976 et
2731 2919 2861 2974 dicit
2889 2915 2962 2984 δή
3002 2931 3019 2966 i
3047 2913 3162 2966 Non
3213 2910 3473 2966 adorabis
3526 2925 3617 2974 ea,

2862 3021 3037 3074 neque
3057 3004 3203 3058 coles
3226 3019 3287 3056 ea
3305 3003 3425 3056 α’.»
3459 3003 3617 3060 Aliud
3645 3029 3672 3069 ς

2860 3109 2945 3155 est
2965 3099 3164 3163 colere,
3192 3097 3339 3151 aliud
3367 3100 3614 3157 adorare.

2863 3189 3049 3243 Potest
3095 3188 3218 3254 quis
3264 3187 3534 3240 interdum
3562 3195 3619 3241 et

2861 3282 3066 3337 invitus
3132 3281 3388 3344 adorare,
3470 3281 3614 3333 sicut

2860 3376 3102 3430 nonnnl!i
3138 3375 3352 3446 regibus
3391 3374 3616 3428 adulan-

2860 3481 2958 3538 tes,
2994 3488 3116 3525 cum
3144 3487 3238 3526 eos
3267 3471 3332 3524 ad
3366 3469 3616 3537 hujusce-

2857 3567 3000 3622 tnodi
3025 3568 3202 3622 studia
3232 3567 3442 3622 deditos
3467 3567 3640 3644 vides

2858 3665 2988 3730 rint,
3042 3664 3274 3718 adorare
3329 3679 3388 3718 se
3441 3663 3612 3716 sintn-

2855 3757 2966 3812 lant
2997 3759 3160 3822 idola,
3205 3775 3327 3812 cum
3367 3759 3416 3811 in
3450 3760 3613 3811 corde

2856 3853 3096 3923 ipsorum
3122 3865 3328 3908 certum
3364 3853 3454 3916 sit,
3484 3854 3608 3921 quia

2854 3948 2987 4003 nihil
3019 3959 3102 4005 est
3133 3949 3356 4004 idolum.
3417 3949 3612 4002 Colere

2853 4058 3007 4109 vero,
3035 4055 3117 4098 est
3152 4054 3269 4099 toto
3295 4046 3378 4098 his
3410 4044 3608 4097 affectu

2017 4131 2405 4204 χαριζομένους
2426 4131 2656 4200 γυναιξὶ,
2683 4135 2777 4187 καὶ
2849 4148 2906 4191 et
2952 4141 3134 4194 studio
3181 4139 3502 4207 mancipari.
3537 4139 3610 4194 U-

2015 4225 2210 4277 εἴδωλα
2243 4224 2702 4294 προσκυνοῦντας.
2852 4238 3105 4297 trumqne
3121 4245 3254 4298 ergo
3273 4240 3480 4283 resecat
3501 4245 3610 4282 ser-

2015 4331 2106 4370 mo
2136 4315 2372 4378 divinus,
2431 4325 2489 4368 nt
2516 4331 2692 4384 tteque
2740 4315 2938 4372 aﬂ'ectu
2973 4323 3145 4385 colas,
3202 4335 3381 4387 neque
3419 4321 3607 4388 specie

2015 4408 2233 4462 adores.
2314 4406 2604 4462 Sciendum
2657 4417 2860 4473 tamen,
2915 4411 3058 4482 quod
3121 4427 3245 4464 cum
3297 4413 3606 4466 deeteveris

2016 4502 2271 4572 prmcepti
2325 4499 2441 4570 ejus
2469 4514 2692 4556 servare
2742 4505 3078 4568 mamlatum,
3137 4513 3191 4558 et
3226 4519 3416 4558 oumes
3441 4517 3604 4558 eicie-

2033 3042 2051 3074 ι
2077 3023 2150 3075 Οὐ
2168 3019 2564 3092 προσκυνήσεις
2580 3017 2783 3076 αὐτοῖς,

2027 3113 2148 3166 οὐδὲ
2181 3110 2501 3182 λατρεύσεις
2529 3108 2733 3168 αὐτοῖς.
2763 3125 2780 3154 ι

2029 3295 2089 3348 λο
2113 3292 2418 3364 λατρεύειν.
2462 3291 2521 3344 '0
2555 3289 2652 3360 μὲν
2678 3287 2786 3357 γὰρ

2027 3389 2088 3452 ἐξ
2125 3387 2251 3456 ὅλης
2296 3384 2472 3455 ψυχῆς
2522 3379 2786 3436 δουλεύων

2023 3478 2255 3542 τούτοις,
2292 3479 2352 3530 οὐ
2405 3476 2564 3547 μόνον
2615 3490 2785 3545 προσ-

2025 3571 2196 3634 κυνεῖ,
2225 3569 2360 3622 ἀλλὰ
2383 3567 2476 3620 καὶ
2509 3565 2779 3637 λατρεύει.

2037 3667 2093 3718 Ὀ
2133 3665 2189 3718 δὲ
2231 3663 2780 3735 καθυποκρινόμενος,

2021 3759 2115 3812 καὶ
2163 3757 2251 3810 διὰ
2297 3756 2364 3810 τὰ
2412 3755 2538 3826 ἔθνη
2588 3753 2778 3818 ποιῶν,

2019 3857 2080 3908 οὐ
2109 3853 2360 3924 λατρεύει
2387 3854 2506 3922 μὲν,
2541 3868 2780 3924 προσκυ-

2017 3949 2102 3998 νεῖ
2117 3945 2194 3999 es.
2240 3945 2508 4016 Εύρήσεις
2529 3943 2584 3995 δὲ
2605 3943 2780 3995 τοιού-

2016 4055 2143 4100 τους
2207 4039 2264 4090 ἐν
2321 4040 2433 4100 τοῖς
2502 4035 2780 4106 Ἀριθμοῖς

321 4593 421 4636 aut
451 4574 688 4635 lnnnano
724 4584 930 4651 pectori
988 4595 1294 4651 postremas
1328 4595 1512 4654 partes
1542 4589 1663 4655 equi
1697 4599 1791 4642 aut
1827 4591 1914 4660 pi:
1945 4574 1989 4628 D
2019 4610 2110 4649 ros
2145 4595 2275 4650 deos
2319 4603 2374 4648 et
2423 4595 2675 4649 dominos
2727 4596 3033 4666 repudiare,
3087 4607 3143 4652 et
3193 4609 3392 4668 praeter
3436 4615 3602 4650 unum

322 4675 440 4728 seis
471 4673 746 4745 adiungat.
813 4675 935 4730 IIa-e
967 4687 1015 4728 et
1052 4677 1115 4729 iis
1145 4677 1343 4730 similia
1374 4679 1463 4744 qui
1500 4679 1650 4744 facit,
1687 4697 1792 4735 non
1833 4684 1908 4737 si-

324 4766 705 4830 militudinvtu,
766 4769 858 4821 sed
914 4769 1116 4822 idolnnt
1168 4769 1317 4824 facit.
1383 4770 1533 4824 Facit
1576 4774 1720 4826 enim
1761 4761 1904 4843 quod

323 4872 434 4909 non
473 4869 579 4923 est,
632 4873 732 4913 nec
784 4859 945 4912 habet
981 4861 1184 4927 aliquid
1220 4861 1394 4914 simile
1445 4863 1549 4918 sui.
1594 4863 1661 4919 Et
1705 4865 1907 4921 idcirco

933 4966 1118 5006 VERSIO
1153 4967 1314 5010 ΝονΑ.

401 5042 437 5111 ιι-
461 5061 480 5093 (
511 5042 639 5118 Non
662 5045 822 5118 facies
847 5045 939 5098 tibi
964 5047 1182 5107 idolum,
1209 5064 1370 5118 neque
1399 5048 1560 5103 ullius
1601 5050 1910 5107 similitudi-

323 5126 464 5165 nem.
493 5133 512 5163 ι
554 5114 715 5166 Aliud
756 5117 956 5169 idolum
986 5130 1031 5168 et
1080 5118 1228 5170 aliud
1271 5114 1587 5172 similitudo.
1633 5120 1906 5176 Similitu-

322 5181 394 5257 ὀρ
426 5184 567 5257 enim
606 5194 681 5236 est
719 5188 766 5238 si
810 5188 987 5252 piscis,
1027 5196 1116 5238 aut
1163 5189 1542 5257 quadrupedis,
1592 5201 1684 5243 aut
1729 5191 1908 5246 bestia

320 5252 666 5325 simulacrum
701 5266 810 5307 arte
836 5266 924 5308 aut
969 5252 1230 5324 pingendo
1277 5252 1496 5325 feceris;
1529 5252 1748 5313 iidolum
1785 5279 1904 5316 vero

318 5322 577 5397 quidquid
609 5327 814 5397 animus
839 5341 903 5378 ex
930 5327 1010 5378 liis
1044 5322 1161 5396 qua:
1196 5322 1449 5392 primario
1482 5347 1584 5382 non
1615 5331 1900 5397 exsistunt,

320 5406 498 5471 secum
526 5396 636 5471 ipse
653 5395 980 5471 eﬂormaril:
1004 5395 1301 5466 cujusmodt
1324 5401 1484 5467 fuerit
1513 5401 1736 5464 animal,
1761 5395 1902 5471 quod

323 5460 523 5514 mistim
548 5460 756 5516 homine
786 5476 832 5517 et
871 5482 1000 5535 equo
1031 5460 1245 5522 constet.

962 5585 1007 5617 "
1028 5586 1196 5640 Exod.
1248 5603 1340 5650 xx,
1388 5588 1441 5643 5.

881 5654 926 5686 ⁸³
948 5655 1050 5711 Isa.
1083 5673 1268 5724 xsxnv,
1295 5659 1349 5716 5.

393 5582 440 5615 "
461 5582 619 5638 Joan.
647 5599 764 5650 vni,
799 5583 887 5639 54.

330 5645 588 5720 "Ephes.
612 5670 690 5720 tn,
721 5645 804 5710 I2.
881 5654 926 5686 ⁸³
948 5655 1050 5711 Isa.
1083 5673 1268 5724 sunt,
1427 5659 1492 5690 ‘3'
1521 5658 1698 5715 Exod.
1729 5645 1820 5726 iis,
1852 5660 1906 5714 5.

1522 5589 1567 5620 ⁸⁸
1592 5589 1763 5647 Exod.
1822 5605 1975 5656 xxvi,
2016 5591 2073 5646 4.

2021 4690 2186 4743 Deum
2230 4697 2283 4742 et
2314 4688 2603 4742 Dominum
2655 4690 2923 4744 neminem
2963 4690 3165 4744 habere
3209 4692 3288 4743 vel
3320 4691 3485 4744 Deum
3521 4689 3603 4744 vel

2017 4777 2327 4842 Dominum,
2362 4780 2462 4832 hoc
2506 4789 2589 4834 est
2623 4780 2822 4834 bellum
2873 4781 2992 4836 sine
3021 4780 3227 4836 foedere
3257 4783 3605 4837 denuntiasse

2013 4873 2266 4927 Omnibus
2315 4873 2550 4927 caeteris.
2609 4872 2744 4927 Cum
2779 4888 2912 4942 ergo
2956 4876 3203 4931 venimus
3253 4876 3320 4929 ad
3370 4878 3601 4946 gratiam

2608 4979 2800 5019 VERSIO
2831 4979 2992 5019 NOVA.

2088 5059 2164 5126 σξη
2194 5054 2316 5110 Non
2352 5057 2602 5112 adorabis
2627 5075 2710 5122 ea,
2748 5074 2911 5126 neque
2955 5058 3094 5113 coles
3142 5075 3224 5112 ea.
3253 5077 3271 5110 ι
3331 5057 3491 5110 Aliud
3523 5067 3602 5110 est

2011 5129 2243 5183 adorare
2281 5135 2331 5181 et
2373 5127 2522 5180 aliud
2557 5128 2749 5183 colere.
2794 5129 2936 5183 Nam
2970 5131 3060 5198 qui
3095 5141 3204 5183 tato
3248 5131 3424 5182 ωιτηιο
3458 5129 3602 5181 Ιιίδτε

2014 5200 2196 5261 seruit,
2235 5214 2338 5250 non
2384 5199 2541 5250 modo
2574 5199 2784 5261 adorat,
2839 5216 3017 5253 verum
3071 5201 3231 5253 etiam
3286 5201 3431 5254 colit.
3493 5199 3602 5263 Qui

2014 5279 2188 5322 autem
2222 5284 2327 5321 rem
2367 5268 2611 5321 simulate
2649 5285 2711 5321 ac
2737 5279 2947 5338 propter
2981 5281 3157 5338 gentes
3200 5269 3350 5337 facit,
3389 5283 3601 5338 nonco-

2013 5341 2074 5391 lit
2115 5338 2346 5408 quidem,
2391 5340 2480 5391 sed
2515 5335 3048 5408 adorat.’Ejusmodi
3088 5335 3312 5406 reperies
3359 5340 3412 5389 iu
3473 5335 3597 5388 Nu-

2013 5425 2194 5474 meris,
2218 5410 2306 5464 aui
2339 5421 2394 5463 ut
2427 5408 2740 5463 mulieribus
2762 5410 3001 5479 placeant
3035 5411 3178 5462 idola
3205 5414 3455 5460 adorant.

2149 5591 2242 5647 ὀι
2283 5593 2410 5650 Cor.
2470 5608 2591 5661 vtn,
2637 5594 2691 5648 5.
2769 5594 2815 5626 ⁶⁰
2838 5593 2967 5651 ibid.
2991 5593 3048 5647 4.
3124 5591 3360 5646 “ICor.
3388 5605 3508 5658 vnt,
3548 5595 3596 5650 lt.

395 5745 510 5820 (50)
543 5751 628 5831 οὐ
663 5750 972 5832 ποιήσεις,-
1005 5761 1110 5832 etc.
1163 5751 1350 5808 Graeca
1411 5755 1570 5826 hujus
1629 5771 1728 5812 nec
1771 5771 1877 5812 non
1932 5762 2211 5829 sequentis
2259 5759 2544 5832 l'ragmenti
2591 5761 2752 5814 verba
2806 5758 3087 5827 desumpta
3137 5766 3262 5811 sunt
3303 5771 3334 5810 e
3375 5758 3588 5819 schcdis

329 5822 706 5886 manuscﬂptis
737 5824 1067 5879 Cetttliclisii.
