  <div class='ocr_page' id='page_1' title='image "/cluster/home/n/w/nwhite01/storage/ocr_20150623/12:no.2/coo.31924054873074/191.png"; bbox 0 0 4110 6406; ppageno 0'>
   <div class='ocr_carea' id='block_1_1' title="bbox 1978 337 2307 395">
    <p class='ocr_par' dir='ltr' id='par_1_1' title="bbox 1978 337 2307 395">
     <span class='ocr_line' id='line_1_1' title="bbox 1978 337 2307 395; baseline -0.003 -1"><span class='ocrx_word' id='word_1_1' title='bbox 1978 337 2307 395; x_wconf 75' lang='lat' dir='ltr'><strong>ORIGENIS</strong></span> 
     </span>
    </p>
   </div>
   <div class='ocr_carea' id='block_1_2' title="bbox 3676 349 3785 403">
    <p class='ocr_par' dir='ltr' id='par_1_2' title="bbox 3676 349 3785 403">
     <span class='ocr_line' id='line_1_2' title="bbox 3676 349 3785 403; baseline 0 0"><span class='ocrx_word' id='word_1_2' title='bbox 3676 349 3785 403; x_wconf 66' lang='lat'><strong>55:6</strong></span> 
     </span>
    </p>
   </div>
   <div class='ocr_carea' id='block_1_3' title="bbox 497 458 3779 531">
    <p class='ocr_par' dir='ltr' id='par_1_3' title="bbox 497 458 3779 531">
     <span class='ocr_line' id='line_1_3' title="bbox 497 458 3779 531; baseline 0.001 -14"><span class='ocrx_word' id='word_1_3' title='bbox 497 460 775 531; x_wconf 86' lang='lat' dir='ltr'><strong>baptismi,</strong></span> <span class='ocrx_word' id='word_1_4' title='bbox 808 460 1082 517; x_wconf 82' lang='lat' dir='ltr'><strong>universis</strong></span> <span class='ocrx_word' id='word_1_5' title='bbox 1110 458 1230 514; x_wconf 90' lang='lat' dir='ltr'><strong>aliis</strong></span> <span class='ocrx_word' id='word_1_6' title='bbox 1255 460 1361 514; x_wconf 88' lang='lat' dir='ltr'><strong>diis</strong></span> <span class='ocrx_word' id='word_1_7' title='bbox 1402 468 1457 513; x_wconf 90' lang='lat' dir='ltr'><strong>et</strong></span> <span class='ocrx_word' id='word_1_8' title='bbox 1492 459 1732 516; x_wconf 88' lang='lat' dir='ltr'><strong>dominis</strong></span> <span class='ocrx_word' id='word_1_9' title='bbox 1766 462 2089 515; x_wconf 87' lang='lat' dir='ltr'><strong>renuntian-</strong></span> <span class='ocrx_word' id='word_1_10' title='bbox 2119 466 2163 522; x_wconf 77' lang='grc' dir='ltr'><strong>Α</strong></span> <span class='ocrx_word' id='word_1_11' title='bbox 2196 476 2318 515; x_wconf 90' lang='lat' dir='ltr'><strong>mus</strong></span> <span class='ocrx_word' id='word_1_12' title='bbox 2343 462 2409 514; x_wconf 91' lang='lat' dir='ltr'><strong>ad</strong></span> <span class='ocrx_word' id='word_1_13' title='bbox 2443 459 2747 522; x_wconf 85' lang='lat' dir='ltr'><strong>Christum,</strong></span> <span class='ocrx_word' id='word_1_14' title='bbox 2795 477 2919 514; x_wconf 89' lang='lat' dir='ltr'><strong>cum</strong></span> <span class='ocrx_word' id='word_1_15' title='bbox 2975 460 3177 523; x_wconf 89' lang='lat' dir='ltr'><strong>adhuc,</strong></span> <span class='ocrx_word' id='word_1_16' title='bbox 3235 468 3292 512; x_wconf 94' lang='lat' dir='ltr'><strong>ut</strong></span> <span class='ocrx_word' id='word_1_17' title='bbox 3346 462 3597 531; x_wconf 76' lang='lat' dir='ltr'><strong>superius</strong></span> <span class='ocrx_word' id='word_1_18' title='bbox 3646 466 3779 531; x_wconf 83' lang='lat' dir='ltr'><strong>dixi,</strong></span> 
     </span>
    </p>
   </div>
   <div class='ocr_carea' id='block_1_4' title="bbox 498 552 2093 619">
    <p class='ocr_par' dir='ltr' id='par_1_4' title="bbox 498 552 2093 619">
     <span class='ocr_line' id='line_1_4' title="bbox 498 552 2093 619; baseline 0.003 -13"><span class='ocrx_word' id='word_1_19' title='bbox 498 564 604 617; x_wconf 88' lang='lat' dir='ltr'><strong>tes,</strong></span> <span class='ocrx_word' id='word_1_20' title='bbox 634 553 805 606; x_wconf 85' lang='lat' dir='ltr'><strong>solum</strong></span> <span class='ocrx_word' id='word_1_21' title='bbox 837 553 1167 607; x_wconf 83' lang='lat' dir='ltr'><strong>confitemur</strong></span> <span class='ocrx_word' id='word_1_22' title='bbox 1202 553 1372 606; x_wconf 91' lang='lat' dir='ltr'><strong>Deum</strong></span> <span class='ocrx_word' id='word_1_23' title='bbox 1406 552 1645 617; x_wconf 88' lang='lat' dir='ltr'><strong>Patrem,</strong></span> <span class='ocrx_word' id='word_1_24' title='bbox 1691 564 1745 608; x_wconf 91' lang='lat' dir='ltr'><strong>et</strong></span> <span class='ocrx_word' id='word_1_25' title='bbox 1786 553 2004 619; x_wconf 82' lang='lat' dir='ltr'><strong>Filium,</strong></span> <span class='ocrx_word' id='word_1_26' title='bbox 2036 565 2093 610; x_wconf 82' lang='lat' dir='ltr'><strong>et.</strong></span> 
     </span>
    </p>
   </div>
   <div class='ocr_carea' id='block_1_5' title="bbox 497 649 2091 719">
    <p class='ocr_par' dir='ltr' id='par_1_5' title="bbox 497 649 2091 719">
     <span class='ocr_line' id='line_1_5' title="bbox 497 649 2091 719; baseline 0.001 -15"><span class='ocrx_word' id='word_1_27' title='bbox 497 649 762 719; x_wconf 85' lang='lat' dir='ltr'><strong>Spiritum</strong></span> <span class='ocrx_word' id='word_1_28' title='bbox 817 660 1089 704; x_wconf 87' lang='lat' dir='ltr'><strong>sanctmn.</strong></span> <span class='ocrx_word' id='word_1_29' title='bbox 1155 650 1261 704; x_wconf 88' lang='lat' dir='ltr'><strong>Sed</strong></span> <span class='ocrx_word' id='word_1_30' title='bbox 1316 651 1418 703; x_wconf 87' lang='lat' dir='ltr'><strong>hoc</strong></span> <span class='ocrx_word' id='word_1_31' title='bbox 1453 651 1776 705; x_wconf 78' lang='lat' dir='ltr'><strong>confitentes</strong></span> <span class='ocrx_word' id='word_1_32' title='bbox 1837 652 1936 706; x_wconf 90' lang='lat' dir='ltr'><strong>nisi</strong></span> <span class='ocrx_word' id='word_1_33' title='bbox 1978 662 2091 705; x_wconf 89' lang='lat' dir='ltr'><strong>toto</strong></span> 
     </span>
    </p>
   </div>
   <div class='ocr_carea' id='block_1_6' title="bbox 497 741 2089 811">
    <p class='ocr_par' dir='ltr' id='par_1_6' title="bbox 497 741 2089 811">
     <span class='ocr_line' id='line_1_6' title="bbox 497 741 2089 811; baseline 0.002 -15"><span class='ocrx_word' id='word_1_34' title='bbox 497 743 663 797; x_wconf 88' lang='lat' dir='ltr'><strong>corde</strong></span> <span class='ocrx_word' id='word_1_35' title='bbox 696 742 986 811; x_wconf 77' lang='lat' dir='ltr'><strong>diligamus</strong></span> <span class='ocrx_word' id='word_1_36' title='bbox 1032 741 1321 796; x_wconf 92' lang='lat' dir='ltr'><strong>Dominum</strong></span> <span class='ocrx_word' id='word_1_37' title='bbox 1359 744 1526 796; x_wconf 77' lang='lat' dir='ltr'><strong>Deum</strong></span> <span class='ocrx_word' id='word_1_38' title='bbox 1576 754 1844 809; x_wconf 85' lang='lat' dir='ltr'><strong>nostrum,</strong></span> <span class='ocrx_word' id='word_1_39' title='bbox 1876 755 1930 799; x_wconf 90' lang='lat' dir='ltr'><strong>ct</strong></span> <span class='ocrx_word' id='word_1_40' title='bbox 1978 755 2089 800; x_wconf 89' lang='lat' dir='ltr'><strong>tota</strong></span> 
     </span>
    </p>
   </div>
   <div class='ocr_carea' id='block_1_7' title="bbox 495 834 2089 905">
    <p class='ocr_par' dir='ltr' id='par_1_7' title="bbox 495 834 2089 905">
     <span class='ocr_line' id='line_1_7' title="bbox 495 834 2089 905; baseline 0.003 -17"><span class='ocrx_word' id='word_1_41' title='bbox 495 835 696 896; x_wconf 82' lang='lat' dir='ltr'><strong>anima,</strong></span> <span class='ocrx_word' id='word_1_42' title='bbox 730 845 784 889; x_wconf 92' lang='lat' dir='ltr'><strong>et</strong></span> <span class='ocrx_word' id='word_1_43' title='bbox 818 844 926 886; x_wconf 89' lang='lat' dir='ltr'><strong>tota</strong></span> <span class='ocrx_word' id='word_1_44' title='bbox 960 836 1160 889; x_wconf 91' lang='lat' dir='ltr'><strong>virtute</strong></span> <span class='ocrx_word' id='word_1_45' title='bbox 1190 834 1572 889; x_wconf 65' lang='lat' dir='ltr'><strong>adhaareamus</strong></span> <span class='ocrx_word' id='word_1_46' title='bbox 1607 836 1730 905; x_wconf 86' lang='lat' dir='ltr'><strong>ipsi,</strong></span> <span class='ocrx_word' id='word_1_47' title='bbox 1764 852 1870 893; x_wconf 89' lang='lat' dir='ltr'><strong>non</strong></span> <span class='ocrx_word' id='word_1_48' title='bbox 1900 853 2089 893; x_wconf 88' lang='lat' dir='ltr'><strong>smnus</strong></span> 
     </span>
    </p>
   </div>
   <div class='ocr_carea' id='block_1_8' title="bbox 494 924 2086 996">
    <p class='ocr_par' dir='ltr' id='par_1_8' title="bbox 494 924 2086 996">
     <span class='ocr_line' id='line_1_8' title="bbox 494 924 2086 996; baseline 0.002 -16"><span class='ocrx_word' id='word_1_49' title='bbox 494 924 673 980; x_wconf 78' lang='lat' dir='ltr'><strong>effecti</strong></span> <span class='ocrx_word' id='word_1_50' title='bbox 707 940 834 995; x_wconf 88' lang='lat' dir='ltr'><strong>pars</strong></span> <span class='ocrx_word' id='word_1_51' title='bbox 872 925 1122 990; x_wconf 81' lang='lat' dir='ltr'><strong>Domini;</strong></span> <span class='ocrx_word' id='word_1_52' title='bbox 1155 926 1250 979; x_wconf 89' lang='lat' dir='ltr'><strong>sed</strong></span> <span class='ocrx_word' id='word_1_53' title='bbox 1289 925 1431 979; x_wconf 88' lang='lat' dir='ltr'><strong>velut</strong></span> <span class='ocrx_word' id='word_1_54' title='bbox 1477 928 1527 979; x_wconf 93' lang='lat' dir='ltr'><strong>in</strong></span> <span class='ocrx_word' id='word_1_55' title='bbox 1565 928 1808 981; x_wconf 84' lang='lat' dir='ltr'><strong>confinio</strong></span> <span class='ocrx_word' id='word_1_56' title='bbox 1851 930 2086 996; x_wconf 89' lang='lat' dir='ltr'><strong>quodam</strong></span> 
     </span>
    </p>
   </div>
   <div class='ocr_carea' id='block_1_9' title="bbox 494 1015 2091 1089">
    <p class='ocr_par' dir='ltr' id='par_1_9' title="bbox 494 1015 2091 1089">
     <span class='ocr_line' id='line_1_9' title="bbox 494 1015 2091 1089; baseline 0.002 -17"><span class='ocrx_word' id='word_1_57' title='bbox 494 1018 681 1088; x_wconf 77' lang='lat' dir='ltr'><strong>positi,</strong></span> <span class='ocrx_word' id='word_1_58' title='bbox 712 1027 769 1072; x_wconf 84' lang='lat' dir='ltr'><strong>et</strong></span> <span class='ocrx_word' id='word_1_59' title='bbox 795 1016 920 1071; x_wconf 89' lang='lat' dir='ltr'><strong>illos</strong></span> <span class='ocrx_word' id='word_1_60' title='bbox 948 1015 1185 1072; x_wconf 65' lang='lat' dir='ltr'><strong>oﬂ‘ensos</strong></span> <span class='ocrx_word' id='word_1_61' title='bbox 1213 1018 1477 1085; x_wconf 79' lang='lat' dir='ltr'><strong>patimur,</strong></span> <span class='ocrx_word' id='word_1_62' title='bbox 1506 1035 1641 1087; x_wconf 90' lang='lat' dir='ltr'><strong>quos</strong></span> <span class='ocrx_word' id='word_1_63' title='bbox 1678 1021 2000 1089; x_wconf 71' lang='lat' dir='ltr'><strong>refugimus,</strong></span> <span class='ocrx_word' id='word_1_64' title='bbox 2036 1032 2091 1075; x_wconf 84' lang='lat' dir='ltr'><strong>et</strong></span> 
     </span>
    </p>
   </div>
   <div class='ocr_carea' id='block_1_10' title="bbox 496 1108 2091 1180">
    <p class='ocr_par' dir='ltr' id='par_1_10' title="bbox 496 1108 2091 1180">
     <span class='ocr_line' id='line_1_10' title="bbox 496 1108 2091 1180; baseline 0.001 -16"><span class='ocrx_word' id='word_1_65' title='bbox 496 1110 783 1164; x_wconf 83' lang='lat' dir='ltr'><strong>Dominum</strong></span> <span class='ocrx_word' id='word_1_66' title='bbox 813 1110 879 1162; x_wconf 90' lang='lat' dir='ltr'><strong>ad</strong></span> <span class='ocrx_word' id='word_1_67' title='bbox 920 1123 1081 1176; x_wconf 86' lang='lat' dir='ltr'><strong>quem</strong></span> <span class='ocrx_word' id='word_1_68' title='bbox 1111 1108 1458 1179; x_wconf 78' lang='lat' dir='ltr'><strong>confugimus</strong></span> <span class='ocrx_word' id='word_1_69' title='bbox 1509 1111 1804 1180; x_wconf 90' lang='lat' dir='ltr'><strong>propitium</strong></span> <span class='ocrx_word' id='word_1_70' title='bbox 1844 1128 1949 1165; x_wconf 90' lang='lat' dir='ltr'><strong>nou</strong></span> <span class='ocrx_word' id='word_1_71' title='bbox 1975 1112 2091 1167; x_wconf 80' lang='lat' dir='ltr'><strong>effi-</strong></span> 
     </span>
    </p>
   </div>
   <div class='ocr_carea' id='block_1_11' title="bbox 493 1201 2087 1273">
    <p class='ocr_par' dir='ltr' id='par_1_11' title="bbox 493 1201 2087 1273">
     <span class='ocr_line' id='line_1_11' title="bbox 493 1201 2087 1273; baseline 0.001 -18"><span class='ocrx_word' id='word_1_72' title='bbox 493 1201 691 1264; x_wconf 89' lang='lat' dir='ltr'><strong>cimus,</strong></span> <span class='ocrx_word' id='word_1_73' title='bbox 720 1216 884 1270; x_wconf 85' lang='lat' dir='ltr'><strong>quem</strong></span> <span class='ocrx_word' id='word_1_74' title='bbox 937 1218 1043 1254; x_wconf 81' lang='lat' dir='ltr'><strong>noti</strong></span> <span class='ocrx_word' id='word_1_75' title='bbox 1081 1217 1147 1256; x_wconf 79' lang='lat' dir='ltr'><strong>ex</strong></span> <span class='ocrx_word' id='word_1_76' title='bbox 1189 1211 1302 1257; x_wconf 90' lang='lat' dir='ltr'><strong>toto</strong></span> <span class='ocrx_word' id='word_1_77' title='bbox 1351 1211 1405 1255; x_wconf 91' lang='lat' dir='ltr'><strong>et</strong></span> <span class='ocrx_word' id='word_1_78' title='bbox 1442 1203 1656 1272; x_wconf 85' lang='lat' dir='ltr'><strong>integro</strong></span> <span class='ocrx_word' id='word_1_79' title='bbox 1701 1206 1868 1259; x_wconf 80' lang='lat' dir='ltr'><strong>corde</strong></span> <span class='ocrx_word' id='word_1_80' title='bbox 1911 1206 2087 1273; x_wconf 82' lang='lat' dir='ltr'><strong>diligi—</strong></span> 
     </span>
    </p>
   </div>
   <div class='ocr_carea' id='block_1_12' title="bbox 496 1292 2082 1364">
    <p class='ocr_par' dir='ltr' id='par_1_12' title="bbox 496 1292 2082 1364">
     <span class='ocr_line' id='line_1_12' title="bbox 496 1292 2082 1364; baseline 0.004 -19"><span class='ocrx_word' id='word_1_81' title='bbox 496 1307 638 1346; x_wconf 89' lang='lat' dir='ltr'><strong>mus.</strong></span> <span class='ocrx_word' id='word_1_82' title='bbox 682 1293 749 1346; x_wconf 87' lang='lat' dir='ltr'><strong>Et</strong></span> <span class='ocrx_word' id='word_1_83' title='bbox 777 1294 897 1346; x_wconf 80' lang='lat' dir='ltr'><strong>ideo</strong></span> <span class='ocrx_word' id='word_1_84' title='bbox 921 1292 1067 1362; x_wconf 91' lang='lat' dir='ltr'><strong>luget</strong></span> <span class='ocrx_word' id='word_1_85' title='bbox 1102 1310 1203 1347; x_wconf 88' lang='lat' dir='ltr'><strong>nos</strong></span> <span class='ocrx_word' id='word_1_86' title='bbox 1248 1299 1509 1364; x_wconf 77' lang='lat' dir='ltr'><strong>propheta</strong></span> <span class='ocrx_word' id='word_1_87' title='bbox 1547 1312 1683 1364; x_wconf 87' lang='lat' dir='ltr'><strong>quos</strong></span> <span class='ocrx_word' id='word_1_88' title='bbox 1715 1298 1859 1352; x_wconf 81' lang='lat' dir='ltr'><strong>videt</strong></span> <span class='ocrx_word' id='word_1_89' title='bbox 1901 1299 2082 1363; x_wconf 87' lang='lat' dir='ltr'><strong>hujus-</strong></span> 
     </span>
    </p>
   </div>
   <div class='ocr_carea' id='block_1_13' title="bbox 493 1383 2086 1453">
    <p class='ocr_par' dir='ltr' id='par_1_13' title="bbox 493 1383 2086 1453">
     <span class='ocr_line' id='line_1_13' title="bbox 493 1383 2086 1453; baseline 0.004 -17"><span class='ocrx_word' id='word_1_90' title='bbox 493 1383 709 1437; x_wconf 89' lang='lat' dir='ltr'><strong>eemodi</strong></span> <span class='ocrx_word' id='word_1_91' title='bbox 760 1384 1129 1439; x_wconf 79' lang='lat' dir='ltr'><strong>incousmntia</strong></span> <span class='ocrx_word' id='word_1_92' title='bbox 1190 1384 1478 1448; x_wconf 82' lang='lat' dir='ltr'><strong>fluctuare,</strong></span> <span class='ocrx_word' id='word_1_93' title='bbox 1530 1400 1585 1441; x_wconf 89' lang='lat' dir='ltr'><strong>ct</strong></span> <span class='ocrx_word' id='word_1_94' title='bbox 1626 1388 1876 1442; x_wconf 73' lang='lat' dir='ltr'><strong>dicit“:</strong></span> <span class='ocrx_word' id='word_1_95' title='bbox 1927 1409 1943 1440; x_wconf 82' lang='grc' dir='ltr'><strong>ι</strong></span> <span class='ocrx_word' id='word_1_96' title='bbox 1977 1388 2086 1453; x_wconf 64' lang='grc' dir='ltr'><strong>νιν,</strong></span> 
     </span>
    </p>
   </div>
   <div class='ocr_carea' id='block_1_14' title="bbox 495 1474 2088 1551">
    <p class='ocr_par' dir='ltr' id='par_1_14' title="bbox 495 1474 2088 1551">
     <span class='ocr_line' id='line_1_14' title="bbox 495 1474 2088 1551; baseline 0.005 -23"><span class='ocrx_word' id='word_1_97' title='bbox 495 1474 740 1544; x_wconf 83' lang='lat' dir='ltr'><strong>duplices</strong></span> <span class='ocrx_word' id='word_1_98' title='bbox 768 1478 935 1530; x_wconf 87' lang='lat' dir='ltr'><strong>corde</strong></span> <span class='ocrx_word' id='word_1_99' title='bbox 982 1489 1035 1527; x_wconf 85' lang='lat' dir='ltr'><strong>et</strong></span> <span class='ocrx_word' id='word_1_100' title='bbox 1084 1479 1287 1532; x_wconf 90' lang='lat' dir='ltr'><strong>animo.</strong></span> <span class='ocrx_word' id='word_1_101' title='bbox 1314 1497 1332 1528; x_wconf 70' lang='grc' dir='ltr'><strong>ι</strong></span> <span class='ocrx_word' id='word_1_102' title='bbox 1379 1479 1446 1533; x_wconf 86' lang='grc' dir='ltr'>Ει</span> <span class='ocrx_word' id='word_1_103' title='bbox 1476 1480 1673 1533; x_wconf 89' lang='lat' dir='ltr'><strong>iterum</strong></span> <span class='ocrx_word' id='word_1_104' title='bbox 1698 1481 1741 1513; x_wconf 78' lang='grc'><strong>⁵³</strong></span> <span class='ocrx_word' id='word_1_105' title='bbox 1779 1498 1792 1534; x_wconf 90' lang='lat'><strong>:</strong></span> <span class='ocrx_word' id='word_1_106' title='bbox 1833 1501 1851 1533; x_wconf 74' lang='grc' dir='ltr'><strong>ι</strong></span> <span class='ocrx_word' id='word_1_107' title='bbox 1882 1480 2088 1551; x_wconf 86' lang='lat' dir='ltr'><strong>Usque-</strong></span> 
     </span>
    </p>
   </div>
   <div class='ocr_carea' id='block_1_15' title="bbox 492 1568 2088 1639">
    <p class='ocr_par' dir='ltr' id='par_1_15' title="bbox 492 1568 2088 1639">
     <span class='ocr_line' id='line_1_15' title="bbox 492 1568 2088 1639; baseline 0.007 -19"><span class='ocrx_word' id='word_1_108' title='bbox 492 1584 602 1639; x_wconf 91' lang='lat' dir='ltr'><strong>quo</strong></span> <span class='ocrx_word' id='word_1_109' title='bbox 632 1568 955 1624; x_wconf 81' lang='lat' dir='ltr'><strong>claudicatis</strong></span> <span class='ocrx_word' id='word_1_110' title='bbox 1001 1570 1249 1639; x_wconf 80' lang='lat' dir='ltr'><strong>utrisque</strong></span> <span class='ocrx_word' id='word_1_111' title='bbox 1284 1572 1515 1639; x_wconf 82' lang='lat' dir='ltr'><strong>genibus</strong></span> <span class='ocrx_word' id='word_1_112' title='bbox 1549 1573 1823 1627; x_wconf 66' lang='lat' dir='ltr'><strong>vestris?»</strong></span> <span class='ocrx_word' id='word_1_113' title='bbox 1888 1575 1993 1630; x_wconf 88' lang='lat' dir='ltr'><strong>Sed</strong></span> <span class='ocrx_word' id='word_1_114' title='bbox 2033 1586 2088 1631; x_wconf 89' lang='lat' dir='ltr'><strong>et</strong></span> 
     </span>
    </p>
   </div>
   <div class='ocr_carea' id='block_1_16' title="bbox 492 1659 2087 1733">
    <p class='ocr_par' dir='ltr' id='par_1_16' title="bbox 492 1659 2087 1733">
     <span class='ocr_line' id='line_1_16' title="bbox 492 1659 2087 1733; baseline 0.006 -20"><span class='ocrx_word' id='word_1_115' title='bbox 492 1664 772 1729; x_wconf 84' lang='lat' dir='ltr'><strong>apostolus</strong></span> <span class='ocrx_word' id='word_1_116' title='bbox 793 1659 1032 1714; x_wconf 77' lang='lat' dir='ltr'><strong>Jacobus</strong></span> <span class='ocrx_word' id='word_1_117' title='bbox 1067 1662 1197 1715; x_wconf 88' lang='lat' dir='ltr'><strong>dicit</strong></span> <span class='ocrx_word' id='word_1_118' title='bbox 1222 1662 1267 1693; x_wconf 82' lang='lat'><strong>“</strong></span> <span class='ocrx_word' id='word_1_119' title='bbox 1306 1677 1322 1716; x_wconf 90' lang='lat'><strong>:</strong></span> <span class='ocrx_word' id='word_1_120' title='bbox 1359 1682 1378 1714; x_wconf 75' lang='grc' dir='ltr'><strong>ι</strong></span> <span class='ocrx_word' id='word_1_121' title='bbox 1410 1664 1501 1717; x_wconf 85' lang='lat' dir='ltr'><strong>Vir</strong></span> <span class='ocrx_word' id='word_1_122' title='bbox 1534 1665 1731 1733; x_wconf 78' lang='lat' dir='ltr'><strong>duplex</strong></span> <span class='ocrx_word' id='word_1_123' title='bbox 1788 1668 1972 1723; x_wconf 83' lang='lat' dir='ltr'><strong>animo</strong></span> <span class='ocrx_word' id='word_1_124' title='bbox 2004 1668 2087 1723; x_wconf 83' lang='lat' dir='ltr'><strong>in-</strong></span> 
     </span>
    </p>
   </div>
   <div class='ocr_carea' id='block_1_17' title="bbox 491 1753 2080 1828">
    <p class='ocr_par' dir='ltr' id='par_1_17' title="bbox 491 1753 2080 1828">
     <span class='ocr_line' id='line_1_17' title="bbox 491 1753 2080 1828; baseline 0.004 -21"><span class='ocrx_word' id='word_1_125' title='bbox 491 1762 755 1807; x_wconf 88' lang='lat' dir='ltr'><strong>constans</strong></span> <span class='ocrx_word' id='word_1_126' title='bbox 784 1762 868 1807; x_wconf 86' lang='lat' dir='ltr'><strong>est</strong></span> <span class='ocrx_word' id='word_1_127' title='bbox 917 1753 969 1806; x_wconf 91' lang='lat' dir='ltr'><strong>in</strong></span> <span class='ocrx_word' id='word_1_128' title='bbox 1007 1754 1262 1810; x_wconf 87' lang='lat' dir='ltr'><strong>omnibus</strong></span> <span class='ocrx_word' id='word_1_129' title='bbox 1308 1756 1474 1813; x_wconf 60' lang='lat' dir='ltr'><strong>viis.»</strong></span> <span class='ocrx_word' id='word_1_130' title='bbox 1540 1757 1739 1812; x_wconf 87' lang='lat' dir='ltr'><strong>Sumus</strong></span> <span class='ocrx_word' id='word_1_131' title='bbox 1786 1776 1917 1827; x_wconf 83' lang='lat' dir='ltr'><strong>ergo</strong></span> <span class='ocrx_word' id='word_1_132' title='bbox 1961 1777 2080 1828; x_wconf 91' lang='lat' dir='ltr'><strong>nos,</strong></span> 
     </span>
    </p>
   </div>
   <div class='ocr_carea' id='block_1_18' title="bbox 490 1843 2082 1919">
    <p class='ocr_par' dir='ltr' id='par_1_18' title="bbox 490 1843 2082 1919">
     <span class='ocr_line' id='line_1_18' title="bbox 490 1843 2082 1919; baseline 0.008 -25"><span class='ocrx_word' id='word_1_133' title='bbox 490 1843 583 1912; x_wconf 91' lang='lat' dir='ltr'><strong>qui</strong></span> <span class='ocrx_word' id='word_1_134' title='bbox 617 1859 723 1897; x_wconf 92' lang='lat' dir='ltr'><strong>non</strong></span> <span class='ocrx_word' id='word_1_135' title='bbox 762 1844 974 1913; x_wconf 83' lang='lat' dir='ltr'><strong>integra</strong></span> <span class='ocrx_word' id='word_1_136' title='bbox 1027 1859 1127 1899; x_wconf 90' lang='lat' dir='ltr'><strong>nec</strong></span> <span class='ocrx_word' id='word_1_137' title='bbox 1165 1844 1407 1913; x_wconf 88' lang='lat' dir='ltr'><strong>perfecta</strong></span> <span class='ocrx_word' id='word_1_138' title='bbox 1464 1848 1568 1903; x_wconf 90' lang='lat' dir='ltr'><strong>fide</strong></span> <span class='ocrx_word' id='word_1_139' title='bbox 1603 1850 1885 1919; x_wconf 88' lang='lat' dir='ltr'><strong>sequimur</strong></span> <span class='ocrx_word' id='word_1_140' title='bbox 1915 1853 2082 1907; x_wconf 89' lang='lat' dir='ltr'><strong>Dettnt</strong></span> 
     </span>
    </p>
   </div>
   <div class='ocr_carea' id='block_1_19' title="bbox 489 1937 2081 2007">
    <p class='ocr_par' dir='ltr' id='par_1_19' title="bbox 489 1937 2081 2007">
     <span class='ocr_line' id='line_1_19' title="bbox 489 1937 2081 2007; baseline 0.007 -17"><span class='ocrx_word' id='word_1_141' title='bbox 489 1946 762 1999; x_wconf 89' lang='lat' dir='ltr'><strong>nostrum,</strong></span> <span class='ocrx_word' id='word_1_142' title='bbox 809 1946 866 1990; x_wconf 92' lang='lat' dir='ltr'><strong>et</strong></span> <span class='ocrx_word' id='word_1_143' title='bbox 914 1937 987 1991; x_wconf 89' lang='lat' dir='ltr'><strong>ab</strong></span> <span class='ocrx_word' id='word_1_144' title='bbox 1037 1938 1233 1993; x_wconf 88' lang='lat' dir='ltr'><strong>alienis</strong></span> <span class='ocrx_word' id='word_1_145' title='bbox 1279 1942 1610 1997; x_wconf 77' lang='lat' dir='ltr'><strong>recessimus</strong></span> <span class='ocrx_word' id='word_1_146' title='bbox 1650 1945 1781 2007; x_wconf 82' lang='lat' dir='ltr'><strong>diis,</strong></span> <span class='ocrx_word' id='word_1_147' title='bbox 1833 1947 1977 2000; x_wconf 87' lang='lat' dir='ltr'><strong>velut</strong></span> <span class='ocrx_word' id='word_1_148' title='bbox 2031 1948 2081 2002; x_wconf 93' lang='lat' dir='ltr'><strong>in</strong></span> 
     </span>
    </p>
   </div>
   <div class='ocr_carea' id='block_1_20' title="bbox 493 2030 2081 2107">
    <p class='ocr_par' dir='ltr' id='par_1_20' title="bbox 493 2030 2081 2107">
     <span class='ocr_line' id='line_1_20' title="bbox 493 2030 2081 2107; baseline 0.008 -25"><span class='ocrx_word' id='word_1_149' title='bbox 493 2030 671 2083; x_wconf 81' lang='lat' dir='ltr'><strong>medio</strong></span> <span class='ocrx_word' id='word_1_150' title='bbox 704 2030 941 2099; x_wconf 89' lang='lat' dir='ltr'><strong>quodam</strong></span> <span class='ocrx_word' id='word_1_151' title='bbox 997 2031 1239 2085; x_wconf 83' lang='lat' dir='ltr'><strong>confinio</strong></span> <span class='ocrx_word' id='word_1_152' title='bbox 1290 2033 1448 2099; x_wconf 90' lang='lat' dir='ltr'><strong>positi</strong></span> <span class='ocrx_word' id='word_1_153' title='bbox 1481 2052 1493 2086; x_wconf 93' lang='lat'>:</span> <span class='ocrx_word' id='word_1_154' title='bbox 1529 2045 1582 2088; x_wconf 87' lang='lat' dir='ltr'><strong>et</strong></span> <span class='ocrx_word' id='word_1_155' title='bbox 1614 2037 1681 2090; x_wconf 88' lang='lat' dir='ltr'><strong>ab</strong></span> <span class='ocrx_word' id='word_1_156' title='bbox 1708 2037 1901 2093; x_wconf 86' lang='lat' dir='ltr'><strong>alienis</strong></span> <span class='ocrx_word' id='word_1_157' title='bbox 1928 2041 2081 2107; x_wconf 83' lang='lat' dir='ltr'><strong>quasi</strong></span> 
     </span>
    </p>
   </div>
   <div class='ocr_carea' id='block_1_21' title="bbox 487 2121 2085 2200">
    <p class='ocr_par' dir='ltr' id='par_1_21' title="bbox 487 2121 2085 2200">
     <span class='ocr_line' id='line_1_21' title="bbox 487 2121 2085 2200; baseline 0.008 -25"><span class='ocrx_word' id='word_1_158' title='bbox 487 2121 714 2191; x_wconf 77' lang='lat' dir='ltr'><strong>fugaces</strong></span> <span class='ocrx_word' id='word_1_159' title='bbox 739 2124 1020 2189; x_wconf 68' lang='lat' dir='ltr'><strong>credinrur,</strong></span> <span class='ocrx_word' id='word_1_160' title='bbox 1045 2133 1098 2179; x_wconf 91' lang='lat' dir='ltr'><strong>et</strong></span> <span class='ocrx_word' id='word_1_161' title='bbox 1120 2140 1148 2178; x_wconf 88' lang='lat' dir='ltr'><strong>a</strong></span> <span class='ocrx_word' id='word_1_162' title='bbox 1174 2135 1361 2181; x_wconf 91' lang='lat' dir='ltr'><strong>nostro</strong></span> <span class='ocrx_word' id='word_1_163' title='bbox 1384 2125 1613 2182; x_wconf 91' lang='lat' dir='ltr'><strong>Domino</strong></span> <span class='ocrx_word' id='word_1_164' title='bbox 1635 2141 1889 2200; x_wconf 86' lang='lat' dir='ltr'><strong>tanquam</strong></span> <span class='ocrx_word' id='word_1_165' title='bbox 1912 2133 2085 2188; x_wconf 85' lang='lat' dir='ltr'><strong>insta-</strong></span> 
     </span>
    </p>
   </div>
   <div class='ocr_carea' id='block_1_22' title="bbox 488 2214 2081 2293">
    <p class='ocr_par' dir='ltr' id='par_1_22' title="bbox 488 2214 2081 2293">
     <span class='ocr_line' id='line_1_22' title="bbox 488 2214 2081 2293; baseline 0.007 -24"><span class='ocrx_word' id='word_1_166' title='bbox 488 2214 629 2269; x_wconf 85' lang='lat' dir='ltr'><strong>biles</strong></span> <span class='ocrx_word' id='word_1_167' title='bbox 654 2224 709 2269; x_wconf 89' lang='lat' dir='ltr'><strong>et</strong></span> <span class='ocrx_word' id='word_1_168' title='bbox 739 2216 885 2269; x_wconf 87' lang='lat' dir='ltr'><strong>dubii</strong></span> <span class='ocrx_word' id='word_1_169' title='bbox 914 2231 1018 2270; x_wconf 91' lang='lat' dir='ltr'><strong>non</strong></span> <span class='ocrx_word' id='word_1_170' title='bbox 1047 2217 1413 2275; x_wconf 78' lang='lat' dir='ltr'><strong>defendimur.</strong></span> <span class='ocrx_word' id='word_1_171' title='bbox 1444 2220 1640 2275; x_wconf 84' lang='lat' dir='ltr'><strong>Annon</strong></span> <span class='ocrx_word' id='word_1_172' title='bbox 1674 2223 1775 2276; x_wconf 88' lang='lat' dir='ltr'><strong>hoc</strong></span> <span class='ocrx_word' id='word_1_173' title='bbox 1795 2233 1900 2287; x_wconf 83' lang='lat' dir='ltr'><strong>est,</strong></span> <span class='ocrx_word' id='word_1_174' title='bbox 1939 2226 2081 2293; x_wconf 85' lang='lat' dir='ltr'><strong>quod</strong></span> 
     </span>
    </p>
   </div>
   <div class='ocr_carea' id='block_1_23' title="bbox 487 2305 2083 2378">
    <p class='ocr_par' dir='ltr' id='par_1_23' title="bbox 487 2305 2083 2378">
     <span class='ocr_line' id='line_1_23' title="bbox 487 2305 2083 2378; baseline 0.007 -19"><span class='ocrx_word' id='word_1_175' title='bbox 487 2315 544 2359; x_wconf 90' lang='lat' dir='ltr'><strong>et</strong></span> <span class='ocrx_word' id='word_1_176' title='bbox 577 2306 856 2376; x_wconf 66' lang='lat' dir='ltr'><strong>prophetae</strong></span> <span class='ocrx_word' id='word_1_177' title='bbox 889 2305 1213 2375; x_wconf 79' lang='lat' dir='ltr'><strong>spiritaliter</strong></span> <span class='ocrx_word' id='word_1_178' title='bbox 1246 2307 1615 2378; x_wconf 82' lang='lat' dir='ltr'><strong>imaginantur</strong></span> <span class='ocrx_word' id='word_1_179' title='bbox 1656 2313 1721 2366; x_wconf 90' lang='lat' dir='ltr'><strong>de</strong></span> <span class='ocrx_word' id='word_1_180' title='bbox 1748 2314 2083 2370; x_wconf 80' lang='lat' dir='ltr'><strong>aumtorihus</strong></span> 
     </span>
    </p>
   </div>
   <div class='ocr_carea' id='block_1_24' title="bbox 489 2397 2081 2477">
    <p class='ocr_par' dir='ltr' id='par_1_24' title="bbox 489 2397 2081 2477">
     <span class='ocr_line' id='line_1_24' title="bbox 489 2397 2081 2477; baseline 0.007 -25"><span class='ocrx_word' id='word_1_181' title='bbox 489 2397 853 2463; x_wconf 84' lang='lat' dir='ltr'><strong>Hierusalem,</strong></span> <span class='ocrx_word' id='word_1_182' title='bbox 883 2414 1006 2453; x_wconf 90' lang='lat' dir='ltr'><strong>cum</strong></span> <span class='ocrx_word' id='word_1_183' title='bbox 1034 2400 1245 2465; x_wconf 82' lang='lat' dir='ltr'><strong>dicunt,</strong></span> <span class='ocrx_word' id='word_1_184' title='bbox 1280 2403 1407 2471; x_wconf 85' lang='lat' dir='ltr'><strong>quia</strong></span> <span class='ocrx_word' id='word_1_185' title='bbox 1445 2417 1713 2461; x_wconf 78' lang='lat' dir='ltr'><strong>amatores</strong></span> <span class='ocrx_word' id='word_1_186' title='bbox 1744 2408 1815 2461; x_wconf 92' lang='lat' dir='ltr'><strong>tui</strong></span> <span class='ocrx_word' id='word_1_187' title='bbox 1845 2409 1942 2477; x_wconf 89' lang='lat' dir='ltr'><strong>ipsi</strong></span> <span class='ocrx_word' id='word_1_188' title='bbox 1975 2409 2081 2464; x_wconf 82' lang='lat' dir='ltr'><strong>ini-</strong></span> 
     </span>
    </p>
   </div>
   <div class='ocr_carea' id='block_1_25' title="bbox 486 2488 2082 2565">
    <p class='ocr_par' dir='ltr' id='par_1_25' title="bbox 486 2488 2082 2565">
     <span class='ocr_line' id='line_1_25' title="bbox 486 2488 2082 2565; baseline 0.008 -23"><span class='ocrx_word' id='word_1_189' title='bbox 486 2490 613 2543; x_wconf 89' lang='lat' dir='ltr'><strong>mici</strong></span> <span class='ocrx_word' id='word_1_190' title='bbox 640 2488 767 2543; x_wconf 83' lang='lat' dir='ltr'><strong>facti</strong></span> <span class='ocrx_word' id='word_1_191' title='bbox 793 2501 919 2543; x_wconf 88' lang='lat' dir='ltr'><strong>sunt</strong></span> <span class='ocrx_word' id='word_1_192' title='bbox 946 2490 1042 2545; x_wconf 85' lang='lat' dir='ltr'><strong>tibi</strong></span> <span class='ocrx_word' id='word_1_193' title='bbox 1064 2491 1143 2544; x_wconf 70' lang='lat'><strong>&quot;‘3</strong></span> <span class='ocrx_word' id='word_1_194' title='bbox 1167 2491 1241 2545; x_wconf 87' lang='lat' dir='ltr'><strong>Ita</strong></span> <span class='ocrx_word' id='word_1_195' title='bbox 1265 2509 1397 2562; x_wconf 84' lang='lat' dir='ltr'><strong>ergo</strong></span> <span class='ocrx_word' id='word_1_196' title='bbox 1423 2494 1666 2565; x_wconf 78' lang='lat' dir='ltr'><strong>intellige</strong></span> <span class='ocrx_word' id='word_1_197' title='bbox 1690 2509 1739 2552; x_wconf 90' lang='lat' dir='ltr'><strong>et</strong></span> <span class='ocrx_word' id='word_1_198' title='bbox 1760 2502 1953 2553; x_wconf 75' lang='lat' dir='ltr'><strong>animze</strong></span> <span class='ocrx_word' id='word_1_199' title='bbox 1979 2511 2082 2561; x_wconf 75' lang='lat' dir='ltr'><strong>tua:</strong></span> 
     </span>
    </p>
   </div>
   <div class='ocr_carea' id='block_1_26' title="bbox 490 2579 2079 2652">
    <p class='ocr_par' dir='ltr' id='par_1_26' title="bbox 490 2579 2079 2652">
     <span class='ocr_line' id='line_1_26' title="bbox 490 2579 2079 2652; baseline 0.008 -18"><span class='ocrx_word' id='word_1_200' title='bbox 490 2579 689 2634; x_wconf 87' lang='lat' dir='ltr'><strong>multos</strong></span> <span class='ocrx_word' id='word_1_201' title='bbox 724 2580 889 2635; x_wconf 87' lang='lat' dir='ltr'><strong>fuisse</strong></span> <span class='ocrx_word' id='word_1_202' title='bbox 921 2592 1213 2647; x_wconf 86' lang='lat' dir='ltr'><strong>amatores,</strong></span> <span class='ocrx_word' id='word_1_203' title='bbox 1262 2586 1356 2652; x_wconf 93' lang='lat' dir='ltr'><strong>qui</strong></span> <span class='ocrx_word' id='word_1_204' title='bbox 1395 2585 1648 2641; x_wconf 75' lang='lat' dir='ltr'><strong>delectati</strong></span> <span class='ocrx_word' id='word_1_205' title='bbox 1702 2600 1830 2645; x_wconf 85' lang='lat' dir='ltr'><strong>sunt</strong></span> <span class='ocrx_word' id='word_1_206' title='bbox 1879 2590 2079 2648; x_wconf 87' lang='lat' dir='ltr'><strong>decore</strong></span> 
     </span>
    </p>
   </div>
   <div class='ocr_carea' id='block_1_27' title="bbox 487 2674 2081 2748">
    <p class='ocr_par' dir='ltr' id='par_1_27' title="bbox 487 2674 2081 2748">
     <span class='ocr_line' id='line_1_27' title="bbox 487 2674 2081 2748; baseline 0.009 -25"><span class='ocrx_word' id='word_1_207' title='bbox 487 2674 631 2740; x_wconf 86' lang='lat' dir='ltr'><strong>ejus,</strong></span> <span class='ocrx_word' id='word_1_208' title='bbox 666 2690 791 2726; x_wconf 70' lang='lat' dir='ltr'><strong>cum</strong></span> <span class='ocrx_word' id='word_1_209' title='bbox 823 2674 1021 2743; x_wconf 81' lang='lat' dir='ltr'><strong>quibus</strong></span> <span class='ocrx_word' id='word_1_210' title='bbox 1054 2677 1404 2735; x_wconf 82' lang='lat' dir='ltr'><strong>meretricata</strong></span> <span class='ocrx_word' id='word_1_211' title='bbox 1438 2689 1541 2732; x_wconf 86' lang='lat' dir='ltr'><strong>est.</strong></span> <span class='ocrx_word' id='word_1_212' title='bbox 1588 2680 1663 2739; x_wconf 77' lang='lat' dir='ltr'><strong>De</strong></span> <span class='ocrx_word' id='word_1_213' title='bbox 1692 2682 1889 2748; x_wconf 87' lang='lat' dir='ltr'><strong>quibus</strong></span> <span class='ocrx_word' id='word_1_214' title='bbox 1918 2692 1971 2738; x_wconf 86' lang='lat' dir='ltr'><strong>et</strong></span> <span class='ocrx_word' id='word_1_215' title='bbox 1999 2684 2081 2737; x_wconf 81' lang='lat' dir='ltr'><strong>di—</strong></span> 
     </span>
    </p>
   </div>
   <div class='ocr_carea' id='block_1_28' title="bbox 484 2765 2079 2840">
    <p class='ocr_par' dir='ltr' id='par_1_28' title="bbox 484 2765 2079 2840">
     <span class='ocr_line' id='line_1_28' title="bbox 484 2765 2079 2840; baseline 0.008 -23"><span class='ocrx_word' id='word_1_216' title='bbox 484 2766 713 2819; x_wconf 72' lang='lat' dir='ltr'><strong>cebat”</strong></span> <span class='ocrx_word' id='word_1_217' title='bbox 759 2783 772 2819; x_wconf 91' lang='lat'>:</span> <span class='ocrx_word' id='word_1_218' title='bbox 815 2765 980 2820; x_wconf 72' lang='lat' dir='ltr'><strong>«l’ost</strong></span> <span class='ocrx_word' id='word_1_219' title='bbox 1024 2780 1299 2824; x_wconf 76' lang='lat' dir='ltr'><strong>amatores</strong></span> <span class='ocrx_word' id='word_1_220' title='bbox 1344 2786 1496 2826; x_wconf 88' lang='lat' dir='ltr'><strong>nteos</strong></span> <span class='ocrx_word' id='word_1_221' title='bbox 1529 2771 1639 2835; x_wconf 87' lang='lat' dir='ltr'><strong>ibo,</strong></span> <span class='ocrx_word' id='word_1_222' title='bbox 1668 2774 1759 2840; x_wconf 87' lang='lat' dir='ltr'><strong>qui</strong></span> <span class='ocrx_word' id='word_1_223' title='bbox 1786 2775 1917 2828; x_wconf 88' lang='lat' dir='ltr'><strong>dant</strong></span> <span class='ocrx_word' id='word_1_224' title='bbox 1948 2774 2079 2835; x_wconf 89' lang='lat' dir='ltr'><strong>mihi</strong></span> 
     </span>
    </p>
   </div>
   <div class='ocr_carea' id='block_1_29' title="bbox 491 2856 2074 2927">
    <p class='ocr_par' dir='ltr' id='par_1_29' title="bbox 491 2856 2074 2927">
     <span class='ocr_line' id='line_1_29' title="bbox 491 2856 2074 2927; baseline 0.006 -19"><span class='ocrx_word' id='word_1_225' title='bbox 491 2856 652 2927; x_wconf 76' lang='lat'><strong>159</strong></span> <span class='ocrx_word' id='word_1_226' title='bbox 673 2857 853 2910; x_wconf 85' lang='lat' dir='ltr'><strong>vinum</strong></span> <span class='ocrx_word' id='word_1_227' title='bbox 888 2874 1088 2923; x_wconf 88' lang='lat' dir='ltr'><strong>meum,</strong></span> <span class='ocrx_word' id='word_1_228' title='bbox 1120 2869 1172 2914; x_wconf 89' lang='lat' dir='ltr'><strong>et</strong></span> <span class='ocrx_word' id='word_1_229' title='bbox 1193 2860 1372 2915; x_wconf 89' lang='lat' dir='ltr'><strong>olemu</strong></span> <span class='ocrx_word' id='word_1_230' title='bbox 1408 2878 1608 2924; x_wconf 88' lang='lat' dir='ltr'><strong>meu.n,</strong></span> <span class='ocrx_word' id='word_1_231' title='bbox 1652 2882 1671 2914; x_wconf 83' lang='grc' dir='ltr'><strong>ι</strong></span> <span class='ocrx_word' id='word_1_232' title='bbox 1730 2873 1787 2917; x_wconf 90' lang='lat' dir='ltr'><strong>et</strong></span> <span class='ocrx_word' id='word_1_233' title='bbox 1846 2875 2074 2919; x_wconf 59' lang='lat' dir='ltr'><strong>caetera.</strong></span> 
     </span>
    </p>
   </div>
   <div class='ocr_carea' id='block_1_30' title="bbox 488 2947 2083 3021">
    <p class='ocr_par' dir='ltr' id='par_1_30' title="bbox 488 2947 2083 3021">
     <span class='ocr_line' id='line_1_30' title="bbox 488 2947 2083 3021; baseline 0.004 -18"><span class='ocrx_word' id='word_1_234' title='bbox 488 2949 596 3003; x_wconf 87' lang='lat' dir='ltr'><strong>Sed</strong></span> <span class='ocrx_word' id='word_1_235' title='bbox 633 2947 913 3019; x_wconf 83' lang='lat' dir='ltr'><strong>venitjam</strong></span> <span class='ocrx_word' id='word_1_236' title='bbox 938 2950 1069 3006; x_wconf 88' lang='lat' dir='ltr'><strong>illud</strong></span> <span class='ocrx_word' id='word_1_237' title='bbox 1105 2960 1340 3021; x_wconf 81' lang='lat' dir='ltr'><strong>tempus,</strong></span> <span class='ocrx_word' id='word_1_238' title='bbox 1380 2964 1438 3008; x_wconf 93' lang='lat' dir='ltr'><strong>ut</strong></span> <span class='ocrx_word' id='word_1_239' title='bbox 1464 2955 1674 3011; x_wconf 85' lang='lat' dir='ltr'><strong>diceret</strong></span> <span class='ocrx_word' id='word_1_240' title='bbox 1706 2971 1719 3007; x_wconf 88' lang='lat'><strong>:</strong></span> <span class='ocrx_word' id='word_1_241' title='bbox 1756 2974 1774 3006; x_wconf 79' lang='grc' dir='ltr'><strong>ι</strong></span> <span class='ocrx_word' id='word_1_242' title='bbox 1814 2954 2083 3010; x_wconf 58' lang='lat' dir='ltr'><strong>Revertar</strong></span> 
     </span>
    </p>
   </div>
   <div class='ocr_carea' id='block_1_31' title="bbox 487 3041 2077 3115">
    <p class='ocr_par' dir='ltr' id='par_1_31' title="bbox 487 3041 2077 3115">
     <span class='ocr_line' id='line_1_31' title="bbox 487 3041 2077 3115; baseline 0.004 -20"><span class='ocrx_word' id='word_1_243' title='bbox 487 3041 556 3096; x_wconf 88' lang='lat' dir='ltr'><strong>ad</strong></span> <span class='ocrx_word' id='word_1_244' title='bbox 587 3042 761 3095; x_wconf 86' lang='lat' dir='ltr'><strong>virum</strong></span> <span class='ocrx_word' id='word_1_245' title='bbox 816 3059 992 3097; x_wconf 89' lang='lat' dir='ltr'><strong>meum</strong></span> <span class='ocrx_word' id='word_1_246' title='bbox 1034 3044 1315 3112; x_wconf 88' lang='lat' dir='ltr'><strong>priorem,</strong></span> <span class='ocrx_word' id='word_1_247' title='bbox 1371 3046 1496 3115; x_wconf 82' lang='lat' dir='ltr'><strong>quia</strong></span> <span class='ocrx_word' id='word_1_248' title='bbox 1536 3045 1730 3101; x_wconf 88' lang='lat' dir='ltr'><strong>melius</strong></span> <span class='ocrx_word' id='word_1_249' title='bbox 1776 3047 1907 3100; x_wconf 90' lang='lat' dir='ltr'><strong>tnihi</strong></span> <span class='ocrx_word' id='word_1_250' title='bbox 1958 3058 2077 3102; x_wconf 81' lang='lat' dir='ltr'><strong>erat</strong></span> 
     </span>
    </p>
   </div>
   <div class='ocr_carea' id='block_1_32' title="bbox 489 3136 2074 3207">
    <p class='ocr_par' dir='ltr' id='par_1_32' title="bbox 489 3136 2074 3207">
     <span class='ocr_line' id='line_1_32' title="bbox 489 3136 2074 3207; baseline 0.004 -19"><span class='ocrx_word' id='word_1_251' title='bbox 489 3142 641 3195; x_wconf 79' lang='lat' dir='ltr'><strong>tunc,</strong></span> <span class='ocrx_word' id='word_1_252' title='bbox 679 3151 840 3203; x_wconf 76' lang='lat' dir='ltr'><strong>quam</strong></span> <span class='ocrx_word' id='word_1_253' title='bbox 896 3136 1076 3189; x_wconf 87' lang='lat' dir='ltr'><strong>modo.</strong></span> <span class='ocrx_word' id='word_1_254' title='bbox 1126 3154 1147 3188; x_wconf 77' lang='grc' dir='ltr'><strong>ι</strong></span> <span class='ocrx_word' id='word_1_255' title='bbox 1191 3136 1461 3206; x_wconf 77' lang='lat' dir='ltr'><strong>chressa</strong></span> <span class='ocrx_word' id='word_1_256' title='bbox 1517 3152 1576 3191; x_wconf 86' lang='lat' dir='ltr'><strong>es</strong></span> <span class='ocrx_word' id='word_1_257' title='bbox 1610 3153 1740 3207; x_wconf 89' lang='lat' dir='ltr'><strong>ergo</strong></span> <span class='ocrx_word' id='word_1_258' title='bbox 1788 3139 1856 3193; x_wconf 87' lang='lat' dir='ltr'><strong>ad</strong></span> <span class='ocrx_word' id='word_1_259' title='bbox 1902 3140 2074 3194; x_wconf 88' lang='lat' dir='ltr'><strong>virum</strong></span> 
     </span>
    </p>
   </div>
   <div class='ocr_carea' id='block_1_33' title="bbox 489 3218 2148 3297">
    <p class='ocr_par' dir='ltr' id='par_1_33' title="bbox 489 3218 2148 3297">
     <span class='ocr_line' id='line_1_33' title="bbox 489 3218 2148 3297; baseline 0.007 -17"><span class='ocrx_word' id='word_1_260' title='bbox 489 3237 640 3280; x_wconf 90' lang='lat' dir='ltr'><strong>tuum</strong></span> <span class='ocrx_word' id='word_1_261' title='bbox 674 3228 938 3297; x_wconf 87' lang='lat' dir='ltr'><strong>priorem,</strong></span> <span class='ocrx_word' id='word_1_262' title='bbox 982 3226 1257 3283; x_wconf 68' lang='lat' dir='ltr'><strong>offa-odisti</strong></span> <span class='ocrx_word' id='word_1_263' title='bbox 1287 3231 1408 3283; x_wconf 86' lang='lat' dir='ltr'><strong>sine</strong></span> <span class='ocrx_word' id='word_1_264' title='bbox 1432 3230 1599 3296; x_wconf 86' lang='lat' dir='ltr'><strong>dubio</strong></span> <span class='ocrx_word' id='word_1_265' title='bbox 1642 3242 1917 3287; x_wconf 84' lang='lat' dir='ltr'><strong>amatores</strong></span> <span class='ocrx_word' id='word_1_266' title='bbox 1958 3244 2078 3291; x_wconf 77' lang='lat' dir='ltr'><strong>tuos</strong></span> <span class='ocrx_word' id='word_1_267' title='bbox 2108 3218 2148 3273; x_wconf 65' lang='grc' dir='ltr'><em>δ</em></span> 
     </span>
    </p>
   </div>
   <div class='ocr_carea' id='block_1_34' title="bbox 486 3320 2079 3393">
    <p class='ocr_par' dir='ltr' id='par_1_34' title="bbox 486 3320 2079 3393">
     <span class='ocr_line' id='line_1_34' title="bbox 486 3320 2079 3393; baseline 0.004 -20"><span class='ocrx_word' id='word_1_268' title='bbox 486 3333 612 3373; x_wconf 88' lang='lat' dir='ltr'><strong>cum</strong></span> <span class='ocrx_word' id='word_1_269' title='bbox 641 3320 841 3389; x_wconf 87' lang='lat' dir='ltr'><strong>quibus</strong></span> <span class='ocrx_word' id='word_1_270' title='bbox 870 3320 1141 3373; x_wconf 87' lang='lat' dir='ltr'><strong>adulteria</strong></span> <span class='ocrx_word' id='word_1_271' title='bbox 1171 3321 1577 3381; x_wconf 85' lang='lat' dir='ltr'><strong>eommittehas.</strong></span> <span class='ocrx_word' id='word_1_272' title='bbox 1612 3321 1726 3376; x_wconf 86' lang='lat' dir='ltr'><strong>Nisi</strong></span> <span class='ocrx_word' id='word_1_273' title='bbox 1776 3339 1905 3393; x_wconf 86' lang='lat' dir='ltr'><strong>ergo</strong></span> <span class='ocrx_word' id='word_1_274' title='bbox 1938 3342 2079 3380; x_wconf 91' lang='lat' dir='ltr'><strong>nunc</strong></span> 
     </span>
    </p>
   </div>
   <div class='ocr_carea' id='block_1_35' title="bbox 491 3402 2082 3481">
    <p class='ocr_par' dir='ltr' id='par_1_35' title="bbox 491 3402 2082 3481">
     <span class='ocr_line' id='line_1_35' title="bbox 491 3402 2082 3481; baseline 0.004 -16"><span class='ocrx_word' id='word_1_275' title='bbox 491 3420 606 3465; x_wconf 88' lang='lat' dir='ltr'><strong>tota</strong></span> <span class='ocrx_word' id='word_1_276' title='bbox 637 3402 741 3465; x_wconf 77' lang='lat' dir='ltr'><strong>fide</strong></span> <span class='ocrx_word' id='word_1_277' title='bbox 767 3427 1093 3481; x_wconf 87' lang='lat' dir='ltr'><strong>permaneas</strong></span> <span class='ocrx_word' id='word_1_278' title='bbox 1123 3429 1244 3469; x_wconf 89' lang='lat' dir='ltr'><strong>cum</strong></span> <span class='ocrx_word' id='word_1_279' title='bbox 1287 3414 1405 3465; x_wconf 90' lang='lat' dir='ltr'><strong>viro</strong></span> <span class='ocrx_word' id='word_1_280' title='bbox 1444 3422 1557 3477; x_wconf 92' lang='lat' dir='ltr'><strong>tuo,</strong></span> <span class='ocrx_word' id='word_1_281' title='bbox 1593 3425 1647 3468; x_wconf 91' lang='lat' dir='ltr'><strong>et</strong></span> <span class='ocrx_word' id='word_1_282' title='bbox 1708 3425 1821 3469; x_wconf 90' lang='lat' dir='ltr'><strong>toto</strong></span> <span class='ocrx_word' id='word_1_283' title='bbox 1880 3415 1927 3469; x_wconf 91' lang='lat' dir='ltr'><strong>ei</strong></span> <span class='ocrx_word' id='word_1_284' title='bbox 1985 3430 2082 3471; x_wconf 87' lang='lat' dir='ltr'><strong>ore</strong></span> 
     </span>
    </p>
   </div>
   <div class='ocr_carea' id='block_1_36' title="bbox 488 3505 2083 3576">
    <p class='ocr_par' dir='ltr' id='par_1_36' title="bbox 488 3505 2083 3576">
     <span class='ocr_line' id='line_1_36' title="bbox 488 3505 2083 3576; baseline 0.003 -19"><span class='ocrx_word' id='word_1_285' title='bbox 488 3505 796 3573; x_wconf 82' lang='lat' dir='ltr'><strong>glutineris,</strong></span> <span class='ocrx_word' id='word_1_286' title='bbox 831 3520 896 3560; x_wconf 81' lang='lat' dir='ltr'><strong>ex</strong></span> <span class='ocrx_word' id='word_1_287' title='bbox 957 3505 1144 3560; x_wconf 89' lang='lat' dir='ltr'><strong>multis</strong></span> <span class='ocrx_word' id='word_1_288' title='bbox 1191 3505 1499 3561; x_wconf 75' lang='lat' dir='ltr'><strong>sceleribus</strong></span> <span class='ocrx_word' id='word_1_289' title='bbox 1555 3520 1678 3575; x_wconf 72' lang='lat' dir='ltr'><strong>qua:</strong></span> <span class='ocrx_word' id='word_1_290' title='bbox 1733 3508 2083 3576; x_wconf 75' lang='lat' dir='ltr'><strong>commisisti,</strong></span> 
     </span>
    </p>
   </div>
   <div class='ocr_carea' id='block_1_37' title="bbox 490 3600 2082 3670">
    <p class='ocr_par' dir='ltr' id='par_1_37' title="bbox 490 3600 2082 3670">
     <span class='ocr_line' id='line_1_37' title="bbox 490 3600 2082 3670; baseline -0.001 -15"><span class='ocrx_word' id='word_1_291' title='bbox 490 3610 745 3669; x_wconf 87' lang='lat' dir='ltr'><strong>suspecta</strong></span> <span class='ocrx_word' id='word_1_292' title='bbox 781 3615 839 3653; x_wconf 87' lang='lat' dir='ltr'><strong>es</strong></span> <span class='ocrx_word' id='word_1_293' title='bbox 875 3601 949 3663; x_wconf 88' lang='lat' dir='ltr'><strong>ei,</strong></span> <span class='ocrx_word' id='word_1_294' title='bbox 975 3600 1154 3654; x_wconf 87' lang='lat' dir='ltr'><strong>ontnis</strong></span> <span class='ocrx_word' id='word_1_295' title='bbox 1186 3609 1367 3654; x_wconf 87' lang='lat' dir='ltr'><strong>motus</strong></span> <span class='ocrx_word' id='word_1_296' title='bbox 1393 3610 1535 3665; x_wconf 90' lang='lat' dir='ltr'><strong>tuus,</strong></span> <span class='ocrx_word' id='word_1_297' title='bbox 1571 3610 1626 3655; x_wconf 87' lang='lat' dir='ltr'><strong>et</strong></span> <span class='ocrx_word' id='word_1_298' title='bbox 1651 3610 1905 3670; x_wconf 83' lang='lat' dir='ltr'><strong>aSpeclus</strong></span> <span class='ocrx_word' id='word_1_299' title='bbox 1936 3610 2082 3666; x_wconf 88' lang='lat' dir='ltr'><strong>tttus,</strong></span> 
     </span>
    </p>
   </div>
   <div class='ocr_carea' id='block_1_38' title="bbox 490 3690 2084 3764">
    <p class='ocr_par' dir='ltr' id='par_1_38' title="bbox 490 3690 2084 3764">
     <span class='ocr_line' id='line_1_38' title="bbox 490 3690 2084 3764; baseline -0.001 -17"><span class='ocrx_word' id='word_1_300' title='bbox 490 3693 611 3764; x_wconf 84' lang='lat' dir='ltr'><strong>ipse</strong></span> <span class='ocrx_word' id='word_1_301' title='bbox 643 3693 809 3747; x_wconf 91' lang='lat' dir='ltr'><strong>etiam</strong></span> <span class='ocrx_word' id='word_1_302' title='bbox 842 3692 1113 3757; x_wconf 79' lang='lat' dir='ltr'><strong>incessus,</strong></span> <span class='ocrx_word' id='word_1_303' title='bbox 1152 3690 1197 3744; x_wconf 92' lang='lat' dir='ltr'><strong>si</strong></span> <span class='ocrx_word' id='word_1_304' title='bbox 1257 3690 1422 3745; x_wconf 91' lang='lat' dir='ltr'><strong>fuerit</strong></span> <span class='ocrx_word' id='word_1_305' title='bbox 1477 3691 1858 3761; x_wconf 74' lang='lat' dir='ltr'><strong>negligentior,</strong></span> <span class='ocrx_word' id='word_1_306' title='bbox 1893 3690 2084 3761; x_wconf 76' lang='lat' dir='ltr'><strong>displi-</strong></span> 
     </span>
    </p>
   </div>
   <div class='ocr_carea' id='block_1_39' title="bbox 495 3781 2083 3847">
    <p class='ocr_par' dir='ltr' id='par_1_39' title="bbox 495 3781 2083 3847">
     <span class='ocr_line' id='line_1_39' title="bbox 495 3781 2083 3847; baseline -0.003 -7"><span class='ocrx_word' id='word_1_307' title='bbox 495 3786 666 3840; x_wconf 88' lang='lat' dir='ltr'><strong>cebit.</strong></span> <span class='ocrx_word' id='word_1_308' title='bbox 703 3782 848 3837; x_wconf 86' lang='lat' dir='ltr'><strong>Nihil</strong></span> <span class='ocrx_word' id='word_1_309' title='bbox 887 3783 1028 3837; x_wconf 89' lang='lat' dir='ltr'><strong>ultra</strong></span> <span class='ocrx_word' id='word_1_310' title='bbox 1063 3783 1116 3835; x_wconf 92' lang='lat' dir='ltr'><strong>in</strong></span> <span class='ocrx_word' id='word_1_311' title='bbox 1156 3792 1208 3836; x_wconf 92' lang='lat' dir='ltr'><strong>te</strong></span> <span class='ocrx_word' id='word_1_312' title='bbox 1243 3781 1508 3839; x_wconf 89' lang='lat' dir='ltr'><strong>lascivum</strong></span> <span class='ocrx_word' id='word_1_313' title='bbox 1542 3783 1748 3847; x_wconf 78' lang='lat' dir='ltr'><strong>videre,</strong></span> <span class='ocrx_word' id='word_1_314' title='bbox 1789 3784 1923 3838; x_wconf 85' lang='lat' dir='ltr'><strong>nihil</strong></span> <span class='ocrx_word' id='word_1_315' title='bbox 1970 3783 2083 3836; x_wconf 80' lang='lat' dir='ltr'><strong>dis-</strong></span> 
     </span>
    </p>
   </div>
   <div class='ocr_carea' id='block_1_40' title="bbox 491 3874 2081 3945">
    <p class='ocr_par' dir='ltr' id='par_1_40' title="bbox 491 3874 2081 3945">
     <span class='ocr_line' id='line_1_40' title="bbox 491 3874 2081 3945; baseline -0.002 -15"><span class='ocrx_word' id='word_1_316' title='bbox 491 3876 731 3931; x_wconf 90' lang='lat' dir='ltr'><strong>solutum</strong></span> <span class='ocrx_word' id='word_1_317' title='bbox 764 3885 820 3930; x_wconf 91' lang='lat' dir='ltr'><strong>et</strong></span> <span class='ocrx_word' id='word_1_318' title='bbox 848 3875 1134 3944; x_wconf 85' lang='lat' dir='ltr'><strong>prodigum</strong></span> <span class='ocrx_word' id='word_1_319' title='bbox 1168 3886 1372 3945; x_wconf 87' lang='lat' dir='ltr'><strong>potest.</strong></span> <span class='ocrx_word' id='word_1_320' title='bbox 1407 3876 1478 3931; x_wconf 87' lang='lat' dir='ltr'><strong>At</strong></span> <span class='ocrx_word' id='word_1_321' title='bbox 1522 3874 1609 3927; x_wconf 89' lang='lat' dir='ltr'><strong>ubi</strong></span> <span class='ocrx_word' id='word_1_322' title='bbox 1639 3891 1829 3945; x_wconf 85' lang='lat' dir='ltr'><strong>parum</strong></span> <span class='ocrx_word' id='word_1_323' title='bbox 1864 3877 2081 3944; x_wconf 86' lang='lat' dir='ltr'><strong>quidem</strong></span> 
     </span>
    </p>
   </div>
   <div class='ocr_carea' id='block_1_41' title="bbox 490 3967 2086 4032">
    <p class='ocr_par' dir='ltr' id='par_1_41' title="bbox 490 3967 2086 4032">
     <span class='ocr_line' id='line_1_41' title="bbox 490 3967 2086 4032; baseline -0.003 -7"><span class='ocrx_word' id='word_1_324' title='bbox 490 3971 670 4025; x_wconf 86' lang='lat' dir='ltr'><strong>aviro</strong></span> <span class='ocrx_word' id='word_1_325' title='bbox 717 3981 809 4024; x_wconf 92' lang='lat' dir='ltr'><strong>tuo</strong></span> <span class='ocrx_word' id='word_1_326' title='bbox 856 3970 1149 4025; x_wconf 84' lang='lat' dir='ltr'><strong>diverteris</strong></span> <span class='ocrx_word' id='word_1_327' title='bbox 1202 3967 1412 4032; x_wconf 75' lang='lat' dir='ltr'><strong>oculos,</strong></span> <span class='ocrx_word' id='word_1_328' title='bbox 1476 3968 1663 4022; x_wconf 84' lang='lat' dir='ltr'><strong>statim</strong></span> <span class='ocrx_word' id='word_1_329' title='bbox 1722 3982 1949 4022; x_wconf 88' lang='lat' dir='ltr'><strong>necesse</strong></span> <span class='ocrx_word' id='word_1_330' title='bbox 2001 3978 2086 4022; x_wconf 84' lang='lat' dir='ltr'><strong>est</strong></span> 
     </span>
    </p>
   </div>
   <div class='ocr_carea' id='block_1_42' title="bbox 493 4059 2081 4132">
    <p class='ocr_par' dir='ltr' id='par_1_42' title="bbox 493 4059 2081 4132">
     <span class='ocr_line' id='line_1_42' title="bbox 493 4059 2081 4132; baseline -0.003 -13"><span class='ocrx_word' id='word_1_331' title='bbox 493 4064 810 4119; x_wconf 85' lang='lat' dir='ltr'><strong>memoriam</strong></span> <span class='ocrx_word' id='word_1_332' title='bbox 861 4061 976 4117; x_wconf 83' lang='lat' dir='ltr'><strong>fieri</strong></span> <span class='ocrx_word' id='word_1_333' title='bbox 1011 4062 1279 4132; x_wconf 90' lang='lat' dir='ltr'><strong>priorum.</strong></span> <span class='ocrx_word' id='word_1_334' title='bbox 1345 4059 1409 4114; x_wconf 87' lang='lat' dir='ltr'><strong>Ut</strong></span> <span class='ocrx_word' id='word_1_335' title='bbox 1445 4076 1576 4129; x_wconf 89' lang='lat' dir='ltr'><strong>ergo</strong></span> <span class='ocrx_word' id='word_1_336' title='bbox 1639 4059 1819 4130; x_wconf 84' lang='lat' dir='ltr'><strong>priora</strong></span> <span class='ocrx_word' id='word_1_337' title='bbox 1876 4060 2081 4123; x_wconf 85' lang='lat' dir='ltr'><strong>deleas,</strong></span> 
     </span>
    </p>
   </div>
   <div class='ocr_carea' id='block_1_43' title="bbox 496 4152 2084 4225">
    <p class='ocr_par' dir='ltr' id='par_1_43' title="bbox 496 4152 2084 4225">
     <span class='ocr_line' id='line_1_43' title="bbox 496 4152 2084 4225; baseline -0.002 -15"><span class='ocrx_word' id='word_1_338' title='bbox 496 4155 835 4212; x_wconf 87' lang='lat' dir='ltr'><strong>ctlidestibi</strong></span> <span class='ocrx_word' id='word_1_339' title='bbox 873 4154 1047 4225; x_wconf 86' lang='lat' dir='ltr'><strong>possit</strong></span> <span class='ocrx_word' id='word_1_340' title='bbox 1102 4153 1290 4209; x_wconf 86' lang='lat' dir='ltr'><strong>haberi</strong></span> <span class='ocrx_word' id='word_1_341' title='bbox 1339 4154 1397 4225; x_wconf 29' lang='lat' dir='ltr'><strong>in.</strong></span> <span class='ocrx_word' id='word_1_342' title='bbox 1450 4152 1697 4221; x_wconf 89' lang='lat' dir='ltr'><strong>reliquis,</strong></span> <span class='ocrx_word' id='word_1_343' title='bbox 1755 4167 1863 4207; x_wconf 90' lang='lat' dir='ltr'><strong>non</strong></span> <span class='ocrx_word' id='word_1_344' title='bbox 1923 4153 2084 4207; x_wconf 89' lang='lat' dir='ltr'><strong>modo</strong></span> 
     </span>
    </p>
   </div>
   <div class='ocr_carea' id='block_1_44' title="bbox 493 4246 2088 4319">
    <p class='ocr_par' dir='ltr' id='par_1_44' title="bbox 493 4246 2088 4319">
     <span class='ocr_line' id='line_1_44' title="bbox 493 4246 2088 4319; baseline -0.002 -17"><span class='ocrx_word' id='word_1_345' title='bbox 493 4248 763 4319; x_wconf 83' lang='lat' dir='ltr'><strong>agendum</strong></span> <span class='ocrx_word' id='word_1_346' title='bbox 811 4248 904 4302; x_wconf 89' lang='lat' dir='ltr'><strong>tibi</strong></span> <span class='ocrx_word' id='word_1_347' title='bbox 933 4246 1063 4301; x_wconf 72' lang='lat' dir='ltr'><strong>nihil</strong></span> <span class='ocrx_word' id='word_1_348' title='bbox 1104 4256 1190 4302; x_wconf 91' lang='lat' dir='ltr'><strong>est</strong></span> <span class='ocrx_word' id='word_1_349' title='bbox 1217 4247 1571 4317; x_wconf 86' lang='lat' dir='ltr'><strong>impudicum,</strong></span> <span class='ocrx_word' id='word_1_350' title='bbox 1603 4247 1699 4302; x_wconf 84' lang='lat' dir='ltr'><strong>sed</strong></span> <span class='ocrx_word' id='word_1_351' title='bbox 1726 4261 1796 4300; x_wconf 94' lang='lat' dir='ltr'><strong>ne</strong></span> <span class='ocrx_word' id='word_1_352' title='bbox 1846 4247 2088 4315; x_wconf 87' lang='lat' dir='ltr'><strong>cogitan-</strong></span> 
     </span>
    </p>
   </div>
   <div class='ocr_carea' id='block_1_45' title="bbox 494 4336 2083 4407">
    <p class='ocr_par' dir='ltr' id='par_1_45' title="bbox 494 4336 2083 4407">
     <span class='ocr_line' id='line_1_45' title="bbox 494 4336 2083 4407; baseline -0.004 -12"><span class='ocrx_word' id='word_1_353' title='bbox 494 4340 623 4396; x_wconf 77' lang='lat' dir='ltr'><strong>dum</strong></span> <span class='ocrx_word' id='word_1_354' title='bbox 648 4339 890 4407; x_wconf 90' lang='lat' dir='ltr'><strong>quidem.</strong></span> <span class='ocrx_word' id='word_1_355' title='bbox 919 4336 1057 4392; x_wconf 81' lang='lat' dir='ltr'><strong>Vide</strong></span> <span class='ocrx_word' id='word_1_356' title='bbox 1086 4338 1231 4393; x_wconf 89' lang='lat' dir='ltr'><strong>enim</strong></span> <span class='ocrx_word' id='word_1_357' title='bbox 1266 4338 1408 4406; x_wconf 91' lang='lat' dir='ltr'><strong>quod</strong></span> <span class='ocrx_word' id='word_1_358' title='bbox 1443 4337 1705 4407; x_wconf 86' lang='lat' dir='ltr'><strong>scriptum</strong></span> <span class='ocrx_word' id='word_1_359' title='bbox 1733 4347 1816 4391; x_wconf 88' lang='lat' dir='ltr'><strong>est</strong></span> <span class='ocrx_word' id='word_1_360' title='bbox 1839 4354 1853 4390; x_wconf 87' lang='lat'><strong>:</strong></span> <span class='ocrx_word' id='word_1_361' title='bbox 1878 4357 1895 4388; x_wconf 85' lang='grc' dir='ltr'><strong>ι</strong></span> <span class='ocrx_word' id='word_1_362' title='bbox 1926 4338 2083 4401; x_wconf 82' lang='lat' dir='ltr'><strong>Cum,</strong></span> 
     </span>
    </p>
   </div>
   <div class='ocr_carea' id='block_1_46' title="bbox 496 4428 2085 4499">
    <p class='ocr_par' dir='ltr' id='par_1_46' title="bbox 496 4428 2085 4499">
     <span class='ocr_line' id='line_1_46' title="bbox 496 4428 2085 4499; baseline -0.004 -12"><span class='ocrx_word' id='word_1_363' title='bbox 496 4431 678 4499; x_wconf 83' lang='lat' dir='ltr'><strong>inquit</strong></span> <span class='ocrx_word' id='word_1_364' title='bbox 726 4430 794 4494; x_wconf 76' lang='grc'><strong>⁸³,</strong></span> <span class='ocrx_word' id='word_1_365' title='bbox 832 4431 1151 4485; x_wconf 89' lang='lat' dir='ltr'><strong>immundus</strong></span> <span class='ocrx_word' id='word_1_366' title='bbox 1200 4430 1430 4499; x_wconf 84' lang='lat' dir='ltr'><strong>spiritus</strong></span> <span class='ocrx_word' id='word_1_367' title='bbox 1478 4429 1677 4485; x_wconf 79' lang='lat' dir='ltr'><strong>exierit</strong></span> <span class='ocrx_word' id='word_1_368' title='bbox 1728 4428 1796 4480; x_wconf 88' lang='lat' dir='ltr'><strong>ab</strong></span> <span class='ocrx_word' id='word_1_369' title='bbox 1844 4428 2085 4493; x_wconf 91' lang='lat' dir='ltr'><strong>homine,</strong></span> 
     </span>
    </p>
   </div>
   <div class='ocr_carea' id='block_1_47' title="bbox 500 4520 2087 4590">
    <p class='ocr_par' dir='ltr' id='par_1_47' title="bbox 500 4520 2087 4590">
     <span class='ocr_line' id='line_1_47' title="bbox 500 4520 2087 4590; baseline 0.001 -17"><span class='ocrx_word' id='word_1_370' title='bbox 500 4523 655 4576; x_wconf 89' lang='lat' dir='ltr'><strong>vadit</strong></span> <span class='ocrx_word' id='word_1_371' title='bbox 682 4538 780 4590; x_wconf 87' lang='lat' dir='ltr'><strong>per</strong></span> <span class='ocrx_word' id='word_1_372' title='bbox 812 4523 930 4576; x_wconf 90' lang='lat' dir='ltr'><strong>loca</strong></span> <span class='ocrx_word' id='word_1_373' title='bbox 968 4523 1146 4585; x_wconf 88' lang='lat' dir='ltr'><strong>arida,</strong></span> <span class='ocrx_word' id='word_1_374' title='bbox 1182 4522 1382 4590; x_wconf 70' lang='lat' dir='ltr'><strong>quaerit</strong></span> <span class='ocrx_word' id='word_1_375' title='bbox 1413 4521 1680 4589; x_wconf 86' lang='lat' dir='ltr'><strong>requiem,</strong></span> <span class='ocrx_word' id='word_1_376' title='bbox 1706 4531 1760 4575; x_wconf 89' lang='lat' dir='ltr'><strong>et</strong></span> <span class='ocrx_word' id='word_1_377' title='bbox 1786 4536 1892 4575; x_wconf 94' lang='lat' dir='ltr'><strong>non</strong></span> <span class='ocrx_word' id='word_1_378' title='bbox 1929 4520 2087 4575; x_wconf 87' lang='lat' dir='ltr'><strong>iuve-</strong></span> 
     </span>
    </p>
   </div>
   <div class='ocr_carea' id='block_1_48' title="bbox 2198 552 3779 621">
    <p class='ocr_par' dir='ltr' id='par_1_48' title="bbox 2198 552 3779 621">
     <span class='ocr_line' id='line_1_48' title="bbox 2198 552 3779 621; baseline 0.002 -11"><span class='ocrx_word' id='word_1_379' title='bbox 2198 554 2573 611; x_wconf 84' lang='lat' dir='ltr'><strong>fornicaretur</strong></span> <span class='ocrx_word' id='word_1_380' title='bbox 2608 554 2787 606; x_wconf 86' lang='lat' dir='ltr'><strong>anima</strong></span> <span class='ocrx_word' id='word_1_381' title='bbox 2854 562 3043 607; x_wconf 88' lang='lat' dir='ltr'><strong>nostra</strong></span> <span class='ocrx_word' id='word_1_382' title='bbox 3108 569 3136 605; x_wconf 90' lang='lat' dir='ltr'><strong>a</strong></span> <span class='ocrx_word' id='word_1_383' title='bbox 3178 552 3307 621; x_wconf 85' lang='lat' dir='ltr'><strong>Deo,</strong></span> <span class='ocrx_word' id='word_1_384' title='bbox 3341 563 3395 607; x_wconf 91' lang='lat' dir='ltr'><strong>et</strong></span> <span class='ocrx_word' id='word_1_385' title='bbox 3445 568 3589 609; x_wconf 87' lang='lat' dir='ltr'><strong>esset</strong></span> <span class='ocrx_word' id='word_1_386' title='bbox 3653 573 3779 613; x_wconf 92' lang='lat' dir='ltr'><strong>cum</strong></span> 
     </span>
    </p>
   </div>
   <div class='ocr_carea' id='block_1_49' title="bbox 2194 646 3781 717">
    <p class='ocr_par' dir='ltr' id='par_1_49' title="bbox 2194 646 3781 717">
     <span class='ocr_line' id='line_1_49' title="bbox 2194 646 3781 717; baseline 0.004 -16"><span class='ocrx_word' id='word_1_387' title='bbox 2194 647 2533 702; x_wconf 83' lang='lat' dir='ltr'><strong>amatoribus</strong></span> <span class='ocrx_word' id='word_1_388' title='bbox 2561 647 2676 701; x_wconf 90' lang='lat' dir='ltr'><strong>suis</strong></span> <span class='ocrx_word' id='word_1_389' title='bbox 2700 646 3060 703; x_wconf 68' lang='lat' dir='ltr'><strong>daemonibus.</strong></span> <span class='ocrx_word' id='word_1_390' title='bbox 3090 647 3195 702; x_wconf 82' lang='lat' dir='ltr'><strong>Sed</strong></span> <span class='ocrx_word' id='word_1_391' title='bbox 3216 656 3568 717; x_wconf 80' lang='lat' dir='ltr'><strong>posteaquam</strong></span> <span class='ocrx_word' id='word_1_392' title='bbox 3598 652 3737 706; x_wconf 79' lang='lat' dir='ltr'><strong>dixit</strong></span> <span class='ocrx_word' id='word_1_393' title='bbox 3766 670 3781 708; x_wconf 86' lang='lat'><strong>:</strong></span> 
     </span>
    </p>
   </div>
   <div class='ocr_carea' id='block_1_50' title="bbox 2197 739 3783 809">
    <p class='ocr_par' dir='ltr' id='par_1_50' title="bbox 2197 739 3783 809">
     <span class='ocr_line' id='line_1_50' title="bbox 2197 739 3783 809; baseline 0.004 -18"><span class='ocrx_word' id='word_1_394' title='bbox 2197 756 2218 791; x_wconf 79' lang='grc' dir='ltr'><strong>ι</strong></span> <span class='ocrx_word' id='word_1_395' title='bbox 2250 739 2513 793; x_wconf 81' lang='lat' dir='ltr'><strong>Revertar</strong></span> <span class='ocrx_word' id='word_1_396' title='bbox 2543 740 2607 793; x_wconf 91' lang='lat' dir='ltr'><strong>ad</strong></span> <span class='ocrx_word' id='word_1_397' title='bbox 2636 741 2813 793; x_wconf 89' lang='lat' dir='ltr'><strong>virum</strong></span> <span class='ocrx_word' id='word_1_398' title='bbox 2842 755 3023 794; x_wconf 87' lang='lat' dir='ltr'><strong>meum</strong></span> <span class='ocrx_word' id='word_1_399' title='bbox 3056 741 3332 809; x_wconf 86' lang='lat' dir='ltr'><strong>priorem;</strong></span> <span class='ocrx_word' id='word_1_400' title='bbox 3370 763 3387 794; x_wconf 80' lang='grc' dir='ltr'><strong>ι</strong></span> <span class='ocrx_word' id='word_1_401' title='bbox 3423 754 3477 798; x_wconf 90' lang='lat' dir='ltr'><strong>ct</strong></span> <span class='ocrx_word' id='word_1_402' title='bbox 3515 745 3662 798; x_wconf 89' lang='lat' dir='ltr'><strong>venit</strong></span> <span class='ocrx_word' id='word_1_403' title='bbox 3717 748 3783 799; x_wconf 86' lang='lat' dir='ltr'><strong>ad</strong></span> 
     </span>
    </p>
   </div>
   <div class='ocr_carea' id='block_1_51' title="bbox 2192 830 3780 903">
    <p class='ocr_par' dir='ltr' id='par_1_51' title="bbox 2192 830 3780 903">
     <span class='ocr_line' id='line_1_51' title="bbox 2192 830 3780 903; baseline 0.002 -16"><span class='ocrx_word' id='word_1_404' title='bbox 2192 830 2495 894; x_wconf 89' lang='lat' dir='ltr'><strong>Christum,</strong></span> <span class='ocrx_word' id='word_1_405' title='bbox 2535 831 2626 901; x_wconf 91' lang='lat' dir='ltr'><strong>qui</strong></span> <span class='ocrx_word' id='word_1_406' title='bbox 2671 846 2790 885; x_wconf 86' lang='lat' dir='ltr'><strong>eam</strong></span> <span class='ocrx_word' id='word_1_407' title='bbox 2838 845 2903 886; x_wconf 81' lang='lat' dir='ltr'><strong>ex</strong></span> <span class='ocrx_word' id='word_1_408' title='bbox 2956 831 3114 887; x_wconf 90' lang='lat' dir='ltr'><strong>initio</strong></span> <span class='ocrx_word' id='word_1_409' title='bbox 3162 833 3227 886; x_wconf 91' lang='lat' dir='ltr'><strong>ad</strong></span> <span class='ocrx_word' id='word_1_410' title='bbox 3282 834 3573 903; x_wconf 83' lang='lat' dir='ltr'><strong>imaginem</strong></span> <span class='ocrx_word' id='word_1_411' title='bbox 3627 852 3780 890; x_wconf 90' lang='lat' dir='ltr'><strong>suatn</strong></span> 
     </span>
    </p>
   </div>
   <div class='ocr_carea' id='block_1_52' title="bbox 2192 925 3779 997">
    <p class='ocr_par' dir='ltr' id='par_1_52' title="bbox 2192 925 3779 997">
     <span class='ocr_line' id='line_1_52' title="bbox 2192 925 3779 997; baseline 0.004 -16"><span class='ocrx_word' id='word_1_412' title='bbox 2192 925 2419 989; x_wconf 86' lang='lat' dir='ltr'><strong>creavit,</strong></span> <span class='ocrx_word' id='word_1_413' title='bbox 2464 926 2776 980; x_wconf 86' lang='lat' dir='ltr'><strong>necessario</strong></span> <span class='ocrx_word' id='word_1_414' title='bbox 2837 925 3016 981; x_wconf 89' lang='lat' dir='ltr'><strong>locum</strong></span> <span class='ocrx_word' id='word_1_415' title='bbox 3080 926 3229 980; x_wconf 88' lang='lat' dir='ltr'><strong>dedit</strong></span> <span class='ocrx_word' id='word_1_416' title='bbox 3286 928 3498 983; x_wconf 89' lang='lat' dir='ltr'><strong>adulter</strong></span> <span class='ocrx_word' id='word_1_417' title='bbox 3534 930 3779 997; x_wconf 89' lang='lat' dir='ltr'><strong>spiritus,</strong></span> 
     </span>
    </p>
   </div>
   <div class='ocr_carea' id='block_1_53' title="bbox 2192 1016 3781 1090">
    <p class='ocr_par' dir='ltr' id='par_1_53' title="bbox 2192 1016 3781 1090">
     <span class='ocr_line' id='line_1_53' title="bbox 2192 1016 3781 1090; baseline 0.004 -20"><span class='ocrx_word' id='word_1_418' title='bbox 2192 1018 2280 1071; x_wconf 92' lang='lat' dir='ltr'><strong>ubi</strong></span> <span class='ocrx_word' id='word_1_419' title='bbox 2313 1017 2448 1073; x_wconf 86' lang='lat' dir='ltr'><strong>vidit</strong></span> <span class='ocrx_word' id='word_1_420' title='bbox 2482 1016 2784 1088; x_wconf 85' lang='lat' dir='ltr'><strong>legitimum</strong></span> <span class='ocrx_word' id='word_1_421' title='bbox 2820 1017 3022 1071; x_wconf 73' lang='lat' dir='ltr'><strong>vicum.</strong></span> <span class='ocrx_word' id='word_1_422' title='bbox 3061 1017 3308 1088; x_wconf 89' lang='lat' dir='ltr'><strong>Suscepti</strong></span> <span class='ocrx_word' id='word_1_423' title='bbox 3356 1036 3487 1090; x_wconf 87' lang='lat' dir='ltr'><strong>ergo</strong></span> <span class='ocrx_word' id='word_1_424' title='bbox 3532 1037 3723 1078; x_wconf 87' lang='lat' dir='ltr'><strong>smnus</strong></span> <span class='ocrx_word' id='word_1_425' title='bbox 3753 1040 3781 1077; x_wconf 88' lang='lat' dir='ltr'><strong>a</strong></span> 
     </span>
    </p>
   </div>
   <div class='ocr_carea' id='block_1_54' title="bbox 2190 1110 3781 1182">
    <p class='ocr_par' dir='ltr' id='par_1_54' title="bbox 2190 1110 3781 1182">
     <span class='ocr_line' id='line_1_54' title="bbox 2190 1110 3781 1182; baseline 0.003 -18"><span class='ocrx_word' id='word_1_426' title='bbox 2190 1110 2440 1174; x_wconf 84' lang='lat' dir='ltr'><strong>Christo,</strong></span> <span class='ocrx_word' id='word_1_427' title='bbox 2478 1120 2534 1165; x_wconf 89' lang='lat' dir='ltr'><strong>et</strong></span> <span class='ocrx_word' id='word_1_428' title='bbox 2584 1110 2840 1164; x_wconf 90' lang='lat' dir='ltr'><strong>mundata</strong></span> <span class='ocrx_word' id='word_1_429' title='bbox 2871 1112 3177 1166; x_wconf 85' lang='lat' dir='ltr'><strong>estdomus</strong></span> <span class='ocrx_word' id='word_1_430' title='bbox 3224 1124 3407 1168; x_wconf 87' lang='lat' dir='ltr'><strong>nostra</strong></span> <span class='ocrx_word' id='word_1_431' title='bbox 3461 1128 3488 1165; x_wconf 89' lang='lat' dir='ltr'><strong>a</strong></span> <span class='ocrx_word' id='word_1_432' title='bbox 3544 1117 3781 1182; x_wconf 77' lang='lat' dir='ltr'><strong>pet-catis</strong></span> 
     </span>
    </p>
   </div>
   <div class='ocr_carea' id='block_1_55' title="bbox 2190 1202 3777 1271">
    <p class='ocr_par' dir='ltr' id='par_1_55' title="bbox 2190 1202 3777 1271">
     <span class='ocr_line' id='line_1_55' title="bbox 2190 1202 3777 1271; baseline 0.003 -17"><span class='ocrx_word' id='word_1_433' title='bbox 2190 1202 2485 1271; x_wconf 89' lang='lat' dir='ltr'><strong>prioribus,</strong></span> <span class='ocrx_word' id='word_1_434' title='bbox 2518 1210 2572 1257; x_wconf 86' lang='lat' dir='ltr'><strong>et</strong></span> <span class='ocrx_word' id='word_1_435' title='bbox 2593 1210 2785 1256; x_wconf 87' lang='lat' dir='ltr'><strong>ornata</strong></span> <span class='ocrx_word' id='word_1_436' title='bbox 2817 1212 2903 1256; x_wconf 90' lang='lat' dir='ltr'><strong>est</strong></span> <span class='ocrx_word' id='word_1_437' title='bbox 2926 1203 3272 1258; x_wconf 85' lang='lat' dir='ltr'><strong>ornamentis</strong></span> <span class='ocrx_word' id='word_1_438' title='bbox 3307 1218 3777 1260; x_wconf 77' lang='lat' dir='ltr'><strong>sacramentorum</strong></span> 
     </span>
    </p>
   </div>
   <div class='ocr_carea' id='block_1_56' title="bbox 2194 1293 3777 1365">
    <p class='ocr_par' dir='ltr' id='par_1_56' title="bbox 2194 1293 3777 1365">
     <span class='ocr_line' id='line_1_56' title="bbox 2194 1293 3777 1365; baseline 0.003 -17"><span class='ocrx_word' id='word_1_439' title='bbox 2194 1294 2458 1358; x_wconf 86' lang='lat' dir='ltr'><strong>fidelium,</strong></span> <span class='ocrx_word' id='word_1_440' title='bbox 2491 1310 2612 1365; x_wconf 72' lang='lat' dir='ltr'><strong>qum</strong></span> <span class='ocrx_word' id='word_1_441' title='bbox 2657 1304 2852 1348; x_wconf 91' lang='lat' dir='ltr'><strong>norunt</strong></span> <span class='ocrx_word' id='word_1_442' title='bbox 2888 1293 2981 1363; x_wconf 89' lang='lat' dir='ltr'><strong>qui</strong></span> <span class='ocrx_word' id='word_1_443' title='bbox 3041 1294 3239 1349; x_wconf 86' lang='lat' dir='ltr'><strong>initiati</strong></span> <span class='ocrx_word' id='word_1_444' title='bbox 3301 1308 3447 1350; x_wconf 89' lang='lat' dir='ltr'><strong>sunt.</strong></span> <span class='ocrx_word' id='word_1_445' title='bbox 3493 1298 3599 1350; x_wconf 84' lang='lat' dir='ltr'><strong>Sed</strong></span> <span class='ocrx_word' id='word_1_446' title='bbox 3672 1315 3777 1353; x_wconf 91' lang='lat' dir='ltr'><strong>non</strong></span> 
     </span>
    </p>
   </div>
   <div class='ocr_carea' id='block_1_57' title="bbox 2189 1387 3777 1445">
    <p class='ocr_par' dir='ltr' id='par_1_57' title="bbox 2189 1387 3777 1445">
     <span class='ocr_line' id='line_1_57' title="bbox 2189 1387 3777 1445; baseline 0.003 -4"><span class='ocrx_word' id='word_1_447' title='bbox 2189 1390 2376 1442; x_wconf 82' lang='lat' dir='ltr'><strong>statim</strong></span> <span class='ocrx_word' id='word_1_448' title='bbox 2418 1390 2612 1443; x_wconf 85' lang='lat' dir='ltr'><strong>donms</strong></span> <span class='ocrx_word' id='word_1_449' title='bbox 2653 1388 2769 1440; x_wconf 65' lang='lat' dir='ltr'><strong>btcc</strong></span> <span class='ocrx_word' id='word_1_450' title='bbox 2835 1387 3201 1441; x_wconf 75' lang='lat' dir='ltr'><strong>habitatorem</strong></span> <span class='ocrx_word' id='word_1_451' title='bbox 3242 1388 3443 1442; x_wconf 74' lang='lat' dir='ltr'><strong>habere</strong></span> <span class='ocrx_word' id='word_1_452' title='bbox 3500 1389 3777 1445; x_wconf 87' lang='lat' dir='ltr'><strong>Christum</strong></span> 
     </span>
    </p>
   </div>
   <div class='ocr_carea' id='block_1_58' title="bbox 2192 1481 3778 1552">
    <p class='ocr_par' dir='ltr' id='par_1_58' title="bbox 2192 1481 3778 1552">
     <span class='ocr_line' id='line_1_58' title="bbox 2192 1481 3778 1552; baseline 0.002 -18"><span class='ocrx_word' id='word_1_453' title='bbox 2192 1481 2569 1548; x_wconf 87' lang='lat' dir='ltr'><strong>meretur,nisi</strong></span> <span class='ocrx_word' id='word_1_454' title='bbox 2603 1482 2675 1536; x_wconf 87' lang='lat' dir='ltr'><strong>sit</strong></span> <span class='ocrx_word' id='word_1_455' title='bbox 2700 1482 2807 1535; x_wconf 89' lang='lat' dir='ltr'><strong>vita</strong></span> <span class='ocrx_word' id='word_1_456' title='bbox 2832 1482 2952 1551; x_wconf 88' lang='lat' dir='ltr'><strong>ejus</strong></span> <span class='ocrx_word' id='word_1_457' title='bbox 2991 1492 3044 1536; x_wconf 89' lang='lat' dir='ltr'><strong>et</strong></span> <span class='ocrx_word' id='word_1_458' title='bbox 3072 1484 3421 1537; x_wconf 75' lang='lat' dir='ltr'><strong>conversatio</strong></span> <span class='ocrx_word' id='word_1_459' title='bbox 3461 1485 3531 1537; x_wconf 90' lang='lat' dir='ltr'><strong>ita</strong></span> <span class='ocrx_word' id='word_1_460' title='bbox 3563 1494 3778 1552; x_wconf 81' lang='lat' dir='ltr'><strong>sancta,</strong></span> 
     </span>
    </p>
   </div>
   <div class='ocr_carea' id='block_1_59' title="bbox 2193 1574 3779 1645">
    <p class='ocr_par' dir='ltr' id='par_1_59' title="bbox 2193 1574 3779 1645">
     <span class='ocr_line' id='line_1_59' title="bbox 2193 1574 3779 1645; baseline 0.002 -16"><span class='ocrx_word' id='word_1_461' title='bbox 2193 1576 2265 1629; x_wconf 88' lang='lat' dir='ltr'><strong>ita</strong></span> <span class='ocrx_word' id='word_1_462' title='bbox 2307 1590 2443 1642; x_wconf 87' lang='lat' dir='ltr'><strong>pura</strong></span> <span class='ocrx_word' id='word_1_463' title='bbox 2481 1583 2537 1628; x_wconf 90' lang='lat' dir='ltr'><strong>et</strong></span> <span class='ocrx_word' id='word_1_464' title='bbox 2574 1574 3100 1637; x_wconf 86' lang='lat' dir='ltr'><strong>incentaminabilis,</strong></span> <span class='ocrx_word' id='word_1_465' title='bbox 3144 1586 3201 1627; x_wconf 89' lang='lat' dir='ltr'><strong>ut</strong></span> <span class='ocrx_word' id='word_1_466' title='bbox 3242 1576 3501 1645; x_wconf 87' lang='lat' dir='ltr'><strong>templum</strong></span> <span class='ocrx_word' id='word_1_467' title='bbox 3536 1575 3624 1631; x_wconf 87' lang='lat' dir='ltr'><strong>Dei</strong></span> <span class='ocrx_word' id='word_1_468' title='bbox 3657 1593 3779 1632; x_wconf 88' lang='lat' dir='ltr'><strong>esse</strong></span> 
     </span>
    </p>
   </div>
   <div class='ocr_carea' id='block_1_60' title="bbox 2189 1662 3779 1732">
    <p class='ocr_par' dir='ltr' id='par_1_60' title="bbox 2189 1662 3779 1732">
     <span class='ocr_line' id='line_1_60' title="bbox 2189 1662 3779 1732; baseline 0 -16"><span class='ocrx_word' id='word_1_469' title='bbox 2189 1676 2488 1717; x_wconf 83' lang='lat' dir='ltr'><strong>mereatur.</strong></span> <span class='ocrx_word' id='word_1_470' title='bbox 2533 1662 2647 1715; x_wconf 78' lang='lat' dir='ltr'><strong>Non</strong></span> <span class='ocrx_word' id='word_1_471' title='bbox 2689 1663 2833 1717; x_wconf 90' lang='lat' dir='ltr'><strong>enim</strong></span> <span class='ocrx_word' id='word_1_472' title='bbox 2867 1662 3061 1716; x_wconf 87' lang='lat' dir='ltr'><strong>domus</strong></span> <span class='ocrx_word' id='word_1_473' title='bbox 3090 1662 3201 1732; x_wconf 80' lang='lat'><strong>(55)</strong></span> <span class='ocrx_word' id='word_1_474' title='bbox 3243 1665 3446 1728; x_wconf 83' lang='lat' dir='ltr'><strong>adhuc,</strong></span> <span class='ocrx_word' id='word_1_475' title='bbox 3486 1665 3580 1717; x_wconf 87' lang='lat' dir='ltr'><strong>sed</strong></span> <span class='ocrx_word' id='word_1_476' title='bbox 3645 1674 3779 1718; x_wconf 58' lang='lat' dir='ltr'><strong>teme</strong></span> 
     </span>
    </p>
   </div>
   <div class='ocr_carea' id='block_1_61' title="bbox 2190 1755 3777 1827">
    <p class='ocr_par' dir='ltr' id='par_1_61' title="bbox 2190 1755 3777 1827">
     <span class='ocr_line' id='line_1_61' title="bbox 2190 1755 3777 1827; baseline 0 -16"><span class='ocrx_word' id='word_1_477' title='bbox 2190 1759 2337 1827; x_wconf 91' lang='lat' dir='ltr'><strong>plum</strong></span> <span class='ocrx_word' id='word_1_478' title='bbox 2377 1772 2498 1812; x_wconf 77' lang='lat' dir='ltr'><strong>esse</strong></span> <span class='ocrx_word' id='word_1_479' title='bbox 2527 1757 2685 1811; x_wconf 86' lang='lat' dir='ltr'><strong>debet</strong></span> <span class='ocrx_word' id='word_1_480' title='bbox 2717 1756 2769 1809; x_wconf 93' lang='lat' dir='ltr'><strong>in</strong></span> <span class='ocrx_word' id='word_1_481' title='bbox 2811 1770 2918 1823; x_wconf 90' lang='lat' dir='ltr'><strong>quo</strong></span> <span class='ocrx_word' id='word_1_482' title='bbox 2944 1755 3154 1810; x_wconf 85' lang='lat' dir='ltr'><strong>habitet</strong></span> <span class='ocrx_word' id='word_1_483' title='bbox 3199 1757 3360 1811; x_wconf 87' lang='lat' dir='ltr'><strong>Deus.</strong></span> <span class='ocrx_word' id='word_1_484' title='bbox 3402 1757 3457 1809; x_wconf 92' lang='lat' dir='ltr'><strong>Si</strong></span> <span class='ocrx_word' id='word_1_485' title='bbox 3499 1773 3629 1825; x_wconf 84' lang='lat' dir='ltr'><strong>ergo</strong></span> <span class='ocrx_word' id='word_1_486' title='bbox 3683 1773 3777 1811; x_wconf 83' lang='lat' dir='ltr'><strong>ac-</strong></span> 
     </span>
    </p>
   </div>
   <div class='ocr_carea' id='block_1_62' title="bbox 2193 1848 3780 1920">
    <p class='ocr_par' dir='ltr' id='par_1_62' title="bbox 2193 1848 3780 1920">
     <span class='ocr_line' id='line_1_62' title="bbox 2193 1848 3780 1920; baseline -0.001 -15"><span class='ocrx_word' id='word_1_487' title='bbox 2193 1860 2407 1918; x_wconf 86' lang='lat' dir='ltr'><strong>ceptam</strong></span> <span class='ocrx_word' id='word_1_488' title='bbox 2449 1851 2683 1920; x_wconf 75' lang='lat' dir='ltr'><strong>gratiam</strong></span> <span class='ocrx_word' id='word_1_489' title='bbox 2721 1849 2984 1919; x_wconf 74' lang='lat' dir='ltr'><strong>negligat,</strong></span> <span class='ocrx_word' id='word_1_490' title='bbox 3012 1859 3066 1901; x_wconf 91' lang='lat' dir='ltr'><strong>et</strong></span> <span class='ocrx_word' id='word_1_491' title='bbox 3107 1848 3349 1915; x_wconf 79' lang='lat' dir='ltr'><strong>implicet.</strong></span> <span class='ocrx_word' id='word_1_492' title='bbox 3418 1866 3476 1902; x_wconf 89' lang='lat' dir='ltr'><strong>se</strong></span> <span class='ocrx_word' id='word_1_493' title='bbox 3547 1850 3780 1918; x_wconf 77' lang='lat' dir='ltr'><strong>negotiis</strong></span> 
     </span>
    </p>
   </div>
   <div class='ocr_carea' id='block_1_63' title="bbox 2187 1938 3779 2009">
    <p class='ocr_par' dir='ltr' id='par_1_63' title="bbox 2187 1938 3779 2009">
     <span class='ocr_line' id='line_1_63' title="bbox 2187 1938 3779 2009; baseline -0.004 -12"><span class='ocrx_word' id='word_1_494' title='bbox 2187 1940 2561 2007; x_wconf 65' lang='lat' dir='ltr'><strong>saecularibus,</strong></span> <span class='ocrx_word' id='word_1_495' title='bbox 2599 1940 2862 1995; x_wconf 91' lang='lat' dir='ltr'><strong>continuo</strong></span> <span class='ocrx_word' id='word_1_496' title='bbox 2906 1939 3136 2009; x_wconf 87' lang='lat' dir='ltr'><strong>spiritus</strong></span> <span class='ocrx_word' id='word_1_497' title='bbox 3176 1938 3264 1992; x_wconf 89' lang='lat' dir='ltr'><strong>ille</strong></span> <span class='ocrx_word' id='word_1_498' title='bbox 3306 1938 3617 1991; x_wconf 91' lang='lat' dir='ltr'><strong>immundus</strong></span> <span class='ocrx_word' id='word_1_499' title='bbox 3659 1940 3779 1991; x_wconf 71' lang='lat' dir='ltr'><strong>red-</strong></span> 
     </span>
    </p>
   </div>
   <div class='ocr_carea' id='block_1_64' title="bbox 2190 2032 3777 2099">
    <p class='ocr_par' dir='ltr' id='par_1_64' title="bbox 2190 2032 3777 2099">
     <span class='ocr_line' id='line_1_64' title="bbox 2190 2032 3777 2099; baseline -0.001 -12"><span class='ocrx_word' id='word_1_500' title='bbox 2190 2035 2250 2099; x_wconf 91' lang='lat' dir='ltr'><strong>it,</strong></span> <span class='ocrx_word' id='word_1_501' title='bbox 2291 2041 2346 2088; x_wconf 89' lang='lat' dir='ltr'><strong>et</strong></span> <span class='ocrx_word' id='word_1_502' title='bbox 2405 2034 2648 2087; x_wconf 87' lang='lat' dir='ltr'><strong>vindicat</strong></span> <span class='ocrx_word' id='word_1_503' title='bbox 2693 2032 2798 2087; x_wconf 87' lang='lat' dir='ltr'><strong>sibi</strong></span> <span class='ocrx_word' id='word_1_504' title='bbox 2842 2032 3061 2085; x_wconf 91' lang='lat' dir='ltr'><strong>domum</strong></span> <span class='ocrx_word' id='word_1_505' title='bbox 3105 2040 3411 2086; x_wconf 88' lang='lat' dir='ltr'><strong>vacantem.</strong></span> <span class='ocrx_word' id='word_1_506' title='bbox 3458 2032 3521 2084; x_wconf 76' lang='lat' dir='ltr'><strong>Et</strong></span> <span class='ocrx_word' id='word_1_507' title='bbox 3564 2049 3630 2086; x_wconf 89' lang='lat' dir='ltr'><strong>ne</strong></span> <span class='ocrx_word' id='word_1_508' title='bbox 3678 2033 3777 2085; x_wconf 83' lang='lat' dir='ltr'><strong>ite-</strong></span> 
     </span>
    </p>
   </div>
   <div class='ocr_carea' id='block_1_65' title="bbox 2191 2122 3778 2195">
    <p class='ocr_par' dir='ltr' id='par_1_65' title="bbox 2191 2122 3778 2195">
     <span class='ocr_line' id='line_1_65' title="bbox 2191 2122 3778 2195; baseline -0.001 -16"><span class='ocrx_word' id='word_1_509' title='bbox 2191 2143 2307 2179; x_wconf 92' lang='lat' dir='ltr'><strong>rum</strong></span> <span class='ocrx_word' id='word_1_510' title='bbox 2360 2125 2533 2195; x_wconf 90' lang='lat' dir='ltr'><strong>possit</strong></span> <span class='ocrx_word' id='word_1_511' title='bbox 2584 2123 2809 2194; x_wconf 83' lang='lat' dir='ltr'><strong>expelli,</strong></span> <span class='ocrx_word' id='word_1_512' title='bbox 2866 2122 3008 2177; x_wconf 86' lang='lat' dir='ltr'><strong>alios</strong></span> <span class='ocrx_word' id='word_1_513' title='bbox 3061 2138 3247 2177; x_wconf 86' lang='lat' dir='ltr'><strong>secum</strong></span> <span class='ocrx_word' id='word_1_514' title='bbox 3304 2134 3514 2193; x_wconf 81' lang='lat' dir='ltr'><strong>septem</strong></span> <span class='ocrx_word' id='word_1_515' title='bbox 3553 2124 3778 2193; x_wconf 87' lang='lat' dir='ltr'><strong>spiritus</strong></span> 
     </span>
    </p>
   </div>
   <div class='ocr_carea' id='block_1_66' title="bbox 2188 2216 3776 2291">
    <p class='ocr_par' dir='ltr' id='par_1_66' title="bbox 2188 2216 3776 2291">
     <span class='ocr_line' id='line_1_66' title="bbox 2188 2216 3776 2291; baseline -0.002 -17"><span class='ocrx_word' id='word_1_516' title='bbox 2188 2220 2419 2274; x_wconf 87' lang='lat' dir='ltr'><strong>adhibet</strong></span> <span class='ocrx_word' id='word_1_517' title='bbox 2488 2219 2804 2291; x_wconf 86' lang='lat' dir='ltr'><strong>nequiores,</strong></span> <span class='ocrx_word' id='word_1_518' title='bbox 2841 2230 2896 2273; x_wconf 92' lang='lat' dir='ltr'><strong>et</strong></span> <span class='ocrx_word' id='word_1_519' title='bbox 2933 2218 3071 2277; x_wconf 82' lang='lat' dir='ltr'><strong>fiunt</strong></span> <span class='ocrx_word' id='word_1_520' title='bbox 3133 2216 3425 2277; x_wconf 81' lang='lat' dir='ltr'><strong>novissima</strong></span> <span class='ocrx_word' id='word_1_521' title='bbox 3468 2216 3776 2285; x_wconf 89' lang='lat' dir='ltr'><strong>lmjusmodi</strong></span> 
     </span>
    </p>
   </div>
   <div class='ocr_carea' id='block_1_67' title="bbox 2189 2310 3779 2382">
    <p class='ocr_par' dir='ltr' id='par_1_67' title="bbox 2189 2310 3779 2382">
     <span class='ocr_line' id='line_1_67' title="bbox 2189 2310 3779 2382; baseline -0.003 -13"><span class='ocrx_word' id='word_1_522' title='bbox 2189 2314 2431 2369; x_wconf 89' lang='lat' dir='ltr'><strong>hominis</strong></span> <span class='ocrx_word' id='word_1_523' title='bbox 2465 2312 2647 2382; x_wconf 73' lang='lat' dir='ltr'><strong>pejora</strong></span> <span class='ocrx_word' id='word_1_524' title='bbox 2684 2312 2966 2381; x_wconf 87' lang='lat' dir='ltr'><strong>prioribus</strong></span> <span class='ocrx_word' id='word_1_525' title='bbox 2993 2328 3008 2377; x_wconf 88' lang='lat'><strong>;</strong></span> <span class='ocrx_word' id='word_1_526' title='bbox 3034 2313 3160 2381; x_wconf 90' lang='lat' dir='ltr'><strong>quia</strong></span> <span class='ocrx_word' id='word_1_527' title='bbox 3206 2311 3546 2366; x_wconf 74' lang='lat' dir='ltr'><strong>tolerabilius</strong></span> <span class='ocrx_word' id='word_1_528' title='bbox 3601 2310 3779 2366; x_wconf 87' lang='lat' dir='ltr'><strong>fuerat</strong></span> 
     </span>
    </p>
   </div>
   <div class='ocr_carea' id='block_1_68' title="bbox 2187 2404 3778 2474">
    <p class='ocr_par' dir='ltr' id='par_1_68' title="bbox 2187 2404 3778 2474">
     <span class='ocr_line' id='line_1_68' title="bbox 2187 2404 3778 2474; baseline -0.005 -15"><span class='ocrx_word' id='word_1_529' title='bbox 2187 2420 2294 2460; x_wconf 91' lang='lat' dir='ltr'><strong>non</strong></span> <span class='ocrx_word' id='word_1_530' title='bbox 2337 2404 2541 2460; x_wconf 83' lang='lat' dir='ltr'><strong>redisse</strong></span> <span class='ocrx_word' id='word_1_531' title='bbox 2577 2405 2644 2457; x_wconf 87' lang='lat' dir='ltr'><strong>ad</strong></span> <span class='ocrx_word' id='word_1_532' title='bbox 2686 2404 2858 2458; x_wconf 82' lang='lat' dir='ltr'><strong>virum</strong></span> <span class='ocrx_word' id='word_1_533' title='bbox 2901 2405 3141 2474; x_wconf 87' lang='lat' dir='ltr'><strong>priorem</strong></span> <span class='ocrx_word' id='word_1_534' title='bbox 3186 2404 3421 2457; x_wconf 85' lang='lat' dir='ltr'><strong>animam</strong></span> <span class='ocrx_word' id='word_1_535' title='bbox 3457 2404 3623 2457; x_wconf 89' lang='lat' dir='ltr'><strong>semel</strong></span> <span class='ocrx_word' id='word_1_536' title='bbox 3665 2418 3778 2458; x_wconf 55' lang='lat' dir='ltr'><strong>me.</strong></span> 
     </span>
    </p>
   </div>
   <div class='ocr_carea' id='block_1_69' title="bbox 2189 2493 3772 2564">
    <p class='ocr_par' dir='ltr' id='par_1_69' title="bbox 2189 2493 3772 2564">
     <span class='ocr_line' id='line_1_69' title="bbox 2189 2493 3772 2564; baseline -0.001 -15"><span class='ocrx_word' id='word_1_537' title='bbox 2189 2497 2568 2559; x_wconf 89' lang='lat' dir='ltr'><strong>retricantem,</strong></span> <span class='ocrx_word' id='word_1_538' title='bbox 2609 2510 2772 2564; x_wconf 89' lang='lat' dir='ltr'><strong>quam</strong></span> <span class='ocrx_word' id='word_1_539' title='bbox 2829 2510 3108 2563; x_wconf 80' lang='lat' dir='ltr'><strong>egressam</strong></span> <span class='ocrx_word' id='word_1_540' title='bbox 3173 2505 3297 2562; x_wconf 79' lang='lat' dir='ltr'><strong>pest</strong></span> <span class='ocrx_word' id='word_1_541' title='bbox 3364 2493 3772 2550; x_wconf 83' lang='lat' dir='ltr'><strong>confessionem</strong></span> 
     </span>
    </p>
   </div>
   <div class='ocr_carea' id='block_1_70' title="bbox 2187 2585 3771 2655">
    <p class='ocr_par' dir='ltr' id='par_1_70' title="bbox 2187 2585 3771 2655">
     <span class='ocr_line' id='line_1_70' title="bbox 2187 2585 3771 2655; baseline -0.001 -16"><span class='ocrx_word' id='word_1_542' title='bbox 2187 2589 2310 2651; x_wconf 89' lang='lat' dir='ltr'><strong>viri,</strong></span> <span class='ocrx_word' id='word_1_543' title='bbox 2336 2604 2554 2641; x_wconf 84' lang='lat' dir='ltr'><strong>rursum</strong></span> <span class='ocrx_word' id='word_1_544' title='bbox 2591 2586 2893 2641; x_wconf 87' lang='lat' dir='ltr'><strong>adulteram</strong></span> <span class='ocrx_word' id='word_1_545' title='bbox 2925 2587 3061 2639; x_wconf 86' lang='lat' dir='ltr'><strong>ficri.</strong></span> <span class='ocrx_word' id='word_1_546' title='bbox 3091 2585 3243 2638; x_wconf 74' lang='lat' dir='ltr'><strong>Nulla</strong></span> <span class='ocrx_word' id='word_1_547' title='bbox 3267 2601 3397 2655; x_wconf 88' lang='lat' dir='ltr'><strong>ergo</strong></span> <span class='ocrx_word' id='word_1_548' title='bbox 3422 2604 3439 2638; x_wconf 83' lang='lat' dir='ltr'><strong>t</strong></span> <span class='ocrx_word' id='word_1_549' title='bbox 3468 2586 3719 2650; x_wconf 87' lang='lat' dir='ltr'><strong>societas,</strong></span> <span class='ocrx_word' id='word_1_550' title='bbox 3750 2603 3771 2643; x_wconf 70' lang='grc' dir='ltr'><strong>ι</strong></span> 
     </span>
    </p>
   </div>
   <div class='ocr_carea' id='block_1_71' title="bbox 2180 2678 3771 2748">
    <p class='ocr_par' dir='ltr' id='par_1_71' title="bbox 2180 2678 3771 2748">
     <span class='ocr_line' id='line_1_71' title="bbox 2180 2678 3771 2748; baseline -0.001 -15"><span class='ocrx_word' id='word_1_551' title='bbox 2180 2679 2326 2733; x_wconf 83' lang='lat' dir='ltr'><strong>sicut</strong></span> <span class='ocrx_word' id='word_1_552' title='bbox 2367 2678 2819 2748; x_wconf 82' lang='lat' dir='ltr'><strong>dicitApostolus</strong></span> <span class='ocrx_word' id='word_1_553' title='bbox 2851 2680 2921 2744; x_wconf 83' lang='lat'><strong>&quot;°,</strong></span> <span class='ocrx_word' id='word_1_554' title='bbox 2980 2697 2999 2731; x_wconf 72' lang='grc' dir='ltr'><strong>ι</strong></span> <span class='ocrx_word' id='word_1_555' title='bbox 3035 2680 3233 2748; x_wconf 89' lang='lat' dir='ltr'><strong>templo</strong></span> <span class='ocrx_word' id='word_1_556' title='bbox 3277 2678 3367 2732; x_wconf 88' lang='lat' dir='ltr'><strong>Dei</strong></span> <span class='ocrx_word' id='word_1_557' title='bbox 3410 2694 3537 2731; x_wconf 92' lang='lat' dir='ltr'><strong>eum</strong></span> <span class='ocrx_word' id='word_1_558' title='bbox 3594 2679 3771 2743; x_wconf 78' lang='lat' dir='ltr'><strong>idolis,</strong></span> 
     </span>
    </p>
   </div>
   <div class='ocr_carea' id='block_1_72' title="bbox 2185 2773 3769 2828">
    <p class='ocr_par' dir='ltr' id='par_1_72' title="bbox 2185 2773 3769 2828">
     <span class='ocr_line' id='line_1_72' title="bbox 2185 2773 3769 2828; baseline -0.002 -1"><span class='ocrx_word' id='word_1_559' title='bbox 2185 2774 2333 2827; x_wconf 86' lang='lat' dir='ltr'><strong>nulla</strong></span> <span class='ocrx_word' id='word_1_560' title='bbox 2368 2774 2728 2827; x_wconf 81' lang='lat' dir='ltr'><strong>consonantia</strong></span> <span class='ocrx_word' id='word_1_561' title='bbox 2769 2774 2991 2828; x_wconf 88' lang='lat' dir='ltr'><strong>Christo</strong></span> <span class='ocrx_word' id='word_1_562' title='bbox 3032 2783 3086 2827; x_wconf 91' lang='lat' dir='ltr'><strong>et</strong></span> <span class='ocrx_word' id='word_1_563' title='bbox 3144 2773 3337 2827; x_wconf 87' lang='lat' dir='ltr'><strong>Belial.</strong></span> <span class='ocrx_word' id='word_1_564' title='bbox 3375 2793 3393 2825; x_wconf 77' lang='grc' dir='ltr'><strong>ι</strong></span> <span class='ocrx_word' id='word_1_565' title='bbox 3438 2773 3495 2828; x_wconf 91' lang='lat' dir='ltr'><strong>Si</strong></span> <span class='ocrx_word' id='word_1_566' title='bbox 3539 2774 3631 2827; x_wconf 87' lang='lat' dir='ltr'><strong>Dei</strong></span> <span class='ocrx_word' id='word_1_567' title='bbox 3674 2789 3769 2827; x_wconf 87' lang='lat' dir='ltr'><strong>su-</strong></span> 
     </span>
    </p>
   </div>
   <div class='ocr_carea' id='block_1_73' title="bbox 2185 2865 3774 2936">
    <p class='ocr_par' dir='ltr' id='par_1_73' title="bbox 2185 2865 3774 2936">
     <span class='ocr_line' id='line_1_73' title="bbox 2185 2865 3774 2936; baseline 0 -17"><span class='ocrx_word' id='word_1_568' title='bbox 2185 2883 2328 2933; x_wconf 88' lang='lat' dir='ltr'><strong>mus,</strong></span> <span class='ocrx_word' id='word_1_569' title='bbox 2372 2865 2507 2920; x_wconf 84' lang='lat' dir='ltr'><strong>tales</strong></span> <span class='ocrx_word' id='word_1_570' title='bbox 2547 2881 2667 2921; x_wconf 82' lang='lat' dir='ltr'><strong>esse</strong></span> <span class='ocrx_word' id='word_1_571' title='bbox 2702 2867 2964 2923; x_wconf 88' lang='lat' dir='ltr'><strong>debemus</strong></span> <span class='ocrx_word' id='word_1_572' title='bbox 3008 2876 3063 2920; x_wconf 90' lang='lat' dir='ltr'><strong>ut</strong></span> <span class='ocrx_word' id='word_1_573' title='bbox 3100 2868 3439 2936; x_wconf 87' lang='lat' dir='ltr'><strong>compleatur</strong></span> <span class='ocrx_word' id='word_1_574' title='bbox 3476 2867 3605 2920; x_wconf 88' lang='lat' dir='ltr'><strong>illud</strong></span> <span class='ocrx_word' id='word_1_575' title='bbox 3630 2866 3774 2935; x_wconf 91' lang='lat' dir='ltr'><strong>quod</strong></span> 
     </span>
    </p>
   </div>
   <div class='ocr_carea' id='block_1_74' title="bbox 2182 2956 3776 3025">
    <p class='ocr_par' dir='ltr' id='par_1_74' title="bbox 2182 2956 3776 3025">
     <span class='ocr_line' id='line_1_74' title="bbox 2182 2956 3776 3025; baseline 0.001 -16"><span class='ocrx_word' id='word_1_576' title='bbox 2182 2956 2318 3012; x_wconf 86' lang='lat' dir='ltr'><strong>dicit</strong></span> <span class='ocrx_word' id='word_1_577' title='bbox 2357 2957 2423 3011; x_wconf 91' lang='lat' dir='ltr'><strong>de</strong></span> <span class='ocrx_word' id='word_1_578' title='bbox 2457 2958 2612 3011; x_wconf 90' lang='lat' dir='ltr'><strong>nobis</strong></span> <span class='ocrx_word' id='word_1_579' title='bbox 2647 2956 2790 3011; x_wconf 91' lang='lat' dir='ltr'><strong>Deus</strong></span> <span class='ocrx_word' id='word_1_580' title='bbox 2819 2959 2862 2988; x_wconf 76' lang='grc'>⁷⁸</span> <span class='ocrx_word' id='word_1_581' title='bbox 2904 2975 2918 3011; x_wconf 87' lang='lat'><strong>:</strong></span> <span class='ocrx_word' id='word_1_582' title='bbox 2957 2976 2976 3009; x_wconf 83' lang='grc' dir='ltr'><strong>ι</strong></span> <span class='ocrx_word' id='word_1_583' title='bbox 3022 2960 3162 3025; x_wconf 81' lang='lat' dir='ltr'><strong>Quia</strong></span> <span class='ocrx_word' id='word_1_584' title='bbox 3206 2958 3464 3012; x_wconf 88' lang='lat' dir='ltr'><strong>habitabo</strong></span> <span class='ocrx_word' id='word_1_585' title='bbox 3506 2959 3556 3011; x_wconf 95' lang='lat' dir='ltr'><strong>in</strong></span> <span class='ocrx_word' id='word_1_586' title='bbox 3586 2959 3685 3021; x_wconf 86' lang='lat' dir='ltr'><strong>eis,</strong></span> <span class='ocrx_word' id='word_1_587' title='bbox 3718 2967 3776 3011; x_wconf 84' lang='lat' dir='ltr'><strong>et</strong></span> 
     </span>
    </p>
   </div>
   <div class='ocr_carea' id='block_1_75' title="bbox 2185 3048 3768 3119">
    <p class='ocr_par' dir='ltr' id='par_1_75' title="bbox 2185 3048 3768 3119">
     <span class='ocr_line' id='line_1_75' title="bbox 2185 3048 3768 3119; baseline 0.004 -19"><span class='ocrx_word' id='word_1_588' title='bbox 2185 3048 2238 3100; x_wconf 88' lang='lat' dir='ltr'><strong>itt</strong></span> <span class='ocrx_word' id='word_1_589' title='bbox 2267 3048 2349 3103; x_wconf 85' lang='lat' dir='ltr'><strong>cis</strong></span> <span class='ocrx_word' id='word_1_590' title='bbox 2377 3050 2764 3113; x_wconf 85' lang='lat' dir='ltr'><strong>antbulabo,et</strong></span> <span class='ocrx_word' id='word_1_591' title='bbox 2808 3051 2909 3119; x_wconf 88' lang='lat' dir='ltr'><strong>ipsi</strong></span> <span class='ocrx_word' id='word_1_592' title='bbox 2951 3059 3115 3105; x_wconf 89' lang='lat' dir='ltr'><strong>erunt</strong></span> <span class='ocrx_word' id='word_1_593' title='bbox 3158 3050 3287 3104; x_wconf 90' lang='lat' dir='ltr'><strong>ntibi</strong></span> <span class='ocrx_word' id='word_1_594' title='bbox 3334 3050 3385 3103; x_wconf 94' lang='lat' dir='ltr'><strong>in</strong></span> <span class='ocrx_word' id='word_1_595' title='bbox 3442 3050 3719 3119; x_wconf 90' lang='lat' dir='ltr'><strong>populum.</strong></span> <span class='ocrx_word' id='word_1_596' title='bbox 3748 3068 3768 3107; x_wconf 80' lang='grc' dir='ltr'><strong>ι</strong></span> 
     </span>
    </p>
   </div>
   <div class='ocr_carea' id='block_1_76' title="bbox 2184 3138 3774 3212">
    <p class='ocr_par' dir='ltr' id='par_1_76' title="bbox 2184 3138 3774 3212">
     <span class='ocr_line' id='line_1_76' title="bbox 2184 3138 3774 3212; baseline 0.001 -19"><span class='ocrx_word' id='word_1_597' title='bbox 2184 3138 2254 3193; x_wconf 87' lang='lat' dir='ltr'><strong>Et</strong></span> <span class='ocrx_word' id='word_1_598' title='bbox 2295 3139 2436 3195; x_wconf 85' lang='lat' dir='ltr'><strong>sicut</strong></span> <span class='ocrx_word' id='word_1_599' title='bbox 2478 3140 2585 3195; x_wconf 88' lang='lat' dir='ltr'><strong>alio</strong></span> <span class='ocrx_word' id='word_1_600' title='bbox 2625 3141 2745 3197; x_wconf 92' lang='lat' dir='ltr'><strong>loco</strong></span> <span class='ocrx_word' id='word_1_601' title='bbox 2785 3144 3048 3212; x_wconf 83' lang='lat' dir='ltr'><strong>prephcta</strong></span> <span class='ocrx_word' id='word_1_602' title='bbox 3078 3142 3209 3198; x_wconf 89' lang='lat' dir='ltr'><strong>dicit</strong></span> <span class='ocrx_word' id='word_1_603' title='bbox 3237 3143 3283 3182; x_wconf 70' lang='grc'><strong>⁷³</strong></span> <span class='ocrx_word' id='word_1_604' title='bbox 3324 3161 3335 3195; x_wconf 88' lang='lat'>:</span> <span class='ocrx_word' id='word_1_605' title='bbox 3412 3159 3430 3195; x_wconf 77' lang='grc' dir='ltr'><strong>ι</strong></span> <span class='ocrx_word' id='word_1_606' title='bbox 3476 3141 3632 3196; x_wconf 72' lang='lat' dir='ltr'><strong>Exite</strong></span> <span class='ocrx_word' id='word_1_607' title='bbox 3706 3142 3774 3201; x_wconf 81' lang='lat' dir='ltr'><strong>de</strong></span> 
     </span>
    </p>
   </div>
   <div class='ocr_carea' id='block_1_77' title="bbox 2185 3234 3771 3306">
    <p class='ocr_par' dir='ltr' id='par_1_77' title="bbox 2185 3234 3771 3306">
     <span class='ocr_line' id='line_1_77' title="bbox 2185 3234 3771 3306; baseline 0.002 -17"><span class='ocrx_word' id='word_1_608' title='bbox 2185 3234 2365 3289; x_wconf 91' lang='lat' dir='ltr'><strong>medio</strong></span> <span class='ocrx_word' id='word_1_609' title='bbox 2398 3250 2585 3290; x_wconf 86' lang='lat' dir='ltr'><strong>eorum</strong></span> <span class='ocrx_word' id='word_1_610' title='bbox 2614 3276 2631 3300; x_wconf 94' lang='lat'><strong>,</strong></span> <span class='ocrx_word' id='word_1_611' title='bbox 2670 3246 2725 3290; x_wconf 93' lang='lat' dir='ltr'><strong>et</strong></span> <span class='ocrx_word' id='word_1_612' title='bbox 2768 3236 3120 3306; x_wconf 86' lang='lat' dir='ltr'><strong>separamini,</strong></span> <span class='ocrx_word' id='word_1_613' title='bbox 3183 3236 3315 3289; x_wconf 82' lang='lat' dir='ltr'><strong>dicit</strong></span> <span class='ocrx_word' id='word_1_614' title='bbox 3359 3236 3638 3298; x_wconf 79' lang='lat' dir='ltr'><strong>Damiuus,</strong></span> <span class='ocrx_word' id='word_1_615' title='bbox 3675 3235 3771 3304; x_wconf 88' lang='lat' dir='ltr'><strong>qui</strong></span> 
     </span>
    </p>
   </div>
   <div class='ocr_carea' id='block_1_78' title="bbox 2186 3326 3767 3396">
    <p class='ocr_par' dir='ltr' id='par_1_78' title="bbox 2186 3326 3767 3396">
     <span class='ocr_line' id='line_1_78' title="bbox 2186 3326 3767 3396; baseline 0.002 -18"><span class='ocrx_word' id='word_1_616' title='bbox 2186 3327 2422 3396; x_wconf 89' lang='lat' dir='ltr'><strong>portatis</strong></span> <span class='ocrx_word' id='word_1_617' title='bbox 2447 3340 2576 3381; x_wconf 83' lang='lat' dir='ltr'><strong>vasa</strong></span> <span class='ocrx_word' id='word_1_618' title='bbox 2618 3327 2854 3383; x_wconf 83' lang='lat' dir='ltr'><strong>Domini.</strong></span> <span class='ocrx_word' id='word_1_619' title='bbox 2890 3326 3067 3393; x_wconf 74' lang='lat' dir='ltr'><strong>Exite,</strong></span> <span class='ocrx_word' id='word_1_620' title='bbox 3109 3336 3163 3380; x_wconf 92' lang='lat' dir='ltr'><strong>et</strong></span> <span class='ocrx_word' id='word_1_621' title='bbox 3205 3327 3541 3381; x_wconf 90' lang='lat' dir='ltr'><strong>iuummdum</strong></span> <span class='ocrx_word' id='word_1_622' title='bbox 3601 3328 3767 3381; x_wconf 86' lang='lat' dir='ltr'><strong>nolite</strong></span> 
     </span>
    </p>
   </div>
   <div class='ocr_carea' id='block_1_79' title="bbox 2187 3422 3769 3491">
    <p class='ocr_par' dir='ltr' id='par_1_79' title="bbox 2187 3422 3769 3491">
     <span class='ocr_line' id='line_1_79' title="bbox 2187 3422 3769 3491; baseline 0 -18"><span class='ocrx_word' id='word_1_623' title='bbox 2187 3422 2525 3490; x_wconf 84' lang='lat' dir='ltr'><strong>contingere,</strong></span> <span class='ocrx_word' id='word_1_624' title='bbox 2565 3431 2621 3474; x_wconf 88' lang='lat' dir='ltr'><strong>et</strong></span> <span class='ocrx_word' id='word_1_625' title='bbox 2657 3436 2760 3491; x_wconf 89' lang='lat' dir='ltr'><strong>ego</strong></span> <span class='ocrx_word' id='word_1_626' title='bbox 2799 3423 3061 3490; x_wconf 90' lang='lat' dir='ltr'><strong>recipiam</strong></span> <span class='ocrx_word' id='word_1_627' title='bbox 3098 3438 3226 3485; x_wconf 93' lang='lat' dir='ltr'><strong>vos,</strong></span> <span class='ocrx_word' id='word_1_628' title='bbox 3286 3434 3341 3475; x_wconf 89' lang='lat' dir='ltr'><strong>et</strong></span> <span class='ocrx_word' id='word_1_629' title='bbox 3381 3436 3475 3475; x_wconf 89' lang='lat' dir='ltr'><strong>ero</strong></span> <span class='ocrx_word' id='word_1_630' title='bbox 3511 3422 3665 3475; x_wconf 81' lang='lat' dir='ltr'><strong>vobis</strong></span> <span class='ocrx_word' id='word_1_631' title='bbox 3718 3422 3769 3474; x_wconf 93' lang='lat' dir='ltr'><strong>in</strong></span> 
     </span>
    </p>
   </div>
   <div class='ocr_carea' id='block_1_80' title="bbox 2188 3511 3776 3582">
    <p class='ocr_par' dir='ltr' id='par_1_80' title="bbox 2188 3511 3776 3582">
     <span class='ocr_line' id='line_1_80' title="bbox 2188 3511 3776 3582; baseline -0.003 -15"><span class='ocrx_word' id='word_1_632' title='bbox 2188 3522 2423 3582; x_wconf 81' lang='lat' dir='ltr'><strong>patrem,</strong></span> <span class='ocrx_word' id='word_1_633' title='bbox 2464 3520 2517 3567; x_wconf 84' lang='lat' dir='ltr'><strong>et</strong></span> <span class='ocrx_word' id='word_1_634' title='bbox 2553 3527 2648 3566; x_wconf 82' lang='lat' dir='ltr'><strong>vos</strong></span> <span class='ocrx_word' id='word_1_635' title='bbox 2680 3512 2837 3567; x_wconf 90' lang='lat' dir='ltr'><strong>eritis</strong></span> <span class='ocrx_word' id='word_1_636' title='bbox 2879 3513 3010 3573; x_wconf 88' lang='lat' dir='ltr'><strong>mihi</strong></span> <span class='ocrx_word' id='word_1_637' title='bbox 3057 3513 3107 3566; x_wconf 94' lang='lat' dir='ltr'><strong>in</strong></span> <span class='ocrx_word' id='word_1_638' title='bbox 3154 3514 3291 3566; x_wconf 83' lang='lat' dir='ltr'><strong>filios</strong></span> <span class='ocrx_word' id='word_1_639' title='bbox 3340 3522 3392 3565; x_wconf 90' lang='lat' dir='ltr'><strong>et</strong></span> <span class='ocrx_word' id='word_1_640' title='bbox 3450 3513 3609 3574; x_wconf 89' lang='lat' dir='ltr'><strong>tilias,</strong></span> <span class='ocrx_word' id='word_1_641' title='bbox 3642 3511 3776 3563; x_wconf 84' lang='lat' dir='ltr'><strong>dicit</strong></span> 
     </span>
    </p>
   </div>
   <div class='ocr_carea' id='block_1_81' title="bbox 2191 3596 3771 3671">
    <p class='ocr_par' dir='ltr' id='par_1_81' title="bbox 2191 3596 3771 3671">
     <span class='ocr_line' id='line_1_81' title="bbox 2191 3596 3771 3671; baseline -0.005 -16"><span class='ocrx_word' id='word_1_642' title='bbox 2191 3600 2451 3658; x_wconf 90' lang='lat' dir='ltr'><strong>Dominus</strong></span> <span class='ocrx_word' id='word_1_643' title='bbox 2487 3602 2856 3670; x_wconf 89' lang='lat' dir='ltr'><strong>omnipotens.</strong></span> <span class='ocrx_word' id='word_1_644' title='bbox 2905 3620 2923 3654; x_wconf 81' lang='grc' dir='ltr'><strong>ι</strong></span> <span class='ocrx_word' id='word_1_645' title='bbox 2990 3600 3286 3671; x_wconf 87' lang='lat' dir='ltr'><strong>Pr0ptcrea</strong></span> <span class='ocrx_word' id='word_1_646' title='bbox 3326 3614 3464 3667; x_wconf 86' lang='lat' dir='ltr'><strong>ergo</strong></span> <span class='ocrx_word' id='word_1_647' title='bbox 3521 3596 3771 3667; x_wconf 49' lang='lat' dir='ltr'><strong>dicit&quot;;</strong></span> 
     </span>
    </p>
   </div>
   <div class='ocr_carea' id='block_1_82' title="bbox 2194 3686 3773 3764">
    <p class='ocr_par' dir='ltr' id='par_1_82' title="bbox 2194 3686 3773 3764">
     <span class='ocr_line' id='line_1_82' title="bbox 2194 3686 3773 3764; baseline -0.003 -19"><span class='ocrx_word' id='word_1_648' title='bbox 2194 3711 2213 3745; x_wconf 79' lang='grc' dir='ltr'><strong>ι</strong></span> <span class='ocrx_word' id='word_1_649' title='bbox 2250 3691 2364 3747; x_wconf 81' lang='lat' dir='ltr'><strong>Non</strong></span> <span class='ocrx_word' id='word_1_650' title='bbox 2406 3703 2568 3748; x_wconf 83' lang='lat' dir='ltr'><strong>erunt</strong></span> <span class='ocrx_word' id='word_1_651' title='bbox 2609 3694 2701 3753; x_wconf 88' lang='lat' dir='ltr'><strong>tibi</strong></span> <span class='ocrx_word' id='word_1_652' title='bbox 2743 3693 2816 3751; x_wconf 92' lang='lat' dir='ltr'><strong>dii</strong></span> <span class='ocrx_word' id='word_1_653' title='bbox 2865 3693 2955 3747; x_wconf 91' lang='lat' dir='ltr'><strong>alii</strong></span> <span class='ocrx_word' id='word_1_654' title='bbox 2985 3704 3183 3764; x_wconf 69' lang='lat' dir='ltr'><strong>praeter</strong></span> <span class='ocrx_word' id='word_1_655' title='bbox 3216 3707 3319 3756; x_wconf 73' lang='lat' dir='ltr'><strong>uie,</strong></span> <span class='ocrx_word' id='word_1_656' title='bbox 3352 3708 3451 3745; x_wconf 89' lang='lat' dir='ltr'><strong>nec</strong></span> <span class='ocrx_word' id='word_1_657' title='bbox 3479 3688 3644 3743; x_wconf 82' lang='lat' dir='ltr'><strong>facies</strong></span> <span class='ocrx_word' id='word_1_658' title='bbox 3679 3686 3773 3741; x_wconf 82' lang='lat' dir='ltr'><strong>tibi</strong></span> 
     </span>
    </p>
   </div>
   <div class='ocr_carea' id='block_1_83' title="bbox 2192 3784 3778 3857">
    <p class='ocr_par' dir='ltr' id='par_1_83' title="bbox 2192 3784 3778 3857">
     <span class='ocr_line' id='line_1_83' title="bbox 2192 3784 3778 3857; baseline -0.004 -18"><span class='ocrx_word' id='word_1_659' title='bbox 2192 3786 2289 3857; x_wconf 89' lang='lat' dir='ltr'><strong>ipsi</strong></span> <span class='ocrx_word' id='word_1_660' title='bbox 2333 3786 2559 3850; x_wconf 89' lang='lat' dir='ltr'><strong>idolum,</strong></span> <span class='ocrx_word' id='word_1_661' title='bbox 2591 3800 2767 3856; x_wconf 86' lang='lat' dir='ltr'><strong>neque</strong></span> <span class='ocrx_word' id='word_1_662' title='bbox 2797 3786 3211 3841; x_wconf 90' lang='lat' dir='ltr'><strong>similitudinem</strong></span> <span class='ocrx_word' id='word_1_663' title='bbox 3239 3784 3402 3837; x_wconf 89' lang='lat' dir='ltr'><strong>ullam</strong></span> <span class='ocrx_word' id='word_1_664' title='bbox 3439 3792 3778 3850; x_wconf 68' lang='lat' dir='ltr'><strong>qumcunque</strong></span> 
     </span>
    </p>
   </div>
   <div class='ocr_carea' id='block_1_84' title="bbox 2190 3872 3776 3949">
    <p class='ocr_par' dir='ltr' id='par_1_84' title="bbox 2190 3872 3776 3949">
     <span class='ocr_line' id='line_1_84' title="bbox 2190 3872 3776 3949; baseline -0.002 -17"><span class='ocrx_word' id='word_1_665' title='bbox 2190 3880 2243 3933; x_wconf 94' lang='lat' dir='ltr'><strong>in</strong></span> <span class='ocrx_word' id='word_1_666' title='bbox 2286 3881 2426 3934; x_wconf 70' lang='lat' dir='ltr'><strong>cado</strong></span> <span class='ocrx_word' id='word_1_667' title='bbox 2460 3889 2611 3949; x_wconf 87' lang='lat' dir='ltr'><strong>sunt,</strong></span> <span class='ocrx_word' id='word_1_668' title='bbox 2654 3890 2707 3933; x_wconf 92' lang='lat' dir='ltr'><strong>et</strong></span> <span class='ocrx_word' id='word_1_669' title='bbox 2757 3894 3102 3948; x_wconf 66' lang='lat' dir='ltr'><strong>quaecunque</strong></span> <span class='ocrx_word' id='word_1_670' title='bbox 3145 3878 3195 3933; x_wconf 92' lang='lat' dir='ltr'><strong>in</strong></span> <span class='ocrx_word' id='word_1_671' title='bbox 3253 3888 3419 3939; x_wconf 86' lang='lat' dir='ltr'><strong>terra,</strong></span> <span class='ocrx_word' id='word_1_672' title='bbox 3459 3882 3513 3928; x_wconf 90' lang='lat' dir='ltr'><strong>et</strong></span> <span class='ocrx_word' id='word_1_673' title='bbox 3551 3889 3672 3943; x_wconf 85' lang='lat' dir='ltr'><strong>qua:</strong></span> <span class='ocrx_word' id='word_1_674' title='bbox 3722 3872 3776 3929; x_wconf 89' lang='lat' dir='ltr'><strong>in</strong></span> 
     </span>
    </p>
   </div>
   <div class='ocr_carea' id='block_1_85' title="bbox 2190 3969 3520 4041">
    <p class='ocr_par' dir='ltr' id='par_1_85' title="bbox 2190 3969 3520 4041">
     <span class='ocr_line' id='line_1_85' title="bbox 2190 3969 3520 4041; baseline -0.006 -17"><span class='ocrx_word' id='word_1_675' title='bbox 2190 3971 2369 4041; x_wconf 85' lang='lat' dir='ltr'><strong>aquis,</strong></span> <span class='ocrx_word' id='word_1_676' title='bbox 2407 3986 2515 4035; x_wconf 90' lang='lat' dir='ltr'><strong>non</strong></span> <span class='ocrx_word' id='word_1_677' title='bbox 2555 3970 2811 4026; x_wconf 87' lang='lat' dir='ltr'><strong>adorabis</strong></span> <span class='ocrx_word' id='word_1_678' title='bbox 2849 3984 2936 4034; x_wconf 89' lang='lat' dir='ltr'><strong>ea,</strong></span> <span class='ocrx_word' id='word_1_679' title='bbox 2982 3985 3159 4038; x_wconf 87' lang='lat' dir='ltr'><strong>neque</strong></span> <span class='ocrx_word' id='word_1_680' title='bbox 3193 3969 3341 4021; x_wconf 80' lang='lat' dir='ltr'><strong>coles</strong></span> <span class='ocrx_word' id='word_1_681' title='bbox 3378 3980 3461 4021; x_wconf 75' lang='lat' dir='ltr'><strong>ea.</strong></span> <span class='ocrx_word' id='word_1_682' title='bbox 3500 3983 3520 4016; x_wconf 74' lang='grc' dir='ltr'><strong>ι</strong></span> 
     </span>
    </p>
   </div>
   <div class='ocr_carea' id='block_1_86' title="bbox 2262 4058 3779 4132">
    <p class='ocr_par' dir='ltr' id='par_1_86' title="bbox 2262 4058 3779 4132">
     <span class='ocr_line' id='line_1_86' title="bbox 2262 4058 3779 4132; baseline -0.001 -15"><span class='ocrx_word' id='word_1_683' title='bbox 2262 4062 2364 4118; x_wconf 75' lang='grc'><strong>5.(</strong></span> <span class='ocrx_word' id='word_1_684' title='bbox 2401 4063 2512 4132; x_wconf 87' lang='lat' dir='ltr'><strong>Ego</strong></span> <span class='ocrx_word' id='word_1_685' title='bbox 2551 4062 2697 4116; x_wconf 89' lang='lat' dir='ltr'><strong>enim</strong></span> <span class='ocrx_word' id='word_1_686' title='bbox 2763 4078 2883 4119; x_wconf 85' lang='lat' dir='ltr'><strong>sum</strong></span> <span class='ocrx_word' id='word_1_687' title='bbox 2933 4062 3190 4116; x_wconf 87' lang='lat' dir='ltr'><strong>Dominus</strong></span> <span class='ocrx_word' id='word_1_688' title='bbox 3226 4061 3369 4119; x_wconf 88' lang='lat' dir='ltr'><strong>Dens</strong></span> <span class='ocrx_word' id='word_1_689' title='bbox 3429 4070 3575 4125; x_wconf 87' lang='lat' dir='ltr'><strong>tuus,</strong></span> <span class='ocrx_word' id='word_1_690' title='bbox 3635 4058 3779 4115; x_wconf 78' lang='lat' dir='ltr'><strong>Deus</strong></span> 
     </span>
    </p>
   </div>
   <div class='ocr_carea' id='block_1_87' title="bbox 2191 4152 3780 4222">
    <p class='ocr_par' dir='ltr' id='par_1_87' title="bbox 2191 4152 3780 4222">
     <span class='ocr_line' id='line_1_87' title="bbox 2191 4152 3780 4222; baseline -0.004 -13"><span class='ocrx_word' id='word_1_691' title='bbox 2191 4156 2381 4212; x_wconf 85' lang='lat' dir='ltr'><strong>zelans</strong></span> <span class='ocrx_word' id='word_1_692' title='bbox 2416 4154 2482 4207; x_wconf 69' lang='grc'><strong>⁷⁸.</strong></span> <span class='ocrx_word' id='word_1_693' title='bbox 2529 4172 2549 4206; x_wconf 74' lang='grc' dir='ltr'><strong>ι</strong></span> <span class='ocrx_word' id='word_1_694' title='bbox 2604 4154 2741 4209; x_wconf 73' lang='lat' dir='ltr'><strong>Vide</strong></span> <span class='ocrx_word' id='word_1_695' title='bbox 2813 4154 3199 4222; x_wconf 86' lang='lat' dir='ltr'><strong>benignitatem</strong></span> <span class='ocrx_word' id='word_1_696' title='bbox 3248 4153 3361 4217; x_wconf 89' lang='lat' dir='ltr'><strong>Dei,</strong></span> <span class='ocrx_word' id='word_1_697' title='bbox 3406 4152 3676 4220; x_wconf 89' lang='lat' dir='ltr'><strong>quomodo</strong></span> <span class='ocrx_word' id='word_1_698' title='bbox 3721 4159 3780 4209; x_wconf 84' lang='lat' dir='ltr'><strong>ut</strong></span> 
     </span>
    </p>
   </div>
   <div class='ocr_carea' id='block_1_88' title="bbox 2192 4240 3774 4311">
    <p class='ocr_par' dir='ltr' id='par_1_88' title="bbox 2192 4240 3774 4311">
     <span class='ocr_line' id='line_1_88' title="bbox 2192 4240 3774 4311; baseline -0.004 -14"><span class='ocrx_word' id='word_1_699' title='bbox 2192 4258 2290 4298; x_wconf 86' lang='lat' dir='ltr'><strong>nos</strong></span> <span class='ocrx_word' id='word_1_700' title='bbox 2329 4242 2540 4307; x_wconf 85' lang='lat' dir='ltr'><strong>doceat,</strong></span> <span class='ocrx_word' id='word_1_701' title='bbox 2581 4250 2643 4296; x_wconf 67' lang='lat' dir='ltr'><strong>et&quot;</strong></span> <span class='ocrx_word' id='word_1_702' title='bbox 2676 4241 2951 4311; x_wconf 86' lang='lat' dir='ltr'><strong>perfectos</strong></span> <span class='ocrx_word' id='word_1_703' title='bbox 2993 4242 3200 4304; x_wconf 86' lang='lat' dir='ltr'><strong>faciat,</strong></span> <span class='ocrx_word' id='word_1_704' title='bbox 3262 4242 3376 4311; x_wconf 90' lang='lat' dir='ltr'><strong>ipse</strong></span> <span class='ocrx_word' id='word_1_705' title='bbox 3419 4240 3774 4309; x_wconf 81' lang='lat' dir='ltr'><strong>fragilitatem</strong></span> 
     </span>
    </p>
   </div>
   <div class='ocr_carea' id='block_1_89' title="bbox 2192 4330 3778 4397">
    <p class='ocr_par' dir='ltr' id='par_1_89' title="bbox 2192 4330 3778 4397">
     <span class='ocr_line' id='line_1_89' title="bbox 2192 4330 3778 4397; baseline -0.005 -6"><span class='ocrx_word' id='word_1_706' title='bbox 2192 4335 2553 4391; x_wconf 89' lang='lat' dir='ltr'><strong>humanorum</strong></span> <span class='ocrx_word' id='word_1_707' title='bbox 2605 4351 2710 4389; x_wconf 94' lang='lat' dir='ltr'><strong>non</strong></span> <span class='ocrx_word' id='word_1_708' title='bbox 2780 4344 3001 4389; x_wconf 88' lang='lat' dir='ltr'><strong>recusat</strong></span> <span class='ocrx_word' id='word_1_709' title='bbox 3059 4332 3371 4387; x_wconf 79' lang='lat' dir='ltr'><strong>atl‘cetuum.</strong></span> <span class='ocrx_word' id='word_1_710' title='bbox 3434 4332 3569 4397; x_wconf 87' lang='lat' dir='ltr'><strong>Quis</strong></span> <span class='ocrx_word' id='word_1_711' title='bbox 3626 4330 3778 4388; x_wconf 89' lang='lat' dir='ltr'><strong>enim</strong></span> 
     </span>
    </p>
   </div>
   <div class='ocr_carea' id='block_1_90' title="bbox 2192 4424 3779 4484">
    <p class='ocr_par' dir='ltr' id='par_1_90' title="bbox 2192 4424 3779 4484">
     <span class='ocr_line' id='line_1_90' title="bbox 2192 4424 3779 4484; baseline -0.005 0"><span class='ocrx_word' id='word_1_712' title='bbox 2192 4429 2422 4484; x_wconf 76' lang='lat' dir='ltr'><strong>audiens</strong></span> <span class='ocrx_word' id='word_1_713' title='bbox 2462 4427 2628 4484; x_wconf 90' lang='lat' dir='ltr'><strong>Deum</strong></span> <span class='ocrx_word' id='word_1_714' title='bbox 2671 4428 2942 4483; x_wconf 79' lang='lat' dir='ltr'><strong>zelautem</strong></span> <span class='ocrx_word' id='word_1_715' title='bbox 2986 4441 3092 4479; x_wconf 93' lang='lat' dir='ltr'><strong>non</strong></span> <span class='ocrx_word' id='word_1_716' title='bbox 3129 4426 3390 4477; x_wconf 82' lang='lat' dir='ltr'><strong>continuo</strong></span> <span class='ocrx_word' id='word_1_717' title='bbox 3433 4424 3684 4483; x_wconf 89' lang='lat' dir='ltr'><strong>miretur,</strong></span> <span class='ocrx_word' id='word_1_718' title='bbox 3722 4429 3779 4476; x_wconf 79' lang='lat' dir='ltr'><strong>et</strong></span> 
     </span>
    </p>
   </div>
   <div class='ocr_carea' id='block_1_91' title="bbox 2197 4514 3775 4590">
    <p class='ocr_par' dir='ltr' id='par_1_91' title="bbox 2197 4514 3775 4590">
     <span class='ocr_line' id='line_1_91' title="bbox 2197 4514 3775 4590; baseline -0.005 -15"><span class='ocrx_word' id='word_1_719' title='bbox 2197 4522 2447 4576; x_wconf 73' lang='lat' dir='ltr'><strong>humana:</strong></span> <span class='ocrx_word' id='word_1_720' title='bbox 2510 4520 2832 4590; x_wconf 85' lang='lat' dir='ltr'><strong>fragilitatis</strong></span> <span class='ocrx_word' id='word_1_721' title='bbox 2904 4518 3095 4572; x_wconf 89' lang='lat' dir='ltr'><strong>vitium</strong></span> <span class='ocrx_word' id='word_1_722' title='bbox 3161 4516 3351 4584; x_wconf 85' lang='lat' dir='ltr'><strong>putet?</strong></span> <span class='ocrx_word' id='word_1_723' title='bbox 3425 4514 3531 4567; x_wconf 86' lang='lat' dir='ltr'><strong>Sed</strong></span> <span class='ocrx_word' id='word_1_724' title='bbox 3593 4514 3775 4567; x_wconf 85' lang='lat' dir='ltr'><strong>omnia</strong></span> 
     </span>
    </p>
   </div>
   <div class='ocr_carea' id='block_1_92' title="bbox 494 4600 3775 4684">
    <p class='ocr_par' dir='ltr' id='par_1_92' title="bbox 494 4600 3775 4684">
     <span class='ocr_line' id='line_1_92' title="bbox 494 4600 3775 4684; baseline -0.002 -17"><span class='ocrx_word' id='word_1_725' title='bbox 494 4614 599 4667; x_wconf 91' lang='lat' dir='ltr'><strong>nit.</strong></span> <span class='ocrx_word' id='word_1_726' title='bbox 635 4611 787 4667; x_wconf 87' lang='lat' dir='ltr'><strong>Tunc</strong></span> <span class='ocrx_word' id='word_1_727' title='bbox 821 4613 957 4666; x_wconf 89' lang='lat' dir='ltr'><strong>dicit</strong></span> <span class='ocrx_word' id='word_1_728' title='bbox 990 4628 1005 4665; x_wconf 89' lang='lat'><strong>:</strong></span> <span class='ocrx_word' id='word_1_729' title='bbox 1036 4612 1303 4666; x_wconf 72' lang='lat' dir='ltr'><strong>Revertar</strong></span> <span class='ocrx_word' id='word_1_730' title='bbox 1350 4612 1403 4664; x_wconf 88' lang='lat' dir='ltr'><strong>itt</strong></span> <span class='ocrx_word' id='word_1_731' title='bbox 1438 4612 1659 4665; x_wconf 82' lang='lat' dir='ltr'><strong>domum</strong></span> <span class='ocrx_word' id='word_1_732' title='bbox 1707 4627 1883 4665; x_wconf 85' lang='lat' dir='ltr'><strong>meam</strong></span> <span class='ocrx_word' id='word_1_733' title='bbox 1940 4612 2082 4667; x_wconf 91' lang='lat' dir='ltr'><strong>unde</strong></span> <span class='ocrx_word' id='word_1_734' title='bbox 2111 4600 2159 4659; x_wconf 79' lang='grc' dir='ltr'><strong>Ι)</strong></span> <span class='ocrx_word' id='word_1_735' title='bbox 2188 4625 2410 4684; x_wconf 88' lang='lat' dir='ltr'><strong>propter</strong></span> <span class='ocrx_word' id='word_1_736' title='bbox 2451 4630 2549 4668; x_wconf 93' lang='lat' dir='ltr'><strong>nos</strong></span> <span class='ocrx_word' id='word_1_737' title='bbox 2580 4615 2692 4683; x_wconf 87' lang='lat' dir='ltr'><strong>agit</strong></span> <span class='ocrx_word' id='word_1_738' title='bbox 2729 4624 2780 4667; x_wconf 89' lang='lat' dir='ltr'><strong>et</strong></span> <span class='ocrx_word' id='word_1_739' title='bbox 2844 4614 3051 4680; x_wconf 78' lang='lat' dir='ltr'><strong>patitur</strong></span> <span class='ocrx_word' id='word_1_740' title='bbox 3108 4609 3271 4673; x_wconf 68' lang='lat' dir='ltr'><strong>Deus,</strong></span> <span class='ocrx_word' id='word_1_741' title='bbox 3312 4618 3366 4663; x_wconf 71' lang='lat' dir='ltr'><strong>Cl</strong></span> <span class='ocrx_word' id='word_1_742' title='bbox 3409 4617 3465 4661; x_wconf 87' lang='lat' dir='ltr'><strong>Ill</strong></span> <span class='ocrx_word' id='word_1_743' title='bbox 3503 4606 3775 4676; x_wconf 76' lang='lat' dir='ltr'><strong>possimus</strong></span> 
     </span>
    </p>
   </div>
   <div class='ocr_carea' id='block_1_93' title="bbox 497 4704 2083 4766">
    <p class='ocr_par' dir='ltr' id='par_1_93' title="bbox 497 4704 2083 4766">
     <span class='ocr_line' id='line_1_93' title="bbox 497 4704 2083 4766; baseline -0.001 -7"><span class='ocrx_word' id='word_1_744' title='bbox 497 4705 667 4759; x_wconf 76' lang='lat' dir='ltr'><strong>exivi.</strong></span> <span class='ocrx_word' id='word_1_745' title='bbox 688 4704 755 4758; x_wconf 86' lang='lat' dir='ltr'><strong>Et</strong></span> <span class='ocrx_word' id='word_1_746' title='bbox 784 4706 829 4759; x_wconf 91' lang='lat' dir='ltr'><strong>si</strong></span> <span class='ocrx_word' id='word_1_747' title='bbox 860 4706 1087 4760; x_wconf 88' lang='lat' dir='ltr'><strong>veniens</strong></span> <span class='ocrx_word' id='word_1_748' title='bbox 1114 4704 1386 4758; x_wconf 85' lang='lat' dir='ltr'><strong>invenerit</strong></span> <span class='ocrx_word' id='word_1_749' title='bbox 1415 4718 1533 4757; x_wconf 89' lang='lat' dir='ltr'><strong>eam</strong></span> <span class='ocrx_word' id='word_1_750' title='bbox 1569 4714 1879 4766; x_wconf 82' lang='lat' dir='ltr'><strong>vacantem,</strong></span> <span class='ocrx_word' id='word_1_751' title='bbox 1928 4719 2083 4757; x_wconf 91' lang='lat' dir='ltr'><strong>mun-</strong></span> 
     </span>
    </p>
   </div>
   <div class='ocr_carea' id='block_1_94' title="bbox 498 4798 2085 4865">
    <p class='ocr_par' dir='ltr' id='par_1_94' title="bbox 498 4798 2085 4865">
     <span class='ocr_line' id='line_1_94' title="bbox 498 4798 2085 4865; baseline -0.002 -10"><span class='ocrx_word' id='word_1_752' title='bbox 498 4802 679 4856; x_wconf 88' lang='lat' dir='ltr'><strong>datam</strong></span> <span class='ocrx_word' id='word_1_753' title='bbox 703 4811 759 4855; x_wconf 91' lang='lat' dir='ltr'><strong>et</strong></span> <span class='ocrx_word' id='word_1_754' title='bbox 789 4811 1065 4865; x_wconf 82' lang='lat' dir='ltr'><strong>ornatam,</strong></span> <span class='ocrx_word' id='word_1_755' title='bbox 1118 4800 1285 4862; x_wconf 87' lang='lat' dir='ltr'><strong>vadit,</strong></span> <span class='ocrx_word' id='word_1_756' title='bbox 1320 4808 1376 4852; x_wconf 90' lang='lat' dir='ltr'><strong>et</strong></span> <span class='ocrx_word' id='word_1_757' title='bbox 1435 4798 1658 4852; x_wconf 89' lang='lat' dir='ltr'><strong>adducit</strong></span> <span class='ocrx_word' id='word_1_758' title='bbox 1706 4814 1891 4853; x_wconf 87' lang='lat' dir='ltr'><strong>secum</strong></span> <span class='ocrx_word' id='word_1_759' title='bbox 1948 4798 2085 4852; x_wconf 86' lang='lat' dir='ltr'><strong>alios</strong></span> 
     </span>
    </p>
   </div>
   <div class='ocr_carea' id='block_1_95' title="bbox 497 4890 2083 4961">
    <p class='ocr_par' dir='ltr' id='par_1_95' title="bbox 497 4890 2083 4961">
     <span class='ocr_line' id='line_1_95' title="bbox 497 4890 2083 4961; baseline -0.003 -14"><span class='ocrx_word' id='word_1_760' title='bbox 497 4903 704 4960; x_wconf 87' lang='lat' dir='ltr'><strong>septem</strong></span> <span class='ocrx_word' id='word_1_761' title='bbox 733 4891 957 4961; x_wconf 86' lang='lat' dir='ltr'><strong>spiritus</strong></span> <span class='ocrx_word' id='word_1_762' title='bbox 985 4891 1274 4961; x_wconf 88' lang='lat' dir='ltr'><strong>nequiores</strong></span> <span class='ocrx_word' id='word_1_763' title='bbox 1300 4905 1382 4955; x_wconf 86' lang='lat' dir='ltr'><strong>se,</strong></span> <span class='ocrx_word' id='word_1_764' title='bbox 1413 4900 1469 4943; x_wconf 90' lang='lat' dir='ltr'><strong>et</strong></span> <span class='ocrx_word' id='word_1_765' title='bbox 1494 4890 1762 4944; x_wconf 88' lang='lat' dir='ltr'><strong>intrantes</strong></span> <span class='ocrx_word' id='word_1_766' title='bbox 1792 4891 1842 4943; x_wconf 90' lang='lat' dir='ltr'><strong>in</strong></span> <span class='ocrx_word' id='word_1_767' title='bbox 1868 4891 2083 4943; x_wconf 84' lang='lat' dir='ltr'><strong>domum</strong></span> 
     </span>
    </p>
   </div>
   <div class='ocr_carea' id='block_1_96' title="bbox 496 4980 2088 5052">
    <p class='ocr_par' dir='ltr' id='par_1_96' title="bbox 496 4980 2088 5052">
     <span class='ocr_line' id='line_1_96' title="bbox 496 4980 2088 5052; baseline -0.001 -16"><span class='ocrx_word' id='word_1_768' title='bbox 496 4984 645 5037; x_wconf 88' lang='lat' dir='ltr'><strong>illatn</strong></span> <span class='ocrx_word' id='word_1_769' title='bbox 673 4985 921 5038; x_wconf 83' lang='lat' dir='ltr'><strong>habitant</strong></span> <span class='ocrx_word' id='word_1_770' title='bbox 956 4983 1009 5035; x_wconf 94' lang='lat' dir='ltr'><strong>in</strong></span> <span class='ocrx_word' id='word_1_771' title='bbox 1043 4997 1105 5036; x_wconf 88' lang='lat' dir='ltr'><strong>ea</strong></span> <span class='ocrx_word' id='word_1_772' title='bbox 1142 4981 1273 5052; x_wconf 77' lang='grc'><strong>(51).</strong></span> <span class='ocrx_word' id='word_1_773' title='bbox 1304 4981 1373 5035; x_wconf 84' lang='grc' dir='ltr'>Ει</span> <span class='ocrx_word' id='word_1_774' title='bbox 1402 4989 1565 5034; x_wconf 87' lang='lat' dir='ltr'><strong>erunt</strong></span> <span class='ocrx_word' id='word_1_775' title='bbox 1628 4980 1923 5052; x_wconf 85' lang='lat' dir='ltr'><strong>novissima</strong></span> <span class='ocrx_word' id='word_1_776' title='bbox 1992 4983 2088 5036; x_wconf 85' lang='lat' dir='ltr'><strong>Ito-</strong></span> 
     </span>
    </p>
   </div>
   <div class='ocr_carea' id='block_1_97' title="bbox 498 5073 2087 5144">
    <p class='ocr_par' dir='ltr' id='par_1_97' title="bbox 498 5073 2087 5144">
     <span class='ocr_line' id='line_1_97' title="bbox 498 5073 2087 5144; baseline -0.002 -14"><span class='ocrx_word' id='word_1_777' title='bbox 498 5076 663 5130; x_wconf 84' lang='lat' dir='ltr'><strong>tninis</strong></span> <span class='ocrx_word' id='word_1_778' title='bbox 691 5075 834 5128; x_wconf 89' lang='lat' dir='ltr'><strong>illius</strong></span> <span class='ocrx_word' id='word_1_779' title='bbox 867 5074 1050 5143; x_wconf 80' lang='lat' dir='ltr'><strong>pejora</strong></span> <span class='ocrx_word' id='word_1_780' title='bbox 1082 5075 1377 5144; x_wconf 82' lang='lat' dir='ltr'><strong>prioribus.</strong></span> <span class='ocrx_word' id='word_1_781' title='bbox 1416 5092 1433 5124; x_wconf 84' lang='grc' dir='ltr'><strong>ι</strong></span> <span class='ocrx_word' id='word_1_782' title='bbox 1483 5073 1605 5126; x_wconf 76' lang='lat' dir='ltr'><strong>lltec</strong></span> <span class='ocrx_word' id='word_1_783' title='bbox 1641 5074 1687 5126; x_wconf 86' lang='lat' dir='ltr'><strong>si</strong></span> <span class='ocrx_word' id='word_1_784' title='bbox 1713 5074 2087 5137; x_wconf 76' lang='lat' dir='ltr'><strong>advertantus,</strong></span> 
     </span>
    </p>
   </div>
   <div class='ocr_carea' id='block_1_98' title="bbox 495 5165 2085 5236">
    <p class='ocr_par' dir='ltr' id='par_1_98' title="bbox 495 5165 2085 5236">
     <span class='ocr_line' id='line_1_98' title="bbox 495 5165 2085 5236; baseline -0.003 -16"><span class='ocrx_word' id='word_1_785' title='bbox 495 5169 769 5236; x_wconf 89' lang='lat' dir='ltr'><strong>quomodo</strong></span> <span class='ocrx_word' id='word_1_786' title='bbox 796 5183 1088 5236; x_wconf 89' lang='lat' dir='ltr'><strong>possumus</strong></span> <span class='ocrx_word' id='word_1_787' title='bbox 1120 5167 1199 5219; x_wconf 87' lang='lat' dir='ltr'><strong>vel</strong></span> <span class='ocrx_word' id='word_1_788' title='bbox 1230 5167 1282 5219; x_wconf 91' lang='lat' dir='ltr'><strong>in</strong></span> <span class='ocrx_word' id='word_1_789' title='bbox 1310 5181 1480 5235; x_wconf 88' lang='lat' dir='ltr'><strong>parvo</strong></span> <span class='ocrx_word' id='word_1_790' title='bbox 1534 5165 1875 5236; x_wconf 77' lang='lat' dir='ltr'><strong>negligentize</strong></span> <span class='ocrx_word' id='word_1_791' title='bbox 1908 5165 2085 5219; x_wconf 82' lang='lat' dir='ltr'><strong>locum</strong></span> 
     </span>
    </p>
   </div>
   <div class='ocr_carea' id='block_1_99' title="bbox 497 5256 2089 5327">
    <p class='ocr_par' dir='ltr' id='par_1_99' title="bbox 497 5256 2089 5327">
     <span class='ocr_line' id='line_1_99' title="bbox 497 5256 2089 5327; baseline 0.001 -17"><span class='ocrx_word' id='word_1_792' title='bbox 497 5258 671 5312; x_wconf 83' lang='lat' dir='ltr'><strong>date?</strong></span> <span class='ocrx_word' id='word_1_793' title='bbox 730 5258 1007 5312; x_wconf 84' lang='lat' dir='ltr'><strong>Habitavit</strong></span> <span class='ocrx_word' id='word_1_794' title='bbox 1057 5256 1170 5327; x_wconf 70' lang='lat'><strong>(52)</strong></span> <span class='ocrx_word' id='word_1_795' title='bbox 1239 5258 1382 5310; x_wconf 86' lang='lat' dir='ltr'><strong>enim</strong></span> <span class='ocrx_word' id='word_1_796' title='bbox 1442 5257 1493 5309; x_wconf 92' lang='lat' dir='ltr'><strong>in</strong></span> <span class='ocrx_word' id='word_1_797' title='bbox 1559 5256 1717 5310; x_wconf 90' lang='lat' dir='ltr'><strong>nobis</strong></span> <span class='ocrx_word' id='word_1_798' title='bbox 1774 5258 2089 5311; x_wconf 90' lang='lat' dir='ltr'><strong>immundus</strong></span> 
     </span>
    </p>
   </div>
   <div class='ocr_carea' id='block_1_100' title="bbox 496 5347 2089 5422">
    <p class='ocr_par' dir='ltr' id='par_1_100' title="bbox 496 5347 2089 5422">
     <span class='ocr_line' id='line_1_100' title="bbox 496 5347 2089 5422; baseline -0.003 -17"><span class='ocrx_word' id='word_1_799' title='bbox 496 5354 741 5422; x_wconf 73' lang='lat' dir='ltr'><strong>spiritus,</strong></span> <span class='ocrx_word' id='word_1_800' title='bbox 773 5361 1066 5418; x_wconf 83' lang='lat' dir='ltr'><strong>antequam</strong></span> <span class='ocrx_word' id='word_1_801' title='bbox 1118 5352 1487 5411; x_wconf 86' lang='lat' dir='ltr'><strong>crederemus,</strong></span> <span class='ocrx_word' id='word_1_802' title='bbox 1526 5356 1819 5417; x_wconf 87' lang='lat' dir='ltr'><strong>antequam</strong></span> <span class='ocrx_word' id='word_1_803' title='bbox 1875 5347 2089 5400; x_wconf 87' lang='lat' dir='ltr'><strong>venire-</strong></span> 
     </span>
    </p>
   </div>
   <div class='ocr_carea' id='block_1_101' title="bbox 568 5466 1682 5536">
    <p class='ocr_par' dir='ltr' id='par_1_101' title="bbox 568 5466 1682 5536">
     <span class='ocr_line' id='line_1_101' title="bbox 568 5466 1682 5536; baseline -0.009 -10"><span class='ocrx_word' id='word_1_804' title='bbox 568 5471 613 5502; x_wconf 76' lang='lat'><strong>“</strong></span> <span class='ocrx_word' id='word_1_805' title='bbox 644 5470 806 5525; x_wconf 79' lang='lat' dir='ltr'><strong>Eerli.</strong></span> <span class='ocrx_word' id='word_1_806' title='bbox 835 5488 886 5533; x_wconf 87' lang='grc' dir='ltr'>ιι,</span> <span class='ocrx_word' id='word_1_807' title='bbox 919 5470 1004 5522; x_wconf 63' lang='lat' dir='ltr'><strong>id».</strong></span> <span class='ocrx_word' id='word_1_808' title='bbox 1082 5468 1127 5500; x_wconf 77' lang='grc'>⁸⁵</span> <span class='ocrx_word' id='word_1_809' title='bbox 1152 5467 1218 5521; x_wconf 84' lang='lat' dir='ltr'><strong>lll</strong></span> <span class='ocrx_word' id='word_1_810' title='bbox 1246 5467 1358 5536; x_wconf 69' lang='lat' dir='ltr'><strong>[leg</strong></span> <span class='ocrx_word' id='word_1_811' title='bbox 1406 5481 1562 5523; x_wconf 76' lang='lat' dir='ltr'><strong>xvnt.</strong></span> <span class='ocrx_word' id='word_1_812' title='bbox 1587 5466 1682 5536; x_wconf 73' lang='lat'><strong>2|.</strong></span> 
     </span>
    </p>
   </div>
   <div class='ocr_carea' id='block_1_102' title="bbox 497 5535 1626 5603">
    <p class='ocr_par' dir='ltr' id='par_1_102' title="bbox 497 5535 1626 5603">
     <span class='ocr_line' id='line_1_102' title="bbox 497 5535 1626 5603; baseline -0.003 -10"><span class='ocrx_word' id='word_1_813' title='bbox 497 5539 586 5598; x_wconf 70' lang='grc'><strong>26.</strong></span> <span class='ocrx_word' id='word_1_814' title='bbox 663 5539 773 5593; x_wconf 88' lang='lat' dir='ltr'><strong>&quot;°|l</strong></span> <span class='ocrx_word' id='word_1_815' title='bbox 796 5541 920 5595; x_wconf 85' lang='lat' dir='ltr'><strong>Cur.</strong></span> <span class='ocrx_word' id='word_1_816' title='bbox 964 5540 1168 5603; x_wconf 54' lang='lat'><strong>&quot;.15.</strong></span> <span class='ocrx_word' id='word_1_817' title='bbox 1293 5535 1501 5591; x_wconf 76' lang='lat' dir='ltr'><strong>&quot;ibid.</strong></span> <span class='ocrx_word' id='word_1_818' title='bbox 1541 5535 1626 5590; x_wconf 84' lang='grc'><strong>16.</strong></span> 
     </span>
    </p>
   </div>
   <div class='ocr_carea' id='block_1_103' title="bbox 504 5654 2081 5743">
    <p class='ocr_par' dir='ltr' id='par_1_103' title="bbox 504 5654 2081 5743">
     <span class='ocr_line' id='line_1_103' title="bbox 504 5654 2081 5743; baseline -0.002 -30"><span class='ocrx_word' id='word_1_819' title='bbox 504 5731 515 5743; x_wconf 44' lang='lat'>.</span> <span class='ocrx_word' id='word_1_820' title='bbox 571 5662 683 5730; x_wconf 74' lang='lat'><strong>(3|)</strong></span> <span class='ocrx_word' id='word_1_821' title='bbox 717 5663 884 5727; x_wconf 80' lang='lat' dir='ltr'><strong>Alias,</strong></span> <span class='ocrx_word' id='word_1_822' title='bbox 932 5680 950 5713; x_wconf 80' lang='grc' dir='ltr'><strong>ι</strong></span> <span class='ocrx_word' id='word_1_823' title='bbox 994 5672 1049 5715; x_wconf 90' lang='lat' dir='ltr'><strong>et</strong></span> <span class='ocrx_word' id='word_1_824' title='bbox 1089 5662 1297 5714; x_wconf 86' lang='lat' dir='ltr'><strong>intrans</strong></span> <span class='ocrx_word' id='word_1_825' title='bbox 1339 5658 1391 5711; x_wconf 92' lang='lat' dir='ltr'><strong>in</strong></span> <span class='ocrx_word' id='word_1_826' title='bbox 1425 5658 1643 5711; x_wconf 81' lang='lat' dir='ltr'><strong>domum</strong></span> <span class='ocrx_word' id='word_1_827' title='bbox 1680 5654 1824 5710; x_wconf 89' lang='lat' dir='ltr'><strong>illam</strong></span> <span class='ocrx_word' id='word_1_828' title='bbox 1868 5656 2081 5710; x_wconf 85' lang='lat' dir='ltr'><strong>habitat</strong></span> 
     </span>
    </p>
   </div>
   <div class='ocr_carea' id='block_1_104' title="bbox 592 5749 1063 5784">
    <p class='ocr_par' dir='ltr' id='par_1_104' title="bbox 592 5749 1063 5784">
     <span class='ocr_line' id='line_1_104' title="bbox 592 5749 1063 5784; baseline -0.008 -7"><span class='ocrx_word' id='word_1_829' title='bbox 592 5749 650 5780; x_wconf 73' lang='lat' dir='ltr'><strong>ea</strong></span> <span class='ocrx_word' id='word_1_830' title='bbox 663 5772 673 5784; x_wconf 83' lang='lat'><strong>.</strong></span> <span class='ocrx_word' id='word_1_831' title='bbox 708 5752 725 5783; x_wconf 69' lang='grc' dir='ltr'><strong><em>ο</em></strong></span> <span class='ocrx_word' id='word_1_832' title='bbox 1062 5770 1063 5773; x_wconf 44' lang='grc' dir='ltr'><strong>η</strong></span> 
     </span>
    </p>
   </div>
   <div class='ocr_carea' id='block_1_105' title="bbox 502 5749 2076 5871">
    <p class='ocr_par' dir='ltr' id='par_1_105' title="bbox 502 5749 2076 5871">
     <span class='ocr_line' id='line_1_105' title="bbox 592 5749 1063 5784; baseline -0.008 -7"><span class='ocrx_word' id='word_1_833' title='bbox 592 5749 673 5784; x_wconf 73' lang='lat' dir='ltr'><strong>ea.</strong></span> <span class='ocrx_word' id='word_1_834' title='bbox 1062 5770 1063 5773; x_wconf 46' lang='grc' dir='ltr'><strong>η</strong></span> 
     </span>
     <span class='ocr_line' id='line_1_106' title="bbox 502 5749 2076 5871; baseline -0.001 -17"><span class='ocrx_word' id='word_1_835' title='bbox 502 5749 684 5871; x_wconf 62' lang='grc' dir='ltr'><strong>ωιῦέ)</strong></span> <span class='ocrx_word' id='word_1_836' title='bbox 708 5752 1006 5866; x_wconf 58' lang='lat' dir='ltr'><strong>’llabitarit,</strong></span> <span class='ocrx_word' id='word_1_837' title='bbox 1047 5812 1151 5855; x_wconf 87' lang='lat' dir='ltr'><strong>etc.</strong></span> <span class='ocrx_word' id='word_1_838' title='bbox 1189 5802 1377 5855; x_wconf 69' lang='lat' dir='ltr'><strong>Exstat</strong></span> <span class='ocrx_word' id='word_1_839' title='bbox 1406 5799 1489 5852; x_wconf 83' lang='lat' dir='ltr'><strong>hic</strong></span> <span class='ocrx_word' id='word_1_840' title='bbox 1522 5798 1674 5854; x_wconf 83' lang='lat' dir='ltr'><strong>locus</strong></span> <span class='ocrx_word' id='word_1_841' title='bbox 1714 5798 1855 5870; x_wconf 89' lang='lat' dir='ltr'><strong>apud</strong></span> <span class='ocrx_word' id='word_1_842' title='bbox 1884 5797 2076 5854; x_wconf 78' lang='lat' dir='ltr'><strong>lunam</strong></span> 
     </span>
    </p>
   </div>
   <div class='ocr_carea' id='block_1_106' title="bbox 1760 5462 2159 5529">
    <p class='ocr_par' dir='ltr' id='par_1_106' title="bbox 1760 5462 2159 5529">
     <span class='ocr_line' id='line_1_107' title="bbox 1760 5462 2159 5529; baseline 0.01 -13"><span class='ocrx_word' id='word_1_843' title='bbox 1760 5464 1806 5495; x_wconf 76' lang='grc'><strong>⁸⁸</strong></span> <span class='ocrx_word' id='word_1_844' title='bbox 1826 5462 2016 5517; x_wconf 83' lang='lat' dir='ltr'><strong>Jaeoh.</strong></span> <span class='ocrx_word' id='word_1_845' title='bbox 2042 5480 2081 5529; x_wconf 90' lang='grc' dir='ltr'>ι,</span> <span class='ocrx_word' id='word_1_846' title='bbox 2106 5465 2159 5520; x_wconf 89' lang='grc'><strong>8.</strong></span> 
     </span>
    </p>
   </div>
   <div class='ocr_carea' id='block_1_107' title="bbox 1706 5534 2562 5601">
    <p class='ocr_par' dir='ltr' id='par_1_107' title="bbox 1706 5534 2562 5601">
     <span class='ocr_line' id='line_1_108' title="bbox 1706 5534 2562 5601; baseline 0.001 -13"><span class='ocrx_word' id='word_1_847' title='bbox 1706 5534 1750 5565; x_wconf 84' lang='grc'><strong>⁷¹</strong></span> <span class='ocrx_word' id='word_1_848' title='bbox 1794 5535 1923 5589; x_wconf 90' lang='lat' dir='ltr'><strong>ibid.</strong></span> <span class='ocrx_word' id='word_1_849' title='bbox 1969 5534 2051 5600; x_wconf 88' lang='lat' dir='ltr'><strong>l7,</strong></span> <span class='ocrx_word' id='word_1_850' title='bbox 2099 5546 2153 5590; x_wconf 90' lang='lat' dir='ltr'><strong>et</strong></span> <span class='ocrx_word' id='word_1_851' title='bbox 2199 5534 2431 5601; x_wconf 81' lang='lat' dir='ltr'><strong>lsa.t.n,</strong></span> <span class='ocrx_word' id='word_1_852' title='bbox 2474 5539 2562 5589; x_wconf 83' lang='grc'><strong>11.</strong></span> 
     </span>
    </p>
   </div>
   <div class='ocr_carea' id='block_1_108' title="bbox 2191 4694 3774 4767">
    <p class='ocr_par' dir='ltr' id='par_1_108' title="bbox 2191 4694 3774 4767">
     <span class='ocr_line' id='line_1_109' title="bbox 2191 4694 3774 4767; baseline -0.006 -10"><span class='ocrx_word' id='word_1_853' title='bbox 2191 4702 2431 4767; x_wconf 82' lang='lat' dir='ltr'><strong>edoceri,</strong></span> <span class='ocrx_word' id='word_1_854' title='bbox 2468 4703 2609 4757; x_wconf 89' lang='lat' dir='ltr'><strong>notis</strong></span> <span class='ocrx_word' id='word_1_855' title='bbox 2643 4710 2699 4754; x_wconf 91' lang='lat' dir='ltr'><strong>ct</strong></span> <span class='ocrx_word' id='word_1_856' title='bbox 2734 4699 2949 4755; x_wconf 86' lang='lat' dir='ltr'><strong>usitatis</strong></span> <span class='ocrx_word' id='word_1_857' title='bbox 2990 4696 3279 4751; x_wconf 78' lang='lat' dir='ltr'><strong>affectibus</strong></span> <span class='ocrx_word' id='word_1_858' title='bbox 3310 4695 3469 4750; x_wconf 91' lang='lat' dir='ltr'><strong>nobis</strong></span> <span class='ocrx_word' id='word_1_859' title='bbox 3509 4694 3774 4762; x_wconf 87' lang='lat' dir='ltr'><strong>loquitur.</strong></span> 
     </span>
    </p>
   </div>
   <div class='ocr_carea' id='block_1_109' title="bbox 2196 4788 3775 4864">
    <p class='ocr_par' dir='ltr' id='par_1_109' title="bbox 2196 4788 3775 4864">
     <span class='ocr_line' id='line_1_110' title="bbox 2196 4788 3775 4864; baseline -0.004 -14"><span class='ocrx_word' id='word_1_860' title='bbox 2196 4796 2496 4851; x_wconf 81' lang='lat' dir='ltr'><strong>Videamus</strong></span> <span class='ocrx_word' id='word_1_861' title='bbox 2538 4809 2669 4864; x_wconf 82' lang='lat' dir='ltr'><strong>ergo</strong></span> <span class='ocrx_word' id='word_1_862' title='bbox 2723 4794 2851 4860; x_wconf 89' lang='lat' dir='ltr'><strong>qttid</strong></span> <span class='ocrx_word' id='word_1_863' title='bbox 2899 4804 2982 4846; x_wconf 87' lang='lat' dir='ltr'><strong>est</strong></span> <span class='ocrx_word' id='word_1_864' title='bbox 3059 4791 3162 4845; x_wconf 92' lang='lat' dir='ltr'><strong>boe</strong></span> <span class='ocrx_word' id='word_1_865' title='bbox 3234 4790 3376 4859; x_wconf 88' lang='lat' dir='ltr'><strong>quod</strong></span> <span class='ocrx_word' id='word_1_866' title='bbox 3451 4788 3604 4851; x_wconf 90' lang='lat' dir='ltr'><strong>dicit,</strong></span> <span class='ocrx_word' id='word_1_867' title='bbox 3647 4788 3775 4856; x_wconf 86' lang='lat' dir='ltr'><strong>quia</strong></span> 
     </span>
    </p>
   </div>
   <div class='ocr_carea' id='block_1_110' title="bbox 2195 4879 3777 4957">
    <p class='ocr_par' dir='ltr' id='par_1_110' title="bbox 2195 4879 3777 4957">
     <span class='ocr_line' id='line_1_111' title="bbox 2195 4879 3777 4957; baseline -0.005 -16"><span class='ocrx_word' id='word_1_868' title='bbox 2195 4888 2341 4943; x_wconf 89' lang='lat' dir='ltr'><strong>Deus</strong></span> <span class='ocrx_word' id='word_1_869' title='bbox 2379 4887 2561 4943; x_wconf 86' lang='lat' dir='ltr'><strong>zelans</strong></span> <span class='ocrx_word' id='word_1_870' title='bbox 2596 4902 2697 4957; x_wconf 78' lang='lat' dir='ltr'><strong>ego</strong></span> <span class='ocrx_word' id='word_1_871' title='bbox 2727 4901 2870 4940; x_wconf 90' lang='lat' dir='ltr'><strong>sum.</strong></span> <span class='ocrx_word' id='word_1_872' title='bbox 2917 4884 3025 4939; x_wconf 89' lang='lat' dir='ltr'><strong>Sed</strong></span> <span class='ocrx_word' id='word_1_873' title='bbox 3068 4893 3126 4939; x_wconf 90' lang='lat' dir='ltr'><strong>ut</strong></span> <span class='ocrx_word' id='word_1_874' title='bbox 3164 4881 3519 4950; x_wconf 80' lang='lat' dir='ltr'><strong>contemplari</strong></span> <span class='ocrx_word' id='word_1_875' title='bbox 3565 4879 3777 4935; x_wconf 87' lang='lat' dir='ltr'><strong>facilius</strong></span> 
     </span>
    </p>
   </div>
   <div class='ocr_carea' id='block_1_111' title="bbox 2196 4977 3779 5052">
    <p class='ocr_par' dir='ltr' id='par_1_111' title="bbox 2196 4977 3779 5052">
     <span class='ocr_line' id='line_1_112' title="bbox 2196 4977 3779 5052; baseline -0.004 -19"><span class='ocrx_word' id='word_1_876' title='bbox 2196 4980 2407 5052; x_wconf 84' lang='lat' dir='ltr'><strong>possint</strong></span> <span class='ocrx_word' id='word_1_877' title='bbox 2448 4979 2652 5043; x_wconf 87' lang='lat' dir='ltr'><strong>divina,</strong></span> <span class='ocrx_word' id='word_1_878' title='bbox 2723 4979 2790 5033; x_wconf 88' lang='lat' dir='ltr'><strong>de</strong></span> <span class='ocrx_word' id='word_1_879' title='bbox 2835 4977 3123 5043; x_wconf 86' lang='lat' dir='ltr'><strong>humanis,</strong></span> <span class='ocrx_word' id='word_1_880' title='bbox 3179 4977 3476 5031; x_wconf 87' lang='lat' dir='ltr'><strong>secumlnm</strong></span> <span class='ocrx_word' id='word_1_881' title='bbox 3540 4990 3600 5028; x_wconf 90' lang='lat' dir='ltr'><strong>ea</strong></span> <span class='ocrx_word' id='word_1_882' title='bbox 3660 4988 3779 5042; x_wconf 65' lang='lat' dir='ltr'><strong>quas</strong></span> 
     </span>
    </p>
   </div>
   <div class='ocr_carea' id='block_1_112' title="bbox 2196 5062 3777 5140">
    <p class='ocr_par' dir='ltr' id='par_1_112' title="bbox 2196 5062 3777 5140">
     <span class='ocr_line' id='line_1_113' title="bbox 2196 5062 3777 5140; baseline -0.005 -16"><span class='ocrx_word' id='word_1_883' title='bbox 2196 5069 2450 5140; x_wconf 89' lang='lat' dir='ltr'><strong>superius</strong></span> <span class='ocrx_word' id='word_1_884' title='bbox 2490 5067 2874 5132; x_wconf 90' lang='lat' dir='ltr'><strong>disseruimus,</strong></span> <span class='ocrx_word' id='word_1_885' title='bbox 2912 5069 3211 5123; x_wconf 84' lang='lat' dir='ltr'><strong>deceatnur</strong></span> <span class='ocrx_word' id='word_1_886' title='bbox 3247 5065 3527 5134; x_wconf 78' lang='lat' dir='ltr'><strong>exemplis.</strong></span> <span class='ocrx_word' id='word_1_887' title='bbox 3586 5062 3777 5118; x_wconf 89' lang='lat' dir='ltr'><strong>Omnis</strong></span> 
     </span>
    </p>
   </div>
   <div class='ocr_carea' id='block_1_113' title="bbox 2196 5157 3772 5227">
    <p class='ocr_par' dir='ltr' id='par_1_113' title="bbox 2196 5157 3772 5227">
     <span class='ocr_line' id='line_1_114' title="bbox 2196 5157 3772 5227; baseline -0.006 -11"><span class='ocrx_word' id='word_1_888' title='bbox 2196 5162 2390 5217; x_wconf 88' lang='lat' dir='ltr'><strong>mulier</strong></span> <span class='ocrx_word' id='word_1_889' title='bbox 2429 5168 2521 5214; x_wconf 86' lang='lat' dir='ltr'><strong>aut</strong></span> <span class='ocrx_word' id='word_1_890' title='bbox 2559 5160 2662 5215; x_wconf 87' lang='lat' dir='ltr'><strong>sub</strong></span> <span class='ocrx_word' id='word_1_891' title='bbox 2701 5161 2816 5214; x_wconf 84' lang='lat' dir='ltr'><strong>viro</strong></span> <span class='ocrx_word' id='word_1_892' title='bbox 2839 5171 2923 5213; x_wconf 88' lang='lat' dir='ltr'><strong>est</strong></span> <span class='ocrx_word' id='word_1_893' title='bbox 2961 5170 3016 5214; x_wconf 88' lang='lat' dir='ltr'><strong>et</strong></span> <span class='ocrx_word' id='word_1_894' title='bbox 3048 5158 3291 5226; x_wconf 88' lang='lat' dir='ltr'><strong>subjecta</strong></span> <span class='ocrx_word' id='word_1_895' title='bbox 3355 5157 3565 5227; x_wconf 82' lang='lat' dir='ltr'><strong>legibus</strong></span> <span class='ocrx_word' id='word_1_896' title='bbox 3627 5157 3772 5218; x_wconf 90' lang='lat' dir='ltr'><strong>viri;</strong></span> 
     </span>
    </p>
   </div>
   <div class='ocr_carea' id='block_1_114' title="bbox 2195 5247 3776 5322">
    <p class='ocr_par' dir='ltr' id='par_1_114' title="bbox 2195 5247 3776 5322">
     <span class='ocr_line' id='line_1_115' title="bbox 2195 5247 3776 5322; baseline -0.004 -16"><span class='ocrx_word' id='word_1_897' title='bbox 2195 5264 2289 5306; x_wconf 90' lang='lat' dir='ltr'><strong>aut</strong></span> <span class='ocrx_word' id='word_1_898' title='bbox 2321 5253 2582 5306; x_wconf 81' lang='lat' dir='ltr'><strong>meretrix</strong></span> <span class='ocrx_word' id='word_1_899' title='bbox 2617 5261 2719 5317; x_wconf 90' lang='lat' dir='ltr'><strong>est,</strong></span> <span class='ocrx_word' id='word_1_900' title='bbox 2762 5262 2817 5306; x_wconf 89' lang='lat' dir='ltr'><strong>et</strong></span> <span class='ocrx_word' id='word_1_901' title='bbox 2851 5253 3021 5305; x_wconf 90' lang='lat' dir='ltr'><strong>utitur</strong></span> <span class='ocrx_word' id='word_1_902' title='bbox 3064 5251 3316 5306; x_wconf 88' lang='lat' dir='ltr'><strong>libertate</strong></span> <span class='ocrx_word' id='word_1_903' title='bbox 3351 5250 3637 5322; x_wconf 89' lang='lat' dir='ltr'><strong>peccandi.</strong></span> <span class='ocrx_word' id='word_1_904' title='bbox 3672 5247 3776 5313; x_wconf 83' lang='lat' dir='ltr'><strong>Qui</strong></span> 
     </span>
    </p>
   </div>
   <div class='ocr_carea' id='block_1_115' title="bbox 2194 5342 3775 5415">
    <p class='ocr_par' dir='ltr' id='par_1_115' title="bbox 2194 5342 3775 5415">
     <span class='ocr_line' id='line_1_116' title="bbox 2194 5342 3775 5415; baseline -0.004 -16"><span class='ocrx_word' id='word_1_905' title='bbox 2194 5361 2325 5415; x_wconf 89' lang='lat' dir='ltr'><strong>ergo</strong></span> <span class='ocrx_word' id='word_1_906' title='bbox 2366 5344 2676 5414; x_wconf 87' lang='lat' dir='ltr'><strong>ingreditur</strong></span> <span class='ocrx_word' id='word_1_907' title='bbox 2725 5345 2792 5399; x_wconf 84' lang='lat' dir='ltr'><strong>ad</strong></span> <span class='ocrx_word' id='word_1_908' title='bbox 2839 5346 3182 5399; x_wconf 86' lang='lat' dir='ltr'><strong>meretricem</strong></span> <span class='ocrx_word' id='word_1_909' title='bbox 3218 5384 3234 5410; x_wconf 94' lang='lat'><strong>,</strong></span> <span class='ocrx_word' id='word_1_910' title='bbox 3289 5345 3391 5399; x_wconf 90' lang='lat' dir='ltr'><strong>scit</strong></span> <span class='ocrx_word' id='word_1_911' title='bbox 3435 5358 3493 5397; x_wconf 86' lang='lat' dir='ltr'><strong>se</strong></span> <span class='ocrx_word' id='word_1_912' title='bbox 3547 5342 3609 5397; x_wconf 89' lang='lat' dir='ltr'><strong>ad</strong></span> <span class='ocrx_word' id='word_1_913' title='bbox 3654 5354 3775 5393; x_wconf 86' lang='lat' dir='ltr'><strong>eam</strong></span> 
     </span>
    </p>
   </div>
   <div class='ocr_carea' id='block_1_116' title="bbox 2239 5456 3777 5529">
    <p class='ocr_par' dir='ltr' id='par_1_116' title="bbox 2239 5456 3777 5529">
     <span class='ocr_line' id='line_1_117' title="bbox 2239 5456 3777 5529; baseline 0.01 -32"><span class='ocrx_word' id='word_1_914' title='bbox 2239 5466 2283 5497; x_wconf 73' lang='grc' dir='ltr'>ιτ</span> <span class='ocrx_word' id='word_1_915' title='bbox 2311 5463 2516 5518; x_wconf 58' lang='lat' dir='ltr'><strong>Tum&quot;,</strong></span> <span class='ocrx_word' id='word_1_916' title='bbox 2546 5481 2584 5529; x_wconf 73' lang='grc' dir='ltr'>ι,</span> <span class='ocrx_word' id='word_1_917' title='bbox 2607 5464 2662 5517; x_wconf 74' lang='lat'><strong>2.</strong></span> <span class='ocrx_word' id='word_1_918' title='bbox 2739 5465 2784 5497; x_wconf 66' lang='grc' dir='ltr'><strong>σε</strong></span> <span class='ocrx_word' id='word_1_919' title='bbox 2809 5464 2969 5520; x_wconf 86' lang='lat' dir='ltr'><strong>Osee.</strong></span> <span class='ocrx_word' id='word_1_920' title='bbox 2993 5480 3048 5527; x_wconf 87' lang='grc' dir='ltr'>ιι,</span> <span class='ocrx_word' id='word_1_921' title='bbox 3087 5462 3140 5517; x_wconf 83' lang='grc'><strong>5.</strong></span> <span class='ocrx_word' id='word_1_922' title='bbox 3220 5463 3264 5493; x_wconf 79' lang='grc'>⁸³</span> <span class='ocrx_word' id='word_1_923' title='bbox 3293 5461 3421 5516; x_wconf 88' lang='lat' dir='ltr'><strong>Luc.</strong></span> <span class='ocrx_word' id='word_1_924' title='bbox 3451 5476 3529 5523; x_wconf 82' lang='lat' dir='ltr'><strong>tu,</strong></span> <span class='ocrx_word' id='word_1_925' title='bbox 3562 5456 3777 5529; x_wconf 68' lang='lat'><strong>24,25,</strong></span> 
     </span>
    </p>
   </div>
   <div class='ocr_carea' id='block_1_117' title="bbox 2639 5527 3704 5602">
    <p class='ocr_par' dir='ltr' id='par_1_117' title="bbox 2639 5527 3704 5602">
     <span class='ocr_line' id='line_1_118' title="bbox 2639 5527 3704 5602; baseline -0.008 -12"><span class='ocrx_word' id='word_1_926' title='bbox 2639 5536 2684 5567; x_wconf 80' lang='grc'><strong>⁷³</strong></span> <span class='ocrx_word' id='word_1_927' title='bbox 2719 5537 2891 5591; x_wconf 77' lang='lat' dir='ltr'><strong>Exod.</strong></span> <span class='ocrx_word' id='word_1_928' title='bbox 2927 5552 3015 5602; x_wconf 74' lang='lat' dir='ltr'><strong>xx,</strong></span> <span class='ocrx_word' id='word_1_929' title='bbox 3047 5536 3102 5599; x_wconf 78' lang='lat'><strong>5,</strong></span> <span class='ocrx_word' id='word_1_930' title='bbox 3145 5537 3201 5599; x_wconf 67' lang='lat'><strong>4,</strong></span> <span class='ocrx_word' id='word_1_931' title='bbox 3242 5533 3297 5589; x_wconf 84' lang='lat'><strong>5.</strong></span> <span class='ocrx_word' id='word_1_932' title='bbox 3389 5534 3437 5563; x_wconf 73' lang='grc'><strong>’⁷³</strong></span> <span class='ocrx_word' id='word_1_933' title='bbox 3478 5531 3608 5587; x_wconf 87' lang='lat' dir='ltr'><strong>ibid.</strong></span> <span class='ocrx_word' id='word_1_934' title='bbox 3650 5527 3704 5583; x_wconf 83' lang='lat'><strong>5.</strong></span> 
     </span>
    </p>
   </div>
   <div class='ocr_carea' id='block_1_118' title="bbox 2187 5653 3281 5720">
    <p class='ocr_par' dir='ltr' id='par_1_118' title="bbox 2187 5653 3281 5720">
     <span class='ocr_line' id='line_1_119' title="bbox 2187 5653 3281 5720; baseline -0.005 -9"><span class='ocrx_word' id='word_1_935' title='bbox 2187 5656 2470 5711; x_wconf 83' lang='lat' dir='ltr'><strong>Aurelian.</strong></span> <span class='ocrx_word' id='word_1_936' title='bbox 2508 5673 2521 5711; x_wconf 93' lang='grc' dir='ltr'><strong>ι</strong></span> <span class='ocrx_word' id='word_1_937' title='bbox 2552 5656 2625 5710; x_wconf 86' lang='lat' dir='ltr'><strong>De</strong></span> <span class='ocrx_word' id='word_1_938' title='bbox 2652 5656 2822 5710; x_wconf 81' lang='lat' dir='ltr'><strong>instit.</strong></span> <span class='ocrx_word' id='word_1_939' title='bbox 2849 5654 2999 5718; x_wconf 59' lang='lat' dir='ltr'><strong>(aia,</strong></span> <span class='ocrx_word' id='word_1_940' title='bbox 3032 5668 3155 5720; x_wconf 86' lang='lat' dir='ltr'><strong>cap.</strong></span> <span class='ocrx_word' id='word_1_941' title='bbox 3195 5653 3281 5707; x_wconf 77' lang='lat' dir='ltr'><strong>t9.</strong></span> 
     </span>
    </p>
   </div>
   <div class='ocr_carea' id='block_1_119' title="bbox 2260 5718 3775 5799">
    <p class='ocr_par' dir='ltr' id='par_1_119' title="bbox 2260 5718 3775 5799">
     <span class='ocr_line' id='line_1_120' title="bbox 2260 5718 3775 5799; baseline -0.001 -18"><span class='ocrx_word' id='word_1_942' title='bbox 2260 5728 2375 5799; x_wconf 80' lang='grc'><strong>(55)</strong></span> <span class='ocrx_word' id='word_1_943' title='bbox 2406 5728 2523 5780; x_wconf 82' lang='lat' dir='ltr'><strong>Non</strong></span> <span class='ocrx_word' id='word_1_944' title='bbox 2549 5730 2687 5799; x_wconf 61' lang='lat' dir='ltr'><strong>enini</strong></span> <span class='ocrx_word' id='word_1_945' title='bbox 2719 5728 3059 5799; x_wconf 79' lang='lat' dir='ltr'><strong>domus,etc.</strong></span> <span class='ocrx_word' id='word_1_946' title='bbox 3093 5718 3287 5778; x_wconf 77' lang='lat' dir='ltr'><strong>Exstat</strong></span> <span class='ocrx_word' id='word_1_947' title='bbox 3307 5721 3473 5777; x_wconf 84' lang='lat' dir='ltr'><strong>etiam</strong></span> <span class='ocrx_word' id='word_1_948' title='bbox 3500 5718 3587 5776; x_wconf 87' lang='lat' dir='ltr'><strong>hic</strong></span> <span class='ocrx_word' id='word_1_949' title='bbox 3620 5718 3775 5779; x_wconf 70' lang='lat' dir='ltr'><strong>locus</strong></span> 
     </span>
    </p>
   </div>
   <div class='ocr_carea' id='block_1_120' title="bbox 2192 5793 3141 5869">
    <p class='ocr_par' dir='ltr' id='par_1_120' title="bbox 2192 5793 3141 5869">
     <span class='ocr_line' id='line_1_121' title="bbox 2192 5793 3141 5869; baseline -0.002 -18"><span class='ocrx_word' id='word_1_950' title='bbox 2192 5793 2331 5869; x_wconf 80' lang='lat' dir='ltr'><strong>apud</strong></span> <span class='ocrx_word' id='word_1_951' title='bbox 2358 5793 2621 5854; x_wconf 74' lang='lat' dir='ltr'><strong>eumdem</strong></span> <span class='ocrx_word' id='word_1_952' title='bbox 2661 5796 2877 5860; x_wconf 84' lang='lat' dir='ltr'><strong>Jonam,</strong></span> <span class='ocrx_word' id='word_1_953' title='bbox 2920 5793 3141 5855; x_wconf 85' lang='lat' dir='ltr'><strong>ibidem.</strong></span> 
     </span>
    </p>
   </div>
  </div>
