4110 6462
375 400 478 454 557

1588 402 1656 459 ΙΝ
1696 402 1983 461 EXODUM
2022 404 2300 461 IlOMlLIA
2340 407 2474 462 Vill.

3532 420 3639 475 558

374 519 680 591 ingressum
745 534 864 572 esse
934 520 1214 574 mulierem
1255 536 1375 590 qua!
1415 524 1702 592 prostituta
1754 534 1859 589 est,
1901 534 1950 577 et
1985 528 2027 583 Α
2061 526 2342 581 umndiliis
2368 526 2619 579 volutari.
2670 527 2821 594 Quod
2852 539 2907 582 et
2937 529 2979 583 si
3010 530 3154 584 forte.
3184 530 3476 600 aliquando
3508 549 3637 587 cve-

370 613 586 667 cuuctis
628 611 936 665 volentibus
978 623 1157 681 patet;
1197 624 1249 668 et
1297 615 1562 684 indignari
1608 634 1712 671 non
1756 628 1952 684 potest,

369 704 416 758 si
444 720 565 757 eum
608 718 672 757 ca
721 704 886 757 etiam
931 704 1065 756 alios
1129 707 1271 757 videt
1319 717 1614 762 amatores.
1654 708 1754 775 Qui
1829 726 1957 766 vero

368 794 617 865 legitimo
646 794 819 846 utitur
852 795 1221 860 matrimonio,
1260 810 1367 848 non
1424 799 1627 865 patitur
1693 801 1770 852 uti
1815 817 1953 853 nso-

371 900 485 940 retn
516 884 775 952 peccandi
819 894 1087 953 potestate
1118 885 1263 956 (51),
1306 887 1395 937 sed
1449 891 1762 942 accenditur
1837 891 1954 946 zelo

370 978 435 1031 ad
477 978 790 1032 castitatem
821 980 1151 1031 matrimonii
1203 983 1657 1046 ροιιδιιτνειιιάςιιιι,
1687 1000 1793 1052 quo
1832 1000 1955 1053 pos-

372 1069 441 1123 sit
476 1085 539 1122 ex
582 1083 644 1122 ea
690 1069 806 1122 ﬁeri
849 1069 1122 1137 legitimus
1161 1080 1332 1139 pater.
1375 1072 1489 1127 lloc
1530 1090 1661 1143 ergo
1701 1077 1951 1145 exemplo

370 1160 739 1229 intelligamus
776 1176 994 1212 omnem
1035 1162 1294 1225 animam,
1327 1173 1418 1216 :mt
1446 1165 1791 1232 prostitutam
1832 1182 1951 1222 esse

370 1252 728 1315 damtouibus,
772 1264 821 1303 et
859 1252 1063 1306 habere
1104 1253 1369 1321 plurimos
1430 1269 1725 1322 amatores,
1769 1260 1841 1311 ita
1894 1269 1951 1313 ιιι

366 1344 532 1401 intret
574 1344 639 1395 ad
676 1358 795 1396 eam
826 1345 985 1397 modo
1029 1345 1248 1412 quidem
1280 1348 1509 1413 spiritus
1553 1350 1946 1418 fornicationis,

369 1437 460 1491 illo
486 1436 799 1489 discedente
847 1436 1011 1490 intrct
1052 1438 1276 1507 spiritus
1315 1440 1595 1504 aVaritize,
1648 1460 1695 1511 pi
1718 1456 1766 1497 st
1809 1445 1951 1499 hunc

367 1531 550 1584 veniat
587 1529 861 1599 superbia:
914 1533 1161 1600 spiritus,
1192 1534 1317 1588 inde
1353 1535 1467 1594 ira}.
1533 1536 1657 1587 imle
1708 1537 1945 1602 invidiae,

370 1633 489 1693 post
529 1625 690 1677 ctiam
727 1639 875 1677 vatur
916 1625 1123 1693 gloriae,
1167 1625 1367 1695 aliique
1428 1644 1548 1680 cttm
1605 1631 1684 1683 eis
1731 1630 1944 1697 plurimi

368 1716 595 1785 spiritus
645 1718 925 1769 immundi.
960 1714 1052 1769 Isti
1094 1728 1272 1771 autem
1306 1734 1531 1784 omnes,
1595 1722 1665 1773 ita
1708 1738 1831 1776 cum
1872 1723 1948 1775 in-

371 1808 509 1860 fideli
553 1807 736 1861 anima
775 1810 1216 1873 meretrieautur,
1242 1822 1297 1862 ιιι
1335 1810 1474 1864 alter
1512 1812 1665 1867 alteri
1711 1832 1815 1867 non
1864 1818 1946 1869 iu-

373 1898 567 1962 videat,
631 1913 730 1951 nec
770 1898 1039 1970 zelotypia
1083 1912 1402 1956 moveantur
1443 1905 1508 1956 ad
1567 1906 1819 1961 invicem.
1879 1909 1943 1962 Et

370 1988 495 2056 quid
532 1990 652 2043 dico
690 1992 835 2060 quod
883 1992 1023 2046 alter
1062 1993 1292 2048 alterum
1328 2012 1434 2050 non
1474 1997 1766 2051 excludat"
1835 2001 1944 2055 imo

365 2084 418 2129 et
454 2077 685 2133 invitant
728 2095 787 2134 se
827 2082 1098 2148 invicem,
1160 2094 1214 2138 et
1256 2096 1447 2154 sponte
1500 2103 1560 2142 se
1614 2102 1940 2155 convocant,

361 2169 502 2223 sicut
545 2173 708 2239 paulo
760 2185 889 2228 ante
927 2175 1038 2244 jam
1077 2178 1313 2233 diximus
1364 2182 1506 2250 qttod
1558 2183 1610 2235 in
1656 2183 1945 2252 Evangelio

361 2265 627 2331 scriptum
665 2277 746 2319 est
788 2269 855 2322 de
899 2269 989 2322 illo
1024 2269 1217 2339 spiritu
1256 2274 1346 2342 qui
1402 2274 1536 2327 exiit
1587 2277 1655 2329 ab
1701 2277 1941 2344 homine,

358 2366 416 2412 et
454 2374 737 2428 regressus
778 2362 1005 2419 adduxit
1039 2379 1228 2420 secum
1267 2376 1474 2435 septem
1516 2368 1651 2423 alios
1715 2372 1943 2439 nequio-

361 2465 449 2505 res
489 2466 548 2505 se
587 2452 832 2521 Spiritus,
902 2464 957 2507 ιιι
1023 2455 1073 2508 in
1140 2472 1246 2509 una
1287 2459 1469 2512 anima
1508 2460 1669 2512 simul
1735 2462 1945 2516 habita-

361 2552 506 2598 rent.
536 2543 628 2597 Sic
666 2559 792 2614 ergo
856 2546 1055 2600 nullam
1098 2549 1421 2620 zelotypiam
1462 2563 1770 2607 amatorum
1814 2570 1943 2609 suo-

361 2651 482 2688 rum
524 2638 735 2704 patitur
757 2640 959 2704 anima,
985 2657 1107 2711 qua:
1134 2643 1469 2699 drctuonibus
1510 2648 1804 2713 prostituta
1834 2656 1939 2701 est.

358 2726 419 2779 Si
445 2744 576 2781 vero
605 2728 842 2805 legitimo
865 2733 1157 2803 conjuncta
1203 2737 1273 2789 sit
1307 2736 1445 2799 viro.
1484 2738 1559 2791 illi
1617 2739 1736 2794 viro
1784 2741 1941 2809 cujus

356 2820 715 2876 matrimonio
763 2824 966 2878 Paulus
1035 2827 1246 2881 anitnas
1297 2828 1586 2899 coniungit
1638 2841 1692 2883 et
1744 2834 1938 2895 soriat,

357 2910 498 2964 sicut
530 2922 581 2966 et
614 2914 728 2982 ipse
760 2916 889 2970 dicit
918 2919 962 2949 ⁷⁸
995 2936 1008 2972 :
1048 2938 1063 2970 ι
1097 2916 1273 2970 Statui
1327 2922 1471 2973 enim
1525 2936 1623 2974 vos
1675 2924 1763 2975 nui
1826 2924 1942 2977 viro

356 3003 624 3074 virginem
653 3017 858 3059 castam
894 3012 1158 3066 exhibere
1187 3013 1407 3067 Christo
1439 3031 1451 3076 ;
1487 3032 1505 3064 ι
1549 3014 1708 3088 160
1765 3024 1819 3067 et
1874 3016 1941 3068 de

356 3110 468 3165 quo
498 3098 546 3149 iu
584 3097 889 3165 Evangeliis
912 3103 1173 3171 scriptum
1206 3106 1275 3167 ⁷⁸,
1301 3106 1426 3173 quia
1463 3121 1552 3158 rex
1580 3108 1797 3172 quidam
1862 3106 1942 3159 fe-

358 3189 435 3241 cit
464 3190 683 3258 nuptias
711 3189 820 3244 filio
862 3206 996 3253 suo;
1052 3194 1103 3246 in
1161 3195 1320 3259 lmjus
1374 3210 1506 3264 ergo
1565 3198 1666 3249 viri
1724 3198 1941 3266 nuptias

359 3293 485 3332 eum
522 3294 580 3332 se
608 3281 787 3332 anima
814 3282 1044 3348 dederit,
1065 3293 1117 3336 et
1161 3284 1459 3353 legitimum
1492 3300 1615 3339 cum
1650 3300 1717 3339 eo
1746 3286 1939 3340 sortita

363 3370 530 3422 fuerit
581 3371 985 3427 matrimonium
1023 3374 1171 3443 (53$),
1234 3378 1449 3431 etiamsi
1500 3378 1600 3432 fuit
1650 3379 1942 3448 aliquando

365 3467 665 3531 peccatrix.
692 3465 905 3523 etiamsi
943 3470 1284 3524 merctricata
1320 3480 1421 3535 est,
1444 3480 1619 3526 tamen
1649 3474 1691 3526 si
1716 3488 1775 3527 se
1816 3473 1943 3527 huic

358 3553 478 3607 viro
509 3558 750 3623 tradidit,
787 3559 927 3611 ultra
954 3576 1071 3613 eam
1105 3577 1336 3630 peccare
1379 3580 1485 3617 non
1541 3566 1771 3633 patitur.
1820 3561 1937 3617 Non

285 3716 288 3719 η
358 3655 538 3714 potest
564 3647 711 3704 ferre
750 3657 805 3702 ιιι
842 3666 1052 3705 rursum
1085 3656 1261 3708 anima
1315 3670 1435 3720 qua:
1488 3670 1546 3710 se
1600 3658 1793 3711 sortita
1855 3664 1940 3711 est

357 3738 562 3803 virum,
596 3739 798 3797 alludat
826 3756 949 3796 cum
976 3744 1258 3811 adulteris,
1290 3747 1416 3815 quia
1465 3748 1739 3802 excitatur
1768 3765 1937 3818 super

351 3847 476 3888 eam
509 3832 660 3887 zelus
692 3833 805 3900 ejus
837 3836 960 3901 viri,
997 3847 1048 3888 et
1071 3837 1311 3892 defendit
1340 3841 1579 3910 conjugii
1600 3842 1933 3898 castitatem.

352 3923 424 3979 Et
451 3925 569 3981 ideo
598 3926 781 3982 zelaus
807 3929 1007 3982 dicitur
1041 3930 1322 3994 Dominus,
1349 3933 1476 4001 quia
1535 3935 1775 3988 animam
1833 3936 1935 3991 sibi

354 4017 724 4087 mancipatam
786 4038 890 4073 nou
966 4023 1170 4091 patitur
1235 4022 1573 4077 daemonibus
1623 4024 1935 4081 admisceri.

352 4111 608 4180 Alioquin
636 4113 678 4165 si
712 4128 834 4166 eam
868 4113 1061 4166 viderit
1099 4100 1458 4168 tcmerantem
1501 4114 1624 4183 jura
1676 4117 1934 4189 coujugii,

350 4213 409 4254 et
442 4202 783 4257 occasionem
832 4217 1080 4269 qua‘rere
1138 4204 1203 4256 ad
1255 4204 1613 4272 peccandum,
1668 4217 1827 4269 tunc,
1881 4217 1938 4260 ut

350 4293 620 4365 scriptum
657 4303 765 4359 est,
803 4296 895 4347 dat
928 4294 975 4348 ei
1021 4293 1263 4348 libellum
1321 4296 1553 4363 repudii,
1606 4306 1661 4349 et
1715 4296 1941 4350 dimittit

348 4401 470 4440 eam
503 4386 690 4440 dicens
721 4387 765 4418 "
806 4405 819 4440 :
855 4403 876 4439 ο
938 4385 1036 4441 Ubi
1087 4396 1171 4440 est
1222 4385 1440 4440 libellus
1474 4388 1679 4455 repudii
1747 4389 1937 4443 matris

353 4486 549 4533 vestra:
573 4494 683 4547 quo
710 4479 867 4533 divisi
905 4481 1070 4533 eam?
1115 4500 1132 4532 ι
1161 4481 1366 4547 Quith
1394 4479 1558 4535 etiam
1598 4480 1745 4534 addit
1775 4490 1828 4533 ct
1859 4481 1938 4534 lli-

2060 620 2176 673 uiat
2212 619 2525 683 infeliciter,
2559 619 2752 674 Saltem
2796 631 2852 674 ιιι
2879 633 3252 685 convertatur,
3280 633 3333 677 et
3380 627 3566 679 redeat
3589 641 3642 679 et

2058 711 2340 777 pteuitcat,
2380 714 2666 765 miseratus
2719 723 3021 779 exspectat.
3078 714 3282 768 Novum
3334 717 3479 769 enim
3536 717 3641 770 hoc

2058 802 2316 858 bonitatis
2350 817 2433 859 est
2461 821 2656 873 genus,
2695 814 2752 857 ut
2802 806 2967 859 etiam
3019 816 3140 875 post
3166 807 3495 862 adulterium
3560 823 3644 863 re-

2057 903 2360 947 vertentem
2415 905 2594 948 tamen
2653 904 2708 947 et
2761 910 2824 948 ex
2888 904 3001 949 toto
3051 896 3213 949 corde
3276 898 3637 965 pceuitentem

2056 988 2317 1055 suscipiat
2345 988 2605 1040 animam.
2635 988 2787 1041 Sicut
2821 996 2874 1041 et
2908 988 3022 1053 ipse
3055 1004 3150 1056 per
3188 990 3503 1057 prophetam
3549 989 3634 1043 di-

2054 1078 2124 1131 cit
2152 1079 2198 1109 ⁷⁸
2232 1096 2245 1132 :
2286 1097 2303 1129 ι
2346 1077 2599 1148 Nunquid
2630 1081 2826 1132 mulier
2860 1079 2905 1133 si
2933 1079 3125 1133 exierit
3155 1095 3183 1132 τι
3217 1081 3355 1143 viro,
3401 1090 3455 1134 et
3507 1082 3640 1135 dor-

2056 1170 2383 1223 micritcum
2410 1171 2517 1223 alio
2548 1174 2685 1233 viro,
2743 1181 3047 1225 revertetur
3089 1174 3155 1224 ad
3202 1171 3382 1224 virum
3437 1174 3642 1228 suum?

2054 1260 2244 1315 Nonne
2264 1262 2728 1316 contaminatimte
2758 1262 3264 1316 contaminabitur?
3320 1262 3399 1316 Tu
3452 1275 3634 1318 autem

2055 1352 2315 1409 fornicata
2345 1369 2404 1407 es
2435 1368 2555 1407 cum
2589 1353 2925 1406 amatoribus
2959 1353 3143 1407 multis
3170 1394 3184 1417 ,
3229 1363 3283 1408 et
3316 1359 3636 1411 reverteba-

2056 1449 2129 1497 ris
2159 1447 2225 1497 ad
2258 1460 2365 1498 me.
2405 1464 2422 1496 ι
2450 1444 2581 1499 item
2610 1445 2735 1497 alibi
2768 1445 2899 1498 dicit
2939 1446 2984 1476 τ’
3024 1462 3037 1498 :
3078 1462 3095 1495 ι
3170 1446 3232 1498 Ει
3280 1458 3634 1516 posteaquam

2056 1536 2316 1589 fornicata
2366 1552 2424 1589 es
2460 1537 2510 1589 in
2548 1536 2803 1590 omnibus
2841 1535 2946 1598 his,
3002 1536 3109 1588 dixi
3156 1556 3169 1592 :
3220 1536 3513 1592 Revertere
3571 1541 3637 1592 ad

2058 1639 2089 1673 ιι
2116 1638 2181 1684 e;
2217 1633 2265 1674 ct
2299 1639 2395 1676 nec
2425 1623 2512 1675 sic
2550 1640 2767 1676 reversa
2828 1639 2909 1685 es,
2962 1625 3091 1678 dicit
3144 1626 3424 1681 Dominus.
3464 1646 3482 1678 ι
3539 1628 3637 1683 llic

2050 1729 2181 1779 ergo
2231 1713 2369 1765 Deus
2399 1713 2580 1765 zclaus
2612 1714 2654 1765 si
2714 1714 2942 1781 requirit
2971 1722 3024 1766 et
3072 1714 3350 1769 desiderat
3394 1718 3633 1772 animant

2055 1816 2196 1857 tuam
2233 1808 2513 1858 adlucrcre
2550 1806 2675 1870 sibi,
2714 1806 2758 1857 si
2794 1814 2842 1858 te
2876 1814 3112 1859 servata
3141 1818 3363 1875 peccato
3392 1849 3409 1873 ,
3437 1810 3479 1862 si
3513 1826 3636 1864 eor-

1980 1881 2019 1936 "
2053 1898 2198 1966 ripit,
2221 1897 2263 1949 si
2295 1900 2543 1966 Castigat,
2571 1899 2614 1950 si
2651 1898 2990 1967 indignatur,
3016 1900 3060 1953 si
3102 1900 3385 1962 irascitur,
3416 1911 3469 1954 et
3517 1903 3634 1957 vc|~

2049 2002 2105 2045 ιιι
2140 1992 2406 2059 zelotypia
2454 1992 2690 2059 quadam
2724 2008 2852 2061 erga
2887 2000 2939 2047 te
2964 1993 3156 2059 utitur,
3200 2010 3351 2063 spem
3386 1995 3477 2048 tibi
3512 2010 3634 2050 esse

2046 2083 2240 2138 salutis
2270 2100 2526 2153 agnosie.
2566 2085 2621 2138 Si
2651 2101 2779 2138 vero
2811 2086 3113 2154 castigatus
3170 2104 3273 2140 nott
3328 2087 3628 2157 resipiscis,

2047 2185 2327 2243 correptus
2381 2191 2482 2227 ttou
2535 2176 2847 2231 emcndaris
2904 2176 3015 2247 (36)
3051 2218 3065 2242 ,
3126 2177 3446 2231 verberatus
3500 2194 3633 2232 eou-

2049 2267 2273 2332 lcmnis;
2305 2268 2444 2321 scito
2468 2268 2608 2337 quod
2640 2268 2684 2320 si
2718 2284 2960 2339 eousque
2993 2270 3265 2339 peccando
3308 2270 3628 2338 profeceris.

2046 2358 2277 2411 discedit
2306 2374 2333 2410 a
2375 2369 2426 2412 te
2459 2358 2607 2412 zelus
2635 2358 2773 2427 ejus,
2805 2370 2861 2412 et
2897 2360 3116 2414 dicetur
3151 2361 3247 2413 tibi
3284 2361 3438 2421 illud,
3487 2362 3629 2429 quod

2047 2466 2145 2522 per
2162 2450 2498 2505 Ezechielem
2520 2454 2836 2521 prephetam
2857 2452 2923 2507 ad
2956 2450 3294 2506 Hierusalem
3315 2452 3513 2507 dicitur
3536 2454 3581 2484 ⁸ο
3612 2471 3626 2508 :

2051 2562 2069 2596 ι
2114 2543 2405 2613 Propterea
2442 2543 2684 2597 discedet
2719 2543 2866 2598 zelus
2894 2558 3046 2597 meus
3080 2559 3109 2597 a
3150 2552 3236 2607 te,
3273 2553 3329 2598 ct
3363 2560 3466 2598 non
3516 2546 3629 2597 ira-

2046 2650 2171 2688 scar
2199 2634 2338 2687 ultra
2372 2650 2535 2702 super
2571 2643 2643 2688 te.
2679 2653 2698 2685 ι
2731 2631 2863 2688 Vide
2897 2635 3327 2690 misericordiam
3367 2644 3422 2690 et
3464 2637 3629 2705 picta-

2043 2740 2153 2786 tem
2190 2733 2315 2786 boni
2349 2731 2466 2785 Dei.
2501 2729 2729 2797 Quando
2761 2730 2872 2784 vult
2936 2731 3211 2795 misereri,
3244 2732 3515 2801 indignari
3570 2745 3629 2785 se

2045 2828 2199 2890 dicit,
2232 2836 2285 2881 et
2315 2825 2505 2889 irasci,
2538 2825 2683 2878 sicut
2718 2839 2813 2893 per
2840 2823 3134 2878 Jeremiam
3173 2825 3301 2879 dicit
3332 2825 3374 2857 ⁸¹
3412 2842 3426 2879 :
3473 2844 3492 2878 ι
3532 2825 3633 2878 Do-

2045 2918 2159 2971 lore
2202 2926 2256 2971 et
2305 2916 2519 2986 ﬂagello
2573 2915 2948 2984 castigationis,
3014 2914 3377 2977 Hierusalem,
3432 2916 3507 2969 uti
3559 2932 3629 2969 ne

2045 3010 2299 3064 abscedat
2324 3010 2506 3062 anima
2539 3024 2655 3061 mea
2689 3009 2788 3060 abs
2821 3016 2892 3059 te.
2927 3025 2945 3058 ι
2975 3006 3099 3060 llzec
3127 3008 3170 3061 si
3200 3007 3480 3075 intelligis,
3521 3012 3615 3061 mi-

2046 3104 2285 3155 serantis
2315 3103 2405 3156 Dei
2437 3118 2536 3155 vox
2565 3112 2685 3165 cst;
2717 3100 2804 3153 ubi
2863 3101 3115 3154 irascitur
3170 3111 3222 3152 et
3268 3100 3498 3164 zelatur,
3551 3102 3623 3155 ibi

2046 3192 2272 3245 adhibet
2315 3193 2530 3247 dolores
2574 3201 2626 3247 ct
2666 3193 2917 3248 verbera.
2964 3210 2981 3243 ι
3023 3191 3288 3263 Flagellat
3322 3192 3465 3245 enim
3506 3206 3628 3247 om-

2046 3298 2166 3336 nem
2195 3283 2362 3336 iilium
2389 3299 2551 3350 quem
2586 3284 2773 3352 recipit
2796 3282 2862 3336 ⁸³.
2894 3302 2911 3334 ι
2940 3283 3028 3337 Vis
3056 3294 3234 3339 autem
3268 3284 3456 3337 audire
3482 3283 3626 3338 indi-

2042 3375 2259 3448 guantis
2297 3375 2386 3429 Dei
2432 3374 2733 3430 terribilem
2758 3381 2985 3431 vocem?
3029 3377 3160 3429 Audi
3196 3376 3337 3445 quod
3368 3377 3493 3428 dicit
3529 3393 3627 3444 per

2045 3469 2409 3538 prophetam;
2447 3482 2566 3519 cum
2591 3479 2963 3523 enumerasset
3018 3468 3183 3522 tunlta
3218 3467 3445 3521 nefanda
3503 3483 3625 3538 qua}

2044 3559 2394 3615 commiserat
2423 3556 2674 3628 populus,
2710 3557 2858 3610 addit
2891 3560 3054 3611 etiam
3085 3558 3196 3612 hrcc
3225 3558 3269 3589 ⁸³
3298 3576 3310 3611 :
3351 3578 3367 3608 ι
3402 3560 3461 3612 Ει
3502 3576 3628 3628 pro-

2041 3662 2162 3722 pter
2204 3652 2327 3710 hoc.
2367 3649 2562 3719 inquit,
2608 3664 2712 3703 non
2753 3648 2985 3704 visitabo
3028 3664 3193 3715 super
3234 3650 3371 3704 tilias
3413 3662 3625 3704 Vestras

2041 3758 2164 3799 cum
2191 3740 2551 3803 fornicautur,
2590 3755 2765 3809 neque
2811 3754 2975 3805 super
3014 3756 3179 3793 nurus
3231 3752 3440 3795 vestras
3500 3758 3622 3795 cum

2042 3836 2405 3891 mmehantur.
2443 3852 2462 3885 ι
2507 3834 2618 3889 lloc
2663 3843 2743 3887 est
2804 3833 3083 3897 terribile,
3130 3834 3229 3887 hoc
3290 3841 3620 3898 extremum,

2038 3943 2162 3983 eum
2198 3927 2308 3996 jam
2334 3942 2440 3983 non
2468 3926 2796 3995 corripimur
2819 3939 2917 3994 pro
2941 3926 3203 3993 peccatis,
3223 3940 3344 3978 cum
3381 3924 3491 3993 jam
3516 3939 3622 3978 non

2039 4020 2366 4090 corrigimur
2390 4018 2790 4087 delinquentes.
2836 4014 2987 4072 Tunc
3015 4018 3158 4070 cnim
3193 4032 3317 4070 cum
3363 4032 3624 4070 excesse-

2042 4116 2212 4169 rimus
2250 4111 2511 4181 peccandi
2560 4111 2800 4174 modum,
2834 4109 2977 4165 Deus
3002 4110 3184 4164 zelans
3215 4110 3411 4163 avertit
3460 4124 3487 4162 a
3529 4126 3623 4162 uo-

2040 4206 2123 4261 bis
2158 4206 2330 4264 zelum
2361 4218 2542 4262 suum.
2598 4202 2742 4255 sicut
2779 4202 3037 4269 superius
3064 4201 3202 4253 dixit
3234 4200 3279 4230 ‘"
3319 4217 3334 4253 :
3400 4219 3417 4251 ‹
3451 4198 3623 4251 Aufe-

2040 4302 2190 4345 rctur
2215 4291 2359 4344 enim
2394 4290 2542 4342 zelus
2568 4304 2723 4341 meus
2753 4305 2781 4342 a
2820 4300 2890 4351 te,
2926 4299 2978 4341 ct
3046 4304 3148 4341 non
3194 4289 3403 4341 irascar
3442 4303 3608 4355 super

2044 4388 2092 4431 te
2121 4379 2283 4433 ultra.
2334 4398 2352 4431 ι
2395 4377 2520 4432 llaec
2545 4377 2612 4429 de
2641 4391 2706 4433 co
2737 4376 2878 4447 quod
2912 4375 3116 4430 dictum
3150 4382 3235 4430 est
3267 4388 3284 4429 :
3316 4393 3334 4425 ι
3372 4374 3513 4428 Deus
3536 4390 3622 4428 ze-

2043 4468 2184 4527 lans.
2217 4489 2236 4520 ι

354 4571 472 4624 cit:
508 4589 527 4621 ι
578 4571 716 4626 Ecce
768 4576 1009 4641 peccatis
1066 4574 1265 4628 vestris
1312 4573 1603 4625 venundati
1660 4574 1828 4637 estis,
1881 4583 1937 4627 et

2116 4558 2169 4613 6.
2200 4557 2491 4612 Videamus
2536 4571 2681 4610 nunc
2713 4564 2765 4609 et
2815 4554 2957 4623 quod
3024 4555 3292 4624 sequitur,
3349 4556 3621 4623 quomodo

348 4672 577 4736 propter
606 4663 919 4734 iniquitates
939 4678 1146 4719 vestras
1172 4665 1348 4719 dimisi
1379 4673 1605 4717 matrem
1636 4673 1930 4719 vestram.»

352 4754 479 4811 lla~c
512 4756 601 4823 qui
642 4756 880 4825 loquitur
938 4756 1125 4812 zelans
1180 4768 1282 4818 est,
1342 4767 1389 4810 et
1458 4756 1576 4811 zelo
1624 4766 1934 4811 commotus

350 4848 469 4906 haec
498 4849 656 4912 dicit;
694 4856 815 4917 post
847 4849 1181 4919 agnitionem
1211 4851 1353 4903 enim
1382 4850 1464 4904 sui
1490 4890 1505 4916 ,
1551 4859 1672 4918 post
1729 4849 1931 4904 illumi-

354 4938 634 4993 natiouem
676 4939 827 4992 vcrhi
890 4939 1082 5003 divini,
1143 4950 1263 5008 post
1331 4942 1564 5010 gratiam
1632 4941 1929 5009 baptismi,

352 5044 472 5101 post
496 5033 895 5087 confessionem
925 5034 1071 5101 fidei,
1100 5045 1155 5090 et
1187 5044 1265 5089 tot
1311 5034 1586 5102 tantisque
1620 5048 1931 5087 sacramen-

267 5180 271 5187 _
351 5126 421 5179 tis
453 5126 860 5181 matrimonium
904 5128 1314 5189 confirmatum,
1370 5141 1477 5178 non
1514 5123 1623 5176 vult
1656 5138 1753 5177 nos
1789 5122 1927 5177 ultra

347 5230 603 5286 peccare,
640 5235 743 5273 nou
779 5219 987 5288 patitur
1007 5220 1246 5271 animam
1277 5216 1432 5284 cujus
1462 5215 1575 5284 ipse
1632 5214 1716 5266 vel
1768 5228 1930 5283 spon-

349 5326 467 5376 διες,
506 5312 583 5364 \‘el
643 5312 726 5364 Vir
766 5314 1113 5382 appellatur,
1167 5326 1289 5364 cttm
1336 5307 1672 5360 tltciuonibus
1721 5304 1928 5369 ludere,

351 5405 581 5457 scortari
605 5419 724 5456 cmn
750 5404 1042 5458 immundis
1071 5402 1377 5472 Spit-ilibus,
1407 5412 1527 5452 cum
1556 5396 1701 5448 vitiis
1727 5405 1780 5447 et
1827 5396 1930 5448 im-

418 5544 468 5577 "
496 5544 536 5599 11
571 5543 699 5598 Cor.
737 5560 812 5608 ιιι,
849 5546 902 5599 2.
979 5545 1027 5575 ’⁸
1069 5542 1255 5597 Matth.
1293 5557 1429 5604 uti,
1460 5540 1515 5593 2.

346 5629 421 5681 v1,
446 5616 500 5671 8.
575 5616 772 5670 "lleb.
804 5632 899 5679 xu,
942 5614 997 5669 6.
1070 5614 1116 5646 ⁸³
1147 5612 1305 5667 Osee.
1344 5628 1419 5677 tv,
1455 5610 1535 5664 14.

418 5738 529 5811 (δι)
570 5739 739 5801 Alias,
770 5757 789 5791 ι
818 5739 872 5792 in
905 5750 1077 5811 uxore
1101 5742 1423 5803 potestatem
1461 5730 1799 5811 peccamina

420 5800 532 5881 (⁷55⁷)
575 5800 744 5877 Alias,
793 5829 811 5863 ι
852 5819 905 5864 et
934 5800 1173 5877 legitimo
1208 5819 1329 5857 eum
1372 5804 1565 5857 sortita
1609 5800 1769 5854 fuerit
1812 5813 1926 5853 ma-

348 5881 622 5938 trimonio.
670 5900 691 5932 ι

1591 5540 1635 5570 ⁷⁷
1670 5539 1769 5591 Isa.
1795 5555 1848 5602 ι,
1882 5538 1933 5591 1.

2007 5536 2053 5567 ⁷⁸
2085 5533 2196 5590 Jcr.
2222 5548 2304 5597 tu,
2335 5532 2386 5587 1.

1610 5610 1657 5641 ⁸δ
1690 5608 1887 5663 Ezech.
1930 5622 2045 5671 xvi,
2086 5605 2174 5659 45.

2044 4652 2193 4708 reddi
2233 4651 2494 4705 dicuntur
2524 4659 2746 4719 peccata
2776 4657 2991 4717 patrum
3021 4648 3071 4700 iu
3097 4647 3257 4709 tilios,
3297 4647 3347 4700 in
3404 4646 3618 4701 tertiam

2039 4754 2093 4799 ct
2118 4753 2366 4814 quartam
2394 4742 2736 4812 progeniem.
2782 4740 2836 4794 lu
2874 4740 2974 4792 hoc
3028 4739 3172 4792 enim
3222 4753 3480 4792 sermone
3539 4753 3623 4790 so-

2041 4836 2155 4891 lent
2182 4850 2281 4890 nos
2306 4833 2549 4889 haeretici
2576 4831 2895 4901 suggillare,
2938 4832 3079 4899 quod
3106 4844 3211 4884 non
3238 4830 3308 4884 sit
3350 4829 3472 4885 boni
3520 4828 3615 4884 Dei

2037 4942 2242 4992 sermo,
2280 4926 2370 4997 qui
2402 4942 2500 4995 pro
2522 4924 2756 4993 peccatis
2792 4923 3019 4977 alterius
3052 4922 3216 4976 alium
3255 4922 3419 4991 plecti
3451 4921 3617 4975 dicat.

2040 5020 2146 5075 Sed
2177 5019 2475 5074 secundum
2519 5019 2758 5086 ipsorum
2800 5015 3090 5081 rationem,
3130 5014 3221 5082 qui
3273 5013 3441 5068 Deum
3486 5014 3620 5082 legis

2038 5113 2383 5170 mandantem
2408 5100 2523 5165 haec
2559 5110 2683 5166 licet
2719 5126 2823 5165 non
2866 5109 3066 5161 bonum
3101 5108 3238 5177 (57),
3282 5107 3488 5174 justum
3536 5117 3618 5158 ta—

2040 5220 2160 5258 men
2196 5204 2420 5265 dicunt,
2461 5217 2526 5254 ue
2574 5201 2675 5270 ipsi
2731 5202 2947 5270 quidem
3013 5207 3236 5267 possunt
3299 5197 3614 5258 ostendere,

2040 5296 2310 5369 quomodo
2337 5296 2628 5349 Secundum
2668 5308 2889 5347 sensum
2919 5310 3074 5351 suum
3097 5291 3322 5364 justitia:
3349 5304 3459 5344 sua:
3484 5302 3621 5343 cou-

2043 5390 2230 5443 venire
2261 5387 2543 5449 videatur,
2594 5384 2639 5439 si
2692 5386 2833 5442 alius
2882 5384 2991 5437 alio
3040 5391 3297 5453 peccante
3340 5379 3613 5449 puniatur.

2461 5531 2507 5565 ⁷9
2542 5529 2673 5587 ibid.
2698 5529 2752 5583 7.
2828 5530 2873 5562 ⁸⁸
2905 5528 3100 5589 Ezech.
3127 5543 3238 5590 va,
3269 5523 3359 5577 45.
3427 5521 3470 5551 ⁸⁸
3498 5520 3615 5582 Jer.

2105 5722 2219 5791 (56)
2261 5721 2430 5787 Alias,
2477 5739 2495 5772 ι
2544 5728 2826 5791 correctus
2867 5730 2969 5768 non
2995 5712 3325 5791 emeudaris.
3360 5728 3379 5764 ι

2105 5779 2220 5864 (57)
2259 5779 2431 5860 Alias,
2475 5811 2492 5844 ι
2522 5793 2647 5846 dum
2680 5789 2812 5858 legis
2850 5786 3164 5841 mandatum
3206 5782 3336 5838 licet
3378 5794 3484 5835 non
3510 5779 3608 5833 bo-

2033 5880 2182 5921 num.
2232 5884 2249 5917 Ι
