4110 6466
412 423 514 480 559

1889 409 2206 469 ORIGENIS

3579 409 3684 464 56)

415 547 673 615 Superest
701 544 864 612 igitur
898 550 952 594 ut
988 538 1276 593 Dominum
1319 537 1700 605 deprecemur,
1734 546 1791 590 ιιι
1821 546 1998 590 osten-
2025 541 2070 596 Α
2103 534 2336 586 mundus
2374 533 2424 585 in
2472 534 2574 587 hoc
2624 533 2845 595 szrculo,
2902 545 3076 599 neque
3117 531 3412 600 corripitur
3445 546 3541 599 pro
3567 548 3693 601 pee-

413 641 504 692 dat
529 637 682 691 nobis
714 634 985 704 quomodo
1020 643 1290 700 przcccpta
1363 629 1476 684 lucc
1537 629 1684 697 justo
1743 630 1995 696 bonoque

411 724 741 780 cenveniant
773 723 900 777 Deo.
939 720 1094 788 Sa‘pe
1128 720 1240 786 jam
1279 719 1539 780 diximus,
1564 720 1705 788 quod
1747 719 1994 787 Scriptu-

413 832 490 874 ra:
527 817 719 869 divina:
761 831 864 867 non
891 813 1073 867 omnia
1111 814 1177 866 ad
1200 811 1535 866 exteriorem
1574 811 1870 875 hominem,
1901 810 1995 862 sed

411 909 662 978 perplura
699 907 767 961 ad
802 907 1120 960 interiorem
1164 904 1478 971 loquuntur.
1555 902 1790 956 Interior
1833 903 1996 971 igitur

415 1002 578 1055 homo
609 1011 798 1054 noster
823 1009 915 1052 aut.
943 998 1108 1050 Demn
1154 995 1352 1048 dicitur
1381 994 1582 1048 habere
1647 1005 1895 1063 patrem,
1950 995 1994 1047 si

413 1093 713 1148 secundum
741 1090 906 1144 Deum
940 1088 1090 1148 vivit,
1123 1095 1321 1154 etquae
1355 1085 1446 1137 Dei
1516 1096 1642 1140 sunt
1697 1086 1805 1155 agit
1839 1103 1853 1150 ;
1903 1092 1997 1137 aut

413 1185 714 1245 diabolum,
743 1182 786 1235 si
818 1181 869 1234 in
903 1177 1144 1248 peccatis
1184 1177 1275 1239 sit,
1311 1187 1362 1230 et
1391 1177 1696 1230 voluntates
1729 1177 1874 1230 illius
1905 1193 1998 1246 ge-

414 1285 500 1329 rat
531 1297 545 1330 :
583 1275 724 1328 sicut
765 1272 1048 1325 evidenter
1076 1269 1128 1322 in
1195 1268 1502 1334 Evangeliis
1537 1269 1788 1321 Salvator
1811 1280 1998 1322 osten-

415 1369 516 1431 dit,
541 1365 815 1418 enmdieit
841 1365 885 1395 ⁸⁵
921 1382 932 1416 :
967 1382 985 1414 ι
1028 1359 1138 1414 Vos
1167 1359 1234 1412 de
1292 1371 1447 1426 patre
1494 1360 1708 1414 diabolo
1762 1362 1914 1422 estis,
1944 1370 1996 1414 ct

417 1459 681 1513 desideria
725 1455 896 1525 patris
931 1456 1094 1507 vestri
1127 1455 1311 1507 facere
1337 1455 1521 1508 vultis.
1574 1453 1666 1506 ille
1721 1453 1994 1506 lmmirida

417 1551 520 1604 fuit
549 1555 616 1602 ah
643 1548 819 1609 initio,
845 1557 894 1600 et
925 1547 974 1599 in
1009 1545 1236 1599 veritate
1272 1563 1374 1599 non
1422 1547 1596 1599 stetit.
1629 1564 1646 1595 ι
1677 1545 1829 1597 Sicut
1868 1560 1996 1610 ergo

418 1657 604 1697 semen
636 1641 728 1694 Dei
758 1640 807 1692 in
845 1639 997 1691 nobis
1013 1638 1210 1691 dicitur
1237 1653 1478 1700 manere,
1507 1653 1628 1690 cum
1658 1638 1878 1690 verlmm
1903 1635 1994 1689 Dei

417 1745 700 1790 servantes
742 1732 792 1784 in
825 1731 977 1784 nobis
1016 1747 1120 1782 non
1155 1746 1468 1798 peccamus,
1517 1740 1574 1782 ut
1625 1728 1865 1784 Joannes
1917 1729 1995 1780 di-

416 1828 489 1881 cit
527 1825 574 1856 ⁸⁸
607 1844 619 1877 :
658 1841 675 1873 ι
711 1823 809 1890 Qui
846 1831 1024 1874 autem
1077 1838 1141 1873 ex
1181 1820 1289 1874 Deo
1316 1832 1398 1874 est
1424 1863 1440 1887 ,
1475 1838 1579 1874 non
1615 1831 1824 1889 peccat,
1867 1820 1992 1888 quia

2098 639 2241 686 cato,
2269 641 2441 694 neque
2465 624 2769 694 ﬂagellatur
2809 643 2821 678 :
2875 626 3056 678 omnia
3112 639 3347 690 namque
3385 625 3431 679 ei
3477 638 3692 680 servata

2099 728 2223 771 sunt
2261 719 2310 771 in
2339 719 2578 771 futurum
2610 717 2744 785 (40).
2784 716 2936 771 Unde
2963 727 3016 769 et
3046 717 3162 785 ipse
3196 718 3376 784 sciens
3404 718 3508 771 sibi
3545 718 3688 772 istud

2099 819 2360 861 statutum
2405 820 2615 877 tempus
2640 823 2754 862 esse
2783 821 3094 876 poenarum,
3130 809 3347 863 dicebat
3386 809 3451 862 ad
3501 810 3694 863 Salva-

2103 913 2271 955 torem
2313 902 2358 934 9°
2399 921 2412 956 :
2465 921 2482 953 ι
2530 903 2672 969 Quid
2727 902 2921 956 venisti
2984 910 3112 955 ante
3177 912 3388 972 tempus
3435 913 3693 971 torquere

2103 996 2236 1047 nos?
2274 1015 2291 1046 ι
2343 995 2475 1048 Dum
2506 1009 2636 1064 ergo
2659 1005 2766 1051 stat
2803 995 2889 1049 hic
2920 996 3174 1060 ιιιιιιιιΙιις,
3203 1006 3422 1062 peccata
3450 1010 3546 1049 sua
3581 1010 3688 1049 non

2102 1085 2294 1152 recipit
2341 1084 2609 1147 diabolus,
2651 1086 2743 1154 qui
2785 1096 2867 1138 est
2918 1087 3262 1152 peccantium
3311 1095 3488 1153 pater.
3542 1087 3688 1140 Red-

2100 1178 2302 1230 duntur
2331 1186 2509 1229 autem
2542 1177 2594 1230 in
2644 1177 2781 1231 ﬁlios
2810 1217 2825 1242 ,
2876 1177 2926 1231 id
2977 1188 3058 1232 est
3096 1179 3148 1230 in
3196 1192 3291 1232 eos
3323 1194 3456 1246 quos
3505 1179 3691 1248 genuit

2103 1285 2197 1336 per
2258 1278 2565 1336 peccaturo.
2623 1268 2834 1321 Etenim
2889 1268 3136 1321 homines
3187 1268 3240 1322 in
3307 1285 3472 1323 carne
3530 1269 3687 1337 pesiti

2101 1363 2470 1430 corripiuntur
2508 1377 2537 1413 a
2577 1361 2829 1425 Domino,
2888 1363 3272 1426 verberantur,
3314 1361 3681 1431 ﬂagellattlur.

2099 1451 2214 1508 Non
2241 1454 2383 1507 enim
2413 1452 2525 1506 vult
2550 1452 2808 1506 Dominus
2855 1465 3083 1506 mortem
3121 1454 3428 1522 peccatoris
3452 1494 3467 1517 ,
3507 1455 3600 1508 sed
3633 1465 3691 1507 ut

2103 1554 2427 1609 revertatur,
2478 1554 2528 1598 et
2573 1545 2720 1599 vivat
2766 1545 2833 1597 ⁹¹.
2883 1545 2945 1597 Et
2989 1554 3276 1613 propterea
3324 1544 3589 1614 benignus
3635 1556 3690 1598 ct

2101 1641 2412 1694 misericors
2439 1638 2696 1692 Dominus
2725 1637 2900 1692 reddit
2933 1644 3154 1705 peceata
3189 1647 3400 1708 patrum
3433 1638 3484 1690 in
3521 1638 3686 1701 lilios,

2101 1742 2158 1784 ut
2187 1732 2443 1799 quoniam
2469 1742 2672 1799 patres,
2707 1731 2758 1784 id
2811 1740 2895 1783 est
2927 1729 3174 1785 diabolus
3212 1738 3266 1782 et
3314 1731 3488 1798 angeli
3546 1730 3686 1796 ejus,

2101 1825 2390 1892 (veterique
2425 1823 2697 1891 principes
2750 1823 2936 1877 mundi
2968 1822 3128 1889 hujus
3157 1831 3212 1875 et
3258 1833 3505 1875 rectores
3543 1832 3690 1874 tene-

415 1932 598 1972 semcn
627 1915 717 1969 Dei
749 1925 935 1968 manet
973 1913 1023 1966 in
1061 1930 1162 1976 eo;
1198 1931 1215 1962 ι
1267 1912 1340 1966 ita
1373 1913 1534 1966 etiam
1567 1929 1692 1966 cum
1727 1929 1755 1966 ει
1781 1911 1997 1966 diabolo
2030 1886 2070 1941 Β
2102 1912 2326 1966 brarum
2354 1914 2542 1966 harum
2582 1913 2658 1982 (et
2691 1913 2788 1982 ipsi
2817 1914 2963 1967 enim
2997 1913 3308 1966 elliciuntur
3349 1922 3532 1982 patres
3564 1928 3687 1981 pec-

415 2015 481 2067 ad
549 2011 888 2083 peccandum
948 2010 1288 2074 suadentur,
1344 2025 1531 2064 semen
1593 2009 1712 2078 ejus
1772 2011 1998 2079 suseipi-

417 2121 536 2159 mus
560 2105 692 2175 (58).
723 2105 856 2157 Cum
887 2118 1016 2158 vero
1060 2103 1225 2156 etiam
1273 2102 1562 2171 implemus
1612 2104 1754 2172 quod
1811 2119 2000 2157 suase-

419 2198 508 2260 rit,
537 2207 660 2249 tunc
685 2195 796 2263 jam
832 2205 886 2248 et
917 2195 1103 2265 genuit
1152 2209 1270 2249 nos.
1309 2193 1596 2248 Nascimnr
1624 2195 1765 2249 enim
1804 2196 1852 2249 cl
1905 2195 1996 2248 lilii

420 2305 514 2358 per
539 2297 838 2358 peceatum.
871 2283 1070 2341 Verum
1096 2286 1355 2356 quoniam
1401 2295 1695 2355 peccantes
1739 2288 1824 2340 vix
1887 2285 1999 2341 fere

417 2379 639 2439 accidit,
683 2389 740 2431 ut
793 2378 910 2432 sine
946 2378 1195 2446 adjutore
1241 2391 1554 2446 peccemus,
1601 2378 1810 2431 sedant
1839 2376 1996 2429 ιιιῖιιίο

419 2481 565 2524 stros
593 2468 826 2539 poet-ali,
848 2479 940 2520 aut
967 2469 1244 2538 adjutores
1275 2482 1490 2536 semper
1513 2468 1860 2536 requirimus;
1888 2483 2002 2519 ver-

421 2563 475 2617 bi
504 2578 698 2628 causa,
731 2562 775 2615 si
833 2560 1159 2615 adulterium
1199 2559 1323 2628 quis
1383 2559 1629 2624 molitur,
1677 2575 1782 2612 non
1822 2567 2000 2629 potest

421 2655 525 2710 hoc
551 2655 696 2708 solus
729 2651 1044 2716 admittere,
1077 2654 1171 2707 sed
1204 2667 1427 2708 necesse
1490 2662 1573 2706 est
1629 2653 1793 2705 etiam
1847 2651 2000 2704 adul-

425 2759 596 2801 teram
647 2756 963 2802 consortem
1009 2746 1126 2800 ﬁeri
1197 2749 1506 2816 sociamque
1561 2747 1802 2815 Peccati;
1871 2756 2002 2801 tunc

422 2851 682 2909 przcterea
769 2840 870 2893 etsi
955 2855 1061 2894 non
1150 2841 1376 2909 plures,
1448 2854 1568 2893 esse
1641 2847 1820 2891 tamen
1907 2855 2002 2892 nc-

423 2946 577 2986 cesse
647 2940 730 2984 est
789 2930 1026 3000 aliquem
1088 2932 1172 2985 vel
1231 2929 1469 2996 aliquam
1536 2929 1590 2981 in
1680 2929 1999 2984 ministeriis

421 3025 489 3078 ad
530 3022 850 3078 societatem
895 3022 1099 3090 peccati
1130 3022 1263 3091 ('59);
1284 3021 1372 3090 qui
1396 3035 1587 3075 omnes
1611 3020 1750 3073 velut
1774 3037 1911 3075 unus
1933 3038 2000 3076 ex

423 3115 592 3170 altero
615 3115 912 3169 secundum
951 3113 1322 3182 persuasionis
1357 3114 1603 3166 ordinem
1635 3113 1902 3182 generati,
1933 3128 1998 3166 ex

423 3219 574 3276 patre
599 3206 814 3261 diabolo
857 3205 1036 3260 noxiae
1077 3204 1380 3259 nativitatis
1423 3205 1734 3274 progeniem
1771 3205 1995 3260 ducunt.
2027 3244 2070 3302 Ο

426 3300 581 3371 161
611 3299 674 3353 Et
704 3309 759 3352 ut
783 3299 926 3352 adea
949 3312 1068 3367 qua:
1100 3296 1301 3364 scripta
1322 3305 1449 3349 sunt
1471 3296 1769 3360 veniamus,
1814 3296 1998 3349 Domi—

422 3408 525 3446 nus
556 3391 855 3460 majestatis
895 3388 1054 3444 Jesus
1080 3389 1332 3443 Christus
1369 3388 1623 3444 Salvator
1669 3400 1852 3442 noster
1880 3405 2002 3442 cru-

421 3483 616 3540 ciﬁxus
647 3494 754 3538 est.
785 3483 955 3552 llujns
1005 3483 1198 3552 piaculi
1250 3489 1443 3536 auctor
1483 3493 1536 3536 et
1578 3491 1732 3550 pater
1780 3481 2004 3536 sceleris

425 3577 543 3629 sine
576 3575 739 3628 dubio
786 3573 1030 3628 diabolus
1073 3585 1174 3628 est.
1208 3573 1300 3627 Sic
1329 3570 1473 3626 enini
1511 3573 1774 3640 scriptum
1802 3584 1883 3626 est
1909 3573 1952 3603 ⁸⁷
1989 3591 2000 3626 :

429 3684 450 3719 ι
478 3665 612 3721 Cum
642 3674 822 3718 autem
858 3666 1136 3720 introisset
1167 3665 1416 3719 diabolus
1447 3664 1498 3716 in
1535 3679 1628 3717 cor
1664 3661 1816 3717 Juda:
1855 3664 2001 3718 lsea-

423 3757 599 3821 riotis,
625 3767 681 3811 ut
703 3756 937 3810 traderet
956 3771 1100 3810 eum.
1135 3773 1152 3808 ι
1182 3757 1340 3810 Pater
1361 3770 1492 3824 ergo
1514 3754 1722 3823 peccati
1752 3755 2006 3811 diabolus

422 3858 526 3904 est.
562 3847 667 3902 Iste
702 3849 753 3900 in
796 3847 897 3900 hoe
919 3847 1126 3901 scelere
1154 3847 1388 3916 primunt
1429 3847 1596 3900 lilium
1637 3856 1865 3917 generat
1907 3847 2004 3902 Ju-

424 3939 571 4004 dam,
600 3940 692 3992 sed
719 3938 865 3991 solus
896 3939 995 3991 hoc
1025 3923 1193 3989 ludas
1218 3935 1444 4004 implere
1475 3951 1580 3990 non
1606 3945 1834 4006 poterat.
1865 3934 2005 4003 Quid

426 4046 556 4100 ergo
588 4031 846 4099 scriptum
897 4031 1020 4084 est?
1073 4048 1091 4081 ι
1129 4029 1309 4094 Abiit,
1360 4028 1536 4097 inquit
1576 4028 1663 4094 ⁸⁸,
1723 4029 1889 4084 ludas
1939 4029 2007 4083 ad

427 4123 650 4177 Scribas
675 4132 728 4175 et
749 4123 1081 4188 Pharisazos,
1112 4131 1166 4177 et
1212 4121 1278 4176 au
1331 4104 1643 4186 Pontiﬁces,
1675 4120 1862 4175 dicens
1885 4119 2002 4175 eis:

426 4213 566 4279 Quid
599 4213 729 4267 mihi
759 4213 919 4278 datis,
953 4223 1004 4266 et
1031 4228 1132 4282 ego
1157 4213 1308 4267 vobis
1334 4226 1458 4266 eum
1492 4211 1748 4266 tradam?
1781 4231 1799 4264 ι
1825 4211 2008 4267 Nasci-

429 4316 517 4358 tur
541 4321 671 4375 ergo
701 4320 764 4360 ex
804 4303 940 4360 Juda
976 4307 1254 4377 generatio
1279 4305 1434 4360 tertia
1464 4314 1516 4359 et
1543 4315 1734 4374 quarta
1773 4307 2002 4376 peccati.

425 4395 494 4449 Et
539 4397 683 4452 hunc
725 4397 971 4451 ordinem
1028 4396 1442 4466 deprehendere
1497 4397 1700 4465 poteris
1739 4397 1902 4452 etiam
1950 4396 2004 4452 in

426 4487 653 4558 singulis
703 4489 1003 4556 quibusque
1061 4489 1321 4557 peccatis.
1373 4487 1529 4541 Nunc
1560 4503 1690 4559 ergo
1724 4489 2005 4545 videamus

2100 2008 2229 2072 cati,
2270 2009 2409 2061 sicut
2447 2017 2501 2059 et
2536 2006 2836 2076 d.aholus),
2884 2008 3162 2075 quoniam,
3207 2007 3466 2075 inquam,
3505 2017 3692 2075 patres

2103 2100 2190 2155 isti
2223 2100 2426 2168 indigni
2456 2099 2695 2168 suntqui
2730 2101 2779 2153 in
2824 2102 3076 2169 praesenti
3126 2101 3328 2155 saeculo
3384 2102 3691 2168 corripian-

2103 2202 2212 2260 tur,
2254 2194 2347 2248 εει]
2396 2193 2447 2246 in
2497 2191 2681 2246 futuro
2731 2194 2998 2261 recipient
3043 2207 3166 2261 quae
3223 2204 3538 2257 merentur,
3594 2193 3690 2246 lilii

2103 2299 2313 2349 eorum,
2353 2284 2403 2336 id
2428 2292 2534 2344 est,
2573 2298 2711 2352 quos
2761 2293 2992 2353 peccare
3043 2285 3442 2354 persuaserint,
3497 2294 3553 2336 et
3596 2286 3690 2352 qui

2105 2374 2459 2428 nihilominus
2496 2389 2589 2444 per
2618 2374 2762 2442 ipsos
2797 2376 2951 2430 asciti
2995 2373 3198 2427 fuerint
3234 2374 3301 2426 ad
3352 2374 3688 2427 consortium

2103 2469 2532 2536 societatemque
2579 2468 2812 2537 peccati,
2869 2468 2958 2521 hic
3018 2467 3288 2536 recipiant
3342 2481 3462 2535 quae
3509 2480 3691 2534 gesse-

2106 2572 2231 2612 runt
2256 2577 2269 2612 :
2303 2571 2361 2612 ut
2388 2561 2732 2629 purgatiores
2761 2561 2826 2613 ad
2855 2559 3096 2612 futurum
3155 2559 3412 2612 swcnlutn
3443 2567 3693 2627 pergant,

2101 2661 2157 2704 et
2211 2651 2346 2705 ultra
2405 2651 2622 2705 diabolo
2676 2652 2813 2706 socii
2867 2667 2973 2705 non
3030 2649 3335 2706 elliciantur
3388 2653 3440 2705 in
3505 2667 3688 2721 pinna.

2103 2748 2240 2816 Quia
2270 2765 2399 2818 ergo
2429 2749 2740 2804 misericors
2766 2759 2848 2803 est
2882 2747 3163 2814 Dominus,
3207 2760 3261 2802 et
3309 2767 3328 2800 ι
3363 2763 3554 2802 omnes
3601 2749 3696 2802 ho-

2105 2844 2280 2897 mines
2332 2843 2445 2897 vult
2488 2843 2674 2896 salvos
2741 2840 2857 2896 ﬁeri
2901 2841 2972 2908 ",
3028 2859 3048 2894 ο
3095 2850 3379 2910 propterea
3427 2841 3554 2895 dicit
3593 2841 3639 2872 ”
3682 2860 3692 2893 :

2111 2951 2127 2984 ι
2169 2933 2410 2988 Visitaho
2447 2935 2496 2987 in
2529 2933 2681 3001 virga
2735 2933 2916 2986 ferrea
2977 2931 3223 2988 facinora
3273 2948 3485 2998 eorum,
3543 2941 3597 2986 et
3635 2933 3688 2986 in

2106 3025 2328 3093 ﬂagellis
2352 3035 2567 3093 peccata
2602 3040 2812 3078 eorum.
2851 3022 3280 3078 Misericordiam
3306 3035 3482 3078 autem
3517 3041 3690 3077 meam

2107 3135 2212 3172 non
2238 3119 2480 3170 anl'eram
2509 3117 2574 3170 ab
2598 3117 2697 3169 eis.
2732 3135 2750 3168 ι
2787 3116 2979 3169 Visitat
3019 3131 3148 3183 ergo
3173 3115 3434 3169 Dominus
3456 3115 3691 3176 animas,

2106 3210 2428 3279 etrequirit,
2455 3224 2591 3278 quas
2625 3209 2730 3263 iste
2755 3210 3032 3278 pessimus
3073 3209 3433 3276 persuasione
3486 3208 3693 3276 peccati

2107 3303 2357 3372 genuerit
2385 3311 2559 3370 pater,
2589 3309 2638 3354 et
2672 3299 2806 3356 dicit
2827 3299 2896 3353 ad
2928 3314 3370 3368 unamquamque
3393 3294 3644 3352 earum“
3669 3313 3683 3348 :

2115 3415 2133 3446 ι
2174 3396 2336 3458 Audi,
2373 3393 2506 3457 ﬁlia,
2552 3403 2608 3446 et
2653 3393 2780 3445 vide
2826 3399 2884 3444 et
2935 3390 3139 3445 inclina
3190 3406 3378 3444 aurem
3430 3401 3600 3450 tuam,
3641 3398 3696 3443 et

2107 3487 2431 3543 obliviscere
2463 3485 2719 3556 populum
2759 3494 2932 3549 tuum,
2967 3494 3021 3538 et
3044 3485 3263 3537 domum
3313 3483 3483 3552 patris
3525 3483 3622 3536 tui.
3667 3499 3685 3532 ο

2114 3578 2317 3633 Visitat
2344 3594 2473 3648 ergo
2503 3587 2554 3632 te
2585 3586 2712 3645 post
2752 3589 3056 3645 peccatum,
3103 3585 3158 3630 et
3183 3585 3492 3629 commonet
3527 3585 3599 3637 te,
3641 3583 3698 3626 et

2109 3672 2161 3725 in
2195 3671 2411 3742 ﬂagello
2434 3681 2489 3724 et
2517 3671 2672 3739 virga
2701 3680 2752 3722 te
2784 3669 2971 3723 visitat
3001 3684 3099 3737 pro
3136 3677 3361 3738 peccato
3406 3669 3550 3735 quod
3597 3665 3691 3718 tibi

2113 3774 2267 3834 pater
2291 3763 2542 3818 diabolus
2569 3763 2839 3832 suggessit
2861 3761 2999 3832 (4i),
3030 3771 3088 3815 ut
3118 3762 3309 3814 reddat
3349 3760 3443 3813 tibi
3483 3758 3609 3812 illud
3639 3758 3692 3810 in

2109 3857 2311 3920 sinum,
2346 3857 2398 3910 id
2454 3865 2537 3910 est
2572 3857 2698 3909 dum
2737 3857 2791 3909 in
2836 3871 3067 3925 corpore
3111 3854 3286 3922 degis.
3325 3853 3388 3907 Et
3429 3851 3507 3906 sic
3549 3865 3696 3904 com-

2111 3941 2306 4012 pietur,
2333 3943 2482 3996 reddi
2509 3953 2728 4008 peccata
2777 3955 2988 4012 patrum
3040 3943 3092 3995 in
3137 3945 3313 3996 sinum
3370 3941 3604 3994 ﬁliormn
3640 3939 3691 3994 iu

2111 4034 2327 4088 tertiam
2361 4043 2412 4088 et
2451 4046 2704 4103 quartam
2757 4035 3091 4103 progeniem.
3130 4035 3271 4087 Deus
3315 4033 3462 4086 enim
3500 4031 3686 4086 zelans

2109 4133 2214 4187 est,
2260 4132 2314 4177 et
2343 4124 2580 4176 animam
2617 4139 2782 4192 quam
2827 4125 2931 4178 sibi
2975 4125 3265 4191 despondit
3307 4123 3358 4176 in
3408 4123 3532 4184 ﬁde,
3580 4138 3689 4176 non

2112 4214 2224 4266 vult
2273 4213 2420 4267 illam
2466 4228 2788 4283 permanere
2837 4216 2889 4268 in
2935 4214 3401 4270 contaminatione
3454 4216 3693 4283 peccati;

2111 4307 2206 4362 sed
2232 4308 2344 4360 vult
2371 4321 2490 4360 eam
2519 4307 2627 4360 cito
2654 4308 2897 4377 purgari,
2930 4307 3041 4360 vult
3084 4322 3204 4360 eam
3254 4305 3515 4359 velociter
3556 4306 3696 4373 abji-

2111 4415 2235 4455 cerc
2265 4414 2454 4455 omnes
2485 4402 2854 4455 iununnditias
2879 4415 3027 4463 suas,
3060 4398 3106 4451 si
3143 4398 3226 4451 cui
3256 4397 3400 4451 forte
3449 4400 3692 4466 subjecta

2111 4489 2350 4560 esum).
2382 4489 2439 4543 Si
2465 4505 2591 4543 vero
2612 4498 2895 4559 permanet
2932 4489 2984 4541 in
3005 4488 3266 4556 peccatis,
3288 4487 3492 4540 etdicit
3530 4504 3545 4539 :
3575 4486 3692 4541 Non

427 4581 720 4634 secundum
753 4581 892 4635 hanc
919 4598 1078 4650 quam
1107 4582 1340 4636 diximus
1367 4585 1700 4652 progeniem,
1727 4585 2000 4652 quomodo
2034 4609 2079 4663 η
2112 4580 2396 4634 audiemus
2441 4593 2627 4632 vocem
2680 4577 2890 4632 Domini
2913 4616 2928 4639 ,
2967 4575 3062 4630 sed
3107 4574 3370 4630 iacientes
3422 4575 3691 4632 faciemus

429 4670 571 4724 Deus
603 4680 821 4740 peccata
857 4682 1071 4740 patrum
1099 4670 1286 4725 reddat
1322 4672 1377 4725 in
1407 4673 1566 4735 lilios,
1614 4672 1666 4726 in
1700 4673 1916 4727 tertiam
1947 4683 2003 4730 et

429 4772 679 4831 quartam
713 4763 1048 4832 progeniem,
1086 4773 1141 4815 et
1176 4762 1228 4816 in
1261 4764 1405 4832 ipsos
1443 4779 1548 4818 non
1582 4764 1772 4818 reddat
1799 4775 2000 4834 patres.

429 4853 576 4908 Nihil
617 4855 761 4908 enim
808 4857 872 4908 de
904 4855 1148 4923 patribus
1189 4855 1327 4909 dixit
1366 4855 1528 4911 Deus.
1580 4855 1835 4911 Diabolus
1877 4874 2006 4929 ergo

427 4945 522 5014 qui
549 4947 805 5016 peccandi
830 4946 942 5016 jam
993 4949 1212 5000 modum
1261 4947 1516 5013 excessit,
1560 4947 1704 5001 sicut
1742 4950 2003 5017 propheta

429 5038 564 5092 dicit
601 5038 670 5103 δ’,
716 5039 1172 5107 quemadmodum
1220 5038 1602 5093 vestimentum
1647 5039 1700 5093 in
1743 5041 2006 5111 sanguine

427 5139 769 5195 concretum,
802 5146 905 5183 non
932 5129 1038 5182 erit
1071 5130 1354 5194 nmndmn,
1393 5132 1466 5184 ita
1499 5141 1556 5185 et
1601 5129 1717 5200 ipse
1760 5146 1866 5186 non
1901 5131 2008 5186 erit

498 5271 546 5304 ⁸⁸
585 5271 743 5326 Joan.
777 5286 861 5332 ιιι,
895 5270 985 5324 44.
1085 5271 1131 5303 εκ
1171 5273 1187 5325 l
1219 5269 1378 5324 Joau.
1421 5273 1582 5332 m,9.

429 5342 661 5408 vIII,29.
738 5342 780 5374 ⁸⁸
809 5341 1001 5396 Ezech.
1036 5359 1228 5408 uxr-.1,
1263 5343 1347 5393 ll.
1452 5343 1536 5394 “l
1575 5343 1716 5397 Tim.
1753 5358 1810 5406 ιι,
1839 5343 1891 5396 4.

430 5415 478 5446 ⁸⁸
513 5414 674 5469 Prov.
718 5428 758 5475 ι,
787 5413 880 5467 24.

505 5579 617 5719 (δεζ
660 5579 1009 5648 Suscipimus.
1055 5580 1223 5642 Alias,
1272 5599 1289 5632 ι
1328 5579 1612 5635 cllicimur.
1665 5600 1683 5632 ι

505 5647 595 5718 (59
659 5648 785 5704 Mss.
827 5649 1194 5717 'I‘uroucnses,
1234 5668 1252 5702 ι
1301 5653 1368 5706 de
1402 5651 1668 5706 ministris

504 5647 785 5730 (59))188.
819 5647 869 5704 Τ
877 5666 1194 5730 ur_oucnses,
1234 5668 1252 5702 ι
1301 5653 1368 5706 de
1402 5651 1668 5706 ministris
1706 5659 1761 5707 et
1801 5651 2008 5705 nuntiis

436 5734 498 5773 ac
535 5721 698 5771 sociis
737 5721 964 5786 peccati.
1013 5740 1031 5771 ι

505 5787 768 5860 (ιρωυο
804 5803 1045 5858 tempore
1088 5802 1328 5844 extrema
1360 5789 1622 5860 supplicia
1671 5789 2008 5844 tltetttonihns

436 5859 520 5914 vel
555 5856 778 5926 inﬂicta,
807 5861 888 5912 vel
921 5856 1012 5912 inii
1036 5865 1204 5928 genda
1236 5856 1498 5932 Origenes
1528 5861 1846 5932 crediderit,
1883 5877 2008 5916 con-

1675 5271 1719 5303 ⁸⁷
1751 5270 1908 5326 Joan.
1937 5287 2060 5336 xm,
2087 5271 2142 5325 ‘2.

1991 5343 2037 5373 θ’
2069 5342 2212 5398 Psal.
2248 5358 2471 5408 Lxxxtx,
2498 5344 2585 5396 52.

2111 4673 2414 4726 voluntates
2479 4683 2724 4734 nostras,
2787 4679 2840 4723 et
2905 4668 3261 4723 incemlemus
3323 4669 3503 4738 ignem
3558 4673 3696 4742 regi-

2108 4780 2192 4819 n:e
2241 4763 2386 4826 (mli,
2441 4762 2580 4815 sicut
2643 4763 3003 4830 exprobratur
3057 4778 3152 4831 per
3224 4767 3542 4832 prophetam
3586 4767 3633 4797 ⁸⁵
3677 4782 3693 4820 :

2112 4865 2240 4908 tunc
2300 4867 2588 4907 servantur
2651 4855 2812 4908 etiam
2899 4855 2998 4923 ipsi
3058 4855 3125 4908 ad
3202 4855 3348 4909 illam
3405 4856 3698 4926 Sapientia!

2112 4949 2480 5012 sententiam,
2528 4964 2648 5016 qua:
2705 4950 2834 5003 dicit
2895 4950 2941 4980 ⁸⁸
3006 4963 3020 5002 :
3085 4967 3104 5000 ι
3158 4948 3423 5015 Quoniam
3477 4960 3695 5021 quidem

2113 5041 2408 5102 vocabam,
2486 5048 2540 5093 et
2609 5056 2714 5093 non
2776 5041 3190 5106 obaudiebatis,
3274 5041 3365 5096 sed
3436 5044 3700 5102 irrideba-

2117 5131 2187 5185 tis
2232 5145 2511 5186 sermones
2558 5147 2740 5198 meos;
2778 5133 2961 5203 itaque
3009 5142 3066 5187 et
3108 5149 3207 5204 ego
3269 5147 3462 5190 vestra:
3514 5136 3696 5205 perdi-

2222 5268 2270 5303 ⁸⁵³
2301 5269 2492 5326 Matth.
2524 5288 2674 5335 χλνι,
2721 5273 2805 5328 14.
2836 5274 2922 5328 15.
2999 5274 3043 5307 ⁸⁸
3075 5275 3175 5328 lsa.
3201 5291 3275 5336 tv,
3303 5276 3354 5328 5.

2248 5358 2471 5398 Lxxxtx.
2498 5344 2585 5396 52.
2664 5344 2710 5375 ’⁵
2737 5344 2879 5398 Psal.
2907 5361 3028 5398 λιν.
3056 5347 3143 5398 10.
3258 5347 3302 5377 ⁸⁵
3333 5346 3354 5398 J

2810 5382 2879 5402 ul.
2907 5382 3028 5409 λιιι,
3061 5382 3143 5398 ινο

3430 5279 3474 5311 ’°
3508 5277 3696 5333 Matth.

3258 5347 3302 5377 ⁸⁵
3333 5346 3441 5401 Jet'.
3481 5364 3576 5411 \‘II,
3609 5350 3693 5402 l8.

2117 5583 2232 5635 sule
2256 5581 2622 5654 clarissimum
2655 5581 2906 5637 lluetimu
2951 5583 3167 5654 Origen.
3211 5584 3300 5638 lib.
3336 5601 3394 5651 ιι,
3420 5593 3615 5654 ιιιιωει.
3637 5584 3697 5652 5.

2118 5668 2268 5723 num.
2292 5653 2363 5705 2i
2383 5663 2450 5723 Aet
2481 5667 2598 5723 seq.

2118 5791 2132 5844 Ι
2191 5721 2303 5790 (41)
2333 5721 2502 5789 Alias,
2547 5721 2572 5773 «ἡ
2605 5738 2702 5794 pro
2750 5723 2983 5793 peccatis
3022 5739 3144 5793 qua:
3195 5724 3290 5778 tibi
3331 5731 3484 5792 pater
3511 5722 3698 5780 didio-

2141 5807 2221 5844 us.
2255 5812 2273 5842 ι

2329 5862 2500 5931 Alias,
2529 5883 2546 5916 ι
2582 5865 2627 5921 si
2660 5863 2743 5920 cui
2771 5863 2910 5920 forte
2945 5865 3260 5932 subreptum
3293 5874 3395 5918 est.
3426 5881 3448 5916 ι
