4110 6426
317 361 505 417 δοι-

1525 350 1590 406 lN
1628 348 1915 406 EXODUM
1950 348 2233 404 IIOMlLIA
2262 346 2358 401 lx.

3469 347 3573 403 56‘!

316 477 452 535 tioni
483 475 868 545 super-ridebo;
906 492 930 526 ο
962 472 1047 528 vel
1082 471 1230 527 illam
1279 482 1397 540 quae
1436 470 1613 537 posita
1651 479 1739 523 est
1788 468 1896 522 illis
1924 474 1969 530 Α
2002 471 2199 524 Sancta
2241 475 2574 523 sanctorum.
2612 466 2738 521 Post
2760 464 3059 521 secundum
3092 474 3273 521 autem
3298 465 3563 535 velamen,

318 572 374 624 in
399 566 696 638 Evangelio
727 566 941 620 dicente
972 564 1198 618 Doutino
1229 562 1273 594 ’⁷
1306 580 1319 616 :
1364 580 1383 612 ι
1425 561 1696 616 Discedite
1741 577 1770 614 a
1811 575 1897 615 me

315 663 375 716 in
397 662 574 731 ignem
600 670 883 723 aeternum,
917 671 1075 725 quem
1120 653 1449 723 prmparavit
1494 654 1635 707 Deus
1680 651 1899 706 diabolo

311 765 369 808 et
398 750 606 819 angelis
637 747 779 816 ejus.
816 765 835 795 ι
872 746 985 814 Ego
1027 754 1156 813 opto
1201 752 1277 806 ut,
1306 745 1432 796 dum
1469 741 1527 796 in
1568 742 1671 795 hoc
1698 739 1898 795 saeculo

312 859 456 907 sum,
507 839 689 893 visitet
737 838 995 892 Dominus
1052 847 1277 905 peccata
1331 848 1475 897 mea,
1510 842 1574 887 et
1624 833 1714 887 hic
1761 831 1895 885 mihi

315 933 589 996 restituat,
617 938 674 983 nt
698 929 767 983 ibi
808 928 955 981 dicat
986 925 1155 980 etiam
1185 925 1251 980 de
1290 939 1375 978 Ine
1406 923 1704 985 Abraham,
1753 921 1898 975 sicut

311 1025 453 1077 dixit
474 1023 541 1076 de
564 1034 799 1092 paupere
825 1017 1033 1072 Lazaro
1059 1020 1127 1071 ad
1158 1016 1384 1071 divitem
1416 1014 1462 1045 ³⁸
1488 1032 1500 1067 :
1537 1031 1555 1063 ί
1601 1012 1892 1078 Memento,

309 1116 412 1180 ﬁli,
443 1115 586 1184 quod
615 1111 862 1181 recepisti
888 1112 1027 1165 bona
1061 1109 1117 1164 in
1147 1108 1258 1163 vita
1298 1117 1408 1170 tua,
1440 1114 1494 1159 et
1528 1103 1775 1160 Lazarus
1822 1104 1897 1158 si-

314 1208 516 1262 militer
539 1206 701 1261 mala.
734 1204 884 1259 Nunc
938 1213 1117 1257 autem
1170 1200 1260 1255 hic
1305 1199 1619 1267 requiescit,
1670 1206 1724 1250 tu
1765 1210 1896 1250 vero

312 1301 600 1357 cruciaris.
644 1318 662 1350 ι
698 1299 988 1367 Propterea
1028 1310 1161 1365 ergo
1195 1308 1317 1347 cum
1382 1291 1730 1359 corripimur,
1774 1305 1895 1343 cum

311 1391 646 1461 castigamur
671 1403 702 1443 a
733 1387 982 1450 Domino,
1021 1398 1143 1440 esse
1185 1398 1288 1436 non
1342 1380 1603 1434 debemus
1660 1376 1891 1446 ingrati,

314 1486 405 1539 sed
440 1480 810 1548 intelligamus
839 1486 1127 1545 propterea
1161 1486 1257 1525 nos
1284 1471 1339 1523 in
1382 1466 1638 1536 praesenti
1697 1463 1895 1518 saeculo

314 1575 537 1642 corripi,
570 1582 628 1625 ut
666 1570 719 1624 in
763 1568 947 1621 futuro
980 1564 1224 1633 requiem
1282 1571 1705 1626 consequamur.
1752 1556 1897 1609 sicut

312 1681 369 1723 et
396 1664 693 1735 Apostolus
739 1660 870 1716 dicit
900 1659 990 1712 ”:
1029 1674 1048 1706 ‹
1085 1656 1217 1710 Cum
1265 1661 1444 1706 autem
1491 1648 1822 1717 castigamur
1863 1659 1895 1699 a

317 1759 562 1821 Domino,
589 1751 938 1820 corripimur,
986 1761 1054 1800 ne
1102 1760 1223 1800 cum
1258 1744 1359 1797 hoc
1410 1739 1610 1794 mundo
1663 1740 1892 1791 damne-

321 1864 458 1904 mur.
496 1866 514 1897 ι
549 1844 842 1911 Propterea
892 1838 1126 1906 denique
1165 1845 1221 1889 et
1259 1834 1456 1887 beatus
1498 1829 1600 1885 Job
1653 1827 1890 1882 libenter

327 1935 646 2004 suscipiebat
672 1941 866 1986 cuncta
894 1927 1183 1996 supplicia,
1207 1932 1261 1978 et
1288 1922 1504 1976 dicebat
1539 1920 1555 1950 ί
1593 1918 1752 1988 quia,
1787 1936 1804 1968 ι
1846 1917 1890 1971 si

325 2031 457 2084 bona
492 2025 798 2094 accepimus
826 2020 893 2075 de
932 2033 1093 2071 manu
1135 2014 1372 2076 Domini,
1417 2025 1593 2066 nonne
1640 2019 1695 2064 et
1752 2010 1891 2063 tnala

320 2115 700 2176 tolerabimus?
751 2112 1011 2166 Dominus
1079 2109 1250 2171 dedit,
1319 2106 1584 2160 Dominus
1630 2102 1885 2164 abstulit;

316 2214 457 2268 sient
489 2208 716 2263 Domino
761 2201 982 2273 placuit,
1035 2200 1108 2253 ita
1161 2199 1360 2251 factum
1408 2207 1525 2259 est;
1578 2193 1650 2248 sit
1698 2207 1891 2246 nomen

314 2301 527 2360 Domini
559 2298 922 2352 benedictum.
957 2309 975 2341 ι
1027 2290 1222 2345 Reddit
1269 2298 1447 2340 autem
1486 2295 1541 2340 et
1580 2285 1892 2339 misericor-

312 2397 455 2452 diam
489 2393 542 2447 itt
574 2390 741 2445 millia
767 2388 833 2442 iis
856 2386 950 2457 qui
982 2384 1212 2454 diligunt
1250 2396 1373 2436 eum
1403 2384 1447 2433 ³.
1490 2380 1593 2446 Qui
1628 2379 1775 2433 enim
1816 2378 1893 2430 di-

308 2486 507 2560 ligant,
537 2481 883 2549 correptione
915 2492 1020 2531 non
1051 2474 1320 2543 indigent,
1352 2484 1527 2541 neque
1564 2470 1712 2525 enim
1760 2482 1889 2537 pec-

307 2588 462 2643 cant,
510 2576 733 2631 sicutet
766 2568 1027 2626 Dominus
1076 2563 1255 2621 dicit’
1292 2582 1307 2618 :
1342 2581 1364 2614 ι
1399 2562 1501 2630 Qui
1556 2561 1734 2631 diligit
1781 2573 1887 2623 me,

307 2671 569 2725 mandata
599 2679 717 2721 mea
746 2660 1006 2719 custodit.
1043 2676 1064 2711 ι
1103 2658 1169 2713 Ει
1193 2657 1313 2712 ideo
1350 2674 1367 2707 ι
1404 2653 1644 2725 perlecta
1671 2651 1891 2706 dilectio

307 2768 459 2821 foras
486 2761 655 2817 mittit
677 2760 926 2814 timorem
949 2753 994 2808 ⁵.
1029 2770 1047 2805 ι
1082 2750 1164 2808 0b
1214 2751 1319 2805 hoc
1358 2764 1487 2820 ergo
1536 2743 1890 2816 diligentibus

306 2858 425 2914 sola
449 2851 827 2911 misericordia
854 2849 1031 2920 posita
1053 2856 1159 2907 est.
1188 2844 1330 2900 beati
1370 2843 1519 2898 enim
1571 2837 1890 2894 misericor-

306 2955 407 3009 des
439 2953 482 3016 ⁸,
518 2951 644 3020 quia
672 2949 804 3017 ipsis
846 2941 1197 2998 miserebitur
1241 2938 1384 2993 Deus
1423 2937 1477 2989 in
1508 2932 1730 2989 Christo
1753 2930 1886 2987 Jesu

307 3044 543 3100 Domino
583 3051 789 3104 noStro,
824 3037 909 3090 cui
935 3044 1019 3090 est
1044 3032 1215 3103 gloria
1275 3041 1329 3085 et
1364 3028 1651 3096 imperiunm
1702 3026 1756 3078 in
1790 3037 1891 3077 Ste-

306 3136 435 3192 cula
473 3132 821 3190 saeculorum.
854 3127 1050 3179 Amen.

897 3210 1173 3269 HOMILIA
1219 3208 1309 3264 ΙΧ.

846 3306 923 3359 De
980 3301 1347 3356 tabernaculo.

376 3409 432 3463 i.
464 3405 523 3460 Si
545 3402 668 3473 quis
689 3401 848 3471 digne
880 3393 1262 3465 intelligat,vel
1286 3406 1348 3446 ex
1383 3389 1617 3462 Egypto
1638 3388 1894 3446 llebraaoc

304 3517 433 3557 rum
457 3496 870 3571 profectionem,
896 3490 977 3546 vel
1006 3488 1291 3544 transitum
1318 3486 1474 3556 162
1498 3484 1667 3539 maris
1690 3482 1886 3549 Rubri,

299 3597 403 3650 sed
434 3602 491 3647 et
517 3603 731 3644 onmem
760 3587 900 3641 hanc
922 3584 1085 3649 viam,
1120 3596 1244 3651 quae
1275 3582 1454 3651 agitur
1478 3593 1575 3648 per
1605 3578 1882 3632 desertum

301 3694 364 3739 ct
397 3681 725 3736 metationes
775 3674 1016 3745 singulas
1066 3685 1310 3741 quasque
1344 3675 1684 3734 castrorum;
1715 3665 1762 3720 si
1788 3666 1893 3720 ho-

304 3791 430 3831 rum
463 3773 535 3826 ita
573 3767 1059 3832 exstiteritcapax,
1092 3771 1149 3815 ut
1175 3762 1346 3815 etiam
1375 3761 1547 3830 legem
1576 3759 1669 3814 Dei
1716 3759 1893 3813 susci-

305 3871 424 3941 piat
479 3865 739 3933 scriptaiu
794 3876 899 3914 non
963 3865 1308 3922 atramento,
1380 3858 1474 3909 sed
1524 3852 1729 3923 Spiritu
1788 3852 1882 3908 Dei

307 3966 423 4023 vivi
465 3964 526 4028 ⁶;
559 3962 771 4029 siquis.
811 3962 1053 4028 inquam,
1091 3959 1158 4011 ad
1194 3955 1305 4009 haec
1368 3951 1438 4004 ita
1484 3963 1581 4020 per
1638 3948 1885 4002 ordinem

304 4060 650 4134 profectuum
683 4055 922 4126 perfecte
945 4052 1148 4115 veniat,
1182 4058 1239 4103 ut
1274 4044 1490 4116 singula
1522 4058 1755 4113 qumque
1779 4042 1891 4095 im-

305 4155 464 4225 plcns
503 4153 556 4206 in
581 4150 775 4220 spiritu
798 4153 1086 4201 assecutus
1112 4141 1205 4207 sit,
1244 4148 1299 4193 et
1328 4152 1391 4191 ea
1420 4152 1542 4207 quae
1571 4135 1625 4188 in
1676 4134 1761 4189 his
1804 4134 1889 4186 in-

303 4252 561 4304 dicantur
603 4248 891 4314 augmenta
944 4237 1229 4297 virtutum,
1299 4229 1387 4285 ille
1432 4228 1632 4298 poterit
1689 4241 1886 4281 conse-

306 4350 542 4414 quenter
572 4339 733 4393 etiam
767 4335 834 4389 ad
862 4331 1127 4387 visionem
1157 4336 1211 4381 et
1247 4320 1671 4414 intelligentiam
1691 4320 1886 4414 taber-

306 4408 489 4492 nacnli
527 4430 835 4502 pervenire.
888 4426 1095 4492 Dequo
1152 4413 1503 4473 tabernaculo
1551 4410 1735 4465 multis
1766 4408 1889 4479 qui-

2002 560 2411 615 tabernaculum
2462 559 2607 628 quod
2658 560 2859 616 dicitur
2900 572 3174 624 sanctum,
3217 558 3421 615 habens
3470 574 3566 613 au-

2002 668 2150 706 reum
2189 653 2358 706 altare
2384 652 2685 713 incensi,et
2718 668 2901 708 arcam
2949 651 3291 717 testamenti,
3326 659 3383 708 et
3423 650 3566 706 intra

1997 759 2115 799 eam
2168 744 2300 798 duas
2363 742 2596 806 tabulas,
2642 752 2698 797 et
2759 759 2981 809 manna,
3036 753 3092 798 et
3140 744 3348 813 virgam
3385 742 3565 796 Aaron

1997 849 2116 902 quae
2154 833 2494 888 fronduerat.
2536 852 2555 886 ι
2608 832 2713 887 Sed
2765 834 2832 888 iis
2896 833 3105 888 addidit
3142 851 3155 886 :
3197 852 3215 885 ι
3254 834 3330 888 De
3366 833 3567 903 quibus

1997 937 2105 976 non
2140 933 2224 976 est
2258 928 2415 978 modo
2446 924 2738 978 dicendum
2778 939 2879 992 per
2907 925 3141 994 singula.
3190 943 3209 976 ι
3248 925 3405 991 Quod
3436 939 3568 994 ergo

1998 1016 2091 1077 ait,
2123 1031 2141 1064 ι
2173 1014 2237 1067 de
2270 1016 2465 1082 quibus
2493 1030 2596 1067 non
2629 1023 2711 1069 est
2739 1016 2898 1070 modo
2924 1015 3233 1081 dicendum,
3282 1033 3302 1066 ι
3341 1017 3564 1084 quidam

1997 1104 2062 1156 ad
2115 1103 2242 1157 illud
2297 1115 2508 1172 tempus
2552 1103 2796 1159 referunt
2840 1122 2948 1174 quo
3005 1105 3249 1161 Hebraeis
3295 1106 3574 1161 scribebat

1998 1195 2313 1264 Epistolam.
2352 1195 2489 1249 Aliis
2524 1211 2647 1252 vero
2698 1197 2930 1265 videtur,
2978 1198 3120 1265 quod
3157 1213 3253 1267 pro
3286 1198 3575 1268 mysterio-

1999 1302 2117 1340 rtuu
2152 1286 2527 1357 magnitudine
2574 1302 2736 1343 omne
2771 1300 2980 1359 tempus
3020 1289 3303 1358 praesentis
3348 1290 3471 1344 vita:
3504 1290 3573 1345 ad

1997 1378 2112 1433 haec
2144 1379 2481 1448 explananda
2510 1380 2762 1435 idoneum
2799 1391 2976 1449 neget.
3009 1381 3203 1436 Verum
3232 1396 3337 1436 non
3373 1397 3574 1452 usque-

1995 1490 2210 1545 quaque
2234 1477 2418 1531 tristes
2458 1492 2558 1532 nos
2585 1478 2844 1547 relinquit
2870 1478 3182 1547 Apostolus,
3222 1480 3341 1544 sed,
3374 1487 3433 1533 ut
3462 1479 3570 1534 sibi

1997 1568 2164 1622 moris
2191 1577 2296 1631 est,
2325 1570 2504 1637 aperit
2535 1586 2705 1639 pauca
2732 1573 2799 1624 de
2837 1571 3021 1625 multis
3050 1587 3064 1624 :
3101 1580 3160 1625 ut
3206 1570 3451 1625 clausum
3500 1573 3573 1626 sit

1996 1661 2213 1730 quidem
2256 1663 2673 1732 negligentibus,
2705 1662 3018 1715 inveniatur
3050 1672 3231 1717 autem
3280 1679 3308 1716 a
3351 1663 3573 1732 pulsau-

2000 1753 2163 1814 tibus,
2221 1762 2276 1808 et
2330 1755 2700 1823 qumrentibus
2773 1754 3079 1823 aperiatur.
3159 1754 3376 1825 Repetit
3434 1770 3572 1825 ergo

1999 1861 2213 1900 rursum
2240 1848 2305 1901 de
2341 1847 2713 1909 tabernaculo,
2758 1855 2812 1900 et
2850 1846 2980 1899 dicit
3008 1846 3029 1878 ³
3063 1864 3075 1900 :
3114 1865 3131 1897 ι
3171 1845 3286 1901 Non
3325 1851 3471 1903 enim
3510 1852 3569 1905 in

1995 1946 2184 1990 sancta
2224 1950 2385 1989 manu
2412 1933 2557 1989 facta
2599 1936 2880 2006 ingressus
2927 1945 3009 1989 est
3045 1932 3203 1991 Jesus
3240 1937 3571 2007 exemplaria

1995 2040 2266 2094 verorum,
2310 2026 2404 2081 sed
2433 2027 2484 2080 in
2508 2016 2694 2096 ipsum
2743 2027 2964 2091 crelum,
3004 2036 3061 2081 nt
3112 2040 3372 2098 appareat
3427 2044 3571 2083 nunc

1997 2117 2163 2171 vultui
2197 2117 2286 2171 Dei
2323 2132 2418 2188 per
2451 2117 2720 2179 velamen,
2749 2116 2800 2170 id
2827 2126 2911 2171 est
2935 2131 3031 2185 per
3070 2134 3293 2172 carnem
3326 2134 3501 2173 suam.
3546 2140 3565 2171 ι

1994 2209 2095 2275 Qui
2125 2223 2254 2277 ergo
2294 2209 2543 2264 velamen
2600 2209 2881 2264 interioris
2941 2210 3305 2276 tabernaculi,
3350 2200 3625 2283 carnem
3680 2245 3693 2277 ε

1993 2303 2195 2357 Christi
2233 2304 2625 2371 interpretatus
2661 2311 2764 2366 est,
2798 2311 2986 2356 sancta
3026 2311 3206 2357 autem
3242 2303 3416 2373 ipsum
3455 2270 3603 2357 cu:-g

1994 2393 2125 2458 lum,
2162 2393 2244 2447 vel
2280 2394 2466 2459 cwlos,
2524 2394 2811 2447 Dominum
2854 2407 2983 2447 vero
3040 2392 3316 2448 Christum
3350 2394 3572 2463 pontifi-

1995 2499 2111 2539 rem
2159 2499 2393 2555 eumque
2430 2484 2564 2539 dicit
2612 2483 2888 2539 introiisse
2943 2500 2961 2535 ε
3018 2482 3187 2537 semel
3244 2484 3297 2538 in
3344 2493 3568 2549 sancta,

1992 2588 2195 2633 aeterna
2234 2579 2606 2648 redemptione
2631 2579 2851 2633 inventa
2883 2579 2925 2640 ⁸,
2977 2596 2996 2629 ι
3031 2592 3097 2631 ex
3132 2577 3216 2633 bis
3243 2578 3427 2647 paucis
3455 2593 3574 2633 ser-

1993 2674 2266 2737 monibus,
2327 2672 2370 2726 si
2416 2672 2536 2741 quis
2586 2671 2882 2741 intelligere
2931 2672 3080 2725 novit
3122 2669 3276 2724 Pauli
3330 2686 3569 2734 sensum,

1992 2774 2169 2835 potest
2196 2766 2482 2819 advertere
2521 2774 2781 2833 quantum
2823 2764 2978 2818 nobis
3013 2762 3383 2831 intelligentia:
3424 2763 3575 2833 pel..-

1990 2875 2091 2930 gus
2114 2859 2452 2930 patefecerit.
2488 2858 2592 2914 Sed
2619 2859 2713 2929 qui
2750 2858 2885 2913 satis
2921 2868 3107 2912 amant
3156 2858 3394 2912 litteram
3441 2859 3575 2928 legis

1991 2952 2185 3024 Moysi,
2209 2953 2458 3023 spiritum
2486 2966 2615 3006 vero
2635 2953 2751 3020 ejus
2782 2950 3079 3021 refugiunt,
3123 2962 3437 3020 suspectum
3472 2951 3571 3005 ha-

1991 3044 2123 3098 bent
2165 3045 2468 3113 apostolum
2501 3033 2747 3097 "Paulum
2790 3042 3272 3111 interpretationes
3315 3043 3577 3113 hujusce-

1919 3152 1967 3215 ο
1998 3133 2140 3186 modi
2172 3132 2560 3201 proferentem.

2064 3221 2121 3276 ἓ.
2144 3223 2437 3278 Videamus
2461 3236 2588 3292 ergo
2616 3221 2663 3282 si
2690 3234 2795 3275 non
2810 3220 2973 3274 etiam
2994 3228 3236 3276 veterum
3260 3231 3573 3279 sanctorum

1996 3312 2160 3382 aliqui
2182 3311 2493 3381 opinionem
2530 3310 2863 3366 tabernaculi
2899 3310 3056 3379 longe
3083 3311 3270 3376 aliam,
3297 3328 3457 3383 quam
3486 3316 3573 3371 isti

1998 3421 2140 3462 nunc
2182 3404 2518 3469 existimant,
2550 3403 2810 3458 habuere.
2854 3403 3023 3458 David
3060 3418 3292 3473 namque
3340 3408 3573 3464 eximius

1993 3496 2401 3566 prophetarum,
2438 3509 2603 3563 quam
2629 3492 2918 3564 magnifice
2955 3494 3022 3549 de
3065 3497 3416 3551 tabernaculo
3449 3513 3577 3553 sen-

1996 3589 2078 3653 tit,
2112 3586 2364 3642 ausculta
2403 3600 2419 3640 :
2456 3603 2475 3637 t
2524 3586 2657 3641 Dum
2706 3585 2926 3651 dicitur,
2980 3585 3158 3655 inquit
3204 3585 3268 3653 ¹⁰,
3317 3589 3445 3643 mihi
3480 3604 3578 3660 per

1992 3679 2233 3749 singulos
2262 3678 2399 3744 dies,
2432 3677 2523 3733 ubi
2564 3685 2647 3734 est
2688 3676 2830 3732 Deus
2872 3677 3037 3733 tuus?
3070 3679 3187 3734 haec
3237 3692 3573 3737 memoratus

1993 3785 2135 3836 sum,
2165 3777 2220 3824 et
2246 3767 2411 3824 elludi
2441 3768 2496 3823 in
2535 3782 2621 3822 me
2648 3769 2884 3822 animam
2932 3784 3127 3834 meam,
3181 3772 3441 3839 quoniam
3490 3774 3573 3827 in-

1992 3860 2210 3931 grediar
2233 3861 2286 3915 in
2320 3859 2496 3915 locum
2533 3856 2869 3913 tabernaculi
2914 3858 3275 3927 admirabilis,
3303 3877 3476 3933 usque
3506 3866 3575 3918 ad

1994 3952 2214 4006 domum
2263 3949 2380 4004 Dei.
2437 3969 2456 4002 ι
2498 3949 2567 4003 Ει
2614 3949 2809 4002 iterum
2854 3958 3054 4017 quarto
3108 3949 3321 4006 decimo
3370 3955 3577 4022 psalmo

1993 4041 2123 4096 dicit
2148 4042 2231 4094 "z
2269 4060 2287 4093 ί
2331 4039 2579 4102 Domine,
2627 4039 2758 4107 quis
2808 4038 3079 4095 habitabit
3129 4039 3181 4095 in
3230 4044 3577 4099 tabernaculo

1994 4134 2125 4189 tuo?
2180 4141 2271 4187 aut
2318 4134 2439 4201 quis
2497 4133 2799 4200 requiescet
2848 4134 2902 4187 in
2952 4146 3136 4190 monte
3188 4146 3379 4190 sancto
3443 4138 3575 4191 tuo?

1993 4227 2092 4292 Qui
2146 4227 2452 4294 ingreditur
2500 4224 2619 4281 sine
2678 4225 2931 4289 macula,
2986 4238 3041 4280 et
3097 4239 3355 4294 operatur
3407 4227 3573 4296 justi-

1996 4320 2149 4382 tiam,
2181 4336 2200 4369 ι
2234 4326 2344 4375 etc.
2389 4316 2529 4383 Quid
2571 4332 2704 4386 ergo
2735 4325 2817 4370 est
2878 4315 2981 4371 iste
3039 4318 3189 4372 locus
3237 4319 3574 4375 tabernaculi

1993 4408 2346 4476 admirabilis,
2397 4424 2460 4462 ex
2493 4422 2601 4477 quo
2650 4408 2972 4478 pervenitur
3022 4423 3196 4477 usque
3250 4412 3316 4466 ad
3355 4411 3574 4467 domum

262 4514 433 4595 idem
468 4496 680 4581 in'locis
709 4527 1021 4577 memorant
1051 4515 1351 4584 Scriptura:
1403 4510 1624 4579 divinae,
1652 4520 1707 4565 et
1743 4508 1885 4564 indi-
1924 4496 1969 4549 θ
2000 4507 2116 4570 Dei,
2140 4506 2296 4575 cujus
2324 4504 2450 4575 quia
2480 4518 2689 4557 memor
2716 4502 2888 4556 factus
2916 4512 3022 4570 est,
3041 4505 3211 4560 ell'usa
3241 4516 3323 4561 est
3356 4507 3405 4561 in
3458 4510 3576 4575 ipso

307 4640 439 4680 care
475 4619 723 4691 quadam
781 4613 1053 4675 videntur,
1114 4621 1347 4678 quorum
1403 4604 1489 4658 vix
1544 4618 1715 4673 capax
1767 4615 1889 4656 esse

242 4696 257 4791 ξ
310 4716 489 4788 possit
514 4714 786 4767 humanus
821 4705 1078 4767 auditus;
1107 4699 1378 4771 praecipue
1410 4708 1592 4752 tamen
1612 4694 1889 4766 apostolus

252 4802 257 4873 ἓ
307 4786 513 4863 ἰδειιιιυε
544 4803 609 4857 de
644 4798 997 4867 intelligentia
1046 4790 1375 4847 tabernaculi
1426 4790 1673 4860 quaedam
1731 4786 1889 4843 nobis

250 4908 253 4921 ’
309 4897 758 4971 proditscieatiae
796 4886 1113 4947 excelsioris
1149 4885 1377 4948 indicia,
1433 4883 1527 4937 sed
1565 4881 1749 4935 nescio
1779 4894 1888 4949 quo

250 4974 251 4977 η
310 5000 476 5065 pacto
528 4987 880 5059 fragilitatem
937 4977 1186 5035 fortassis
1262 4977 1478 5030 intuens
1545 4972 1884 5065 auditorum,

248 5108 251 5125 ι
310 5064 517 5139 claudit
550 5075 949 5150 quodammodo
981 5074 1094 5140 ipsa
1139 5083 1262 5139 qua:
1307 5066 1514 5135 pandit.
1566 5064 1705 5118 Dicit
1742 5077 1891 5116 nam-

310 5191 421 5248 que
448 5175 516 5228 ad
550 5171 807 5228 llebrmos
838 5166 1083 5222 scribens
1112 5163 1133 5193 "
1174 5178 1187 5214 :
1221 5179 1239 5211 ι
1278 5156 1712 5248 Tabernaculum
1742 5155 1886 5210 enim

247 5236 261 5309 Et
313 5236 520 5325 factum
566 5271 649 5317 est
678 5260 935 5330 primum,
974 5257 1027 5309 in
1060 5267 1168 5324 quo
1201 5258 1323 5304 erat
1372 5246 1784 5311 candelabrum,
1831 5252 1888 5298 et

319 5371 504 5413 mensa
538 5352 653 5425 (43)
684 5360 737 5406 et
777 5348 1075 5420 propositio
1127 5358 1350 5414 panum,
1401 5341 1542 5409 quod
1595 5338 1887 5392 dicebatur

381 5451 428 5482 ‘7
465 5447 661 5503 Matth.
700 5460 824 5512 xxv,
851 5443 939 5512 AI.
1017 5441 1060 5472 ⁸⁸
1079 5437 1459 5512 [ιυρνχνιηὲὅ.

1534 5435 1581 5466 ’⁸
1621 5434 1637 5487 l
1668 5432 1792 5488 Cor.
1821 5448 1898 5495 ιι,
1936 5432 2026 5488 52.

1998 4600 2176 4652 anima
2200 4595 2339 4665 ejus,
2367 4604 2422 4648 et
2450 4594 2597 4649 velut
2639 4594 2876 4665 quodam
2926 4595 3259 4652 intolerabili
3304 4599 3576 4655 desiderio

2001 4689 2270 4744 resolutus
2300 4688 2418 4742 est?
2464 4687 2610 4740 ltane
2650 4686 2867 4740 tandem
2923 4689 3254 4743 credendum
3300 4701 3405 4757 est,
3447 4692 3572 4761 quia

1998 4780 2141 4836 istud
2173 4777 2583 4834 tabernaculum
2625 4779 2768 4845 quod
2823 4793 2889 4832 ex
2947 4780 3176 4848 pellibus
3221 4792 3277 4836 et
3323 4784 3572 4847 cortinis,

1998 4887 2162 4947 atque
2220 4873 2575 4945 Operimentis
2628 4871 2858 4937 ciliciis,
2910 4873 3141 4942 aliisque
3210 4876 3403 4929 nostri.
3445 4892 3573 4932 usus

1999 4968 2240 5024 materiis
2288 4964 2597 5027 constabat,
2636 4963 2905 5031 Propheta
2955 4964 3271 5019 desiderans
3328 4964 3575 5022 eﬂ'unde-

2000 5072 2083 5116 ret
2113 5062 2372 5125 animam,
2404 5072 2469 5111 ac
2502 5064 2610 5111 tota
2644 5065 2827 5111 mente
2847 5066 3255 5111 converteretur
3277 5057 3433 5128 (ΗΠ
3480 5057 3575 5114 Vel

1999 5164 2146 5211 certe
2183 5151 2453 5223 quomodo
2472 5161 2658 5204 verum
2695 5147 2799 5201 erit
2828 5149 2893 5203 de
2920 5147 3025 5202 isto
3073 5148 3179 5202 dici
3227 5146 3577 5207 tabernaculo

1998 5245 2141 5316 quod
2176 5259 2283 5299 non
2311 5242 2519 5298 habitet
2553 5242 2606 5297 in
2651 5252 2719 5293 eo
2758 5236 2860 5292 nisi
2908 5256 2928 5291 ι
2980 5238 3244 5294 innocens
3294 5238 3569 5303 manibus,

1999 5347 2051 5392 et
2082 5335 2284 5390 mundo
2321 5335 2505 5398 corde,
2540 5335 2631 5404 qui
2661 5348 2766 5388 non
2791 5331 3072 5402 accepitin
3103 5343 3304 5383 vanum
3333 5327 3570 5381 animant

2108 5430 2253 5485 'an
2308 5446 2347 5494 ι.
2373 5428 2462 5485 21.
2540 5430 2560 5460 ¹
2591 5428 2761 5483 Exod.
2811 5443 2902 5489 vx.
2949 5426 3001 5479 6.
3105 5425 3126 5457 ³
3155 5422 3317 5494 Joan.
3342 5420 3568 5494 nv,2l.

245 5467 251 5476 ’
383 5467 423 5482 ’⁸
465 5467 661 5503 Mill").
700 5467 824 5512 XXV,
851 5467 939 5496 Ole
1019 5467 1059 5472 "
1080 5467 1207 5495 huc.
1237 5467 1346 5501 λιι,
1373 5467 1459 5491 ια).
1621 5467 1637 5487 ι
1669 5467 1792 5488 vum.
1824 5467 1890 5495 ιι,

316 5519 341 5552 ⁸
363 5521 378 5573 l
402 5520 559 5576 Joau.
603 5532 678 5581 tv,
716 5516 801 5570 18.
874 5514 894 5544 '
917 5511 1103 5566 Matth.
1137 5526 1189 5576 v,
1217 5511 1269 5563 7.
1343 5510 1363 5540 ⁶
1390 5506 1430 5562 ll
1458 5507 1581 5562 Cor.
1610 5520 1686 5569 Ill,
1717 5503 1769 5558 '5.
1833 5502 1853 5534 '

1995 5469 2055 5558 i'r.
2101 5467 2257 5568 ιχξὲζ
2279 5467 2347 5556 3'.’
2378 5467 2575 5556 “"ibid.
2591 5467 2761 5555 "is?"
2778 5467 3073 5585 g'ifiiuria.
3136 5467 3565 5557 δῖ’βέὲιῖὲῶῖὶξ

321 5589 362 5622 ’⁸
389 5590 533 5647 Psal.
568 5603 681 5655 XIV,
706 5587 757 5652 1,
783 5587 838 5638 2.

386 5682 502 5753 ηδ)
524 5681 675 5738 Alias
706 5680 909 5753 deerat,
941 5694 961 5753 ς
990 5684 1043 5729 et
1068 5687 1289 5753 mensa.-
1314 5693 1333 5725 ι

384 5744 502 5822 (i4)
529 5754 690 5811 Alias,
725 5767 741 5798 ι
780 5746 1147 5801 ell‘undcretur
1205 5744 1386 5797 animo
1436 5755 1499 5795 ac
1551 5746 1661 5794 tota
1705 5744 1883 5792 mente
1904 5745 2213 5792 corrucret.
2260 5754 2279 5788 ι

642 5844 915 5903 Parnm“
956 5840 1072 5902 Gn.
1115 5838 1253 5901 XII.

2994 5834 3063 5898 12
