4110 6462
439 342 442 344 ’
463 334 571 390 565

458 469 614 509 suam
653 456 694 486 ”
730 473 742 509 :

461 547 684 601 Iassein
718 546 1070 600 tabernaculo
1107 546 1200 600 Dei
1228 547 1545 600 sacerdotes
1587 544 1854 614 pessimos
1900 543 2041 598 ﬁlios

459 637 804 708 pestilentim,
843 647 896 691 ct
935 636 1102 706 ipsam
1136 651 1354 707 quoque
1394 652 1578 690 arcam
1628 635 1938 690 testamenti
1971 638 2040 688 ab

459 729 759 801 Allopbylis
795 736 1034 796 captam,
1064 729 1205 799 apud
1238 728 1433 797 impios
1479 737 1535 781 et
1578 725 1832 795 profanos
1869 725 2042 779 fuisse

456 827 733 880 dctentam
769 823 850 876 ‘5?
871 822 947 877 Ex
971 822 1167 892 quibus
1194 822 1450 877 omnibus
1484 829 1698 876 constat
1739 819 1900 889 longe
1932 819 2038 872 alio

453 931 618 972 sensu
669 915 994 984 Prophetam
1041 917 1245 970 sentire
1293 914 1358 968 de
1419 912 1773 967 tabernaculo
1825 912 1949 975 hoc,
1982 911 2035 964 in

453 1022 562 1075 quo
605 1007 906 1076 dicitquod
958 1021 1062 1058 non
1099 1004 1302 1058 habitet
1349 1003 1403 1056 in
1461 1015 1528 1056 eo
1571 1001 1674 1055 nisi
1725 1019 1742 1052 ι
1779 1001 2039 1055 iuuet-ens

454 1099 705 1151 manibus
725 1106 778 1151 et
802 1093 1003 1149 mundo
1033 1094 1217 1157 corde,
1254 1091 1344 1160 qui
1370 1106 1474 1146 non
1516 1089 1727 1158 accepit
1763 1089 1814 1142 in
1839 1103 2036 1142 vanum

453 1190 691 1245 animam
722 1204 872 1244 suam
900 1189 964 1252 ¹⁸,
998 1201 1096 1241 nec
1137 1184 1266 1239 fecit
1299 1185 1544 1255 proximo
1589 1199 1685 1238 suo
1736 1181 1956 1249 malum,
1985 1192 2040 1236 et

455 1281 803 1351 opprobrium
882 1293 989 1334 non
1076 1277 1288 1347 accepit
1373 1277 1641 1330 adversus
1728 1275 2035 1344 proximum

457 1387 614 1426 suum
647 1371 712 1422 ¹⁶.
741 1387 760 1420 ι
797 1367 979 1424 Talem
1016 1381 1144 1436 ergo
1173 1376 1395 1437 oportet
1431 1381 1550 1420 esse
1582 1365 1742 1435 hujus
1764 1365 2039 1419 habitato-

457 1481 570 1520 rem
601 1461 960 1525 tabernaculi,
979 1461 1124 1528 quod
1145 1459 1301 1513 ﬁnxit
1321 1459 1610 1526 Dominus,
1637 1467 1694 1513 ct
1723 1474 1826 1514 non
1852 1461 2034 1516 homo.

418 1617 420 1620 ,
456 1557 560 1612 Sed
593 1555 872 1610 veniamus
901 1553 1064 1608 etiam
1121 1554 1187 1606 ad
1219 1551 1544 1623 Evangelia,
1583 1551 1626 1605 si
1665 1552 1792 1620 quid
1825 1552 1878 1606 in
1906 1551 2036 1621 ipsis

454 1649 558 1705 dici
594 1649 659 1703 de
708 1644 1070 1701 tabernaculis
1115 1645 1444 1707 invenimus,
1494 1653 1550 1698 ιιι
1578 1659 1674 1714 per
1708 1643 2035 1699 sententiam

454 1740 664 1796 Domini
713 1738 1071 1793 indubitatum
1121 1738 1291 1807 possit
1351 1750 1473 1791 esse
1526 1735 1672 1805 quod
1718 1735 2033 1805 quaerimus.

1910 329 2230 386 ORIGENIS

790 471 806 506 ι
846 466 966 506 cum
998 450 1308 520 Regnorum
1340 453 1532 521 prodat
1557 451 1784 506 historia
1814 450 1856 481 ¹³
1881 450 2037 504 habi-
2072 452 2114 506 Α
2145 451 2435 519 pretiosos,
2466 466 2561 514 :cs,
2595 461 2705 506 tum
2735 460 2994 522 prazterea
3029 454 3270 523 byssum,
3311 467 3558 516 coccum,
3593 454 3725 524 hya-

3541 337 3726 391 ..ὗε-ί

2144 541 2410 606 cinthum,
2438 552 2491 596 ct
2522 557 2838 612 purpuram,
2871 546 3038 614 pelles
3069 548 3234 598 etiam
3255 547 3485 600 arietqu
3518 547 3727 612 rubras.

2145 640 2199 687 et
2229 633 2396 702 pelles
2452 635 2857 704 hyacinthinas,
2893 638 2988 691 sed
3043 648 3094 692 ct
3147 638 3290 708 ligna
3355 639 3726 708 imputribilin,

2144 725 2281 795 pilos
2309 741 2525 796 quoque
2555 741 2843 796 caprarum
2875 730 2940 782 ad
2977 731 3441 785 constructionem
3470 733 3726 786 taberna-

2143 819 2245 873 culi
2275 819 2488 873 olferat.
2532 819 2785 874 Mulieres
2809 834 3026 890 quoque
3049 823 3326 890 sapientes
3365 824 3418 875 in
3462 833 3580 878 arte
3611 835 3726 877 tex-

2142 910 2282 963 trina
2313 911 2685 980 requiruntur,
2716 921 2770 965 et
2797 910 2936 965 fabri
2969 912 3057 981 qui
3087 928 3276 965 aurum
3303 914 3384 967 vel
3417 921 3723 984 argentum,

2143 1003 2224 1057 vel
2274 1018 2370 1067 aes,
2419 1003 2625 1073 lapides
2665 1003 2830 1058 etiam
2883 1015 3070 1072 aptare
3131 1005 3402 1068 noverint,
3449 1020 3641 1058 aurum
3674 1017 3728 1057 et

2143 1095 2284 1164 ligna
2333 1096 2588 1149 formare.
2642 1095 2778 1148 Tum
2842 1095 3036 1151 deinde
3101 1111 3371 1151 mensura:
3433 1098 3725 1151 traduntur

2143 1188 2425 1242 atriorum.
2458 1185 2585 1252 Qum.
2611 1187 2750 1242 atria
2775 1197 2991 1242 extenta
3021 1189 3292 1251 tentoriis,
3317 1189 3586 1244 columnis
3614 1205 3729 1244 ere-

2141 1289 2249 1342 cta,
2285 1279 2423 1333 seris
2470 1277 2729 1343 stabilita,
2775 1287 2830 1333 et
2886 1279 3106 1333 funibus
3141 1280 3375 1334 distenta
3418 1281 3724 1336 ﬁrmantur.

2141 1369 2301 1423 Fiunt
2330 1378 2590 1438 przcterea
2636 1369 2884 1436 quaedam
2910 1369 3268 1425 voluminibus
3297 1371 3584 1436 distincta,
3609 1388 3730 1441 qme

2142 1462 2485 1531 appellantur
2511 1469 2718 1524 saneta,
2749 1469 2805 1514 et
2837 1460 2940 1513 alia
2976 1460 3332 1517 nihilominus
3376 1463 3615 1518 secundo
3645 1464 3730 1516 (li--

2143 1561 2345 1621 rempta
2381 1551 2667 1616 velamine,
2695 1565 2814 1620 qua:
2851 1552 3104 1606 dicuntur
3149 1551 3347 1606 Sancta
3385 1560 3726 1607 sanctorum.

2140 1641 2447 1698 Collocatur
2477 1642 2810 1696 intrinsecus
2829 1657 2962 1696 arca
2995 1645 3329 1707 testamenti,
3363 1657 3526 1710 supra
3559 1658 3726 1711 quam
3757 1645 3768 1710 ᾗ

2101 1801 2104 1804 _
2141 1734 2424 1789 cherubim
2451 1733 2691 1788 extensis
2725 1733 2849 1800 alis,
2877 1748 3044 1802 seque
3082 1733 3316 1788 invicem
3363 1735 3729 1802 eontingenti-
3764 1779 3767 1784 .

453 1834 758 1889 Invenimus
781 1847 916 1902 ergo
945 1833 1120 1902 ipsum
1153 1831 1495 1886 Salvatorem
1545 1825 1728 1882 Jesum
1758 1827 2034 1883 Christum
2075 1807 2114 1862 Β
2144 1827 2242 1880 bus
2292 1833 2626 1892 statuuntur,
2665 1826 2846 1894 ibique
2886 1841 2952 1879 ex
2999 1839 3134 1878 auro
3183 1823 3331 1878 velut
3363 1824 3509 1878 basis
3539 1823 3724 1877 tabula

453 1923 861 1980 tabernaculum
898 1939 1005 1979 non
1037 1937 1227 1986 unum,
1276 1922 1368 1976 sed
1417 1921 1571 1990 plura
1618 1930 2030 1981 memorantem,

452 2023 506 2067 et
539 2028 642 2067 non
670 2012 1011 2080 temporalia,
1044 2010 1138 2066 sed
1171 2018 1402 2074 alterna,
1433 2023 1554 2062 cum
1584 2009 1716 2063 dicit
1751 2009 1792 2039 ¹⁷
1828 2027 1842 2062 :
1882 2028 1898 2059 ι
1937 2007 2036 2062 Fa-

453 2108 563 2162 cite
590 2104 742 2160 vobis
765 2105 972 2158 amicos
999 2104 1065 2157 de
1095 2102 1280 2172 iniquo
1307 2100 1633 2162 Mammona,
1661 2109 1739 2163 ut,
1779 2114 1901 2154 cum
1943 2099 2036 2154 de-

455 2201 717 2264 feceritis,
751 2197 1019 2266 recipiant
1071 2210 1168 2249 vos
1218 2195 1270 2248 in
1328 2203 1535 2248 :eterna
1594 2193 1968 2248 tabernacula.
2011 2211 2028 2244 ι

453 2292 667 2349 Audisti
722 2290 1164 2362 pronuntiantem
1215 2287 1504 2342 Dominum
1543 2297 1745 2343 acterna
1785 2302 1905 2342 esse
1955 2295 2034 2340 ta-

456 2383 772 2449 bernacula,
820 2384 942 2438 audi
991 2396 1133 2437 nunc
1181 2390 1236 2435 et
1277 2380 1596 2449 Apostolum
1643 2381 1910 2435 dicentem
1943 2379 2031 2432 ηε

459 2496 477 2528 ι
512 2474 942 2530 Tabernaculum
970 2481 1214 2526 nostrum
1254 2470 1398 2540 quod
1435 2470 1500 2524 de
1525 2469 1663 2524 ctelo
1700 2479 1806 2537 est,
1847 2484 2036 2539 supcr-

453 2569 603 2623 indui
638 2566 938 2637 cupientes.
988 2582 1004 2614 I
1045 2563 1291 2618 Nondum
1323 2562 1417 2615 tibi
1443 2578 1509 2616 ex
1537 2561 1622 2614 his
1647 2562 1906 2615 omnibus
1932 2562 2036 2615 iter

428 2661 714 2732 'aperitur,
743 2673 851 2728 quo
877 2657 1134 2712 derelicta
1171 2664 1313 2708 terra
1360 2667 1596 2722 sequens
1650 2651 2030 2720 propheticum

450 2761 505 2805 et
530 2748 883 2820 apostolicum
915 2761 1158 2810 sensum,
1194 2754 1246 2798 et
1272 2742 1436 2814 (quod
1467 2743 1713 2796 omnium
1739 2743 2033 2797 maximum

451 2843 556 2908 est)
593 2855 833 2908 sequens
873 2838 1102 2893 verbum
1145 2834 1348 2890 Christi
1401 2843 1511 2888 tota
1573 2843 1754 2888 mente
1813 2847 1867 2888 et
1923 2843 2036 2887 toto

451 2947 612 2987 sensu
647 2929 910 2986 ascendas
949 2928 1000 2980 in
1029 2925 1253 2988 ccelum,
1300 2934 1463 2994 atque
1517 2923 1586 2977 ibi
1624 2925 1818 2977 ictcrni
1855 2924 2038 2978 taber-

455 3022 628 3077 naculi
677 3016 1143 3088 magniﬁcentiam
1197 3030 1435 3084 quaeras,
1494 3012 1652 3083 cujus
1713 3016 1882 3084 ﬁgura
1939 3030 2036 3084 per

415 3101 418 3114 ’
453 3113 670 3184 Moysen
695 3109 1052 3165 adumbratur
1089 3108 1140 3160 in
1176 3106 1375 3161 terris?
1403 3106 1646 3176 Denique
1693 3107 1774 3161 sic
1805 3107 1871 3161 ad
1907 3121 2030 3159 eum

451 3210 616 3261 etiam
665 3202 924 3259 Dominus
971 3198 1104 3252 dicit
1157 3213 1172 3251 :
1223 3216 1241 3250 ι
1292 3197 1447 3262 Vide,
1504 3199 1676 3268 inquit
1729 3199 1793 3265 η,
1850 3197 2032 3251 omnia

452 3302 617 3356 facito
644 3298 943 3355 secundum
984 3296 1233 3366 ﬁguram,
1285 3308 1409 3364 qua:
1443 3294 1538 3348 tibi
1576 3305 1795 3348 ostensa
1848 3302 1933 3347 est
1979 3291 2032 3345 in

452 3402 657 3449 monte.
708 3411 726 3444 ι
769 3391 964 3445 Verum
1008 3389 1245 3442 humana
1291 3401 1464 3450 mens,
1504 3394 1558 3439 et
1610 3393 1792 3439 nostra
1843 3385 2035 3453 przcci-

450 3502 575 3555 pne,
605 3485 697 3554 qui
729 3499 825 3538 nos
855 3480 1131 3544 minimos,
1177 3487 1264 3531 aut
1305 3479 1474 3532 etiam
1521 3477 1698 3532 nullos
1745 3476 1798 3530 in
1848 3475 2033 3529 divina

452 3576 718 3648 sapientia
745 3574 1018 3636 novimus,
1054 3570 1211 3641 163
1255 3584 1501 3636 eousque
1554 3566 1804 3621 fortassis
1857 3565 2035 3634 possit

453 3671 733 3733 accedere,
766 3677 824 3720 ιιι
854 3666 1054 3722 sentiat
1088 3665 1306 3733 quidem
1354 3662 1491 3726 haec,
1542 3675 1663 3729 quae
1708 3658 1910 3712 divinis
1943 3672 2035 3710 vo-

450 3759 746 3817 luminibus
798 3759 1146 3820 inseruntur,
1195 3769 1304 3808 non
1364 3755 1431 3808 de
1489 3751 1757 3815 terrenis,
1824 3751 1916 3806 scd
1971 3750 2036 3804 de

452 3851 771 3906 cmlcstibu-s
815 3849 948 3912 dici,
997 3856 1050 3901 et
1083 3845 1287 3900 formas
1320 3859 1444 3900 esse
1496 3858 1603 3897 non
1663 3841 2032 3912 praesentium,

453 3942 547 3998 sed
607 3941 916 3995 futurorum
968 3941 1258 4002 bonorum,
1319 3951 1426 3991 non
1484 3934 1891 4004 cerporalium,
1939 3935 2034 3987 sed

453 4033 814 4106 spiritualium
850 4047 1028 4088 rerum
1058 4050 1070 4086 :
1099 4030 1374 4103 quomodo
1403 4038 1579 4083 autem
1624 4029 1815 4081 horum
1843 4042 2037 4082 narra-

454 4129 528 4185 tio
561 4128 735 4198 aptari
765 4127 936 4196 possit
968 4124 1282 4181 coelestibus
1320 4133 1373 4176 et
1401 4120 1639 4179 aeternis.
1681 4135 1787 4174 IIcc
1837 4128 2037 4174 nostra:

454 4235 722 4275 mensurae
755 4227 836 4273 est
868 4219 1069 4282 dicere,
1102 4233 1202 4272 nec
1229 4225 1442 4279 vestra),
1470 4223 1526 4267 ut
1565 4213 1776 4281 opinor,
1823 4211 2038 4280 capaci-

454 4317 580 4368 tatis
611 4313 816 4368 audire.
846 4309 1025 4365 Pauca
1073 4319 1272 4371 tamen,
1313 4307 1358 4361 si
1403 4322 1500 4360 nos
1547 4303 1830 4358 orantibus
1883 4301 2036 4355 vobis

454 4407 713 4462 Dominus
772 4404 1082 4458 illuminare
1128 4403 1415 4471 dignetur,
1475 4413 1594 4466 qua:
1650 4397 1714 4450 ad
1782 4393 2036 4449 Ecclesiae

454 4498 866 4552 tediﬁcatioucm
909 4494 1238 4563 pertineant,
1268 4491 1481 4561 aperire
1506 4487 1855 4543 tentabimus.

525 4591 576 4645 3.
613 4587 841 4644 .lubetur
887 4602 1016 4656 ergo
1046 4586 1329 4640 universus
1364 4582 1620 4652 populus,
1657 4579 2034 4649 unusquisque

452 4696 552 4752 pro
586 4679 790 4734 viribus
817 4678 1128 4738 conferens,
1166 4676 1342 4729 facere
1367 4672 1795 4731 tabernaculum.
1818 4681 1875 4724 III
1898 4685 2034 4738 quo-

456 4772 743 4827 dammodo
777 4785 968 4826 omnes
1013 4769 1174 4823 simul
1237 4783 1400 4822 unum
1453 4768 1564 4822 sint
1599 4765 2034 4822 tabernaculum.

457 4863 686 4919 Collatio
732 4879 858 4919 vero
888 4865 1000 4934 ipsa
1058 4877 1161 4916 non
1213 4861 1270 4914 ﬁt
1309 4859 1657 4923 necessitate,
1698 4859 1788 4913 sed
1825 4872 2035 4928 sponte.

461 4955 548 5010 Ait
579 4953 720 5007 enim
756 4953 1014 5008 Dominus
1041 4954 1106 5007 ad
1139 4951 1457 5022 Moysen,ut
1481 4948 1872 5019 unusquisque,
1897 4951 2041 5005 sicut

457 5047 634 5100 visum
668 5045 830 5101 fuerit
870 5045 1024 5101 cordi
1065 5043 1205 5114 ejus,
1242 5058 1460 5109 aurum,
1492 5051 1798 5112 argentum,
1836 5043 2042 5111 lapides

531 5162 574 5192 ¹²
609 5159 751 5212 Psal.
789 5173 948 5224 XXIII,
972 5159 1026 5212 4.
1142 5159 1183 5191 ⁸³
1232 5158 1245 5211 Ι
1280 5157 1414 5226 Reg.
1447 5173 1502 5209 II.

461 5231 504 5264 ⁸⁸
537 5231 572 5284 II
599 5233 724 5286 Cor.
754 5246 806 5290 v,
839 5232 895 5282 2.
977 5231 1016 5262 ¹⁹
1044 5229 1209 5285 Exod.
1259 5228 1496 5293 “v.40.

457 5302 504 5336 “
535 5304 712 5359 Galul.
738 5317 795 5364 lt,
836 5306 889 5353 υ.

530 5394 642 5463 (45)
676 5394 840 5459 Alias,
880 5411 896 5442 ι
937 5391 1081 5446 velut
1119 5391 1273 5463 basis
1321 5390 1400 5463 eis
1434 5392 1692 5463 quaedam
1744 5391 2044 5463 collocatur

461 5459 727 5530 ac‘sedes,
781 5465 923 5535 quod
954 5462 1302 5535 appellatum
1341 5459 1444 5514 Sed
1483 5477 1611 5517 mss.
1639 5471 1698 5516 ut
1749 5462 1803 5516 in
1856 5473 2044 5517 nostro

465 5543 631 5588 textu.

534 5604 650 5670 (liti)
677 5603 852 5655 Mlare
883 5618 1100 5654 aureum
1123 5600 1338 5653 incensi.
1375 5598 1558 5652 Altare
1584 5599 1791 5670 incensi
1842 5610 1959 5652 erat
1989 5600 2042 5652 in

470 5683 678 5732 sancto,
707 5682 759 5723 ut
786 5683 930 5736 patet
963 5687 1025 5724 ex
1056 5671 1228 5724 Exod.
1264 5684 1550 5738 cap.7xxx.
1584 5669 1891 5724 VerisiInLIe
1915 5686 2046 5738 ergo

467 5750 554 5791 est
581 5743 860 5802 deceptum
886 5742 1052 5793 l'uiSse
1081 5741 1372 5808 Origcnem
1401 5737 1519 5793 loco
1556 5740 1696 5792 male
1727 5757 1754 5794 ιι
1788 5756 1846 5795 se
1887 5737 2046 5794 intel—

474 5811 613 5862 lecto
631 5811 720 5878 qui
750 5821 922 5863 castat
954 5811 1114 5863 llcbr.
1153 5827 1229 5876 Ix,
1261 5811 1314 5862 4.

1609 5156 1653 5188 ¹⁸
1688 5157 1702 5210 l
1732 5155 1860 5226 Reg.
1914 5171 1983 5209 Iv.

1575 5228 1619 5258 ⁸ο
1651 5228 1823 5282 Exod.
1854 5242 1979 5291 xxv,
2000 5227 2052 5281 8.

2137 1918 2382 1985 quaedam
2417 1915 2733 1981 collocatur,
2763 1932 2882 1985 qum
2911 1915 3214 1985 appellatur
3246 1915 3356 1985 (45)
3399 1915 3725 1984 propitiato-

2141 2011 2298 2074 rium,
2322 2009 2414 2064 sed
2449 2017 2501 2061 et
2533 2008 2705 2062 altare
2734 2022 2961 2062 aureum
2996 2008 3199 2062 incensi
3235 2007 3377 2077 (46).
3413 2008 3549 2061 Tum
3590 2021 3726 2076 prm—

2140 2109 2285 2153 terea
2316 2098 2577 2153 exteriori
2614 2097 2732 2151 loco
2755 2097 3140 2152 candelabrum
3167 2098 3387 2166 ponitur
3419 2112 3640 2151 aureum
3669 2098 3723 2149 in

2137 2197 2294 2259 parte
2346 2188 2539 2253 austri,
2573 2197 2632 2242 ut
2683 2187 2939 2257 respiciat
2986 2189 3052 2242 ad
3098 2187 3429 2257 aquilonem.
3479 2187 3533 2240 In
3577 2198 3730 2258 parte

2138 2298 2266 2338 vero
2305 2281 2579 2351 aquilonis
2611 2295 2796 2336 mensa
2831 2281 3152 2343 collocatur,
3195 2289 3249 2333 et
3291 2280 3593 2347 pmpositio
3629 2293 3724 2342 pa-

2138 2390 2264 2429 num
2287 2390 2450 2444 super
2465 2389 2607 2428 eam.
2628 2373 2846 2428 Necnon
2875 2383 2926 2426 et
2946 2371 3117 2426 altare
3143 2371 3583 2425 holocaustorum
3603 2369 3722 2439 (Π)

2130 2467 2283 2538 juxta
2317 2468 2558 2522 velamen
2620 2466 2853 2520 interius
2907 2465 3145 2534 ponitur.
3200 2463 3305 2517 Sed
3341 2461 3470 2530 quid
3514 2475 3616 2528 ego
3655 2463 3724 2516 de

2139 2562 2220 2616 his
2254 2561 2469 2614 revolvo
2503 2574 2600 2629 per
2632 2557 2880 2628 singula?
2916 2556 3012 2610 Vix
3056 2557 3120 2609 ad
3154 2556 3267 2609 hzcc
3309 2563 3516 2606 tantum
3561 2568 3724 2608 enar-

2139 2655 2302 2708 randa
2328 2651 2644 2718 sufficimus,
2685 2652 2772 2706 vix
2811 2650 2967 2705 nobis
2993 2650 3111 2719 ipsa
3141 2663 3318 2703 rerum
3354 2647 3718 2702 matcrialinm

2141 2747 2309 2804 l‘orma
2343 2747 2535 2802 adduci
2573 2755 2698 2801 ante
2725 2744 2912 2800 oculos
2941 2752 3144 2812 potest,
3182 2751 3236 2798 et
3279 2743 3557 2810 quomodo
3593 2741 3719 2808 quis

2140 2838 2358 2892 latentia
2395 2837 2448 2891 in
2491 2838 2575 2892 his
2611 2837 2862 2908 mysteria
2903 2833 3160 2904 expedire
3200 2833 3461 2888 snﬂiciet?
3495 2832 3724 2887 Verum-

2141 2938 2318 2984 tamen
2375 2945 2536 2984 causa
2571 2944 2668 2998 pro
2698 2943 2802 2997 qua
2848 2926 2964 2981 ﬁeri
3022 2925 3240 2980 deberet
3287 2924 3722 2988 tabernaculum,

2140 3025 2191 3078 in
2222 3026 2593 3094 superioribus
2630 3024 2904 3078 invenitur
2934 3025 3189 3094 praedicta
3235 3024 3450 3078 dicente
3489 3023 3723 3078 Domino

2141 3117 2206 3171 ad
2237 3114 2453 3185 Moysen
2492 3130 2505 3167 :
2535 3132 2552 3165 ι
2591 3113 2783 3168 Facies
2815 3111 2948 3183 (ιδ).
2993 3113 3170 3181 inquit
3205 3113 3274 3178 ‘°,
3306 3113 3438 3168 mihi
3475 3113 3720 3167 sanctifi-

2140 3208 2429 3272 cationem,
2463 3215 2515 3261 et
2544 3206 2667 3259 inde
2696 3203 2921 3259 videbor
2956 3204 3128 3259 vobis.
3168 3223 3186 3256 I
3224 3204 3348 3259 Vult
3379 3219 3510 3274 ergo
3559 3204 3719 3264 Deus,

2139 3311 2197 3355 ut
2260 3299 2522 3354 faciamus
2570 3299 2618 3351 ci
2684 3293 3202 3352 sauctiﬁcationcm.
3252 3296 3528 3351 Promittit
3579 3298 3723 3351 enim

2139 3392 2292 3462 quia,
2326 3391 2370 3446 si
2411 3389 2702 3445 fecerimus
2731 3389 2778 3442 ei
2819 3388 3332 3452 sanctiﬁcationem,
3360 3387 3534 3458 possit
3567 3403 3595 3440 a
3627 3396 3725 3442 no-

2140 3486 2220 3539 bis
2246 3483 2436 3538 videri.
2487 3482 2640 3538 Unde
2684 3491 2737 3538 et
2767 3483 3058 3554 Apostolus
3089 3483 3156 3538 ad
3192 3481 3449 3536 Hebraeos
3473 3481 3604 3535 dicit
3631 3483 3673 3513 ⁸³
3707 3497 3718 3531 :

2145 3597 2163 3630 ι
2214 3576 2404 3632 Pacem
2451 3576 2742 3645 sequimini
2791 3585 2845 3630 et
2887 3575 3403 3638 sanctiﬁcationcm,
3452 3573 3571 3630 sine
3613 3588 3722 3642 qua

2143 3685 2300 3724 nemo
2352 3667 2555 3723 videbit
2598 3668 2786 3722 Deum.
2827 3687 2844 3720 I
2882 3667 3008 3723 llzcc
3041 3682 3174 3736 ergo
3202 3676 3286 3723 est
3332 3667 3717 3729 sanctiﬁcatio,

2141 3776 2300 3831 quam
2332 3759 2484 3830 jubet
2535 3760 2793 3814 Dominus
2849 3761 2990 3824 ﬁeri,
3033 3777 3197 3828 quam
3241 3770 3295 3815 et
3328 3758 3622 3828 Apostolus
3670 3760 3720 3811 in

2142 3854 2444 3919 virginibus
2477 3868 2599 3908 esse
2650 3852 2760 3907 vult
2790 3857 2858 3920 ²²,
2897 3864 2956 3908 ιιι
2999 3855 3109 3910 sint
3142 3863 3344 3908 sancta:
3385 3866 3614 3923 corpore
3671 3863 3725 3904 et

2141 3945 2332 4016 spiritu
2363 3963 2376 3998 :
2413 3947 2590 3999 sciens
2626 3945 2744 3998 sine
2772 3945 2936 4000 dubio
2971 3945 3229 4014 quodqui
3261 3945 3453 3999 fecerit
3500 3945 3728 3999 Domino

2140 4037 2622 4092 sanctiﬁcationcm
2645 4052 2742 4108 per
2759 4040 2939 4093 cordis
2962 4037 3042 4093 sui
3058 4048 3112 4092 et
3137 4037 3385 4106 corporis
3408 4037 3723 4106 puritatem,

2141 4129 2256 4198 ipse
2283 4129 2484 4183 videbit
2521 4130 2708 4183 Deum.
2742 4129 3028 4186 Faciamus
3056 4138 3257 4200 ergoet
3297 4144 3396 4185 nos
3417 4130 3726 4185 sanctiﬁca-

2143 4223 2339 4276 tionem
2388 4221 2638 4288 Domino,
2689 4233 2738 4277 et
2793 4238 2981 4278 omnes
3025 4237 3212 4286 unam,
3253 4232 3306 4275 et
3352 4222 3726 4290 unusquisque

2140 4330 2236 4384 per
2266 4315 2507 4386 singulos
2529 4331 2712 4369 unam.
2739 4318 2938 4371 Omnes
2965 4316 3198 4370 fortasse
3227 4313 3722 4368 sanctiﬁcationem

2086 4451 2088 4462 ,
2143 4407 2440 4461 Ecclesiam
2481 4407 2715 4462 facimus
2755 4406 2864 4478 (49)
2918 4419 3038 4476 qtae
3077 4413 3161 4459 est
3211 4413 3420 4469 sancta,
3469 4417 3572 4456 non
3625 4403 3723 4452 ha-

2072 4483 2112 4582 b
2143 4499 2274 4555 hens
2298 4501 2563 4554 maculam
2599 4509 2690 4552 aut
2728 4513 2916 4568 rugam
2937 4497 3004 4559 ”,
3033 4497 3135 4550 hoc
3166 4495 3347 4560 modo,
3377 4493 3421 4548 si
3441 4493 3726 4547 columnas

2086 4605 2091 4645 ·,
2145 4591 2339 4645 habeat
2377 4591 2628 4647 doctores
2663 4601 2717 4644 ct
2746 4590 3026 4643 ministros
3056 4601 3209 4653 suos,
3242 4587 3309 4640 de
3353 4585 3550 4656 quibus
3591 4586 3724 4639 dicit

2090 4669 2092 4732 ί
2145 4684 2434 4752 Apostolus
2461 4686 2507 4716 "'
2536 4702 2551 4740 :

2599 4701 2618 4734 ι
2658 4683 2867 4745 Petrus,
2925 4679 3163 4736 J.Icobus
3207 4689 3264 4734 et
3305 4679 3572 4743 Joannes,
3634 4679 3725 4746 qni

2145 4774 2474 4828 videbantur
2499 4773 2766 4829 columna:
2795 4785 2938 4838 esse,
2971 4771 3192 4826 dextras
3223 4771 3490 4825 dederunt
3519 4769 3649 4824 mihi
3674 4781 3728 4825 et

2147 4867 2409 4922 llarnabac
2452 4868 2755 4922 societatis.
2779 4885 2795 4918 ι
2835 4865 2888 4920 In
2938 4865 3290 4921 tabernaculo
3321 4880 3454 4934 ergo
3479 4867 3605 4930 hoc,
3637 4881 3726 4918 co-

2146 4956 2347 5012 lumna:
2379 4959 2517 5012 seris
2554 4958 2857 5027 interjectis
2880 4957 3206 5028 junguntur,
3237 4959 3364 5013 dum
3405 4959 3456 5012 in
3486 4957 3724 5013 Ecclesia

2147 5047 2396 5102 doctores
2431 5047 2573 5103 datis
2599 5047 2702 5102 sibi
2739 5047 2949 5103 dextris
2995 5047 3296 5103 sociantur.
3328 5046 3434 5101 Sed
3464 5045 3724 5101 columnis

2744 5163 2785 5193 ¹⁶
2817 5160 2958 5214 Psal.
2999 5175 3112 5221 xIv,
3147 5162 3200 5215 5.

2698 5233 2742 5263 ³³
2767 5233 2780 5286 |
2805 5233 2928 5287 Cor.
2960 5231 3166 5295 vII,54.

3281 5160 3320 5190 ¹⁷
3353 5159 3486 5214 Luc.
3515 5174 3627 5218 va,
3670 5158 3724 5212 9.

3245 5232 3291 5263 ”
3324 5231 3521 5300 Ephes.
3556 5245 3606 5292 v,
3631 5227 3726 5280 ‘27.

2113 5161 2153 5192 ³⁵
2180 5159 2323 5227 Psal.
2382 5176 2536 5224 XXIII,
2584 5160 2640 5218 4.

2131 5233 2172 5262 ²¹
2209 5231 2372 5288 llebr.
2401 5247 2498 5295 xu,
2533 5232 2620 5286 Η.

2216 5395 2328 5464 (47)
2365 5394 2550 5448 Altare
2589 5393 3032 5448 holocaustorum
3077 5406 3143 5447 eo
3175 5391 3293 5448 loco
3327 5391 3500 5462 ponit,
3541 5391 3631 5443 ubi
3659 5388 3728 5464 al-

2148 5462 2260 5518 tare
2289 5462 2405 5518 erat
2431 5467 2500 5517 ἱιιι
2521 5466 2825 5533 cnsi,atqni
2851 5475 2970 5518 erat
3000 5465 3051 5517 iu
3084 5464 3224 5519 atrio
3251 5464 3594 5518 sacerdotum
3627 5462 3727 5512 sub

2145 5537 2252 5589 dio.
2284 5535 2447 5590 llebr.
2476 5551 2595 5599 Xlll,
2630 5536 2712 5587 11.

2217 5605 2330 5672 (48)
2357 5606 2522 5666 Alias,
2563 5623 2580 5656 ι
2625 5604 2854 5658 facietis.
2888 5622 2906 5654 ι

2217 5668 2528 5748 (ι9)νΑΙί;ιδ,
2573 5692 2593 5748 ι
2637 5683 2821 5736 unam,
2866 5683 2930 5748 ιιι
2989 5687 3179 5748 omnes
3235 5668 3724 5724 sanctiﬁcationem

2147 5741 2447 5801 Ecclesium
2495 5745 2778 5802 faciamus.
2818 5763 2836 5796 ι
2865 5741 2988 5800 Mss.
3025 5754 3083 5798 ut
3117 5741 3168 5796 in
3196 5751 3383 5796 nostro
3424 5749 3597 5795 textu.
