4110 6462
377 335 483 393 5(ῑό

1581 340 1644 395 IN
1690 339 1973 397 EXODUM
2009 341 2293 399 HOMILIA
2335 347 2423 402 IK.

3529 363 3633 417 506

375 452 494 505 istae
533 451 885 522 inargcntatae
919 454 1045 522 sint,
1081 464 1132 510 et
1166 457 1322 512 bases
1351 471 1537 513 carum
1577 462 1943 532 inargentatae.
1978 464 2021 520 Α
2054 461 2319 521 ricordiae.
2354 465 2459 519 Sed
2513 475 2565 520 et
2599 469 2699 522 alia
2744 470 3098 526 nihilominus
3146 474 3440 543 Apostolus
3476 476 3633 532 indu-

377 542 524 596 Dinae
543 555 724 597 autem
746 545 900 599 bases
920 547 1179 601 columnis
1218 548 1441 619 singulis
1468 551 1807 619 deputentur.
1832 553 1949 608 Una

370 648 497 703 quas
530 644 691 703 caput
735 635 955 702 dicitur,
991 645 1043 691 et
1073 643 1492 709 superponitur;
1530 642 1634 696 alia
1666 659 1785 712 quae
1819 658 1950 700 vere

330 790 333 793 λ
368 726 519 785 basis
552 729 872 797 appellatur,
901 742 955 787 et
1009 733 1275 789 columna:
1322 735 1465 790 velut
1533 734 1944 791 fundamentum

369 821 679 888 subjicitur.
713 820 1073 894 lnargentatae
1112 841 1239 895 ergo
1261 836 1389 883 sunt
1420 828 1685 884 columna:
1719 829 1947 894 idcirco,

322 900 327 969 ξ
365 917 496 983 quia
531 916 754 968 verbum
789 916 881 971 Dei
908 919 1222 987 praedicant,
1254 918 1530 988 accipiunt
1565 936 1660 988 per
1695 921 1945 989 spiritum

326 1000 341 1061 ἓν
370 1026 391 1062 ι
418 1009 631 1077 eloquia
651 1009 884 1072 Domini,
915 1026 1034 1079 qua:
1054 1020 1179 1065 sunt
1203 1012 1416 1081 eloquia
1447 1023 1620 1076 casta,
1656 1023 1947 1082 argentum

314 1158 317 1177 1
368 1101 492 1170 igne
529 1102 825 1169 probatum
876 1105 942 1157 ²³.
981 1123 999 1157 ι
1031 1103 1119 1159 lsti
1158 1113 1336 1162 autem
1384 1106 1789 1174 praedicationis
1837 1121 1948 1161 suae

314 1184 315 1193 “
365 1201 525 1255 bases
558 1200 762 1255 habent
790 1201 1100 1270 prophetas.
1133 1202 1309 1271 Super
1338 1202 1748 1256 fundamentum
1800 1203 1944 1257 enim

312 1300 313 1305 ‘
362 1293 730 1363 apostolorum
749 1302 802 1346 et
818 1294 1200 1361 prophetarum
1220 1294 1513 1349 Ecclesium
1530 1294 1791 1349 collocant
1805 1293 1939 1365 (50),

361 1403 593 1457 quorum
657 1387 982 1442 testimoniis
1030 1395 1265 1453 utentes,
1302 1386 1460 1441 ﬁdem
1504 1385 1705 1441 Christi
1745 1386 1943 1441 conﬁr-

362 1490 534 1534 mant.
566 1480 741 1548 Caput
773 1488 949 1532 autem
980 1478 1357 1533 columnarum
1395 1488 1477 1533 est
1507 1478 1615 1541 ille,
1645 1487 1704 1530 ut
1727 1479 1940 1546 opinor,

362 1575 429 1629 de
457 1588 565 1643 quo
592 1574 721 1627 dicit
762 1574 1073 1643 Apostolus,
1119 1574 1244 1642 quia
1291 1592 1310 1625 ι
1347 1582 1509 1643 caput
1548 1572 1650 1626 viri
1692 1570 1943 1626 Christus

282 1700 289 1705 -
358 1678 441 1721 est
465 1667 534 1718 “.
576 1684 595 1716 ι
631 1666 793 1720 Seras
816 1680 945 1720 vero
977 1666 1374 1726 columnarum,
1402 1664 1683 1718 societatis
1717 1674 1939 1730 aposto-

361 1756 475 1811 lica:
506 1757 661 1811 datas
690 1757 793 1811 sibi
841 1758 1070 1811 invicem
1104 1757 1327 1811 dextras
1351 1755 1460 1825 jam
1493 1755 1750 1809 diximus.
1794 1752 1936 1808 Ten-

2054 562 2230 606 mcnta
2290 555 2549 610 nobiliora
2607 559 2869 629 designat,
2910 576 3031 617 cum
3060 564 3190 617 dicit
3223 565 3267 596 ¹⁹
3301 582 3314 619 :
3368 584 3387 618 ι
3422 566 3632 622 luduite

2052 658 2148 698 vos
2180 644 2461 700 Dutninttm
2492 646 2674 704 Jcsum
2707 651 3006 719 Christum,
3042 666 3095 709 et
3125 657 3305 711 carnis
3346 672 3531 712 curam
3566 676 3633 713 tte

2053 735 2295 792 feceritis
2335 742 2400 792 ad
2432 744 2919 811 eoncupisccntias.
2954 766 2973 797 ι
3010 747 3112 803 Ista
3149 760 3278 806 sunt
3317 766 3445 823 ergo
3470 752 3632 808 indu-

2052 842 2253 895 menta,
2277 832 2472 901 quibus
2502 846 2727 890 ornatur
2765 838 3028 893 EthICSill.

2120 922 2173 975 4.
2215 923 2399 980 Potest
2445 936 2624 981 autem
2655 938 2710 982 et
2756 931 3133 1001 unusquisque
3182 943 3424 989 nostrum
3462 937 3629 992 etiam

2053 1012 2103 1065 in
2162 1015 2456 1085 semetipso
2519 1019 2852 1075 constituere
2902 1024 3318 1080 tabernaculum
3377 1027 3512 1083 Deo.
3569 1029 3629 1084 Si

2047 1105 2214 1169 enim,
2244 1114 2304 1160 ut
2336 1107 2553 1175 quidam
2607 1119 2737 1167 ante
2794 1127 2889 1168 nos
2939 1129 3158 1184 quoque
3209 1116 3462 1172 dixerunt
3494 1118 3629 1190 (53),

1992 1190 2004 1199 ’
2052 1195 2461 1254 tabernaculum
2482 1201 2587 1256 hoc
2617 1202 2780 1256 totius
2809 1205 2992 1259 mundi
3020 1216 3164 1261 tenet
3187 1207 3437 1278 ﬁguram,
3476 1226 3631 1267 mutt-

2048 1286 2098 1339 di
2136 1297 2317 1343 autem
2367 1292 2528 1346 etiam
2578 1294 2773 1365 singuli
2818 1296 3019 1366 quique
3073 1299 3276 1354 habere
3332 1301 3622 1371 imaginem

2049 1391 2291 1447 possunt,
2320 1396 2419 1437 cur
2451 1398 2558 1438 non
2592 1394 2645 1439 et
2684 1389 3013 1443 tabernaculi
3044 1392 3418 1462 unusquisque
3450 1395 3501 1448 in
3539 1410 3628 1450 se-

2050 1468 2274 1536 metipso
2308 1469 2535 1525 formam
2560 1475 2729 1541 possit
2767 1477 3018 1545 explere?
3047 1479 3153 1533 llas
3182 1494 3312 1551 ergo
3344 1481 3503 1536 debet
3530 1498 3629 1537 co~

2049 1556 2264 1612 lumnas
2290 1561 2392 1614 sibi
2436 1572 2625 1630 aptare
2653 1565 2935 1632 virtutum,
2987 1568 3270 1626 columnas
3312 1585 3626 1641 argenteas,

2050 1649 2099 1702 id
2142 1658 2225 1704 est
2260 1652 2574 1720 patientiam
2625 1658 3029 1716 rationabilem.
3088 1661 3271 1718 Potest
3321 1665 3465 1719 enim
3508 1682 3628 1722 esse

2047 1741 2263 1808 quidem
2289 1744 2338 1796 itt
2368 1744 2603 1812 homine,
2640 1763 2761 1817 qua:
2787 1751 3033 1806 videatur
3065 1755 3345 1824 patientia,
3377 1760 3471 1812 sed
3508 1776 3629 1828 qua:

367 1852 498 1903 toria
542 1865 664 1919 quin
711 1850 913 1903 ansulis
949 1859 1153 1916 assuta,
1192 1858 1249 1905 et
1294 1849 1515 1905 circulis
1545 1862 1832 1915 suspensa,
1860 1855 1940 1901 at-
1976 1812 2018 1871 Β
2050 1834 2391 1892 ralionabilis
2440 1854 2543 1893 non
2575 1841 2665 1895 sil.
2726 1842 2856 1896 Nam
2891 1853 2945 1898 et
2993 1846 3084 1915 qui
3130 1863 3234 1902 non
3268 1852 3434 1904 scatit
3481 1854 3613 1922 inju.

370 1957 469 2009 que
493 1942 679 1995 innexa
720 1940 956 2004 funibus,
987 1941 1051 1994 ad
1091 1940 1306 1995 modum
1353 1939 1691 1994 cortinarunt
1745 1936 1939 2002 viginti

368 2044 418 2086 et
443 2043 562 2086 octo
593 2034 644 2086 in
690 2031 929 2102 longum,
974 2032 1212 2101 atquein
1249 2031 1417 2083 latum
1473 2038 1710 2099 quatuor
1738 2027 1940 2082 cubitis

361 2125 756 2186 distenduntur,
811 2124 1076 2178 habeatur
1123 2123 1333 2192 reliqua
1380 2121 1723 2177 credentium
1762 2120 1936 2189 plebs,

300 2236 311 2283 ς
356 2230 472 2283 qua:
502 2216 671 2270 lueret
706 2222 760 2268 et
790 2216 986 2282 pendet
1031 2216 1084 2269 in
1131 2213 1348 2269 funibus
1400 2212 1548 2268 ﬁdei.
1584 2212 1753 2269 Funis
1790 2214 1937 2267 enim

295 2272 305 2333 Ῑ
356 2272 546 2373 triplex
594 2318 700 2358 non
736 2272 1026 2373 rumpitur,
1057 2318 1177 2375 quae
1224 2314 1308 2359 est
1336 2302 1619 2357 Trinitatis
1657 2302 1810 2365 lides,
1867 2318 1934 2356 ex

349 2409 453 2462 qua
489 2394 775 2464 dependet,
829 2404 883 2448 et
934 2409 1029 2462 per
1076 2409 1238 2464 quam
1270 2394 1575 2450 sustinetur
1616 2393 1795 2447 omnis
1832 2391 1936 2446 Ec-

348 2484 773 2556 clesia.LVigiuti
811 2495 993 2540 autem
1041 2495 1096 2541 et
1153 2496 1277 2542 octo
1318 2486 1649 2545 cubitorum,
1695 2493 1828 2552 quot
1879 2484 1932 2537 in

346 2576 563 2643 longum
593 2578 936 2642 distenditur,
968 2578 1098 2631 etin
1136 2578 1301 2632 latum
1328 2586 1588 2647 quatuor,
1617 2576 1743 2629 atrii
1772 2577 1934 2632 unius

264 2684 629 2743 “mensura,
658 2680 788 2738 puto
820 2670 962 2739 quod
996 2671 1198 2725 inserta
1232 2670 1316 2723 lex
1349 2668 1658 2741 Evangeliis
1682 2668 1932 2739 designe-

266 2768 271 2789 κ
304 2744 322 2833 ίῙ
345 2770 455 2814 tur.
487 2760 837 2828 Septenarius
860 2776 1093 2831 namque
1115 2775 1376 2815 numerus
1406 2761 1578 2831 legem
1620 2760 1931 2831 signiﬁcare

341 2850 508 2914 solet,
535 2866 636 2922 pro
662 2852 846 2908 multis
882 2853 1178 2922 septenarii
1214 2854 1425 2907 numeri
1460 2852 1573 2923 (5i)
1616 2867 1929 2908 sacramen-

342 2943 435 2994 tis.
464 2940 520 2996 Si
552 2944 903 2998 consociatur
924 2945 988 2995 ad
1024 2952 1285 3012 quatuor,
1317 2951 1512 3012 quater
1546 2952 1757 3012 septem
1795 2958 1929 2997 con-

340 3043 636 3103 scquenler
664 3035 851 3104 viginti
881 3043 937 3087 et
981 3042 1104 3090 octo
1155 3047 1438 3086 numerum
1465 3032 1695 3088 faciunt.
1728 3031 1926 3087 Decem

338 3137 474 3178 vero
501 3125 614 3178 haec
652 3124 791 3177 atria
840 3123 998 3187 ﬁunt,
1035 3132 1094 3176 ut
1120 3123 1389 3189 integrum
1431 3121 1780 3188 perfectionis
1827 3137 1927 3175 nu-
1950 3162 1995 3219 ο

336 3230 552 3268 merum
586 3223 825 3276 teneant,
861 3223 914 3267 et
942 3214 1073 3282 legis
1100 3212 1423 3283 Decalogum
1475 3212 1637 3285 ι,θᾷ
1680 3213 1920 3285 signent.

335 3302 461 3359 Jam
502 3320 631 3359 vero
678 3304 849 3368 cocci,
884 3314 938 3358 ct
979 3303 1275 3372 hyacinthi,
1335 3304 1508 3372 byssi,
1558 3319 1621 3358 ac
1669 3317 1924 3373 purpura:

337 3396 542 3462 specie,
596 3394 760 3449 multa
822 3410 887 3449 ac
941 3396 1154 3450 diversa
1180 3410 1346 3465 upera
1389 3395 1752 3465 explicantur.
1789 3396 1921 3452 Inde

340 3488 594 3549 tentoria,
631 3488 755 3542 inde
779 3488 954 3543 velum
987 3489 1232 3544 exterius
1256 3498 1311 3542 et
1354 3490 1605 3555 interius,
1648 3489 1771 3545 inde
1806 3499 1917 3545 tota

333 3578 688 3633 sacerdotalis
717 3592 770 3634 et
802 3581 1132 3649 pontiﬁcalis
1178 3582 1369 3644 vestis,
1414 3595 1551 3635 auro
1600 3590 1655 3636 et
1691 3583 1920 3651 gemmis

332 3670 625 3738 expeditur
658 3671 945 3739 adjttnctis.
990 3673 1093 3727 Sed
1119 3687 1186 3727 ne
1207 3673 1408 3727 diutius
1442 3688 1539 3744 per
1573 3674 1916 3744 singularum

279 3778 291 3837 ε’
331 3764 683 3818 demeremur
718 3767 928 3836 species
977 3768 1261 3831 virtutum,
1327 3783 1619 3837 possumus
1674 3769 1916 3824 breviter

276 3856 281 3929 ξ
333 3856 544 3917 dicere,
605 3856 691 3910 illa
741 3856 1038 3927 signiﬁcari
1084 3872 1183 3927 per
1236 3859 1350 3913 haec
1395 3860 1595 3929 quibus
1624 3871 1915 3916 ornaretur

333 3946 573 4002 Ecclesia
604 3948 739 4020 (52).
766 3948 929 4005 Fides
949 3950 1065 4017 ejus
1092 3965 1226 4004 auro
1248 3950 1482 4005 conferri
1508 3962 1706 4021 potest,
1734 3968 1916 4007 sermo

330 4041 733 4109 praedicationis
764 4042 880 4110 ejus
910 4051 1171 4111 argento;
1208 4043 1478 4111 lapidibus
1510 4046 1783 4113 pretiosis,
1840 4062 1914 4101 tes

328 4133 640 4200 patientiae,
696 4133 855 4203 lignis
895 4133 1322 4203 imputribilibus
1368 4136 1620 4199 scientia,
1662 4152 1781 4205 quae
1819 4152 1915 4205 per

326 4223 537 4295 lignum
567 4226 733 4291 venit,
783 4236 875 4280 aut
908 4226 1245 4292 incorruptio
1289 4225 1581 4293 castitatis,
1623 4243 1743 4298 qua;
1777 4244 1913 4281 nun-

325 4332 492 4385 quam
520 4320 848 4385 veterascit;
879 4320 1040 4387 bysso
1071 4318 1393 4387 virginitas;
1427 4334 1594 4373 cocco
1621 4319 1913 4373 confessio-

324 4412 417 4463 nis
454 4411 655 4479 gloria;
711 4426 962 4480 purpura:
1013 4410 1299 4465 charitatis
1349 4410 1556 4479 fulgor;
1610 4411 1908 4481 hyacintho

2048 1928 2281 1994 riam,et
2308 1941 2595 1999 propterea
2629 1949 2732 1987 non
2775 1936 2969 2003 reddit,
3010 1939 3224 2006 patiens
3261 1940 3495 2006 videtur,
3531 1946 3624 1997 sed

2047 2033 2150 2071 non
2188 2029 2271 2073 est
2304 2022 2644 2077 rationabilis
2692 2024 2792 2078 ista
2847 2028 3131 2095 patientia.
3162 2028 3268 2085 Iste
3298 2045 3427 2101 ergo
3462 2033 3625 2088 habet

2042 2110 2259 2179 quidem
2291 2112 2595 2178 columnas,
2633 2114 2725 2169 sed
2760 2132 2866 2170 non
2893 2127 3018 2172 sunt
3050 2130 3323 2191 argentea:
3351 2123 3483 2193 (Si).
3518 2126 3619 2192 Qui

2042 2215 2171 2255 vero
2204 2212 2425 2273 propter
2476 2204 2701 2259 verbum
2757 2206 2845 2261 Dei
2882 2209 3108 2278 patitur,
3144 2220 3196 2265 et
3236 2210 3452 2268 fortiter
3493 2216 3619 2276 fert,

2043 2292 2143 2344 iste
2172 2291 2438 2348 columnis
2488 2296 2760 2363 argenteis
2816 2298 3105 2353 decoratus
3156 2310 3239 2354 est
3270 2310 3325 2354 et
3356 2303 3619 2358 munitus.

2041 2386 2223 2442 Potest
2254 2386 2305 2441 in
2336 2401 2395 2441 se
2418 2396 2473 2442 et
2500 2389 2632 2442 atria
2658 2389 2988 2454 distendere,
3028 2407 3149 2445 cum
3190 2393 3503 2449 dilataverit
3526 2413 3620 2450 cor

2040 2489 2198 2529 suum
2233 2477 2530 2532 secundum
2572 2478 2813 2547 Apostoli
2857 2495 3046 2535 vocem
3078 2482 3307 2538 dicentis
3341 2486 3405 2539 ad
3435 2487 3621 2540 Coriu-

2041 2567 2182 2624 thios
2210 2567 2255 2599 ³⁸
2287 2584 2302 2624 :
2338 2586 2357 2620 ‹
2393 2567 2701 2622 Dilatantiui
2748 2579 2802 2624 et
2848 2584 2966 2625 vos.
3017 2592 3035 2623 ι
3072 2571 3258 2628 Potest
3304 2589 3363 2628 se
3400 2586 3452 2629 et
3481 2580 3619 2631 seris

2037 2661 2272 2725 munire,
2298 2675 2418 2716 cum
2461 2674 2520 2715 se
2550 2662 2909 2717 unanimitate
2942 2662 3250 2719 dilectionis
3277 2668 3614 2722 astrinxerit.
3656 2738 3659 2741 Ἴ

2034 2753 2218 2811 Potest
2248 2768 2409 2824 super
2438 2766 2728 2826 argenteas
2763 2757 2927 2813 bases
2962 2766 3131 2824 stare,
3166 2776 3289 2816 cum
3319 2778 3484 2833 super
3511 2775 3619 2820 sta-

2033 2847 2298 2902 bilitatem
2346 2847 2497 2901 verbi
2529 2848 2649 2913 Dei,
2685 2850 2835 2904 verbi
2885 2852 3186 2920 prophetici
3231 2862 3285 2909 et
3328 2857 3617 2926 apostolici

2032 2938 2352 2994 collocatur.
2412 2937 2597 2995 Potest
2626 2940 2829 2997 habere
2892 2942 2944 2995 in
2999 2942 3246 2999 columna
3298 2945 3617 3004 deauratum

2032 3042 2217 3099 caput,
2244 3031 2290 3085 si
2330 3040 2492 3100 caput
2517 3047 2744 3088 aureum
2770 3033 2839 3086 sit
2873 3034 2920 3088 ei
2946 3034 3078 3090 ﬁdes
3109 3036 3331 3092 Christi.
3363 3057 3383 3091 ι
3426 3038 3616 3098 Omnis
3654 3028 3655 3037 ‘

2030 3137 2262 3190 namque
2290 3123 2388 3176 viri
2422 3132 2602 3192 caput,
2653 3126 2902 3181 Christus
2948 3138 3032 3183 est
3076 3130 3142 3185 ³ί.
3178 3150 3196 3181 ι
3234 3130 3427 3186 Decem
3481 3149 3614 3190 vero

2030 3211 2169 3266 atria
2219 3221 2395 3280 potest
2436 3214 2491 3268 in
2533 3214 2825 3282 semetipso
2857 3216 3189 3283 distendere,
3226 3235 3348 3275 cum
3393 3239 3499 3277 non
3556 3226 3610 3280 iu

2032 3318 2138 3358 uno
2187 3312 2395 3357 tantum
2443 3303 2612 3361 verbo
2656 3306 2788 3375 legis
2830 3306 3109 3375 dilatatur,
3149 3325 3327 3380 neque
3375 3312 3609 3380 duobus,

2032 3403 2126 3449 aut
2162 3393 2361 3463 tribus,
2391 3396 2487 3451 sed
2526 3397 2579 3452 in
2608 3406 2722 3453 toto
2754 3398 3018 3468 Decalogo
3059 3402 3189 3473 legis
3232 3405 3493 3474 spiritalis
3522 3408 3606 3462 in-

2032 3488 2351 3559 telligentiae
2402 3490 2634 3546 dilatare
2670 3493 3077 3561 amplitudinem
3121 3506 3315 3565 potest,
3345 3508 3437 3554 aut
3485 3516 3607 3556 cum

2033 3578 2266 3634 fructum
2298 3582 2546 3650 spiritus,
2573 3584 2853 3653 gaudium,
2886 3600 3097 3655 pacem,
3142 3591 3482 3658 patientiam,
3515 3595 3610 3647 be-

2027 3671 2368 3741 nignitatem,
2402 3674 2746 3743 modestiam,
2780 3677 2966 3745 ﬁdem,
3009 3682 3432 3748 continentiam,
3458 3687 3606 3752 adje-

2025 3770 2134 3827 cta,
2168 3777 2288 3829 quae
2312 3772 2395 3816 est
2416 3773 2589 3820 mater
2616 3766 2881 3831 omnium,
2914 3769 3203 3834 charitate,
3237 3774 3605 3842 protulerit".

2025 3853 2233 3908 Habeat
2285 3853 2458 3909 adhuc
2504 3855 2555 3907 in
2603 3870 2662 3911 se
2715 3857 2894 3911 anima
2944 3859 3066 3924 ista,
3106 3875 3226 3929 qua:
3265 3877 3370 3917 non
3399 3864 3609 3920 dederit

2024 3959 2278 4001 somnum
2314 3946 2488 4002 oculis
2513 3947 2649 4013 suis,
2682 3964 2783 4003 nec
2813 3948 3087 4019 palpebris
3114 3953 3226 4007 suis
3253 3954 3604 4017 dormitatio-

2023 4053 2169 4102 nem,
2198 4053 2300 4093 nec
2329 4041 2571 4107 requiem
2608 4042 2939 4109 temporibus
2969 4044 3106 4105 suis,
3143 4050 3316 4100 donec
3363 4049 3603 4103 inveniat

2022 4127 2199 4183 locum
2232 4127 2479 4194 Domino,
2539 4131 2945 4185 tabernaculum
3005 4132 3113 4187 Deo
3159 4133 3328 4189 Jacob
3372 4138 3454 4205 ³³;
3497 4141 3595 4192 ha-

2019 4218 2164 4280 beat,
2204 4219 2445 4286 inquam,
2490 4220 2542 4272 in
2572 4234 2632 4274 se
2664 4220 2898 4274 defixum
2929 4232 2981 4276 et
3017 4224 3211 4291 altare,
3252 4228 3303 4279 in
3333 4244 3439 4297 quo
3467 4245 3594 4283 ora.
3650 4220 3653 4221 ⁷

2024 4308 2227 4362 tionum
2287 4309 2493 4363 hostias
2543 4319 2599 4363 et
2655 4310 3044 4366 misericordire
3100 4316 3347 4372 victimas
3404 4318 3599 4372 offerat

2019 4401 2162 4465 Deo;
2213 4402 2262 4455 in
2313 4417 2421 4471 quo
2472 4402 2822 4456 continentia:
2857 4405 3031 4458 cultro
3079 4406 3387 4475 superbiam
3436 4413 3591 4479 quasi

324 4517 457 4570 apes
486 4504 637 4572 regni
667 4503 953 4557 caelorum.
990 4502 1109 4558 Ista:
1135 4502 1243 4555 sint
1281 4502 1501 4555 interim
1542 4505 1805 4563 materiae.
1839 4520 1906 4559 ex
1946 4514 1985 4566 D
2021 4502 2227 4547 laurum
2260 4494 2523 4557 immOlc‘v
2554 4496 2891 4549 iracundiam
2918 4499 3069 4565 ‘1"35i
3099 4499 3323 4553 πίειρα]
3351 4499 3589 4572 iugulus

321 4594 526 4663 quibus
560 4610 719 4647 omne
759 4593 1167 4648 tabernaculum
1204 4602 1574 4656 construatur,
1611 4595 1906 4650 induantur

321 4686 658 4748 sacerdotes,
683 4696 904 4741 ornetur
940 4697 992 4742 et
1023 4684 1287 4755 pontifex.
1320 4683 1559 4750 Quorum
1590 4685 1903 4740 indumenta

322 4792 449 4847 quzc
485 4780 612 4842 sint,
642 4780 724 4831 vel
758 4778 960 4846 qualia,
1021 4778 1072 4831 in
1112 4778 1216 4830 alio
1259 4776 1377 4831 loco
1421 4778 1737 4845 pronuntiat
1765 4778 1901 4830 Pro-

323 4873 515 4941 pheta,
554 4883 608 4925 ct
631 4871 762 4924 dicit
790 4872 833 4902 ’τ
862 4888 875 4925 :
911 4888 929 4921 ι
969 4869 1291 4925 Sacerdotes
1320 4868 1395 4922 tui
1426 4869 1720 4923 induantur
1743 4868 1902 4937 justi-

322 4965 479 5019 tiam.
510 4983 530 5016 ι
587 4964 725 5017 Sunt
766 4978 894 5032 ergo
926 4962 1104 5015 omnia
1142 4962 1243 5014 ista
1297 4959 1611 5013 indumenta
1654 4959 1897 5028 justitiae.

320 5055 391 5111 Et
422 5056 614 5109 iterum
656 5053 855 5108 Paulus
897 5053 1170 5123 apostolus
1207 5050 1338 5105 dicit
1362 5049 1408 5083 ³³
1445 5068 1458 5104 :
1510 5067 1529 5100 ι
1569 5050 1779 5104 lnduite
1807 5060 1901 5104 vos

320 5150 535 5203 viscera
562 5146 966 5201 misericordize.
1006 5163 1024 5197 ι
1062 5145 1198 5199 Sunt
1230 5157 1361 5213 ergo
1386 5142 1701 5196 indumenta
1739 5143 1901 5197 ntise—

393 5296 443 5329 "
479 5293 623 5348 Psal.
662 5308 736 5355 st,
762 5292 813 5347 '7.
890 5290 935 5324 “
971 5288 1010 5341 ιι
1046 5289 1173 5343 Cor.
1219 5304 1291 5347 XI,
1327 5287 1382 5340 5.

324 5366 526 5432 V515.
596 5364 640 5394 ³¹
673 5361 692 5415 l
720 5362 845 5418 Cor.
874 5377 949 5427 vt,
982 5362 1036 5415 5.
1115 5359 1159 5389 ³⁵
1189 5358 1308 5413 Cal.
1344 5372 1394 5418 v,
1430 5355 1520 5408 2:2.

393 5483 509 5555 (50)
538 5480 828 5555 Ecclesium
850 5481 1128 5534 collocant.
1155 5479 1248 5534 Sic
1271 5493 1404 5533 mss.
1434 5476 1584 5532 Alias
1617 5491 1746 5531 vero
1774 5476 1905 5531 sim-

325 5554 636 5629 pliCiter,__t
680 5554 1033 5629 collocantur.
1078 5569 1094 5599 ι
1257 5618 1268 5629 _

396 5625 511 5691 (ιιι)
545 5624 715 5688 Alias,
753 5641 771 5673 σ
817 5621 1030 5686 septimi
1063 5621 1293 5691 numeri.
1336 5635 1354 5669 ι

541 5685 834 5749 Oruaretur
875 5685 1127 5746 Ecclesia.
1174 5688 1324 5753 Mss.,
1357 5706 1374 5739 ι
1407 5687 1747 5759 signiﬁcatur
1796 5685 1898 5741 Ec-

325 5765 509 5822 cli-sia.
553 5784 572 5817 1

1462 5287 1503 5317 ’τ
1538 5284 1680 5338 Psal.
1727 5300 1933 5346 cnxn,
1967 5288 2022 5342 9.

1600 5355 1643 5385 ⁸³
1684 5356 1822 5409 I’sal.
1858 5372 2042 5422 eam,
2072 5358 2122 5422 Ιι,
2154 5357 2210 5412 5.

2017 4586 2288 4639 luxuriam
2331 4600 2659 4656 omnemque
2718 4586 2996 4641 libidinem
3026 4597 3283 4658 tanquam
3332 4591 3513 4645 hircos
3539 4603 3595 4647 et

2017 4679 2200 4735 haedos
2235 4678 2371 4731 litet.
2406 4678 2555 4731 Sciat
2598 4689 2773 4732 tamen
2806 4695 2871 4733 ex
2912 4681 2996 4733 his
3019 4680 3184 4734 etiam
3214 4681 3592 4736 sacerdotibus

2013 4787 2267 4842 separare
2321 4775 2568 4826 dextrum
2628 4772 2937 4835 brachium,
2993 4784 3048 4826 et
3106 4773 3593 4841 pectuscultun,ct

2014 4864 2283 4927 maxillas,
2327 4864 2377 4919 id
2406 4872 2485 4916 est
2520 4878 2685 4932 Opera
2719 4864 2857 4916 bona
2894 4872 2946 4916 et
2988 4877 3154 4930 opera
3185 4863 3395 4917 dextra.
3451 4861 3587 4916 Nam

2009 4958 2292 5012 sinistrum
2324 4956 2457 5010 nihil
2482 4965 2740 5010 reservet.
2768 4953 3148 5009 Pectusculum
3185 4968 3402 5022 quoque
3448 4955 3589 5008 intc-

2007 5064 2183 5117 grum,
2209 5050 2352 5117 quod
2379 5059 2464 5102 est
2495 5056 2825 5111 correctum,
2852 5058 2906 5100 et
2934 5062 3087 5100 mens
3119 5046 3224 5100 Deo
3255 5056 3466 5099 sacrata
3490 5063 3505 5111 ;
3534 5057 3589 5099 ct

2008 5141 2259 5195 maxillas
2315 5140 2379 5193 ad
2430 5140 2653 5192 verbum
2687 5139 2777 5192 Dei
2814 5138 3164 5208 loquendum.
3197 5139 3348 5194 Sciat
3370 5142 3470 5196 sibi
3530 5142 3582 5194 iu

2098 5286 2143 5319 ³⁸
2187 5285 2394 5339 Coloss.
2426 5300 2507 5349 ut,
2542 5282 2625 5335 1‘2.
2704 5285 2749 5315 ’θ
2794 5284 2952 5338 Ilum.
2992 5299 3110 5348 xm,
3153 5282 3238 5335 lii.
3314 5284 3358 5315 ³⁸
3381 5282 3417 5335 ΙΙ
3455 5282 3580 5337 Cor.

2082 5475 2194 5547 (53)
2252 5476 2320 5530 Ut
2353 5477 2564 5544 quidam
2596 5485 2715 5528 ante
2746 5491 2837 5547 nos
2878 5472 3390 5547 quoqueudixerunt.
3446 5468 3580 5547 Vide
3658 5534 3661 5537 _

2005 5538 2298 5615 ,ἰθέερὶιιιιιι
2360 5538 2451 5599 lib.
2516 5562 2576 5601 ιιι
2645 5546 2817 5615 Antiq.
2879 5538 2933 5597 et
2992 5538 3273 5595 Philonem
3336 5538 3413 5593 De
3468 5538 3621 5592 υἰιαη

2006 5619 2225 5686 Mnysis.

2075 5690 2186 5760 (5i)
2227 5688 2389 5753 Alias,
2424 5705 2441 5736 ι
2482 5696 2794 5756 argentata).
2838 5703 2856 5736 ι
