4110 6452
461 336 569 390 367

1907 333 2226 390 ORIGEN‘IS

3613 340 3715 394 ὅδε

463 450 669 504 sanctis
718 450 884 502 etiam
945 448 1328 502 candelabrum
1368 447 1586 500 luminis
1637 448 2034 510 collocandum,
2069 458 2110 508 Α
2143 450 2246 504 Sed
2283 454 2335 503 et
2386 465 2548 504 aurea
2586 451 2786 505 lamina
2839 453 2891 506 in
2943 451 3120 508 fronte
3175 452 3533 522 resplendeat,
3571 457 3714 523 quod

463 551 524 595 ut
553 542 659 595 sint
697 543 744 593 ei
780 540 1011 593 lucerna:
1054 555 1269 608 semper
1321 541 1592 604 ardentes,
1633 549 1686 592 et
1717 539 1880 592 lumbi
1915 556 2037 593 suc-

462 633 623 688 cincti
655 631 718 696 “,
745 641 798 684 et
830 631 944 699 ipse
970 641 1225 700 tanquam
1262 647 1472 696 servus,
1514 632 1604 700 qui
1628 640 1907 700 exspectat
1941 630 2036 683 do-

461 725 666 777 minum
695 738 851 776 suum
885 722 1062 776 redire
1089 723 1156 778 de
1189 725 1410 790 nuptiis.
1445 721 1519 776 De
1563 723 1645 776 his
1674 725 1814 776 cnim
1855 725 2032 776 lucer-

461 814 546 868 nis
575 825 629 868 et
661 814 920 869 Dominus
963 814 1182 870 dicebat
1219 815 1306 869 all:
1345 834 1363 866 ι
1401 813 1646 868 Lucerna
1679 815 1922 880 corporis
1959 816 2031 868 tui

458 915 540 961 est
569 905 759 960 oculus
791 913 932 960 tuus.
975 924 991 956 ι
1031 905 1136 960 Sed
1167 906 1309 960 istud
1353 904 1741 958 candelabrum
1780 905 2030 959 lucerna-

460 1013 576 1052 rnm
602 997 656 1052 in
681 1006 866 1050 austro
889 997 1139 1061 collocet,
1180 1007 1236 1050 ut
1273 996 1337 1049 ad
1388 996 1697 1062 aquilonem
1750 997 2028 1064 respiciat.

457 1087 703 1142 Accenso
735 1087 934 1140 etenim
960 1086 1183 1153 lumine,
1217 1087 1268 1140 id
1300 1094 1384 1140 est
1408 1085 1649 1154 vigilanti
1677 1086 1840 1140 corde
1867 1087 2032 1155 respi-

457 1195 582 1234 cere
611 1193 823 1246 semper
855 1178 1017 1231 debet
1043 1179 1108 1231 ad
1140 1176 1473 1245 aquilonem,
1512 1185 1565 1231 et
1588 1177 1877 1231 observare
1908 1192 2028 1230 eum

456 1269 548 1338 qui
598 1270 664 1323 ab
696 1269 946 1337 aquilone
983 1278 1088 1323 est.
1149 1268 1299 1322 Sicut
1347 1279 1402 1322 et
1450 1268 1710 1338 propheta
1745 1268 1928 1324 videre
1973 1283 2031 1322 sc

456 1360 587 1413 dicit
615 1374 938 1412 succensum
975 1358 1226 1420 lebetem,
1263 1357 1341 1410 vel
1376 1356 1558 1422 ollam,
1587 1367 1642 1410 et
1678 1355 1871 1412 facient
1915 1357 2032 1424 ejus

454 1464 484 1502 a
516 1451 653 1504 facie
703 1450 977 1516 aquilonis
1010 1449 1076 1503 ³⁸.
1102 1448 1184 1501 Ab
1211 1448 1460 1516 aquilone
1484 1448 1628 1502 enim
1661 1449 2032 1502 accenduntur

457 1544 593 1598 mala
628 1543 894 1596 universa:
925 1551 1101 1596 terrae.
1147 1538 1386 1609 Vigilans
1417 1555 1547 1608 ergo
1573 1549 1626 1593 et
1679 1537 1940 1592 sollicitus
1977 1550 2030 1592 et

455 1635 649 1690 ardens
680 1635 952 1688 intueatur
984 1649 1199 1702 semper
1227 1632 1457 1685 astutias
1485 1631 1713 1694 diaboli,
1741 1640 1792 1685 et
1819 1646 2030 1700 semper

457 1728 684 1798 aspiciat
703 1729 842 1780 unde
867 1727 1178 1780 sitventura
1206 1724 1452 1788 tentatio,
1482 1726 1621 1776 unde
1645 1721 2027 1785 hostisirruat,

2139 542 2370 611 petalum
2416 543 2739 610 appellatur,
2787 545 2838 596 in
2887 544 3086 612 quibus
3123 546 3370 614 utrisque
3419 546 3623 598 veritas
3657 556 3714 599 et

2138 633 2498 684 manifestatin
2529 632 2730 684 dicitur
2763 633 3183 704 collocata-(57).
3229 635 3338 702 Ego
3379 635 3429 688 in
3482 635 3568 689 his
3595 651 3716 704 qua:

2138 723 2188 774 in
2222 733 2437 790 pectore
2473 721 2635 777 locari
2682 723 2956 788 dicuntur,
2991 740 3300 779 sermonem
3335 727 3735 802 evangelicum,”

2137 815 2330 879 sentio,
2389 814 2482 882 qui
2542 814 2959 884 quadruplicato
3008 814 3203 870 ordine
3251 818 3531 871 veritatem
3589 797 3735 902 fidei?

2136 904 2374 957 nobiset
2406 904 2894 959 manifestationem
2921 904 3208 960 Trinitatis
3241 907 3486 976 exponit,
3513 903 3734 960 cunctali

2136 993 2376 1048 referens
2405 995 2470 1047 ad
2503 1004 2688 1064 caput,
2739 995 2806 1048 ad
2859 996 3016 1050 unius
3049 996 3260 1052 scilicet
3292 996 3386 1050 Dei
3432 977 3713 1052 naturam...

2087 1157 2096 1165 _
2136 1083 2188 1138 In
2219 1087 2302 1139 his
2331 1096 2413 1139 est
2443 1101 2572 1154 ergo
2599 1086 2778 1139 omnis
2808 1086 3032 1150 veritas,
3057 1097 3112 1141 et
3137 1088 3315 1141 omnis
3348 1087 3715 1141 manifestatio

2134 1177 2398 1230 veritatis.
2453 1175 2624 1244 igitur
2673 1176 2718 1229 si
2771 1185 2922 1232 recte
2966 1177 3047 1232 vis
3094 1177 3468 1246 pontificatum
3517 1192 3709 1248 gerere

2137 1267 2264 1329 Deo,
2299 1267 2644 1336 evangelicus
2673 1282 2874 1331 sermo,
2909 1277 2963 1321 et
2999 1267 3288 1323 Trinitatis
3325 1270 3455 1323 fides
3494 1283 3711 1338 semper

2135 1359 2226 1413 tibi
2265 1359 2528 1414 habeatur
2553 1360 2604 1413 in
2635 1370 2870 1429 pectore.
2889 1360 2985 1415 Cui
3014 1361 3265 1416 convenit
3295 1361 3457 1414 etiam
3491 1369 3710 1429 aposto-

2135 1450 2270 1503 licus
2300 1465 2479 1504 sermo
2527 1459 2633 1504 tant
2669 1452 2890 1517 virtute,
2921 1466 3082 1520 quam
3123 1467 3372 1514 numero,
3408 1461 3614 1505 tantum
3651 1459 3709 1503 ιιι

2133 1556 2323 1594 nomen
2354 1541 2446 1594 Dei
2477 1556 2693 1611 semper
2725 1543 2990 1596 habeatur
3037 1542 3089 1595 in
3126 1542 3324 1609 capite,
3357 1552 3412 1596 et
3447 1540 3514 1594 ad
3541 1556 3709 1594 unuut

2133 1633 2297 1687 Deum
2331 1643 2526 1688 cuncta
2559 1635 2882 1688 referantur.
2911 1633 3121 1688 llabeat
3149 1634 3312 1688 etiam
3339 1633 3392 1686 in
3419 1633 3697 1688 interiori-

2135 1724 2232 1778 bns
2264 1724 2513 1793 pontifex
2563 1725 2808 1794 partibus
2840 1725 3174 1792 operimenta
3208 1739 3332 1786 sua,
3372 1722 3569 1776 habeat
3605 1737 3707 1790 pu-

455 1819 597 1872 unde
630 1818 882 1871 inimicus
921 1818 1169 1886 obrepat.
1224 1815 1361 1868 Dicit
1389 1816 1533 1869 enim
1565 1823 1618 1867 et
1651 1813 1844 1866 Petrus
1896 1829 2028 1880 apo-
2060 1803 2100 1856 Β
2130 1814 2300 1868 denda
2335 1825 2615 1880 contecta;
2653 1823 2710 1868 ιιι
2748 1829 2978 1884 corpore
3010 1822 3061 1868 et
3109 1812 3304 1882 spiritu
3342 1821 3567 1866 sanctus
3607 1813 3699 1874 sil,

454 1911 620 1966 stolus
649 1911 690 1941 ³⁷
720 1930 732 1964 ;
761 1929 778 1960 ι
819 1910 952 1975 Quia
986 1909 1331 1962 adversarius
1363 1918 1542 1961 vester
1582 1906 1851 1970 diabolus,
1881 1908 2024 1960 sicut

455 2001 538 2053 leo
565 1999 804 2067 rugiens,
859 1998 1056 2052 circuit
1108 2013 1360 2066 quterens
1423 2013 1586 2066 quem
1621 2007 1953 2052 transvoret.
1995 2018 2013 2050 ι

453 2090 632 2145 Mensa
675 2104 890 2158 quoque
945 2089 1331 2158 propositionis
1364 2089 1571 2141 habens
1601 2087 1882 2141 duodecim
1926 2102 2022 2156 pa-

453 2198 571 2247 nes,
621 2183 672 2235 in
706 2191 867 2250 parte
925 2179 1219 2235 collocetur
1277 2179 1551 2248 aquiloais
1612 2179 1910 2246 respiciens
1958 2177 2023 2230 ad

455 2284 720 2326 austrum.
779 2271 953 2324 Panes
1001 2269 1112 2334 isti,
1173 2271 1505 2338 apostolicus
1551 2268 1599 2323 ei
1641 2275 1748 2322 tam
1802 2281 2026 2321 numero

455 2379 617 2433 quam
656 2364 853 2416 virtute
884 2363 956 2415 sit
980 2376 1181 2424 sermo,
1203 2376 1308 2431 quo
1337 2361 1712 2415 indesinenter
1736 2367 1892 2412 utens
1914 2357 2022 2428 (55)

452 2455 717 2527 (quotidie
769 2469 998 2523 namque
1025 2453 1128 2507 hos
1176 2465 1300 2506 ante
1335 2452 1620 2506 Dominum
1672 2450 1895 2519 jubetur
1927 2466 2024 2519 ap-

454 2549 697 2617 ponere),
742 2561 958 2600 rursum
1003 2546 1256 2614 respiciat
1305 2548 1369 2598 ad
1417 2554 1686 2606 austrum,
1734 2542 1875 2595 unde
1925 2541 2026 2596 Do-

455 2641 632 2692 minus
681 2639 828 2692 venit
873 2655 885 2689 :
939 2656 958 2687 ι
998 2638 1257 2691 Dominus
1305 2637 1446 2690 enim
1500 2651 1565 2688 ex
1624 2633 1886 2688 Themam
1937 2648 2029 2686 vc-

456 2733 587 2796 uiet,
622 2749 638 2780 ι
670 2732 809 2785 sicut
859 2729 1117 2796 scriptum
1159 2740 1243 2782 est
1279 2727 1343 2794 ³⁸,
1404 2727 1544 2796 quod
1576 2735 1659 2779 est
1720 2726 1785 2778 de
1813 2734 2023 2779 austro.

457 2819 662 2874 llabeat
707 2820 759 2873 in
793 2817 1156 2888 penetralibus
1222 2817 1454 2886 pectoris
1511 2817 1592 2869 sui
1641 2816 1806 2868 etiam
1854 2814 2026 2868 altare

453 2913 684 2976 incensi,
745 2922 800 2965 ut
852 2913 965 2980 ipse
1020 2911 1164 2964 dicat
1201 2909 1295 2962 ‘9:
1351 2927 1369 2960 ι
1411 2907 1544 2973 Quia
1595 2906 1800 2961 Christi
1852 2907 2026 2962 bonus

453 2999 588 3052 odor
640 3013 848 3053 smnus.
901 3017 917 3048 ι
982 2997 1186 3050 Habeat
1243 3005 1296 3050 et
1348 3011 1528 3049 arcam
1582 2995 1908 3062 testamenti,
1971 2997 2021 3054 in

453 3107 557 3161 qua
609 3091 718 3145 sint
768 3089 962 3143 tabulae
1013 3089 1164 3158 legis,
1225 3097 1282 3142 ut
1335 3089 1388 3141 in
1447 3087 1563 3157 lege
1595 3085 1686 3142 Dei
1732 3089 2024 3142 meditetur

453 3187 538 3237 die
598 3199 660 3237 ac
727 3195 901 3247 nocte,
950 3192 1002 3236 et
1055 3179 1314 3234 memoria
1369 3179 1486 3248 ejus
1541 3193 1667 3232 arca
1726 3187 1780 3233 et
1823 3179 2018 3234 biblio-

455 3280 608 3330 theca
656 3275 920 3329 efficiatur
975 3275 1234 3327 librorum
1294 3272 1410 3336 Dei,
1471 3271 1596 3340 quia
1654 3281 1706 3324 et
1759 3273 2047 3341 propheta.

458 3367 614 3439 165
637 3369 823 3422 beatos
857 3365 988 3418 dicit
1023 3379 1116 3418 eos
1149 3363 1239 3433 qui
1271 3363 1531 3417 memoria
1566 3372 1747 3416 tenent
1773 3363 2025 3416 mandata
2058 3425 2060 3428 ι

455 3461 592 3526 ejus,
619 3468 677 3512 ιιι
707 3457 910 3511 faciant
930 3471 1014 3510 ea.
1042 3455 1123 3509 Sit
1158 3457 1298 3508 intra
1328 3456 1500 3523 ipsum
1528 3469 1663 3507 urna
1695 3469 1907 3508 manum
1935 3469 2020 3509 rc-

455 3553 654 3620 posita,
693 3547 1001 3603 intellectus
1032 3547 1175 3600 verbi
1214 3546 1302 3600 Dei
1327 3546 1539 3600 subtilis
1568 3557 1622 3600 ct
1648 3546 1837 3602 dulcis.
1861 3546 1941 3600 Sit
1972 3556 2026 3600 et
2069 3537 2072 3540 ί

457 3645 604 3712 virga
644 3642 822 3695 Aaron
877 3641 1014 3693 intra
1069 3655 1214 3702 cum.
1262 3639 1506 3692 doctrina
1559 3639 1937 3705 sacerdotalis,
1970 3649 2026 3693 ct

455 3733 642 3787 florida
675 3731 939 3786 severitas
972 3730 1287 3798 disciplinae,
1318 3744 1479 3797 supra
1507 3744 1721 3782 onmem
1753 3744 1883 3784 vero
1909 3731 2024 3798 glo-

453 3825 589 3877 riam
635 3823 706 3876 sit
745 3823 792 3876 ei
828 3820 1155 3890 pontificalis
1183 3828 1430 3874 ornatus.
1478 3819 1663 3875 Potest
1695 3820 1841 3874 enim
1885 3822 2024 3874 intra

455 3930 514 3970 se
543 3928 704 3982 agere
733 3914 1101 3980 pontificatum
1151 3925 1276 3978 pars
1320 3909 1404 3963 illa
1437 3925 1553 3980 quae
1600 3910 1651 3963 in
1685 3925 1749 3964 eo
1783 3921 1864 3964 est
1897 3924 2024 3978 pre-

457 4004 747 4059 tiosissima
780 4002 1042 4065 omnium,
1083 3999 1224 4068 quod
1257 4000 1476 4069 quidam
1511 4002 1808 4071 principale
1841 4001 2023 4058 cordis

455 4095 746 4164 appellant,
787 4093 876 4145 alii
913 4093 1230 4146 rationalem
1288 4107 1528 4157 sensum,
1563 4101 1655 4146 aut
1695 4093 2027 4148 intellectua-

454 4193 556 4243 lem
594 4188 977 4251 substantiam,
1029 4187 1113 4239 vel
1168 4201 1500 4256 quocunquc
1551 4188 1708 4242 modo
1758 4188 2024 4257 appellari

453 4293 628 4352 potest
656 4281 708 4335 in
743 4281 898 4334 nobis
929 4280 1102 4347 portio
1131 4280 1299 4334 nostri
1336 4279 1449 4346 illa,
1476 4293 1572 4348 per
1600 4296 1761 4349 quam
1797 4294 2024 4350 capaces

450 4389 572 4429 esse
604 4386 889 4444 possumus
927 4371 1040 4425 Dei.
1075 4370 1178 4424 Ista
1228 4385 1360 4439 ergo
1407 4386 1530 4440 pars
1586 4372 1636 4425 in
1687 4372 1846 4426 nobis
1879 4372 2026 4426 velut

2130 1918 2183 1961 et
2209 1906 2622 1974 cegitationibus
2647 1915 2699 1960 et
2721 1906 2975 1975 operibus
2999 1921 3168 1974 purus
3191 1905 3279 1959 sit.
3307 1903 3514 1957 Habeat
3540 1903 3705 1956 etiam

2131 2013 2223 2064 per
2275 1997 2571 2050 indumenti
2619 1997 2910 2052 circuitum
2966 1996 3355 2061 tintinnabula,
3412 2006 3469 2049 ut
3519 1997 3703 2067 ingre-

2129 2088 2301 2152 diens,
2332 2089 2508 2157 inquit
2531 2089 2598 2151 δι,
2636 2098 2845 2152 sancta,
2881 2088 2973 2141 det
3001 2088 3262 2152 sonitum,
3297 2097 3351 2141 et
3394 2103 3498 2142 non
3537 2088 3702 2141 intret

2130 2198 2252 2234 cum
2280 2182 2517 2235 silentio.
2553 2182 2617 2235 Et
2659 2183 2774 2237 haec
2807 2180 3195 2247 tintinnabula,
3223 2196 3344 2250 qua:
3373 2195 3590 2250 semper
3613 2194 3704 2235 sn-

2130 2288 2258 2326 narc
2292 2273 2508 2337 debent,
2548 2273 2601 2326 in
2651 2283 2899 2326 extremo
2947 2273 3261 2326 vestimenti
3318 2280 3445 2325 sunt
3504 2272 3704 2340 posita,

2130 2365 2351 2428 idcirco,
2382 2365 2566 2428 credo,
2608 2374 2665 2418 ut
2707 2365 2775 2418 de
2806 2365 3070 2418 extremis
3107 2363 3441 2431 temporibus
3491 2374 3545 2416 et
3601 2361 3708 2415 tino

2129 2455 2308 2508 mundi
2340 2468 2613 2521 nunquam
2640 2452 2825 2514 sileas,
2855 2452 2947 2506 sed
2976 2452 3099 2505 inde
3125 2466 3338 2520 semper
3365 2465 3552 2518 sones,
3581 2450 3706 2505 inde

2129 2544 2368 2612 disputes
2411 2553 2464 2597 et
2519 2544 2780 2612 loquaris,
2815 2543 3111 2597 secundant
3148 2558 3268 2597 eum
3318 2544 3409 2611 qui
3462 2541 3702 2597 dixit“:

2133 2651 2151 2684 ι
2183 2633 2385 2688 Memor
2414 2646 2533 2688 esto
2563 2634 2983 2688 novissimorum
3013 2641 3250 2700 tuorum,
3279 2642 3336 2687 et
3370 2647 3474 2686 non
3506 2646 3705 2701 pecca-

2128 2727 2228 2781 bis.
2259 2745 2276 2778 ι
2309 2727 2390 2781 Ad
2439 2727 2581 2782 hunc
2615 2741 2745 2795 ergo
2779 2726 2994 2779 modum
3046 2725 3206 2780 homo
3246 2735 3434 2778 noster
3477 2725 3706 2778 interior

2129 2821 2510 2891 Deoipontifex
2549 2821 2864 2883 adornetur,
2907 2827 2966 2872 ut
3005 2819 3235 2872 introire
3278 2817 3451 2886 possit
3478 2830 3588 2870 non
3617 2830 3709 2870 so-

2129 2914 2238 2969 lum
2285 2915 2338 2968 in
2394 2921 2610 2977 sancta,
2667 2910 2760 2965 sed
2795 2919 2849 2964 et
2901 2911 2952 2963 in
3003 2909 3200 2965 Sancta
3250 2920 3600 2974 sanctorum;
3648 2917 3708 2962 ut

2128 3007 2300 3075 possit
2351 3005 2502 3059 adire
2537 3003 2972 3073 propitiatorium
3022 3002 3111 3056 ubi
3147 3011 3274 3056 sunt
3306 2999 3615 3062 cherubim,
3647 3009 3704 3052 et

2129 3100 2252 3154 inde
2287 3107 2544 3167 appareat
2571 3098 2617 3150 ei
2647 3099 2806 3150 Deus.
2841 3096 3043 3150 Sancta
3074 3100 3303 3163 possunt
3331 3106 3450 3147 esse
3473 3106 3561 3156 ea,
3584 3105 3706 3161 quae

2127 3191 2179 3244 in
2225 3190 2474 3260 praesenti
2523 3189 2722 3244 saeculo
2754 3187 2959 3242 habere
2999 3193 3187 3242 sancta
3237 3183 3585 3239 conversatio
3613 3197 3707 3251 po-

2128 3291 2252 3336 test.
2278 3281 2476 3335 Sancta
2508 3295 2634 3335 vero
2665 3289 3002 3345 sanctorum,
3032 3278 3086 3330 in
3121 3291 3239 3344 qua:
3265 3274 3435 3329 semel
3466 3283 3707 3328 tantum-

2129 3375 2289 3427 modo
2320 3372 2581 3436 intratur,
2615 3370 2680 3424 ad
2711 3371 2910 3424 caelum
2949 3384 3071 3423 esse
3104 3368 3391 3421 transitum
3427 3375 3580 3436 puto,
3613 3367 3702 3419 ubi

2125 3477 2209 3521 est
2260 3464 2718 3535 propitiatorium,
2766 3471 2822 3516 et
2878 3461 3189 3523 cherubim,
3235 3461 3324 3512 ubi
3379 3469 3432 3512 et
3488 3458 3705 3512 mundis

2127 3562 2291 3614 corde
2321 3571 2584 3626 apparere
2611 3556 2807 3625 poterit
2845 3556 3005 3618 Deus,
3038 3553 3121 3607 vel
3153 3553 3280 3621 quia
3317 3551 3577 3605 Dominus
3615 3549 3701 3604 di-

2127 3650 2200 3703 cit
2229 3668 2242 3702 :
2274 3649 2319 3680 "
2352 3666 2369 3698 ι
2393 3649 2530 3701 Ecce
2564 3661 2790 3715 regnum
2821 3644 2910 3698 Dei
2940 3645 3080 3698 intra
3114 3657 3208 3695 vos
3231 3651 3335 3694 est.
3361 3659 3379 3692 ι
3413 3638 3538 3693 Haec
3566 3638 3702 3691 inte-

2129 3742 2227 3794 rim
2256 3749 2516 3809 quantum
2547 3738 2614 3791 ad
2648 3750 2887 3805 praesens
2935 3735 2989 3788 in
3041 3743 3358 3787 transcursu
3409 3741 3700 3784 occurrere

2127 3833 2373 3887 sensibus
2421 3830 2623 3885 nostris
2657 3829 2850 3899 potuit,
2884 3836 3257 3896 quantumque
3297 3821 3568 3876 moderari
3602 3835 3698 3872 att-

2130 3925 2277 3978 ribus
2329 3923 2604 3993 potuimus
2654 3922 2983 3982 auditorum,
3032 3919 3098 3971 de
3153 3913 3506 3968 tabernaculo
3556 3911 3699 3965 dicta

2128 4017 2258 4081 sint,
2296 4027 2354 4070 ut
2389 4008 3037 4083 unusquisque'nostrum
3077 4007 3291 4064 studeat
3339 4005 3523 4060 facere
3563 4005 3703 4057 intra

2128 4123 2186 4163 se
2219 4105 2623 4162 tabernaculum
2655 4105 2786 4158 Deo.
2811 4101 2926 4156 Non
2953 4101 3099 4156 enim
3135 4098 3336 4154 frustra
3367 4098 3432 4152 de
3461 4096 3708 4165 patribus

2129 4197 2448 4261 refertur“,
2479 4197 2601 4266 quia
2647 4196 2698 4248 in
2742 4193 3114 4248 tabernaculis
3145 4191 3554 4245 habitaverunt.
3590 4186 3706 4253 Ego

2129 4293 2205 4345 sic
2239 4290 2478 4356 intelligo
2507 4289 2782 4342 Abraham
2821 4285 3100 4340 habitasse
3141 4282 3192 4334 in
3228 4277 3621 4337 tabernaculis,
3653 4285 3710 4330 et

2131 4382 2297 4444 Isaac,
2343 4391 2396 4434 et
2444 4376 2630 4432 Jacob.
2670 4376 3106 4430 Construxerunt
3139 4383 3375 4435 namque
3430 4367 3516 4418 isti
3563 4366 3706 4418 intra

453 4467 678 4534 quidam
710 4463 950 4533 pontifex
985 4473 1276 4518 exornetur
1324 4462 1676 4526 indumentis,
1719 4472 1772 4516 et
1804 4463 2025 4517 monili-
2063 4473 2103 4526 ο
2135 4488 2191 4525 se
2224 4467 2630 4526 tabernaculum
2681 4466 2810 4529 Deo,
2845 4465 2934 4532 qui
2970 4478 3027 4516 se
3061 4460 3233 4515 tantis
3261 4473 3324 4511 ac
3362 4456 3560 4510 talibus
3601 4455 3708 4506 vir-

455 4560 554 4611 bus
589 4557 860 4626 pretiosis,
915 4570 978 4608 ac
1026 4556 1227 4623 potiere
1274 4553 1510 4624 byssino.
1558 4551 1863 4608 lndumcnti
1926 4557 2028 4608 hoc

454 4663 626 4717 genus
675 4657 778 4713 est,
815 4649 957 4716 quod
1011 4661 1181 4716 usque
1215 4646 1281 4699 ad
1327 4645 1494 4714 pedes
1542 4645 1827 4699 deducitur
1854 4654 2025 4700 totum

452 4750 750 4809 contegens
802 4752 1018 4805 corpus.
1074 4737 1129 4790 ιιι
1191 4753 1299 4806 quo
1349 4736 1691 4803 designatur,
1744 4746 1798 4788 ut
1853 4736 2028 4806 primo

455 4831 700 4885 omnium
736 4840 880 4885 totus
915 4832 984 4883 sit
1027 4829 1275 4884 castitate
1309 4827 1557 4883 vestitus.
1595 4827 1841 4894 Accipiat
1877 4837 2025 4894 post-

457 4927 674 4980 modum
732 4934 786 4978 et
838 4924 1116 4978 humerale
1162 4929 1535 4991 geminatum,
1583 4920 1632 4972 in
1691 4934 1799 4987 quo
1851 4917 2029 4989 fulgor

455 5033 676 5089 cperam
719 5017 1041 5080 collocatur,
1074 5025 1131 5068 ut
1164 5015 1408 5068 videntes
1442 5011 1693 5065 homines
1741 5025 1904 5080 opera
1931 5026 2028 5064 sua

455 5109 807 5183 magnificent
836 5110 1048 5163 Patrem
1084 5107 1176 5178 qui
1226 5108 1279 5160 in
1312 5104 1466 5161 cmlis
1515 5101 1661 5158 est“
1699 5100 1831 5172 (56).
1874 5104 2034 5157 Acci-

454 5205 568 5273 piat
593 5215 647 5257 et
686 5201 910 5272 legium,
940 5199 1082 5269 quod
1134 5197 1401 5253 rationale
1429 5195 1534 5250 dici
1576 5204 1778 5263 potest,
1827 5194 2030 5262 pectori

454 5296 878 5366 superpositum,
907 5303 1172 5361 quaterno
1206 5291 1441 5358 lapidum
1469 5287 1660 5343 ordine
1683 5285 2025 5341 distinctum.

561 5389 605 5420 ³⁸
635 5390 765 5442 Luc.
795 5403 894 5448 ιιι,
919 5385 1006 5439 55.
1084 5385 1128 5415 ³⁵
1169 5382 1354 5436 Matth.
1397 5396 1472 5442 vr,
1502 5377 1594 5433 εξ.

455 5459 498 5491 ⁵ο
527 5459 712 5512 Matth.
759 5474 806 5520 v,
862 5459 948 5510 16.
1025 5453 1253 5508 MExod.
1306 5449 1612 5516 xxvnt,55.

454 5529 508 5584 6.
582 5530 784 5583 M‘Gen.
823 5543 958 5580 nn.

528 5617 642 5686 (55)
667 5619 836 5683 Alias,
867 5639 884 5670 ι
919 5619 1140 5672 utimur.
1175 5635 1192 5668 ι
1215 5613 1319 5668 Sed
1343 5625 1534 5666 omnes
1567 5625 1722 5676 mss.,
1757 5629 1774 5660 ι
1804 5620 1976 5686 utens.
2005 5631 2022 5662 ι

530 5619 619 5686 (55
667 5619 836 5683 Alias,
867 5639 884 5670 ι
919 5619 1140 5672 utimur.
1175 5635 1192 5668 ι
1215 5617 1319 5668 Sed
1343 5625 1534 5666 omnes
1567 5625 1722 5676 mss.,
1757 5629 1774 5660 ι
1804 5620 1976 5666 utens.
2005 5631 2022 5662 ι

530 5617 644 5760 ίόὕζ
686 5690 782 5741 Sic
821 5706 949 5760 mss.
1011 5691 1156 5742 Alias
1191 5701 1338 5748 vero,
1399 5696 1602 5760 «opera
1661 5692 1837 5760 vestra
1889 5682 2026 5737 bona

461 5751 807 5826 magnificent
835 5757 1052 5812 Patrem
1087 5769 1320 5813 vestrum
1358 5753 1450 5825 qui
1492 5754 1544 5806 in
1579 5751 1737 5807 coctis
1767 5761 1869 5808 est.
1899 5769 1918 5802 ι

1672 5377 1715 5408 ³⁸
1739 5377 1850 5431 Jcr.
1883 5393 1920 5444 t,
1963 5381 2049 5433 15.

1687 5447 1730 5478 ⁸³
1765 5446 1930 5502 Eccli.
1956 5467 2046 5514 vn,
2081 5451 2166 5506 ω.

2139 4573 2306 4616 tutum
2341 4559 2727 4630 Splendoribus
2759 4557 3175 4608 adornaverunt.
3212 4548 3534 4617 ltel'ulgebat
3557 4560 3707 4598 nam-

2135 4669 2240 4721 que
2289 4653 2340 4704 itt
2387 4653 2465 4704 eis
2520 4649 2728 4717 insigne
2767 4647 2971 4715 regium
3007 4657 3266 4712 purpura,
3303 4647 3522 4710 propter
3565 4639 3706 4706 quod

2136 4744 2418 4798 dicebatur
2449 4743 2513 4794 ad
2561 4741 2832 4794 Abraham
2868 4753 2896 4791 a
2947 4736 3070 4790 filiis
3105 4733 3306 4788 ﬂeth“
3336 4748 3348 4783 :
3380 4732 3423 4782 Α
3465 4729 3574 4783 Deo
3615 4743 3708 4782 rex

2134 4837 2189 4888 in
2232 4835 2376 4887 nobis
2437 4844 2492 4886 tu
2532 4849 2606 4885 ea.
2656 4829 2985 4899 Splendebat
3032 4839 3086 4880 et
3131 4839 3324 4880 coccus
3362 4841 3376 4878 :
3419 4830 3707 4891 propterea

2135 4927 2277 4980 enim
2329 4926 2395 4979 ad
2437 4923 2792 4994 jugulandum
2837 4920 2990 4973 duxit
3041 4919 3152 4971 Deo
3193 4917 3437 4979 unicum,
3472 4924 3528 4966 et
3579 4927 3709 4981 pro-

2137 5031 2318 5087 pterea
2351 5018 2594 5072 dextram
2628 5015 2770 5070 illius
2816 5013 3042 5083 angelus
3079 5011 3248 5063 tenuit
3272 5009 3339 5064 "‘.
3377 5007 3712 5077 Splendebat

2137 5111 2482 5181 hyacinthus,
2507 5124 2628 5162 cum
2655 5108 2855 5162 malum
2887 5119 3100 5174 semper
3134 5103 3352 5156 intuens
3379 5098 3502 5154 caeli
3529 5096 3712 5151 Domi-

2135 5217 2262 5256 num
2307 5201 2657 5270 sequebatur.
2713 5197 2817 5251 Sed
2861 5207 2914 5250 et
2955 5196 3006 5247 itt
3030 5191 3242 5247 caeteris
3263 5190 3516 5244 similiter
3545 5199 3713 5242 orna.

2138 5289 2321 5343 batur.
2357 5291 2466 5358 ligo
2499 5288 2577 5342 sic
2615 5287 2857 5354 intelligo
2887 5295 2942 5338 et
2982 5285 3125 5336 diem
3154 5279 3347 5334 festum
3381 5279 3709 5332 tabernacu—

2129 5383 2169 5412 ³⁷
2200 5383 2213 5434 l
2251 5382 2393 5434 l'etr.
2439 5397 2490 5444 ν,
2523 5380 2576 5434 8.
2656 5378 2700 5410 ³⁸
2727 5377 2928 5431 llabac.
2980 5391 3054 5433 Ill,
3089 5374 3142 5428 3.
3220 5373 3264 5403 ³⁸
3293 5371 3478 5444 ΙΙνϐρτο
3530 5384 3586 5424 ἰο
3616 5371 3706 5425 ¹5ο

2246 5456 2290 5484 ⁵³
2316 5456 2446 5506 Luc.
2479 5442 2621 5514 svn,
2650 5449 2739 5502 21.
2820 5447 2863 5477 δ’
2887 5445 3052 5501 Hebr.
3078 5461 3149 5507 χι,
3179 5444 3230 5498 9.
3313 5443 3359 5472 ⁸⁵
3385 5442 3524 5495 Gen.
3552 5455 3710 5510 mu,

2208 5610 2320 5680 (57)
2370 5605 2862 5680 Manifestationent
2901 5615 2958 5680 et
3001 5603 3286 5658 veritatem
3334 5595 3714 5680 δήλρνξιν-καξ

2134 5668 2643 5752 ἁλῆοείανψνυι-θιιι
2702 5677 2842 5732 LXX
2898 5678 3246 5745 Interpretes,
3297 5668 3439 5742 quad
3502 5668 3712 5724 liebra-i

2139 5747 2286 5806 Urina
2322 5763 2365 5805 et
2401 5747 2686 5802 Tummim.
