4110 6400
320 432 425 489 369

1512 427 1576 482 ΙΝ
1618 420 1905 481 ΕΧΟΒΠΜ
1943 419 2223 474 llOMlLlA
2261 419 2331 473 Χ.

3469 422 3580 476 570

318 551 497 607 lorum
525 550 617 620 qui
655 550 941 605 mandatur
976 553 1026 606 in
1057 551 1193 620 lcgc,
1231 559 1286 604 ut
1317 557 1472 603 exeat
1499 549 1725 617 pOpulus
1751 557 1894 599 certa
1929 547 1973 601 Α
2006 543 2207 608 scripta
2261 537 2573 594 referuntur
2608 555 2619 591 :
2657 557 2673 590 ‹
2702 537 2851 604 Quod
2909 538 2961 591 si
3009 539 3241 601 steterit,
3297 541 3470 609 inquit
3503 545 3572 606 ",

322 645 413 697 die
453 643 601 707 anui,
633 651 688 695 et
734 644 784 695 in
827 643 1188 697 tabernaculis
1219 642 1447 704 habitet,
1485 640 1689 693 habens
1720 651 1900 691 ramos

321 735 656 804 palmarmn,
696 739 750 785 et
791 730 1012 785 frondes
1041 731 1226 785 salicis
1274 747 1336 785 ac
1381 729 1583 798 populi,
1621 739 1674 782 et
1718 743 1900 782 ramos

323 822 540 878 arboris
564 822 833 876 frondosa:
852 823 916 874 ".
936 823 1115 876 Palma
1137 823 1372 876 victoriae
1404 823 1616 892 signum
1647 831 1727 873 est
1755 818 1898 873 illius

321 915 474 977 belli,
503 915 646 983 quod
698 915 836 967 inter
869 929 926 969 se
957 929 1084 968 caro
1126 926 1179 968 et
1215 914 1437 982 spiritus
1481 918 1674 983 gerunt
1727 912 1900 964 Arbor

323 1014 508 1058 autem
545 1005 790 1072 populus,
823 1015 876 1058 et
919 1005 1076 1070 salix,
1113 1014 1218 1058 tam
1252 1006 1450 1057 virtute
1484 1019 1642 1071 quant
1679 1002 1898 1055 nomine

323 1094 561 1162 virgulta
611 1105 738 1148 sunt
767 1096 1056 1150 castitatis.
1098 1095 1226 1160 Quae
1267 1096 1310 1149 si
1347 1095 1557 1164 integre
1583 1109 1896 1159 conserves,

323 1188 531 1242 habere
579 1197 733 1256 potes
766 1196 820 1240 et
869 1202 1171 1242 nemorosa:
1223 1202 1287 1242 ac
1337 1186 1640 1240 frondentis
1687 1186 1901 1240 arboris

324 1293 535 1341 ramos,
565 1292 684 1344 quze
725 1285 808 1331 est
843 1287 1042 1331 aeterna
1085 1286 1138 1331 et
1171 1277 1326 1332 beata
1372 1277 1505 1341 vita,
1550 1291 1670 1329 cum
1710 1285 1762 1330 te
1793 1276 1896 1330 Do-

324 1370 507 1423 minus
537 1369 588 1422 in
618 1369 734 1422 loco
767 1369 922 1424 viridi
968 1369 1316 1424 collocaverit
1363 1385 1527 1438 super
1574 1385 1766 1438 aquam
1809 1385 1897 1422 re-

326 1461 604 1527 fectionis,
643 1475 739 1530 per
768 1460 1040 1516 Christum
1067 1459 1251 1514 Jesum
1308 1460 1592 1513 Dominum
1631 1470 1893 1522 nostrum,

326 1553 410 1606 cui
458 1565 538 1605 est
574 1552 744 1623 gloria
791 1560 846 1606 et
894 1551 1178 1621 imperium
1223 1551 1276 1605 in
1327 1550 1521 1605 saecula
1551 1550 1894 1606 surculorum.

325 1643 520 1697 Amen.

910 1732 1188 1789 llOMlLIA
1232 1732 1299 1785 Χ.

331 1825 402 1880 De
431 1826 645 1881 muliere
671 1836 992 1897 pra’gnante,
1023 1844 1139 1894 qua:
1167 1829 1368 1879 duobus
1402 1826 1528 1879 viris
1557 1826 1892 1894 litigantibus

951 1898 1276 1950 abortiverit.

404 2009 450 2062 1.
489 2027 507 2058 ι
532 2009 683 2080 Quod
717 2009 761 2064 si
817 2008 1106 2080 litigabunt
1134 2011 1237 2064 duo
1275 2010 1399 2075 viri,
1432 2018 1484 2063 et
1526 2010 1896 2078 percusserint

330 2102 602 2154 mulierem
640 2110 1031 2171 praegnantem,
1073 2111 1127 2156 ct
1157 2103 1354 2156 exierit
1383 2100 1562 2156 infans
1605 2101 1720 2168 ejus
1759 2117 1896 2155 non-

324 2195 446 2247 dum
483 2193 768 2256 formatus,
808 2195 1196 2249 detrimentum
1234 2195 1468 2263 patietur
1495 2205 1759 2263 quantum
1807 2196 1894 2248 itt-

322 2284 519 2338 dixerit
563 2286 647 2337 vir
692 2285 958 2350 mulieris,
996 2293 1050 2340 et
1079 2285 1227 2340 dabit
1259 2301 1379 2339 cum
1414 2287 1637 2341 honore.
1675 2286 1824 2353 Quod
1849 2287 1892 2340 si

321 2371 587 2427 formatus
616 2370 797 2439 fuerit,
844 2375 996 2429 dabit
1039 2377 1276 2430 animam
1308 2392 1407 2446 pro
1446 2379 1648 2443 anima,
1679 2378 1891 2432 oculum

317 2475 416 2529 pro
456 2463 635 2528 oculo,
678 2465 890 2520 dentem
944 2482 1042 2535 pro
1092 2468 1275 2530 dente,
1313 2484 1531 2523 manum
1580 2485 1678 2538 pro
1710 2486 1891 2534 manu,

317 2553 510 2621 pedem
558 2570 656 2623 pro
701 2556 857 2624 pede,
902 2557 1308 2613 combusturam
1359 2575 1456 2628 pro
1506 2562 1891 2627 combustura,

317 2644 515 2697 vulnus
546 2659 644 2713 pro
675 2646 913 2713 vulnere,
962 2647 1186 2703 livorem
1222 2664 1320 2718 pro
1364 2651 1533 2705 livore
1551 2650 1614 2702 ⁵⁸.
1646 2671 1663 2702 ι
1711 2650 1893 2704 Primo

314 2734 560 2788 omnium
617 2735 671 2790 itt
723 2737 808 2792 his
850 2741 1234 2808 requirendum
1271 2755 1390 2796 esse
1435 2754 1582 2810 puto,
1631 2744 1731 2798 sub
1785 2758 1893 2812 quo

315 2824 454 2894 legis
486 2826 642 2880 titulo
670 2828 973 2896 hujusmodi
1011 2840 1214 2886 statuta
1247 2843 1559 2888 censentur.
1595 2834 1754 2904 106
1779 2833 1890 2887 Non

315 2918 486 2985 enim,
531 2927 587 2972 ut
629 2918 1056 2989 simplicioribus
1108 2922 1342 2988 videtur,
1388 2933 1584 2978 cuncta
1622 2941 1743 2993 quae
1783 2936 1894 2980 sta-

316 3016 547 3062 tuuntttr
573 3008 659 3061 lex
691 3010 907 3074 dicitur,
945 3012 1040 3063 sed
1089 3011 1336 3079 quatdam
1364 3013 1583 3080 quidem
1616 3013 1723 3079 lex,
1747 3031 1895 3082 qua:-

315 3097 441 3149 dem
474 3098 810 3162 testimonia,
841 3099 947 3150 alia
988 3099 1241 3153 mandata
1271 3110 1329 3154 et
1365 3101 1610 3167 justitize,
1643 3104 1892 3172 quaedam

307 3183 516 3252 judicia
546 3187 910 3255 appellantur.
941 3188 1095 3252 Quod
1121 3188 1424 3242 evidentius
1454 3190 1505 3243 in
1541 3207 1704 3244 unum
1731 3193 1895 3246 colle-

310 3282 490 3337 ctum,
510 3285 731 3330 octavus
753 3275 1000 3330 decimus
1016 3278 1208 3331 edocet
1230 3277 1486 3347 psalmus,
1513 3295 1634 3334 cum
1662 3281 1885 3337 dicit”:

318 3383 340 3415 ι
376 3365 488 3418 Lex
518 3365 726 3418 Domini
751 3367 1265 3435 irreprehensibilis,
1295 3379 1620 3425 convertens
1642 3372 1886 3427 animas:

312 3457 691 3512 teStimonium
748 3459 960 3514 Domini
1017 3461 1195 3526 ﬁdele,
1252 3463 1569 3530 sapientiam
1623 3475 1891 3534 praestans

311 3547 580 3614 parvulis.
616 3547 846 3603 Iustitia:
900 3551 1109 3604 Domini
1144 3562 1303 3607 recta:
1333 3552 1676 3609 ltetificantes
1702 3557 1886 3620 corda,

307 3648 644 3708 pt'zeceptutn
679 3640 890 3695 Domini
933 3642 1169 3698 lucidum
1211 3645 1522 3701 illuminans
1555 3648 1762 3702 oculos.
1795 3648 1888 3702 Ti-

311 3743 438 3782 mor
461 3729 671 3784 Domini
701 3741 924 3787 sauctus
953 3749 1278 3804 permanens
1309 3736 1362 3790 in
1398 3737 1656 3792 saeculum
1682 3719 1888 3805 saeculi,

303 3822 514 3892 judicia
553 3824 757 3880 Domini
785 3841 934 3894 vera,
964 3827 1262 3896 iustificata
1287 3831 1343 3885 in
1368 3833 1680 3902 semetipsa.
1707 3852 1724 3885 ι
1755 3833 1888 3890 Cum

308 3929 450 3983 ergo
485 3915 602 3970 istac
645 3917 986 3974 diversitates
1035 3935 1222 3975 eorum
1273 3937 1392 3991 qu:e
1429 3922 1481 3975 in
1514 3923 1632 3994 lege
1683 3933 1888 3980 statuta

309 4014 467 4072 sum,
504 4006 827 4073 habeantur,
875 4027 1020 4066 nunc
1055 4025 1238 4066 sermo
1279 4014 1371 4082 qui
1417 4014 1650 4069 habetur
1688 4015 1741 4070 in
1778 4032 1890 4070 ma-

309 4096 504 4162 nibus,
552 4100 653 4153 sub
709 4100 866 4154 titulo
919 4099 1254 4168 justitiarum
1307 4103 1394 4157 vel
1437 4104 1888 4174 justiticationum

307 4187 558 4257 scriptus
605 4199 709 4244 est.
762 4190 854 4244 Sic
900 4191 1044 4244 enim
1081 4191 1212 4245 dicit
1258 4193 1568 4261 superius"
1595 4213 1610 4250 :
1640 4213 1658 4246 ι
1692 4195 1761 4249 Ει
1809 4197 1892 4249 hae

302 4276 560 4348 iustitiae,
589 4297 724 4351 quas
748 4296 1017 4352 propones
1039 4282 1216 4353 palam
1257 4284 1357 4338 eis.
1385 4302 1404 4335 ι
1441 4283 1556 4339 Non
1591 4295 1678 4341 est
1707 4295 1887 4341 autem

308 4373 600 4442 praesentis
627 4375 885 4443 temporis
921 4372 1342 4443 uniuscujusque
1388 4376 1580 4430 horum
1615 4393 1891 4448 exponere

308 4456 676 4527 differentias,
717 4465 990 4535 exigimur
1019 4466 1165 4520 enim
1215 4468 1282 4520 ad
1312 4467 1754 4539 explanationem
1791 4472 1892 4528 ho-

2004 633 2156 686 testis
2196 632 2433 696 iniquus,
2470 630 2832 684 testimonium
2868 629 3048 684 ferens
3081 633 3367 686 adversum
3400 633 3574 687 homi-

2003 740 2122 777 nem
2177 725 2242 778 de
2294 725 2612 791 impietate,
2670 732 2976 776 statuentur
3030 724 3245 792 utrique
3297 726 3571 790 homines,

2000 814 2194 881 quibus
2240 823 2323 866 est
2373 812 2773 876 controversia,
2827 821 2952 865 ante
2987 810 3294 874 Dominum,
3341 824 3396 866 ct
3449 824 3575 868 ante

2000 904 2332 966 sacerdotes,
2380 913 2433 956 et
2467 914 2595 956 ante
2641 901 2873 969 judices,
2906 904 3216 974 quicunque
3261 905 3332 957 illi
3372 905 3575 959 fuerint

2001 994 2054 1048 in
2085 994 2274 1049 diebus
2326 993 2454 1056 illis,
2491 1001 2544 1047 et
2597 993 2886 1046 discutient
2924 993 3132 1061 iudices
3170 996 3485 1064 diligenter,
3515 1007 3573 1050 et

2001 1085 2415 1138 cxaminahunt.
2450 1084 2514 1136 Et
2551 1085 2595 1139 si
2645 1085 2953 1141 invenerint
2984 1087 3108 1154 quia
3154 1087 3306 1139 testis
3356 1087 3573 1155 iniquus

2003 1183 2233 1229 testatus
2261 1183 2344 1228 est
2380 1173 2595 1241 injuste,
2639 1183 2693 1228 et
2733 1174 2975 1228 surrexit
3021 1175 3310 1228 adversum
3346 1175 3568 1229 fratrem

2001 1281 2180 1330 suum,
2219 1264 2434 1320 facietis
2479 1266 2526 1318 ei
2571 1267 3026 1334 quemadmodum
3073 1266 3186 1334 ipse
3228 1279 3455 1320 conatus
3487 1278 3568 1320 est

2001 1357 2181 1412 facere
2222 1357 2372 1410 fratri
2405 1372 2523 1420 suo,
2569 1367 2623 1410 et
2652 1356 2910 1411 auferetis
2959 1357 3250 1427 malignum
3295 1361 3359 1412 de
3396 1362 3571 1413 medio

2001 1459 2264 1513 vestrum,
2314 1458 2368 1503 ut
2426 1448 2606 1502 caeteri
2660 1449 2945 1502 audientes
2996 1458 3195 1503 metum
3233 1451 3489 1515 habeant,
3517 1461 3573 1505 et

2001 1556 2106 1596 non
2141 1540 2402 1608 adiiciant
2454 1539 2591 1592 ultra
2647 1537 2826 1593 facere
2878 1541 3175 1594 secundum
3205 1543 3429 1595 verbum
3469 1543 3570 1596 hoc

2001 1632 2196 1684 malum
2249 1631 2388 1684 inter
2431 1644 2548 1683 vos.
2600 1628 2718 1685 Non
2772 1641 2962 1698 parcet
2997 1631 3185 1685 oculus
3235 1641 3359 1685 tuus
3408 1647 3571 1702 super

1998 1737 2144 1785 eum,
2175 1722 2408 1775 animam
2431 1736 2528 1790 pro
2551 1721 2758 1786 anima,
2785 1721 2996 1774 dentem
3022 1736 3121 1788 pro
3145 1724 3322 1785 dente,
3354 1739 3570 1776 manum

2000 1829 2100 1882 pro
2132 1830 2318 1879 manu,
2350 1815 2540 1883 pedem
2583 1829 2680 1883 pro
2733 1813 2891 1881 pede.
2919 1831 2939 1865 ι
2975 1813 3235 1867 Videntur
3267 1815 3480 1882 quidem
3519 1815 3569 1866 in

1929 1903 1968 1956 Β
2002 1915 2232 1975 utroque
2291 1905 2409 1959 loco
2465 1905 2664 1959 similia
2721 1906 2850 1970 dici,
2903 1920 3008 1958 non
3064 1915 3240 1959 tamen
3289 1905 3571 1958 evidenter

1999 1999 2304 2052 ostenditur
2343 2013 2406 2052 ex
2457 2013 2564 2066 quo
2617 1998 2957 2067 potissimum
3009 1996 3127 2052 loco
3170 2013 3350 2052 sermo
3383 1999 3474 2066 qui
3516 2000 3568 2052 in

1999 2090 2291 2160 Evangelio
2317 2093 2525 2160 positus
2554 2102 2660 2155 est,
2687 2093 2936 2146 videatur
2967 2099 3297 2160 assumptus,
3331 2106 3452 2144 cum
3487 2090 3570 2144 di-

1998 2183 2134 2236 cit”
2165 2201 2178 2236 :
2211 2202 2228 2234 ι
2259 2184 2395 2250 Quia
2422 2186 2652 2238 audistis
2675 2185 2823 2253 quod
2858 2185 3058 2239 dictum
3083 2193 3163 2238 est
3191 2202 3202 2236 :
3228 2182 3453 2238 Oculum
3475 2200 3571 2254 pro

1997 2275 2175 2337 oculo,
2207 2275 2422 2329 dentem
2457 2292 2553 2346 pro
2580 2277 2758 2333 dente.
2784 2297 2803 2329 ι

2066 2366 2120 2419 Ξ.
2149 2366 2538 2421 Verumtamen
2564 2384 2705 2422 nunc
2735 2367 2802 2422 ad
2851 2383 2913 2422 ea
2947 2383 3067 2437 quae
3099 2368 3256 2422 nobis
3289 2370 3339 2422 in
3385 2368 3570 2422 Exodo

1998 2460 2199 2526 scripta
2229 2466 2376 2522 sunt,
2411 2473 2590 2513 sermo
2623 2460 2912 2514 vertendus
2938 2470 3039 2527 est,
3075 2461 3164 2513 ubi
3195 2461 3300 2514 duo
3326 2461 3426 2512 viri
3454 2460 3567 2512 liti-

1998 2557 2148 2618 gant,
2195 2558 2250 2602 et
2300 2550 2611 2618 percutiunt
2641 2550 2922 2605 mulierem
2961 2560 3352 2620 praegnantem,
3393 2559 3447 2605 et
3494 2551 3569 2602 ita

1998 2640 2326 2708 percutiunt,
2357 2649 2415 2692 ut
2444 2649 2603 2694 exeat
2628 2640 2805 2696 infans
2828 2657 2892 2696 ex
2920 2656 3006 2706 ea,
3033 2641 3115 2695 vel
3149 2641 3412 2695 formatus
3438 2643 3568 2712 jam,

1999 2730 2080 2786 vel
2126 2733 2363 2786 nondum
2399 2732 2684 2788 formatus.
2733 2733 2974 2787 Primum
3025 2733 3242 2803 quidem
3286 2734 3571 2788 videamus

1997 2822 2063 2876 de
2086 2837 2151 2876 eo
2181 2823 2273 2892 qui
2320 2825 2559 2878 nondum
2612 2824 2874 2878 formatus
2922 2824 3138 2889 exierit,
3180 2825 3448 2893 quomodo
3484 2824 3572 2892 juc

1995 2911 2152 2965 betur
2184 2913 2383 2966 damno
2419 2915 2660 2982 pecunia:
2701 2915 2911 2981 percuti
2959 2931 3101 2970 unus
3134 2929 3196 2969 ex
3233 2917 3316 2970 his
3345 2916 3436 2984 qui
3462 2915 3572 2969 liti-

1996 3013 2143 3073 gant,
2194 3021 2316 3059 cum
2367 3021 2396 3059 a
2447 3005 2732 3076 Scriptura
2780 3007 2938 3074 culpa
2972 3007 3100 3069 litis,
3135 3023 3240 3060 non
3279 3009 3345 3062 ad
3380 3024 3567 3072 unum,

1996 3098 2088 3150 sed
2142 3097 2210 3150 ad
2262 3107 2550 3166 utrumque
2601 3096 2910 3150 referatur?
2945 3099 3086 3164 Quid
3116 3099 3279 3152 etiam
3315 3101 3459 3167 quod
3487 3104 3569 3156 vir

2001 3188 2246 3242 mulieris
2275 3189 2484 3252 indicit,
2523 3189 2607 3242 vel
2638 3189 2870 3251 imponit
2903 3189 2973 3253 ci,
3011 3199 3065 3242 et
3103 3205 3209 3242 non
3243 3191 3356 3243 eis?
3385 3200 3438 3244 et
3472 3194 3573 3244 da—

2001 3278 2099 3344 bit,
2131 3287 2185 3333 et
2215 3295 2319 3333 non
2346 3280 2523 3348 potius
2558 3280 2766 3334 dabunt
2795 3293 2915 3333 cum
2949 3281 3190 3335 honore?
3222 3281 3291 3335 Et
3307 3282 3443 3348 ‘qnis
3472 3282 3571 3337 iste

1998 3379 2085 3424 est
2131 3370 2338 3424 honor?
2386 3370 2538 3438 Quod
2593 3372 2637 3426 si
2671 3371 2847 3426 infans
2890 3373 3002 3442 jam
3053 3374 3317 3426 formatus
3351 3373 3569 3442 exierit,

1999 3477 2256 3531 percussa
2303 3479 2332 3517 a
2388 3463 2726 3534 litigantibus
2765 3463 2898 3517 viris
2949 3475 3265 3535 praegnante
3322 3464 3567 3532 muliere,

1999 3554 2235 3607 animam
2265 3555 2377 3608 dari
2409 3571 2508 3625 pro
2532 3555 2709 3609 anima
2752 3555 2912 3610 facile
2944 3557 3316 3625 intelligimus,
3352 3558 3454 3612 hoc
3485 3567 3573 3611 est

2000 3651 2058 3696 ut
2106 3654 2280 3698 morte
2342 3645 2645 3700 vindicetur
2697 3647 3019 3701 admissum.
3076 3646 3208 3712 Qua:
3265 3657 3573 3716 sequuntur

1999 3745 2202 3801 autem,
2235 3750 2410 3805 opera:
2435 3737 2666 3806 pretium
2695 3745 2775 3792 est
2805 3738 3088 3806 explicare
3121 3755 3136 3792 :
3175 3739 3438 3793 «Oculum
3472 3753 3572 3806 pro

1999 3825 2180 3892 oculo,
2223 3826 2436 3881 dentem
2491 3842 2590 3896 pro
2639 3827 2819 3882 dente.
2848 3845 2866 3881 ι
2927 3825 3113 3896 Neque
3167 3828 3311 3882 enim
3353 3827 3574 3881 videtur

1998 3931 2115 3970 esse
2167 3917 2445 3984 possibile,
2502 3926 2562 3971 ιιι
2616 3917 2794 3971 infans
2843 3932 3003 3987 quem
3064 3933 3319 3988 percussa
3375 3920 3574 3974 mulier

1999 4009 2301 4076 abortierit,
2337 4009 2590 4078 quamvis
2638 4010 2903 4064 formatus
2950 4010 3168 4076 exierit,
3204 4010 3572 4079 intelligamus

1999 4101 2140 4168 quod
2161 4100 2261 4154 viri
2287 4099 2548 4168 litigantis
2572 4100 2723 4153 calce
2750 4114 3041 4168 percussus
3064 4099 3279 4153 oculum
3306 4099 3357 4152 in
3384 4109 3574 4152 ventre

1999 4191 2314 4259 perdiderit,
2346 4204 2447 4259 pro
2487 4204 2596 4258 quo
2643 4203 2930 4258 percussor
2953 4189 3070 4260 (58)
3110 4189 3290 4243 orbari
3329 4189 3490 4244 oculo
3539 4207 3576 4243 a

1995 4278 2268 4347 iudicibus
2305 4281 2520 4335 debeat.
2569 4279 2673 4333 Sed
2730 4293 2889 4348 pone,
2945 4279 3018 4334 sit
3045 4288 3101 4332 et
3148 4281 3275 4338 hoc.
3306 4281 3429 4347 quia
3460 4280 3586 4345 iatn.

2002 4371 2263 4426 formatus
2302 4369 2558 4436 refertur,
2595 4371 2723 4438 quid
2753 4377 2806 4424 et
2829 4369 2894 4423 de
2926 4370 3086 4424 dente
3112 4369 3396 4425 dicemus?
3419 4369 3581 4424 Nun-.

2001 4462 2131 4531 quid
2166 4463 2218 4517 in
2248 4471 2439 4518 ventre
2482 4463 2677 4517 matris
2708 4462 2901 4517 dentes
2947 4462 3159 4530 habuit,
3203 4478 3341 4532 quos
3371 4479 3572 4533 percu-

310 4570 440 4612 rum
469 4571 590 4626 quae
619 4556 752 4611 lecta
781 4567 926 4612 sunt.
960 4556 1257 4614 Sciendum
1290 4573 1422 4615 sane
1447 4569 1525 4616 est
1563 4561 1710 4631 quod
1760 4577 1890 4632 pars
1923 4575 1968 4630 ι)
2005 4557 2189 4614 tientis
2218 4558 2355 4612 ictus
2380 4557 2698 4613 excuteret?
2738 4554 2796 4609 Si
2844 4568 2978 4610 vero
3025 4556 3129 4612 hoc
3160 4557 3469 4612 referamus
3502 4559 3570 4611 ad

309 4650 501 4717 aliqua
533 4665 601 4704 ex
647 4648 732 4703 his
775 4648 844 4704 de
879 4648 1075 4719 quibus
1101 4649 1475 4706 disserendum
1510 4653 1667 4709 nobis
1695 4663 1801 4722 est,
1832 4653 1889 4708 in

253 4813 257 4817 _
311 4740 614 4810 Evangelia
641 4744 942 4795 secundum
978 4739 1290 4796 Matthaeum
1333 4744 1504 4810 posita
1545 4752 1648 4809 est,
1679 4745 1894 4800 dicente

315 4834 554 4889 Domino
603 4834 706 4887 hoc
762 4829 1334 4886 modo“:¢Audistis
1385 4833 1508 4901 quia
1559 4834 1764 4888 dictum
1808 4845 1894 4891 est

314 4923 852 4994 antiquis:0cnlnm
903 4938 1004 4994 pro
1052 4924 1230 4989 oculo,
1284 4926 1499 4980 dentem
1556 4941 1655 4994 pro
1704 4927 1888 4984 dente.

315 5016 439 5086 Ego
469 5025 650 5068 autem
681 5016 804 5069 dico
831 5015 1003 5082 vobis,
1035 5031 1143 5070 non
1196 5017 1454 5071 resistere
1485 5017 1649 5072 malo.
1695 5018 1802 5074 Sed
1847 5021 1894 5076 si

315 5107 449 5177 quis
483 5116 534 5160 te
561 5105 890 5176 percusserit
939 5107 992 5160 in
1027 5108 1270 5162 dextram
1302 5108 1602 5176 maxillam,
1637 5121 1899 5169 converte

319 5199 372 5253 ei
401 5207 460 5252 et
487 5199 738 5252 alteram.
760 5217 778 5250 ι
813 5199 917 5253 Sed
966 5199 1217 5276 fortassis
1245 5201 1338 5269 qui
1371 5200 1687 5271 Scripturas
1715 5214 1897 5260 atten-

320 5293 433 5346 tius
459 5290 608 5360 legit,
635 5292 781 5345 dicat
809 5306 870 5345 ea
903 5307 1023 5360 qua:
1047 5291 1114 5345 de
1140 5291 1434 5362 Evangelio
1463 5294 1668 5363 scripta
1695 5313 1900 5354 meme.

321 5383 591 5445 ravimus,
617 5397 723 5437 non
751 5382 816 5437 de
847 5384 950 5438 hoc
980 5383 1150 5436 Exodi
1182 5394 1398 5454 sumpta
1434 5385 1574 5454 loco,
1602 5389 1695 5442 sed
1727 5393 1900 5460 magis

323 5475 750 5538 Deuteronomii,
786 5473 875 5529 ubi
928 5474 1278 5530 nihilominus
1326 5478 1427 5532 hoc
1456 5481 1614 5532 modo
1651 5485 1896 5550 quaedam

398 5631 445 5664 "
468 5632 762 5686 Deut.xvr.
836 5631 880 5662 ⁸⁸
903 5631 1072 5685 Exod.
1136 5648 1224 5687 xxi
1281 5634 1383 5696 25,
1443 5637 1544 5696 2t,
1588 5636 1678 5690 25.

321 5702 372 5734 "
404 5703 556 5756 Deut.
587 5716 702 5767 tux,
757 5701 839 5766 I6,
881 5702 968 5765 17,
1012 5703 1098 5766 18,
1133 5703 1219 5767 Η,
1249 5701 1338 5768 ἓο,
1366 5706 1457 5760 2|.

1533 5641 1800 5737 333;“?
1823 5642 2094 5737 Esggvm,
2120 5649 2171 5714 8,
2191 5648 2246 5716 9,
2280 5647 2363 5703 10.

1607 5707 1795 5764 Matth.
1812 5728 1882 5781 ,v,
1911 5715 1999 5770 58.

2001 4665 2122 4706 eam
2150 4666 2269 4720 quae
2303 4650 2606 4718 abortierit,
2631 4650 2902 4720 quomodo
2939 4664 3128 4704 rursus
3170 4650 3480 4717 conveniet,
3513 4663 3574 4706 ut

2001 4745 2279 4800 abortiens
2309 4743 2499 4800 mulier
2521 4745 2738 4800 oculum
2768 4744 2982 4813 perdat,
3007 4752 3100 4798 aut
3131 4743 3324 4799 dentes
3351 4744 3574 4800 doleat?

2002 4835 2106 4890 Sed
2141 4851 2277 4905 pone
2326 4837 2451 4905 quia
2488 4851 2744 4904 percussa
2794 4837 3012 4893 dicatur
3061 4838 3126 4892 in.
3146 4835 3330 4900 oculo,
3377 4847 3472 4892 aut
3515 4837 3568 4890 in

2003 4928 2184 4996 dente,
2213 4942 2266 4982 et
2298 4929 2424 4984 inde
2446 4943 2613 4984 causa
2647 4931 2875 4985 aborsus
2905 4941 3094 4986 exorta
3128 4928 3224 4994 sit,
3259 4943 3398 5000 pone
3429 4929 3572 4985 livo~

2005 5036 2138 5085 rem,
2175 5036 2314 5091 pone
2360 5022 2555 5077 vulnus
2608 5024 2902 5092 acceperit,
2932 5022 3066 5093 quid
3118 5023 3282 5076 etiam
3331 5023 3574 5078 dicemus

2006 5114 2408 5169 combusturam
2446 5130 2543 5184 pro
2590 5114 2980 5168 combustura?
3013 5113 3267 5184 Nunquid
3314 5113 3574 5183 litiganti-

2004 5205 2105 5260 bus
2136 5205 2266 5260 viris
2293 5206 2557 5261 assistens
2589 5205 2786 5260 mulier
2815 5205 3060 5261 comburi
3090 5207 3286 5275 potuit,
3325 5216 3382 5259 ut
3425 5220 3578 5259 com-

2006 5297 2227 5352 bustura
2257 5312 2355 5365 pro
2397 5294 2748 5352 combustum
2780 5297 3058 5351 solvatur?
3090 5297 3222 5364 Qua:
3255 5306 3434 5350 tamen
3459 5295 3576 5350 ain-

2007 5392 2126 5458 gula
2160 5389 2416 5446 videntur
2463 5390 2592 5445 mihi
2645 5404 2746 5444 nec
2794 5389 2847 5442 in
2898 5391 3301 5445 Deuteronomii
3344 5391 3562 5458 quidem

2006 5483 2157 5550 locis,
2197 5484 2288 5556 ubi
2315 5483 2566 5563 similiter
2598 5486 2802 5555 scripta
2849 5483 3177 5549 referuntur,
3219 5480 3432 5535 facilem
3473 5481 3568 5534 ha-

2443 5649 2488 5680 ⁸⁰
2517 5646 2686 5704 Exod.
2711 5661 2822 5713 ut,
2855 5647 2903 5700 l.
2986 5646 3030 5679 “
3059 5642 3247 5700 Matth.
3287 5660 3338 5712 v,
3369 5646 3458 5715 58,
3488 5645 3576 5701 '59.

399 5817 515 5888 (58)
542 5818 600 5874 In
623 5819 785 5876 editis
811 5819 958 5876 deest
983 5835 1080 5874 vos
1111 5835 1406 5889 percussor,
1437 5836 1554 5890 qua:
1604 5829 1871 5896 reperitur
1903 5830 1958 5887 in
1989 5849 2116 5890 mss.
