4110 6396
489 401 588 457 571

1945 397 2265 457 ORIGENIS

3649 402 3754 458 b7?

497 524 623 574 bere
643 517 845 572 exitum
870 513 1336 584 posse.Ponamus
1357 514 1502 567 enim
1524 514 2385 578 etibiexsurrexisseAdeatur,
2437 513 2581 580 quod
2634 511 2782 568 viros
2821 527 3018 583 parere
3073 514 3337 580 diximus,
3389 514 3500 580 jam
3550 517 3751 572 dudum

494 619 684 663 testem
714 607 978 674 iniquum,
1018 604 1387 657 testimonium
1424 603 1617 658 falsum
1665 605 1935 659 dicentem
1967 609 2066 660 ad-

492 712 708 751 versum
741 695 1009 749 hominem
1041 696 1106 747 de
1134 694 1432 762 impietate.
1466 694 1810 748 Adhibeatur
1838 704 2067 763 uterque

485 787 710 856 judicio,
739 786 1016 854 inquirant
1041 783 1256 854 jndices
1286 783 1596 853 diligenter,
1648 784 2066 853 deprehendant

487 890 861 934 accusatorem
911 877 992 930 vel
1044 885 1234 930 testem
1282 874 1433 928 illum
1484 875 1615 929 falsa
1659 875 2066 945 dixissezquoo

490 971 650 1023 modo
685 969 854 1037 judex
899 969 990 1036 qui
1037 979 1258 1035 parcere
1292 979 1398 1018 non
1447 965 1608 1020 debet
1644 966 1781 1020 falso
1830 966 1980 1032 testi,
2011 976 2068 1020 et

486 1061 724 1114 animam
767 1060 842 1112 rei
889 1073 985 1128 pro
1037 1056 1341 1112 innocentis
1387 1055 1564 1109 anima
1595 1056 1886 1122 damnare;
1933 1072 2068 1126 quo-

489 1153 673 1218 modo,
709 1152 963 1220 inquam,
1016 1150 1215 1220 poterit
1265 1149 1430 1203 etiam
1483 1149 1701 1203 oculum
1755 1165 1855 1219 pro
1904 1151 2066 1207 oculo

487 1242 772 1299 eximere?
801 1243 968 1309 Quasi
1005 1257 1134 1296 vero
1162 1240 1208 1295 is
1247 1241 1338 1309 qui
1377 1238 1573 1308 injuste
1596 1243 1976 1306 accusabatur,
2007 1243 2060 1296 in

493 1335 652 1392 oculo
684 1335 961 1388 lwdcndus
991 1333 1156 1388 fuerit
1179 1333 1248 1387 ab
1285 1341 1626 1398 accusatore,
1663 1344 1757 1388 aut
1794 1335 1848 1388 in
1878 1334 2062 1400 dente,

488 1427 569 1482 vel
601 1443 782 1492 manu,
811 1427 895 1482 vel
931 1427 1085 1495 pede.
1121 1425 1246 1479 Hmc
1276 1435 1455 1480 autem
1498 1440 1526 1478 a
1556 1425 1712 1481 nobis
1739 1426 1880 1481 dicta
1913 1438 2061 1493 sunt,

486 1520 780 1574 ostendere
828 1519 1150 1582 volentibus,
1197 1517 1343 1587 quod
1401 1518 1452 1570 in
1499 1526 1731 1586 utroque
1779 1517 1897 1572 loco
1942 1534 2061 1586 qua:

488 1612 691 1679 scripta
719 1619 868 1674 sunt,
896 1611 1124 1664 edisseri
1169 1625 1274 1664 non
1323 1610 1475 1664 facile
1505 1619 1729 1678 queant.
1761 1607 2061 1676 Oportebat

491 1703 634 1755 enim
677 1701 826 1771 prius
862 1705 1157 1756 secundum
1206 1701 1488 1755 historiam
1522 1701 1794 1755 discutere
1831 1715 1950 1768 quae
1978 1700 2060 1754 le-

487 1801 709 1860 gunlttt‘,
744 1805 798 1847 ct
830 1795 926 1858 sic,
977 1795 1231 1862 quoniam
1268 1794 1350 1848 lex
1400 1792 1658 1862 spiritalis
1703 1799 1806 1857 est,
1839 1791 2062 1861 Spirita-

486 1885 593 1939 lem
632 1886 683 1939 itt
722 1885 805 1940 his
835 1885 1244 1954 intelligentiam
1278 1900 1540 1954 qumrere.

555 1978 608 2031 5.
643 1975 862 2042 Verum,
917 1987 1178 2046 quantum
1238 1978 1302 2029 ad
1350 1991 1589 2046 praesens
1623 1983 1861 2045 spectat,
1894 1975 2060 2030 etiam

486 2073 602 2142 ipsa
639 2071 794 2126 nobis
844 2070 1117 2139 allegoria!
1164 2085 1310 2138 pars,
1347 2084 1468 2139 quae
1513 2084 1728 2137 semper
1761 2081 1950 2139 patere
1978 2069 2058 2122 la-

487 2165 593 2216 tius
633 2161 790 2224 solet,
816 2161 866 2213 in
901 2172 1189 2229 angustum
1223 2160 1455 2227 cogitur.
1483 2159 1710 2228 Tamen,
1743 2171 1906 2230 prout
1938 2175 2063 2229 pos-

485 2268 692 2317 sumus,
725 2253 852 2321 quid
888 2255 1042 2306 nobis
1072 2252 1123 2305 in
1156 2253 1259 2305 hoc
1310 2251 1428 2305 loco
1461 2251 1736 2315 videatur,
1767 2249 2062 2316 explanare

488 2343 837 2399 tentabimus.
894 2342 1231 2412 Frequenter
1282 2342 1546 2405 diximus,
1593 2343 1737 2410 quod
1800 2342 1851 2395 in
1909 2339 2064 2396 Scri-

484 2432 658 2497 pturis
695 2431 898 2486 eisdem
948 2431 1244 2495 vocabulis,
1275 2432 1590 2501 eisdemque
1630 2431 1846 2497 ciliciis,
1882 2446 2060 2486 mem-

484 2525 580 2576 bra
644 2522 841 2576 animte
907 2523 1297 2586 nominentur,
1377 2523 1575 2592 quibus
1649 2531 1914 2588 utuntur,
1977 2521 2066 2576 vel

485 2613 824 2684 appellantur
887 2615 1132 2684 corporis
1190 2614 1456 2678 membra,
1530 2615 1677 2670 verbi
1740 2630 1928 2681 causa,
2005 2624 2064 2670 ut

484 2705 640 2777 167
693 2722 815 2760 cmn
871 2706 1073 2761 dicitur
1104 2707 1193 2760 ἐς
1233 2724 1249 2756 ι
1295 2705 1456 2761 Vides
1505 2706 1770 2762 festucam
1801 2709 1854 2761 in
1894 2708 2055 2763 oculo

482 2798 670 2851 fratris
703 2797 804 2862 tui,
833 2808 889 2850 et
934 2812 1063 2852 ecce
1091 2797 1146 2850 in
1200 2799 1360 2852 oculo
1387 2807 1479 2851 tuo
1525 2797 1716 2851 trabes
1742 2795 2005 2867 subiacet.
2039 2815 2056 2848 ι

480 2886 706 2942 Certum
730 2897 812 2943 est
845 2888 989 2941 enim
1015 2890 1158 2958 quod
1193 2904 1300 2942 non
1334 2889 1400 2944 de
1426 2887 1586 2942 oculo
1617 2889 1867 2958 corporis
1893 2889 2060 2955 dicat,

481 2975 536 3032 in
564 2993 675 3048 quo
706 2982 887 3035 trabes
910 2981 1115 3050 jaceat,
1147 2982 1242 3037 sed
1276 2981 1341 3035 de
1367 2981 1528 3036 oculo
1563 2981 1779 3037 animm.
1829 2980 1895 3035 Et
1933 2997 2057 3035 cum

477 3069 610 3126 dicit
643 3071 728 3126 "z
761 3091 778 3122 ι
813 3071 914 3139 Qui
940 3073 1099 3128 habet
1134 3088 1296 3127 aures
1314 3073 1587 3138 audiendi,
1611 3076 1871 3143 audiat;r
1894 3085 1950 3129 et
1973 3074 2054 3128 l"':

481 3181 503 3218 r
535 3164 705 3232 Quam
747 3165 980 3235 speciosi
1019 3168 1182 3234 pedes
1214 3167 1709 3236 evangelizantium
1755 3169 1976 3238 pacem!
2030 3187 2048 3220 ι

476 3269 531 3313 et
558 3258 721 3313 multa
759 3259 872 3312 'his
911 3259 1131 3313 similia.
1166 3257 1294 3314 llaec
1332 3270 1519 3315 autem
1560 3261 1764 3316 idcirco
1788 3261 2056 3332 praemisi-

480 3366 623 3410 mus.
661 3350 738 3404 uti
771 3365 837 3405 ne
867 3365 1034 3419 super
1065 3352 1429 3416 membrorum
1465 3368 1564 3407 nos
1593 3353 1872 3408 vocabulis
1899 3354 2054 3408 simi-

477 3439 651 3495 litudo
705 3445 1019 3498 conturbet.
1066 3443 1189 3498 Sint
1232 3459 1362 3515 ergo
1410 3449 1516 3500 duo
1565 3447 1664 3499 viri
1699 3447 1783 3500 isti
1826 3447 1918 3514 qui
1949 3445 2055 3498 liti-

478 3543 636 3600 gant,
694 3533 803 3588 duo
848 3535 1210 3604 disputantes,
1244 3545 1298 3588 et
1321 3537 1388 3590 de
1430 3537 1780 3605 dogmatibus
1805 3537 1889 3591 vel
1918 3552 2060 3604 qua:-

477 3625 750 3679 stionibus
797 3625 932 3694 legis
990 3641 1177 3681 secum
1235 3628 1470 3680 invicem
1523 3627 1935 3694 conquirentes,
1981 3636 2058 3692 et,

477 3724 541 3772 ut
575 3716 818 3786 Apostoli
875 3731 1126 3771 sermone
1171 3717 1438 3781 dicamus,
1471 3717 1714 3770 rixantes
1753 3717 1901 3770 circa
1932 3731 2057 3770 ver-

481 3809 678 3864 borum
705 3823 936 3878 pugnas.
979 3807 1128 3862 Unde
1174 3819 1228 3862 et
1262 3809 1401 3863 idem
1445 3809 1738 3878 Apostolus
1769 3811 1947 3865 sciens
1977 3811 2060 3864 itt-

479 3913 562 3955 ter
595 3901 793 3955 fratres
845 3902 1149 3967 huiusmodi
1196 3900 1320 3954 lites
1357 3915 1674 3970 exsurgere,
1707 3904 1974 3973 praecipit,
2006 3911 2062 3958 et

480 3993 682 4048 dicit"
718 4010 732 4048 :
765 4011 782 4043 σ
845 3992 962 4046 Noli
1016 3995 1198 4048 verbis
1229 3994 1581 4058 contendere,
1628 3995 1692 4049 ad
1735 3995 1868 4048 nihil
1910 3995 2056 4049 enint

476 4085 612 4138 utile
645 4095 750 4153 est,
788 4086 887 4140 nisi
959 4085 1026 4140 ad
1079 4086 1488 4140 subversiouem
1529 4085 1902 4156 audientium;
1942 4107 1961 4139 ι
2004 4097 2060 4142 et

473 4177 602 4232 alibi
631 4179 712 4232 ηδε
759 4196 776 4228 ι
813 4178 1151 4244 ριιειιςιίοιιρε
1198 4188 1380 4234 autem
1430 4179 1561 4250 legis
1598 4178 1776 4233 devita
1803 4219 1818 4244 ,
1874 4180 2058 4236 sciens

474 4270 614 4338 quod
649 4279 910 4340 generant
932 4270 1072 4325 lites.
1101 4271 1334 4325 Servum
1364 4281 1545 4325 autem
1576 4271 1667 4325 Dei
1700 4289 1804 4326 non
1842 4281 2058 4342 oportet

477 4361 712 4430 litigare.
752 4381 771 4412 ι
807 4363 943 4428 Quia
975 4377 1106 4431 ergo
1160 4362 1246 4416 isti
1290 4363 1379 4431 qui
1433 4364 1484 4416 in
1521 4361 1913 4432 qua‘stionibus
1944 4361 2056 4416 liti-

477 4459 628 4520 gant,
655 4452 724 4505 ad
766 4454 1179 4508 subversionem
1209 4455 1546 4508 audientium
1577 4454 1818 4524 litigant,
1852 4454 2056 4509 idcirco

2174 605 2536 673 praemisimus
2573 605 2849 674 quomodo
2919 604 3286 660 membrorum
3335 608 3750 677 appellationem

2169 697 2451 764 suscipere
2473 697 2694 760 debeas,
2729 705 2787 749 ut
2823 698 3046 750 recedas
3093 712 3124 749 a
3167 701 3447 768 corporeis
3476 702 3749 766 sensibus,

2168 787 2528 842 etinterioris
2556 788 2792 843 hominis
2839 790 3024 856 capias
3073 789 3430 848 intellectum.
3472 789 3528 845 Si
3567 802 3749 848 autem

2171 879 2251 933 vis
2282 887 2339 932 ut
2367 879 2547 934 adhuc
2577 887 2631 934 et
2658 881 2709 934 in
2743 880 2847 934 hoc
2863 882 2929 936 de
2956 881 3254 949 Scripturis
3277 883 3370 936 tibi
3391 883 3748 948 satisfaciant,

2170 969 2295 1023 audi
2353 971 2676 1039 Apostolum
2737 974 3012 1029 dicentem
3043 977 3086 1007 “
3120 995 3133 1031 :
3163 995 3181 1028 ι
3223 976 3405 1031 Filioli
3438 975 3567 1042 mei,
3612 991 3751 1045 quos

2169 1061 2365 1116 iterum
2394 1064 2660 1133 parturio,
2684 1065 2856 1119 donec
2881 1066 3153 1122 formetur
3175 1069 3424 1123 Christus
3454 1070 3504 1122 in
3534 1069 3746 1123 vobis.»

2168 1153 2398 1208 Perfecti
2428 1169 2560 1222 ergo
2592 1165 2718 1209 sunt
2741 1167 2796 1210 et
2832 1157 2935 1214 viri
2967 1160 3163 1225 fortes,
3188 1161 3280 1228 qui
3307 1161 3492 1214 statim
3533 1169 3590 1215 ut
3618 1175 3750 1216 eon-

2166 1245 2397 1312 cipiunt,
2457 1246 2698 1313 pariunt,
2729 1247 2782 1301 id
2815 1258 2920 1315 est,
2948 1251 3042 1320 qui
3094 1260 3418 1320 conceptum
3451 1252 3574 1305 fidei
3621 1265 3745 1306 ver-

2168 1329 2290 1382 bum
2331 1329 2383 1382 in
2429 1345 2592 1398 opera
2645 1334 2980 1400 producunt.
3010 1335 3202 1390 Anima
3253 1346 3435 1391 autem
3465 1353 3587 1405 qum
3609 1353 3743 1393 cou-

2167 1422 2333 1488 cepit,
2358 1422 2490 1476 etin
2523 1433 2710 1478 ventre
2739 1426 2961 1490 retinet,
2999 1436 3055 1481 et
3089 1443 3193 1482 non
3231 1430 3396 1497 parit,
3424 1430 3524 1484 ista
3555 1431 3749 1486 mulier

2166 1513 2488 1582 appellatur,
2540 1515 2685 1570 sicut
2731 1525 2786 1571 et
2846 1520 3109 1586 propheta
3159 1520 3290 1575 dicit
3322 1521 3413 1573 3’:
3461 1541 3480 1571 ‹
3523 1522 3742 1576 Dolores

2166 1615 2352 1674 partus
2385 1607 2720 1660 advenerunt
2754 1609 2828 1672 ei,
2856 1617 2910 1665 et
2942 1611 3112 1666 virtus
3165 1613 3413 1681 pariendi
3455 1630 3558 1668 tton
3584 1616 3742 1670 estin

2165 1709 2252 1748 ea.
2303 1713 2319 1744 ι
2361 1695 2483 1749 ΙΙςιιρ
2529 1711 2657 1767 ergo
2718 1697 2922 1762 anima,
2959 1714 3080 1768 quas
3129 1716 3270 1755 nunc
3304 1717 3402 1769 pro
3428 1702 3746 1758 inlirmitate

2168 1784 2251 1837 sui
2281 1784 2475 1837 mulier
2507 1786 2830 1854 appellatur,
2861 1789 3070 1844 duobus
3113 1790 3258 1843 inter
3288 1805 3346 1845 se
3409 1793 3750 1859 litigantibus

2099 1878 2142 1932 Β
2176 1875 2326 1942 viris,
2361 1885 2416 1928 et
2441 1877 2492 1930 itt
2525 1877 2822 1931 certamine
2855 1881 3110 1933 scandala
3149 1881 3576 1950 proferentihus,
3607 1885 3750 1951 quod

2170 1964 2372 2020 habere
2398 1981 2613 2036 semper
2646 1971 2939 2025 verborum
2998 1973 3274 2028 contentio
3305 1974 3461 2039 solet,
3511 1976 3749 2044 percuti-

2170 2067 2259 2113 tur
2282 2068 2336 2113 et
2387 2061 2820 2128 scandalizatur,
2851 2063 2922 2117 ita
2958 2072 3016 2118 ut
3055 2067 3277 2120 verbum
3313 2069 3460 2134 lidei,
3487 2069 3630 2137 quod
3667 2079 3749 2122 te-

2167 2153 2352 2206 nuiter
2407 2163 2756 2222 conceperat,
2791 2155 3018 2224 abjiciat
3067 2167 3119 2212 et
3165 2160 3376 2228 perdat,
3423 2172 3477 2215 et
3521 2161 3636 2215 haec
3663 2171 3752 2216 est

2170 2241 2238 2296 lis
2269 2251 2324 2297 et
2352 2245 2635 2299 contentio
2661 2247 2727 2299 ad
2759 2248 3102 2304 eversionem
3130 2251 3495 2308 audientium.
3527 2252 3584 2307 Si
3615 2267 3748 2322 ergo

2170 2335 2412 2388 nondum
2440 2333 2730 2390 formatum
2765 2337 2948 2390 anima
2985 2355 3107 2408 qua:
3129 2341 3496 2396 scandalizata
3524 2353 3631 2411 est,
3652 2346 3749 2398 ab-

2160 2423 2359 2491 jecerit
2399 2428 2646 2495 verbum,
2703 2428 2796 2497 qui
2851 2431 3283 2496 scaudalizavit,
3322 2434 3579 2488 damnum
3620 2435 3748 2490 dici-

2167 2525 2256 2568 tur
2285 2516 2420 2586 pati.
2474 2517 2569 2571 Vis
2601 2519 2746 2572 scire
2768 2519 2894 2588 quia
2932 2528 3015 2572 cst
3063 2521 3116 2573 in
3146 2519 3419 2590 aliquibus
3450 2523 3745 2576 formatum

2167 2609 2420 2674 verbum,
2454 2610 2506 2663 in
2527 2609 2797 2678 aliquibus
2824 2607 3062 2662 nondum
3096 2610 3422 2665 formatum?
3454 2612 3745 2668 Evidentet‘

2164 2715 2262 2756 nos
2290 2700 2450 2755 docet
2477 2703 2720 2772 Apostoli
2764 2717 2966 2767 sermo,
3001 2717 3164 2772 quem
3203 2718 3364 2773 supra
3411 2706 3738 2759 memoravi-

2166 2809 2308 2858 mus,
2367 2809 2490 2848 cum
2545 2796 2622 2848 ait
2661 2795 2706 2825 ⁸³
2742 2813 2757 2849 :
2791 2813 2809 2846 ι
2847 2795 3028 2848 Donec
3085 2794 3358 2849 formetur
3385 2795 3640 2850 Christus
3686 2797 3738 2850 in

2161 2886 2340 2941 vobis.
2374 2907 2391 2939 ι
2415 2886 2668 2942 Christus
2700 2897 2882 2940 autem
2912 2897 2997 2941 est
3035 2885 3274 2941 Verbum
3311 2887 3429 2942 Dei.
3470 2887 3573 2942 Per
3597 2888 3742 2957 quod

2160 2979 2418 3043 ostendit,
2449 2980 2578 3048 quia
2620 2993 2684 3034 eo
2715 2987 2960 3049 tempore
3007 2993 3114 3047 quo
3159 2979 3453 3040 scribebat.
3487 2981 3729 3033 ttoudum

2158 3079 2277 3125 erat
2311 3071 2364 3124 itt
2417 3070 2524 3124 illis
2587 3070 2874 3124 formatum
2925 3069 3157 3125 Verbum
3194 3072 3307 3124 Dei.
3344 3070 3399 3125 Si
3433 3087 3565 3140 ergo
3601 3086 3739 3125 nou-

2162 3163 2289 3215 dutn
2335 3161 2628 3216 formatum
2654 3163 2871 3225 exierit,
2907 3162 3163 3215 damnum
3201 3161 3450 3230 patietur.
3490 3163 3568 3218 De
3592 3163 3740 3216 dant-

2165 3256 2248 3310 nis
2282 3257 2564 3312 doctorum
2596 3256 2762 3311 etiam
2794 3255 3088 3324 Apostolus
3125 3255 3303 3320 docet,
3335 3269 3458 3308 cum
3492 3255 3621 3309 dicit
3652 3253 3740 3308 “r

2167 3366 2185 3398 ι
2217 3347 2275 3402 Si
2299 3347 2454 3413 cujus
2514 3358 2696 3400 autem
2742 3362 2880 3415 opus
2913 3348 3136 3411 arserit,
3177 3346 3432 3399 damnum
3486 3346 3743 3413 patietur.

2162 3437 2282 3505 Ipse
2310 3447 2488 3490 autem
2515 3435 2699 3490 salvus
2732 3437 2856 3497 erit,
2889 3435 2968 3489 sic
2992 3443 3169 3489 tamen
3199 3437 3353 3504 quasi
3380 3452 3473 3505 per
3505 3437 3739 3505 ignem.»

2163 3528 2270 3582 Sed
2299 3537 2352 3580 et
2387 3527 2643 3582 Dominus
2676 3527 2728 3581 itt
2765 3526 3070 3594 Evangeliis
3119 3527 3252 3580 dicit
3281 3529 3325 3559 ⁵⁸
3355 3528 3544 3594 :tQuid
3591 3528 3740 3582 enim

2164 3618 2392 3688 prodest
2430 3619 2664 3684 homini,
2699 3619 2745 3672 si
2791 3619 3104 3674 universum
3159 3621 3422 3674 tnundtttu
3480 3620 3742 3686 lucretur,

2165 3711 2400 3767 animam
2434 3719 2616 3764 autem
2650 3725 2804 3766 suam
2840 3711 3055 3780 perdat,
3087 3720 3182 3766 aut
3209 3712 3467 3766 damnum
3499 3711 3735 3766 faciat?»

2163 3804 2317 3860 Unde
2374 3804 2591 3858 videtur
2638 3805 2848 3859 ostendi
2905 3805 3049 3873 quod
3113 3804 3360 3874 quasdam
3411 3815 3634 3873 peccata
3673 3805 3742 3858 ad

2162 3896 2421 3949 damnum
2454 3895 2672 3965 quidem
2729 3896 3062 3966 pertineant,
3096 3913 3199 3952 non
3232 3905 3415 3952 tamen
3441 3897 3510 3950 ad
3562 3896 3735 3950 inter-

2163 3987 2296 4040 itum
2325 4003 2340 4052 ;
2400 3988 2526 4056 quia
2553 3987 2648 4055 qui
2677 3990 2934 4042 damnum
2969 4005 3171 4059 passus
3202 3989 3390 4054 fuerit,
3423 3988 3536 4056 ipse
3564 3997 3742 4041 tamen

2161 4077 2355 4131 salvari
2402 4077 2626 4142 dicitur,
2681 4077 2809 4133 licet
2851 4096 2947 4148 per
2998 4084 3198 4152 ignem.
3258 4079 3414 4137 Unde
3470 4083 3638 4137 credo
3688 4091 3746 4136 et

2160 4170 2403 4225 Joannes
2429 4169 2711 4240 apostolus
2766 4175 2816 4225 in
2846 4173 3092 4241 Epistula
3122 4189 3220 4228 sua
3249 4174 3294 4205 ⁸⁸
3325 4175 3458 4228 dicit
3492 4177 3742 4242 qutedam

2160 4277 2282 4318 esse
2329 4271 2551 4330 peccata
2600 4263 2666 4316 ad
2721 4274 2980 4328 mortem,
3040 4267 3286 4333 quaedam
3349 4281 3455 4320 non
3508 4280 3628 4320 esse
3670 4267 3738 4320 ad

2162 4366 2414 4409 mortem.
2461 4353 2593 4420 Qua:
2639 4364 2825 4409 autem
2867 4357 2980 4408 sint
3025 4356 3237 4424 species
3277 4365 3626 4424 peccatorum
3670 4357 3742 4412 ad

2163 4457 2418 4511 mortem,
2441 4462 2562 4515 qua:
2591 4459 2721 4500 vero
2758 4461 2864 4499 non
2881 4445 2946 4499 ad
2971 4456 3227 4510 mortem,
3247 4449 3341 4500 sed
3365 4448 3430 4500 ad
3455 4447 3740 4512 damnum,

474 4545 788 4610 percutiunt
841 4548 1124 4600 mulierem
1187 4556 1584 4616 prmgnantem,
1619 4558 1673 4601 et
1713 4548 2050 4618 ejiciuntin~

2166 4554 2270 4594 non
2292 4547 2423 4608 puto
2454 4536 2617 4592 facile
2637 4553 2666 4591 a
2687 4549 2959 4606 quoquam
2986 4537 3264 4591 hominum
3293 4553 3453 4607 posse
3473 4537 3737 4592 discerni.

475 4635 676 4688 fantem
701 4634 839 4704 ejus,
877 4636 956 4692 vel
991 4637 1280 4691 formatum
1311 4639 1445 4706 jam,
1471 4638 1552 4692 vel
1580 4639 1816 4692 nondum
1853 4639 2054 4694 forma~

473 4733 609 4779 tum.
665 4725 857 4780 Mulier
901 4743 1187 4796 przegnans
1225 4729 1428 4784 dicitur
1469 4731 1671 4795 anima,
1715 4745 1836 4799 qua:
1876 4746 2053 4798 nuper

473 4815 570 4870 Dei
618 4817 868 4886 concepit
908 4820 1155 4874 verbum.
1207 4819 1280 4872 De
1325 4817 1418 4870 tali
1470 4828 1651 4874 autem
1693 4821 2054 4887 conceptione

476 4907 706 4978 legimus
755 4908 808 4962 in
863 4909 970 4963 alio
1001 4911 1120 4965 loco
1150 4912 1416 4982 scriptum
1445 4912 1528 4964 ⁸⁹ε
1566 4929 1585 4963 t
1623 4914 1669 4964 A
1703 4913 1894 4966 timore
1932 4921 2046 4974 tuo,

475 4995 721 5063 Domine,
755 4999 808 5051 in
834 5008 986 5054 utero
1009 5002 1386 5070 concepimus,
1414 5011 1466 5057 et
1509 5003 1839 5071 peperimus.
1881 5018 1900 5052 ι
1942 4999 2043 5064 Qui

470 5104 602 5158 ergo
630 5091 962 5158 concipiunt,
993 5099 1050 5146 et
1080 5092 1262 5146 statim
1289 5093 1534 5162 pariunt,
1557 5094 1642 5148 isti
1667 5108 1766 5147 nec
1789 5093 2045 5146 mulieres

467 5179 817 5234 existimandi
849 5191 995 5247 sunt,
1028 5182 1122 5237 sed
1155 5184 1277 5248 viri,
1311 5194 1365 5238 et
1391 5185 1615 5254 perfecti
1643 5185 1766 5238 viri.
1803 5182 2048 5253 Denique

471 5271 595 5326 audi
631 5281 683 5325 et
712 5275 1033 5342 prophetam
1081 5275 1348 5329 dicentem
1374 5276 1453 5330 θοι
1491 5293 1510 5326 t
1545 5276 1599 5330 Si
1653 5276 1862 5345 peperit
1901 5285 2044 5328 terra

472 5365 524 5418 in
553 5382 657 5419 una
687 5367 795 5429 die,
855 5375 910 5421 et
942 5379 1069 5422 nata
1096 5379 1178 5423 est
1224 5384 1356 5440 gens
1399 5370 1466 5423 de
1497 5369 1684 5424 semel.
1725 5387 1743 5419 ι
1781 5369 1888 5423 ista
1919 5383 2047 5437 ergo

470 5467 556 5510 est
587 5460 873 5526 generatio
929 5461 1297 5529 perfectorum
1363 5477 1482 5529 qua:
1517 5463 1699 5541 statim
1725 5462 1824 5514 sub
1847 5462 1954 5526 die,
1989 5470 2046 5515 ut

469 5556 735 5617 Concepta
763 5550 948 5618 fuerit,
978 5554 1244 5608 nascitur.
1280 5554 1478 5608 Verum
1524 5569 1591 5608 ne
1618 5554 1712 5607 tibi
1737 5569 1931 5607 uovunt
1966 5555 2045 5607 vi-

540 5680 807 5735 "Matth.
856 5701 951 5746 \‘ll,
1002 5685 1055 5750 ‘5,
1091 5686 1142 5739 αἱ.
1223 5688 1266 5719 ⁵⁵
1313 5687 1500 5741 Matth.
1534 5703 1651 5751 xttt,
1703 5689 1755 5740 9.

470 5742 556 5804 Ν.
637 5753 680 5781 (³ο
713 5751 813 5805 lsa.
849 5742 992 5818 vat,
1152 5758 1193 5787 ⁵³
1225 5758 1435 5820 GalJv,
1473 5760 1553 5813 l9.

475 5833 580 5887 ttvt,
617 5821 706 5875 ‘26.
783 5825 829 5853 "'5’
865 5823 1058 5880 lJoan.
1097 5841 1147 5892 ν,
1187 5828 1270 5883 lo‘.
1355 5831 1394 5859 ‘37
1447 5828 1588 5882 l'sal.
1644 5843 1795 5896 xvttt,
1833 5830 1914 5883 l5.

1835 5689 1881 5719 ⁵⁸
1915 5689 2014 5740 lsa.
2045 5704 2140 5748 ιιι,
2168 5688 2224 5739 7.

1669 5757 1814 5811 6‘lsa
1867 5775 2073 5820 xxxut,
2136 5759 2189 5810 5.
2269 5759 2312 5789 ⁵³
2361 5757 2389 5809 C

1669 5843 1795 5884 .vm.
1833 5830 1914 5883 l5.
1992 5830 2037 5861 ⁶⁸
2067 5830 2259 5884 Matth.
2284 5843 2389 5881 xxv

2122 5844 2259 5884 ίιιιιι.
2284 5844 2412 5885 XXV.

2164 4631 2438 4698 Scriptum
2474 4643 2709 4698 namque
2745 4638 2830 4682 est
2857 4629 2900 4658 ⁸⁷
2923 4645 2978 4681 :t
3014 4627 3219 4681 Delicta
3252 4628 3376 4697 quis
3402 4627 3690 4699 intelligit?
3712 4648 3732 4682 ι

2163 4721 2547 4776 Verumtamen
2588 4734 2654 4774 ex
2685 4719 2767 4772 bis
2795 4733 2917 4786 quae
2941 4718 2992 4772 in
3019 4719 3317 4789 Evangelia
3339 4736 3434 4790 per
3454 4721 3740 4790 parabolas

2160 4812 2497 4875 referuntur,
2531 4825 2602 4864 ex
2653 4819 2806 4878 parte
2835 4809 3018 4880 aliqua-
3060 4826 3394 4881 cognoscere
3447 4828 3738 4883 possumus

2159 4901 2460 4971 cuiusmodi
2507 4902 2636 4966 sint,
2673 4918 2795 4971 qua:
2827 4904 3020 4958 danma
3075 4905 3448 4973 nominantur,
3486 4921 3607 4960 cum
3658 4906 3732 4960 ibi

2158 4997 2357 5051 iterum
2380 4995 2664 5049 videamus
2693 4998 2759 5050 ad
2793 4997 3002 5051 luerunt
3035 4999 3282 5068 deputari
3322 4999 3590 5066 quaedam,
3615 5013 3738 5068 qua:

2161 5105 2258 5159 per
2288 5090 2716 5158 negotiationem
2751 5090 2978 5160 qttatsita
3014 5089 3289 5144 dicuntur.
3329 5090 3491 5145 Verbi
3536 5093 3734 5159 gratia,

2161 5196 2284 5235 cum
2315 5182 2624 5236 referuntur
2645 5198 2809 5250 super
2832 5183 3070 5250 quinque
3105 5197 3258 5236 m-nas
3299 5183 3581 5250 acquisita:
3614 5195 3738 5234 esse

2159 5274 2280 5329 alia:
2314 5275 2576 5344 quinque,
2605 5274 2872 5343 velsuper
2894 5274 3029 5326 duas
3059 5273 3340 5341 acquisita:
3369 5274 3488 5327 alia:
3513 5275 3629 5325 dua:
3647 5270 3728 5324 δεῖ

2155 5378 2248 5422 aut
2276 5383 2398 5422 curn
2441 5369 2724 5437 drachma,
2775 5370 2858 5424 vel
2887 5369 3168 5432 denarius,
3223 5367 3306 5422 vel
3347 5367 3605 5419 talentum
3636 5379 3733 5431 po-

2155 5461 2325 5524 nitur,
2357 5470 2408 5514 et
2435 5460 2589 5528 quasi
2622 5461 2847 5528 pecunia
2886 5461 3134 5529 quaedam
3179 5461 3231 5512 in
3267 5468 3475 5526 quaestu
3501 5471 3728 5523 operum

2156 5552 2500 5608 nominatur;
2533 5551 2623 5606 sed
2650 5562 2703 5605 et
2734 5567 2857 5605 cum
2901 5552 3106 5606 dicitur
3148 5551 3193 5582 “
3218 5548 3608 5621 patet-familias
3631 5563 3726 5616 po-

2300 5687 2343 5718 ⁵⁷
2378 5685 2415 5738 ll
2465 5685 2604 5739 Tim.
2637 5703 2694 5749 tt,
2734 5687 2818 5738 Μ.
2897 5687 2941 5716 ⁵⁸
2974 5687 3102 5740 ibid.
3164 5686 3256 5740 25.

2269 5759 2312 5789 ⁵³
2361 5757 2535 5809 Galat.
2591 5772 2660 5814 IV,
2734 5759 2824 5809 l9.-
2895 5757 2938 5788 “
2974 5757 3133 5813 lCor.
3179 5773 3258 5825 ιιι,
3302 5757 3386 5812 15.

2284 5843 2412 5881 xxv.
2491 5826 2534 5858 δ’
2560 5826 2746 5881 Matth.
2779 5841 2933 5881 xvttt.

3356 5686 3402 5716 ⁸⁸
3431 5685 3529 5738 lsa.
3577 5699 3725 5749 xxvr,

3464 5754 3507 5786 ⁸⁵
3533 5753 3720 5810 Matth.
