4110 6406
319 373 432 434 573

1520 385 1581 436 IN
1623 384 1909 439 EXODUM
1945 383 2227 440 llOMlLI.-\
2265 382 2356 438 XI.

3478 384 3581 438 574

325 510 458 552 nere
485 496 755 552 rationem
785 513 904 554 cum
932 501 1102 556 servis
1133 504 1268 567 suis,
1306 514 1357 558 et
1389 504 1613 559 offertur
1642 506 1691 560 ei
1733 522 1896 570 unus,
1932 514 1973 569 Α
2008 506 2122 570 Dei,
2154 505 2431 558 auferatur
2463 505 2595 560 dens
2643 508 2779 573 ejus,
2811 507 2902 575 qui
2951 521 3056 560 non
3095 511 3229 560 bene
3271 505 3580 573 Scriptura-

322 590 417 658 qui
458 590 695 645 debebat
722 593 905 646 decem
934 595 1102 648 millia
1145 597 1365 650 talenta.
1411 597 1558 652 Talis
1594 613 1727 668 ergo
1756 614 1903 668 quac-

322 683 448 736 dam
483 683 626 737 ratio
653 683 834 738 damni
861 695 945 740 est
971 702 987 740 :
1017 699 1092 750 ut,
1121 690 1272 744 verbi
1297 690 1490 757 gratia,
1518 692 1606 758 qui
1634 707 1734 760 pro
1763 706 1904 746 mer-

323 773 459 828 cede
492 789 589 828 sua
620 783 946 845 accepturus
966 788 1084 832 erat
1107 779 1292 834 decem
1322 797 1498 846 Iulias,
1525 796 1630 836 non
1669 783 1904 850 accipiat

325 865 542 930 decem,
569 867 663 919 sed
691 876 836 931 octo,
864 868 946 921 vel
976 883 1091 934 sex,
1128 878 1222 924 aut
1259 871 1421 925 etiam
1455 871 1637 927 minus
1671 888 1683 924 :
1712 882 1768 927 et
1798 874 1901 929 hoc

324 957 531 1011 damno
560 959 769 1026 percuti
825 959 1026 1015 dicitur
1077 963 1142 1028 is,
1171 962 1265 1031 qui
1298 977 1520 1017 causam
1547 964 1788 1018 scandali
1821 964 1901 1018 in-

331 1048 563 1103 firmiori
595 1057 650 1119 et
679 1050 926 1106 muliebri
972 1055 1202 1122 prmbuit
1229 1053 1441 1108 animae.

395 1139 452 1194 4.
487 1139 647 1195 Dabit
705 1151 908 1209 autem,
951 1143 1123 1213 inquit
1163 1145 1230 1210 7°,
1273 1147 1573 1200 secundum
1611 1147 1756 1215 quod
1817 1147 1900 1200 iu-

323 1231 568 1296 dixerit,
633 1232 718 1287 vel
773 1233 1092 1304 imposuerit
1123 1236 1206 1290 vir
1249 1237 1400 1307 ejus,
1465 1247 1519 1293 et
1572 1237 1724 1291 dabit
1778 1252 1900 1292 cum

328 1320 560 1374 honore.
617 1320 830 1375 A‘nimze
891 1322 1150 1378 discentis
1185 1325 1292 1390 vir,
1344 1326 1607 1396 magister
1641 1327 1755 1397 (59)
1784 1328 1901 1398 ejus

323 1419 442 1476 est;
476 1410 776 1464 secundum
839 1412 980 1480 quod
1031 1413 1290 1470 indiverit
1321 1431 1450 1484 ergo
1506 1416 1589 1470 vir
1634 1416 1761 1481 iste,
1817 1416 1898 1471 vel

323 1497 577 1552 Christus
619 1499 710 1566 qui
756 1501 998 1555 omnium
1051 1502 1310 1571 magister
1351 1513 1455 1566 est,
1513 1503 1599 1558 vel
1652 1505 1747 1574 qui
1801 1520 1899 1569 pro

327 1588 552 1643 Christo
583 1589 842 1646 Ecclesia:
875 1603 1073 1661 przeest
1101 1594 1293 1648 doctor
1325 1594 1656 1660 animarmn,
1683 1597 1769 1650 ille
1809 1598 1900 1666 qui

329 1680 392 1733 ad
422 1678 837 1735 subversionem
864 1682 1206 1738 audientium
1245 1685 1426 1739 verbis
1458 1685 1776 1751 contendit,
1808 1701 1901 1755 pa-

331 1774 489 1826 tietur
519 1772 774 1826 damnum
805 1787 900 1842 pro
927 1775 1109 1830 anima
1141 1775 1253 1843 illa,
1280 1791 1398 1845 quae
1429 1777 1664 1831 nondum
1693 1777 1897 1832 forma-

2009 611 2127 650 rum
2179 595 2495 650 comminuit
2544 605 2598 650 et
2652 597 2861 650 attrivit
2909 596 3075 651 cibos.
3126 595 3392 649 Fortassis
3435 595 3576 648 enim

2005 697 2227 757 propter
2257 687 2358 742 hoc
2382 701 2434 741 et
2472 687 2600 740 alibi
2641 689 2839 741 dicitur
2873 704 2900 742 a
2941 689 3164 741 Domino
3199 689 3283 742 τις
3319 705 3336 738 ι
3377 688 3576 742 Dentes

2006 787 2352 848 peccatorum
2390 777 2715 830 contrivisti.
2753 796 2771 828 ι
2803 777 2866 830 Et
2895 777 3023 830 alibi
3063 777 3411 831 nihilominus
3434 777 3569 831 serio

2006 869 2153 922 bitur
2182 868 2230 899 "
2267 884 2281 919 :
2316 885 2334 918 ι
2374 867 2474 933 Qui
2526 868 2820 922 manducat
2853 881 3015 920 unam
3069 869 3344 931 acerbam,
3391 869 3575 922 obstu-

2007 966 2228 1024 pescent
2270 958 2462 1012 dentes
2492 955 2630 1025 ejus.
2667 977 2684 1009 ι
2722 957 2785 1011 Et
2828 955 2956 1009 alibi
2987 958 3071 1011 ⁷ος
3117 975 3134 1008 ι
3168 957 3334 1012 Melas
3361 958 3573 1011 leonum

2005 1045 2309 1117 confringet
2357 1045 2468 1118 (65)
2523 1047 2803 1102 Dominus.
2863 1067 2880 1100 ι
2914 1048 3004 1101 Sic
3040 1062 3169 1116 ergo
3207 1063 3303 1116 per
3330 1049 3570 1100 membra

2006 1139 2214 1192 dicitur
2271 1137 2390 1193 laedi
2442 1142 2621 1192 anima
2649 1149 2702 1193 et
2736 1140 2968 1208 percuti,
2995 1153 3210 1192 tuanum
3235 1154 3447 1207 quoque
3479 1154 3575 1206 pro

2008 1243 2174 1282 manu
2225 1239 2278 1282 et
2331 1228 2520 1298 pedem
2568 1244 2667 1298 pro
2705 1230 2842 1298 pede
2889 1228 3223 1298 deposcitur.
3273 1228 3460 1282 Manus
3493 1240 3577 1283 est

2005 1317 2203 1372 anima:
2260 1321 2451 1384 virtus,
2509 1335 2613 1388 qua
2653 1330 2836 1374 tenere
2872 1319 3080 1389 aliquid
3107 1328 3160 1374 et
3200 1319 3578 1387 constringere

2005 1418 2207 1479 potest,
2259 1411 2404 1466 velut
2454 1411 2499 1465 si
2538 1412 2786 1466 dicamus
2837 1421 2992 1465 actus
3019 1410 3160 1480 ejus,
3187 1419 3244 1464 et
3277 1410 3532 1464 forLitudo
3561 1426 3574 1472 ;

2003 1511 2059 1557 et
2090 1517 2183 1573 pes
2206 1517 2315 1571 quo
2342 1503 2539 1558 incedit
2582 1503 2646 1557 ad
2709 1505 2847 1558 bona
2881 1503 2962 1559 vel
2995 1503 3156 1556 mala.
3192 1503 3325 1568 Quia
3352 1518 3485 1574 ergo
3531 1506 3575 1558 si

2005 1593 2316 1648 scandalum
2343 1595 2586 1664 patiatur
2617 1595 2822 1659 anima,
2870 1612 2975 1650 non
3013 1597 3186 1651 solum
3233 1597 3283 1649 in
3317 1597 3441 1664 fide,
3479 1597 3575 1652 sed

2005 1695 2057 1740 ct
2082 1686 2132 1737 in
2151 1686 2364 1739 actibus
2389 1684 2661 1755 dejicitur,
2688 1687 2777 1754 qui
2799 1702 2896 1755 per
2922 1703 3136 1741 manum
3162 1687 3572 1757 significantur;

2005 1789 2056 1830 et
2092 1781 2255 1847 pedes
2294 1777 2614 1832 aufereutur
2661 1777 2828 1842 illius,
2875 1778 2965 1848 qui
3014 1777 3404 1833 olTendiculum
3437 1794 3575 1847 pra:-

339 1875 447 1916 tum
479 1865 676 1934 abjecit
726 1865 1008 1924 infantem.
1059 1867 1210 1934 Quod
1244 1876 1420 1935 potest
1457 1867 1596 1922 forte
1629 1869 1696 1923 de
1737 1884 1894 1922 scan-
1935 1849 1973 1902 Β
2003 1870 2138 1934 buit,
2167 1879 2220 1922 et
2252 1884 2444 1922 manus
2492 1869 2691 1937 quibus
2722 1883 2826 1921 non
2859 1870 2992 1922 bene
3017 1877 3292 1936 operatur,
3320 1877 3373 1920 et
3411 1869 3573 1934 pedes

337 1956 455 2010 dalo
497 1958 874 2012 catechumeni
925 1960 1095 2028 accipi
1149 1961 1391 2015 nondum
1438 1957 1674 2014 formati.
1716 1961 1897 2014 Potest

333 2047 466 2098 enim
503 2047 642 2114 fieri,
677 2058 734 2100 ut
781 2065 998 2103 rursum
1033 2051 1144 2120 ipse
1187 2050 1278 2120 qui
1336 2049 1490 2112 laesit,
1527 2051 1784 2114 instruat,
1813 2066 1897 2106 re-

329 2149 493 2203 paret,
535 2141 786 2193 restituat
817 2142 1011 2196 aninne
1043 2158 1102 2196 ea
1131 2158 1250 2211 qua:
1278 2142 1532 2211 perdidit,
1561 2152 1614 2198 et
1642 2143 1755 2197 haec
1785 2141 1894 2210 jam

326 2229 482 2284 faciet
539 2246 662 2286 cum
698 2232 928 2299 honore,
969 2247 1090 2290 cum
1127 2234 1416 2297 modestia,
1446 2249 1568 2289 cmn
1599 2233 1892 2305 patientia;

324 2325 463 2381 sicut
489 2325 785 2395 Apostolus
838 2327 998 2398 168
1051 2329 1180 2382 dicit
1213 2328 1256 2359 '“
1291 2343 1304 2380 :
1347 2346 1366 2379 ι
1404 2329 1535 2382 Cum
1586 2341 1892 2384 mansuctu~

321 2420 446 2473 dine
476 2419 779 2488 corripiens
802 2435 920 2485 eos,
952 2421 1042 2490 qui
1089 2421 1348 2475 resistunt
1384 2419 1531 2491 (60);
1565 2439 1582 2470 ι
1621 2437 1726 2476 non
1773 2438 1892 2476 cum

322 2508 437 2572 lite,
465 2510 608 2562 sicut
643 2508 812 2576 prius,
840 2524 962 2562 cum
995 2510 1318 2564 scandalum
1367 2511 1567 2565 intulit.
1611 2531 1628 2563 ι
1663 2510 1815 2578 Quod
1847 2511 1890 2565 si

321 2593 592 2650 formatus
641 2595 752 2662 jam
814 2597 970 2651 fuerit
1030 2599 1230 2664 infans,
1295 2601 1447 2654 dabit
1497 2601 1736 2656 animam
1799 2616 1895 2669 pro

320 2687 526 2740 anima.
568 2705 586 2739 ι
616 2685 902 2743 Formatus
949 2689 1124 2744 infans
1163 2699 1342 2760 potest
1385 2691 1554 2744 videri
1585 2705 1771 2745 sermo
1799 2691 1892 2744 Dei

318 2779 372 2831 in
406 2779 570 2833 eorde
599 2778 714 2846 ejus
747 2781 966 2844 anima},
997 2797 1117 2851 qua:
1167 2782 1397 2851 gratiam
1456 2782 1708 2852 baptismi
1758 2796 1890 2835 con-

319 2881 508 2924 secuta
555 2861 658 2938 cst',
711 2872 792 2926 vel
839 2888 956 2940 qua:
1006 2873 1310 2929 evidentius
1340 2881 1395 2927 et
1436 2873 1637 2927 clarius
1668 2873 1890 2926 verbum

317 2963 445 3016 fidei
493 2963 764 3032 concepit.
827 2964 950 3018 ll.ee
1016 2978 1145 3032 ergo
1199 2963 1243 3018 si
1310 2965 1476 3016 nimia
1537 2963 1892 3017 contentione

313 3055 603 3109 doctorum
651 3067 906 3122 percussa
945 3051 1212 3120 abiecerit
1259 3053 1508 3115 verbum,
1569 3060 1623 3105 et
1674 3052 1890 3104 inventa

2003 1960 2202 2028 quibus
2227 1975 2331 2014 nOn
2361 1961 2497 2013 bene
2525 1958 2744 2012 incedit.
2785 1957 3026 2028 Recipiet
3057 1956 3219 2010 etiam
3259 1955 3570 2009 combustu-

2003 2065 2117 2105 ram
2150 2066 2247 2118 pro
2303 2049 2681 2112 combustura,
2723 2065 2828 2118 qua
2864 2048 3191 2112 combussit,
3222 2057 3276 2100 et
3309 2048 3569 2116 gchcnmc

2004 2143 2228 2197 tradidit
2268 2143 2528 2206 animam.
2585 2141 2691 2196 Per
2728 2156 2848 2210 qua:
2892 2141 3100 2209 Singula
3149 2142 3472 2202 ostenditur,
3516 2148 3572 2192 ut

2002 2235 2104 2290 iste
2155 2247 2446 2304 percussor
2499 2232 2754 2286 ouinibus
2821 2228 3167 2284 detruncatis
3216 2230 3491 2295 membris,
3531 2247 3560 2285 a

1999 2340 2230 2394 corpore
2283 2323 2571 2378 excidatur
2627 2321 2913 2386 Ecclesiae;
2957 2329 3012 2372 ut
3039 2321 3243 2385 cancri,
3284 2320 3456 2388 inquit
3502 2319 3569 2384 τί,

1999 2417 2248 2471 videntes
2272 2415 2516 2469 timorem
2548 2412 2805 2476 habeant,
2845 2420 2897 2465 ct
2921 2428 3024 2465 non
3057 2408 3261 2464 faciant
3298 2409 3568 2462 similiter.

1998 2508 2204 2564 Idcirco
2231 2516 2284 2561 et
2317 2504 2604 2576 Apostolus
2631 2520 2752 2560 cum
2789 2505 3064 2559 doctorem
3095 2503 3355 2556 describit
3383 2501 3569 2556 Eccle-

1996 2599 2090 2654 sia:
2117 2600 2182 2667 ⁷⁸,
2216 2599 2353 2652 inter
2383 2606 2576 2652 caetera
2598 2595 2842 2666 prarcipit
2865 2611 2983 2649 eum
3005 2611 3109 2648 non
3141 2611 3260 2650 esse
3291 2609 3576 2663 percusso-—

2000 2707 2134 2756 rem,
2155 2707 2220 2746 ne
2242 2690 2549 2761 percutiens
2579 2697 2916 2761 pra'gnantes
2941 2689 3210 2754 inuberes,
3227 2687 3434 2740 animas
3454 2687 3578 2738 insi-

1995 2785 2228 2854 pientes,
2247 2793 2409 2854 ponat
2427 2783 2661 2836 animam
2687 2796 2782 2850 pro
2800 2785 3002 2846 anima,
3029 2779 3240 2833 oculum
3271 2795 3366 2848 pro
3393 2779 3572 2842 oculo,

1996 2876 2212 2930 dentem
2251 2890 2346 2943 pro
2377 2874 2557 2928 dente.
2604 2871 2762 2926 Tales
2810 2882 2937 2927 sunt
2972 2882 3024 2925 et
3063 2871 3165 2925 illae
3206 2871 3398 2923 anima:
3439 2887 3574 2938 «pias

1994 2969 2158 3021 etiam
2178 2966 2432 3020 Dominus
2451 2965 2502 3018 in
2529 2962 2990 3033 Evangeliodeﬂet
3019 2978 3140 3016 cum
3168 2961 3296 3015 dicit
3315 2963 3357 2992 ⁷⁹
3390 2950 3442 3014 :i
3489 2959 3576 3014 Vae

1996 3057 2402 3127 prmgnantibus
2450 3064 2504 3109 et
2561 3055 2926 3109 nutrientibus
2963 3054 3016 3106 in
3067 3053 3175 3107 illis
3203 3053 3414 3120 diebus,
3452 3072 3470 3103 ι
3517 3053 3570 3106 in

316 3145 487 3198 fuerit
515 3158 636 3199 esse
663 3145 729 3196 de
756 3140 883 3202 illis,
918 3141 984 3196 de
1019 3141 1220 3208 quibus
1243 3138 1461 3194 dicebat
1495 3139 1783 3208 Apostolus
1809 3141 1888 3194 ἠε
1921 3177 1963 3232 C
1998 3146 2197 3218 quibus
2253 3145 2798 3209 scandalizabuntur,
2855 3162 2873 3195 ι
2909 3144 2953 3199 si
3011 3143 3128 3197 fieri
3171 3152 3370 3212 potest,
3405 3143 3571 3196 etiam

320 3253 343 3287 ε
383 3235 499 3288 Jam
525 3235 666 3288 enim
706 3230 954 3298 qumdam
979 3243 1260 3284 conversae
1287 3241 1415 3284 sunt
1447 3241 1595 3284 retro
1627 3243 1746 3301 post
1791 3232 1893 3286 Sa-

320 3334 527 3388 tanam,
567 3339 585 3372 ι
621 3319 856 3373 animam
888 3335 989 3390 pro
1020 3320 1200 3373 anima
1256 3320 1427 3375 dabit.
1476 3321 1570 3374 Vel
1607 3324 1674 3377 de
1708 3323 1794 3377 die
1817 3321 1896 3390 ju-

316 3411 449 3466 dicii
474 3412 850 3480 accipiendum
883 3419 966 3466 est
1002 3411 1144 3480 apud
1183 3412 1350 3465 Deum
1374 3409 1644 3480 judiccm,
1671 3413 1764 3482 qui
1794 3429 1889 3483 po-

324 3515 436 3559 test
503 3506 742 3559 animam
781 3515 835 3559 et
886 3520 1082 3575 corpus
1141 3506 1369 3573 perdere
1426 3507 1476 3558 iu
1541 3506 1889 3576 gehennam:

318 3603 446 3669 quia
478 3609 530 3653 et
563 3598 687 3654 alibi
717 3600 847 3655 dicit
870 3598 1130 3669 propheta
1165 3597 1230 3650 ad
1261 3595 1564 3652 Jerusalem
1593 3597 1638 3629 ⁷³
1666 3617 1680 3652 :
1715 3616 1734 3648 ι
1763 3599 1893 3654 Dedi

319 3691 807 3746 commutationem
869 3700 1020 3745 tuam
1078 3688 1394 3758 Egyptum,
1454 3687 1892 3760 Ethiopiam,et

320 3785 541 3838 Socnen
592 3784 704 3855 (Gl)
744 3799 844 3854 pro
909 3793 978 3838 te.
1023 3801 1042 3836 ι
1107 3781 1202 3836 Vel
1249 3792 1396 3835 certe
1444 3791 1619 3852 potest
1648 3783 1895 3839 fortassis

319 3879 484 3934 etiam
513 3877 644 3932 illud
689 3877 882 3946 aptari,
928 3885 984 3929 ut
1014 3877 1102 3944 qui
1135 3876 1234 3930 sibi
1279 3876 1532 3930 conscius
1567 3875 1700 3929 tanti
1737 3891 1897 3930 scan-

319 3971 430 4026 dali
467 3969 654 4034 fuerit,
694 3980 857 4038 ponat
906 3967 1144 4021 animam
1195 3982 1345 4021 suam
1377 3983 1476 4036 pro
1519 3967 1697 4020 anima
1730 3967 1895 4034 illius,

326 4079 495 4135 quem
569 4061 1047 4128 scandalizaverit,
1107 4070 1161 4115 et
1220 4075 1392 4129 usque
1435 4059 1503 4113 ad
1546 4069 1777 4114 mortem
1805 4060 1896 4115 det

247 4145 250 4148 ’
314 4172 543 4226 Operam
577 4155 848 4226 quomodo
881 4153 1086 4218 redeat,
1117 4158 1391 4222 quomodo
1421 4162 1723 4222 reparctur,
1759 4168 1896 4221 quoe

317 4249 484 4305 modo
507 4247 829 4305 restituatur
854 4248 918 4300 ad
949 4245 1129 4299 fidem.
1156 4245 1327 4300 Ponat
1358 4247 1519 4300 etiam
1555 4244 1770 4301 oculum
1800 4259 1897 4314 pro

315 4341 503 4405 oculo,
555 4341 600 4395 si
647 4340 862 4395 oeulum
917 4339 1054 4408 lgcsit
1097 4339 1315 4403 animm,
1350 4337 1401 4392 id
1436 4346 1518 4391 est
1557 4337 1894 4391 intellectum

316 4433 441 4501 ejus
468 4433 740 4498 turbavit;
799 4429 1080 4486 auferatur
1123 4428 1317 4486 oculus
1363 4428 1534 4498 ipsius
1587 4429 1653 4482 ab
1686 4437 1772 4494 eo,
1802 4427 1893 4495 qui

1997 3237 2179 3292 electi.
2218 3255 2236 3288 ι
2276 3236 2567 3291 Sciendum
2614 3245 2791 3288 tamen
2843 3244 2924 3288 est
2967 3235 3109 3304 quod
3173 3249 3276 3286 non
3322 3242 3404 3287 est
3454 3249 3574 3301 per-

1999 3329 2266 3382 fectorum
2301 3326 2694 3389 scandalizari,
2731 3326 2824 3379 sed
2849 3335 2942 3379 aut
2973 3325 3282 3391 mulierum,
3325 3336 3411 3378 aut
3449 3341 3574 3393 par-

1998 3418 2277 3483 vulorum,
2312 3419 2454 3474 sicut
2491 3428 2545 3472 et
2596 3417 2854 3489 Dominus
2904 3417 2956 3470 in
2991 3416 3281 3486 Evangelio
3325 3416 3570 3472 dicit”:

2003 3530 2020 3562 ι
2063 3510 2119 3564 Si
2151 3509 2271 3579 quis
2293 3509 2747 3564 scandalizavcrit
2785 3523 2952 3561 unum
2986 3508 3050 3561 de
3077 3507 3287 3576 pusillis
3319 3508 3436 3562 istis
3475 3508 3575 3560 mi-

2000 3603 2182 3658 nimis.
2216 3622 2235 3655 ι
2281 3602 2519 3657 Pusillus
2548 3617 2679 3672 ergo
2721 3609 2826 3667 est,
2857 3610 2913 3656 et
2965 3599 3249 3664 minimus,
3282 3601 3372 3668 qui
3417 3616 3577 3654 scau-

1998 3696 2220 3752 dalizari
2256 3705 2476 3766 potest:
2510 3713 2529 3747 (
2579 3693 2853 3764 Spiritalis
2903 3701 3083 3747 autem
3147 3690 3402 3761 dijudicat
3451 3707 3572 3746 om-

2000 3790 2084 3843 nia
2108 3790 2175 3855 “,
2213 3808 2230 3840 ι
2264 3789 2444 3843 omnia
2497 3788 2713 3859 probat,
2745 3787 2970 3856 etquod
3017 3785 3216 3840 bonqu
3253 3794 3353 3852 est,
3396 3784 3574 3839 conti-

1998 3891 2110 3945 net,
2134 3889 2187 3935 ct
2216 3880 2282 3934 ab
2303 3881 2447 3934 omni
2480 3894 2538 3933 se
2568 3879 2747 3948 specie
2775 3878 2912 3931 mala
2951 3878 3210 3933 abstinet.
3232 3873 3376 3940 Πωιι,
3413 3886 3571 3943 prout

1997 3986 2286 4026 occurrere
2313 3980 2628 4040 potuerunt,
2680 3970 2732 4022 in
2762 3970 3016 4038 przesenti
3054 3967 3292 4036 capitulo
3317 3969 3570 4023 diximus.

2000 4061 2293 4116 Poscamus
2344 4076 2471 4114 vero
2511 4075 2542 4112 a
2596 4060 2868 4126 Domino,
2911 4070 2968 4115 ut
2997 4077 3117 4130 qua!
3161 4059 3398 4129 perfecta
3423 4071 3574 4124 sunt,

2002 4153 2117 4220 ipse
2161 4151 2315 4205 nobis
2379 4149 2626 4207 revelare
2673 4152 2923 4220 dignetur
2961 4168 3056 4222 per
3089 4150 3269 4206 Jesum
3297 4149 3572 4203 Christum

2001 4243 2284 4297 Dominum
2339 4252 2605 4307 nostrum,
2643 4243 2732 4298 cui
2793 4255 2876 4298 est
2907 4244 3077 4315 gloria
3116 4251 3172 4298 et
3205 4241 3490 4312 imperium
3523 4241 3574 4295 in

2001 4331 2197 4387 saecula
2232 4331 2579 4386 saeculorum.
2611 4333 2810 4386 Amen.

2585 4443 2863 4501 llOMlLIA
2896 4445 2988 4500 XI.

316 4523 581 4579 Ecclesia:
609 4530 822 4591 praeeSI,
849 4528 902 4576 et
949 4518 1261 4576 intellectus
1293 4515 1411 4587 ejus
1439 4517 1528 4572 ille
1553 4515 1895 4572 turbulentus
1927 4510 1971 4564 D
2007 4536 2082 4591 De
2108 4536 2195 4592 siti
2219 4535 2401 4607 populi
2423 4535 2778 4605 inRap/tidin,
2811 4539 2944 4592 etde
2988 4535 3120 4590 bello
3139 4535 3574 4600 Amalecilarum,

315 4626 374 4670 et
411 4613 565 4669 ferox
621 4614 712 4682 qui
767 4612 1080 4668 scandalum
1128 4620 1374 4683 generat,
1435 4612 1718 4665 desecetur
1762 4609 1894 4682 (6‘2).

319 4709 432 4764 Sed
478 4718 531 4763 et
578 4709 622 4763 si
658 4709 872 4762 dentem
917 4705 1053 4760 larsit
1104 4704 1394 4768 auditoris,
1436 4719 1546 4772 quo
1591 4703 1896 4772 suscipiens

318 4803 503 4856 cibum
568 4798 718 4854 verbi
780 4797 894 4861 Dei,
948 4796 1031 4852 vel
1082 4797 1457 4852 comminuere
1492 4795 1574 4851 vel
1601 4794 1896 4850 molaribus

321 4901 502 4944 terere
533 4889 725 4944 solitus
767 4899 906 4953 erat,
945 4897 1003 4941 ut
1035 4885 1295 4943 subtilem
1325 4903 1390 4942 ex
1428 4888 1514 4942 his
1549 4888 1614 4940 ad
1646 4896 1891 4940 ventrem

319 4983 520 5038 anima:
555 4979 954 5035 transmitteret
981 4992 1240 5040 sensum;
1282 4979 1326 5033 si
1365 4979 1509 5034 hunc
1551 4979 1772 5033 dentem
1807 4978 1898 5034 ille

323 5073 546 5130 vexavit
592 5082 647 5127 et
686 5070 890 5136 evellit,
925 5081 983 5125 ut
1009 5069 1363 5123 contentione
1396 5067 1565 5137 ipsius
1596 5085 1700 5123 non
1727 5069 1898 5137 possit

323 5165 507 5221 anima
557 5162 830 5218 subtiliter
877 5169 934 5217 et
973 5159 1296 5230 spiritaliter
1331 5159 1610 5228 suscipere
1673 5159 1895 5214 verbum

396 5307 443 5338 ⁷⁸
469 5305 636 5360 Exod.
663 5321 775 5366 κκι,
797 5304 883 5357 22.
962 5305 1004 5335 ⁷³
1034 5303 1074 5357 Il
1099 5303 1244 5361 Tim.
1275 5317 1335 5367 tt,
1361 5302 1450 5356 25.

325 5380 371 5410 '"’
401 5378 538 5438 Psal.
579 5391 704 5433 Lvit.
743 5378 794 5430 7.
870 5377 915 5407 ⁷⁷
943 5375 1160 5427 Denter.
1239 5390 1354 5438 δικ,
1400 5371 1490 5428 20.

329 5451 372 5483 ει
400 5412 794 5510 323.3115:
854 5445 899 5476 εί
919 5412 1160 5498 ιῖἲῖἰῦῗ
1211 5412 1416 5511 dific:

427 5555 515 5629 59)
547 5563 715 5625 Alias,
772 5579 792 5612 σ
827 5561 1022 5614 animm
1069 5559 1322 5621 discenti,
1363 5558 1407 5610 si
1442 5559 1524 5610 vir
1554 5559 1834 5623 magister.
1874 5579 1892 5610 ι

427 5562 515 5629 59)
547 5563 715 5625 Alias,
772 5579 792 5612 σ
827 5562 1022 5614 animm
1069 5562 1322 5621 discenti,
1363 5562 1407 5610 si
1442 5562 1524 5610 vir
1554 5562 1834 5623 magister.
1874 5579 1892 5610 ι

397 5562 514 5716 ioc)
544 5635 708 5698 Alias,
760 5649 778 5684 ι
817 5632 1178 5699 corripientes
1215 5642 1310 5681 eos
1335 5629 1424 5694 qui
1459 5629 1720 5682 resistunt
1757 5633 1896 5683 veri-

332 5711 510 5846 mzlil')
568 5771 740 5839 Alias,
807 5792 824 5823 ι
878 5769 1168 5836 Sidonem,
1214 5787 1233 5822 ›
1284 5769 1440 5824 male.
1490 5769 1689 5824 Omnes
1731 5784 1894 5833 mss.,

1526 5303 1622 5355 ⁷³1
1660 5303 1800 5357 Tim.
1834 5320 1886 5369 v,
1923 5307 2007 5360 15.
2032 5307 2078 5338 ⁷³
2106 5306 2206 5360 lsa.
2241 5324 2391 5372 xuii,
2415 5310 2470 5364 '5.

1567 5375 1610 5404 ⁷⁸
1650 5373 1666 5426 1
1707 5375 1849 5427 Tim.
1902 5392 1982 5441 ιιι,
2025 5377 2078 5431 5.

1491 5443 1534 5474 ⁸³
1560 5444 1728 5498 Exod.
1752 5459 1883 5512 xvii,
1917 5449 1960 5501 l.

2448 4617 2497 4662 et
2527 4610 2589 4661 de
2611 4609 2890 4677 prwsentia
2928 4608 3131 4662 Jelhro.

2074 4702 2126 4756 l.
2161 4700 2427 4768 Quoniam
2475 4700 2654 4755 omnis
2708 4701 2798 4769 qui
2848 4700 2962 4754 vult
2995 4700 3080 4768 pie
3111 4699 3295 4754 vivere
3340 4698 3390 4751 in
3420 4695 3576 4751 Chri-

1999 4802 2104 4859 sto,
2146 4793 2580 4864 persecutionem
2631 4795 2840 4862 patitur
2869 4793 2937 4859 ⁸³,
2982 4805 3038 4844 et
3091 4796 3158 4845 ab
3191 4791 3434 4845 hostibus
3464 4787 3570 4842 im-

2004 4895 2294 4956 pugnatnr,
2329 4900 2491 4958 agens
2526 4885 2629 4940 iter
2676 4886 2794 4941 vita:
2827 4887 2986 4956 hujus
3025 4900 3241 4953 semper
3269 4883 3428 4937 debet
3455 4896 3575 4936 esse

2004 4986 2272 5042 armatus,
2299 4986 2347 5031 ct
2381 4987 2530 5033 stare
2563 4992 2782 5046 semper
2813 4977 2866 5032 in
2899 4978 3119 5032 castris.
3151 4977 3274 5029 ldeo
3296 4983 3353 5028 et
3381 4978 3447 5028 de
3476 4989 3574 5041 po-

2003 5067 2132 5138 pulo
2169 5067 2262 5122 Dei
2297 5069 2562 5124 refertur:
2595 5087 2613 5121 (
2652 5069 2905 5125 Profeeta
2946 5082 3048 5135 est,
3095 5070 3269 5139 inquit
3299 5069 3367 5132 ⁸³,
3399 5067 3576 5120 ornnis

2009 5177 2278 5234 synagoga
2312 5163 2543 5217 liliormu
2579 5163 2740 5218 lsracl
2777 5163 2841 5218 de
2869 5163 3082 5218 deserto
3128 5162 3248 5225 Sin,
3277 5157 3575 5214 secundum

2543 5309 2591 5343 “
2625 5307 2761 5363 Psal.
2795 5325 2873 5368 lit,
2905 5309 2958 5363 8.
2991 5310 3036 5341 ⁷⁵
3067 5308 3262 5360 Jt'rum.
3300 5319 3446 5359 xm.
3483 5296 3573 5368 50.

2175 5379 2221 5412 ⁷⁸
2273 5367 2461 5437 Matth.
2509 5396 2659 5446 xxrv,
2700 5381 2762 5434 ll)
2793 5367 2968 5435 criti.
3042 5381 3087 5410 ⁸ο
3111 5379 3298 5432 Matth.
3341 5367 3568 5432 “111,0.

2013 5581 2032 5614 ί
2069 5564 2302 5617 Soeuett.
2337 5583 2357 5616 ι

2078 5635 2187 5693 (69.)
2220 5635 2388 5700 Alias,
2433 5651 2450 5684 ε
2486 5635 2784 5687 deseretur.
2826 5653 2842 5683 ι

2077 5707 2188 5773 (ϋῦ)
2217 5705 2386 5772 Alias,
2430 5722 2450 5756 ι
2483 5705 2772 5774 confregit.
2821 5719 2839 5750 ι
