4110 6420
454 388 563 448 373

1918 384 2243 443 ORIGENIS

3600 188 3661 229 vti

3606 392 3713 446 576

455 520 637 565 castra
680 522 800 573 sua,
854 520 947 575 per
980 506 1205 559 verbum
1264 506 1500 561 Domini.
1540 524 1558 558 ι
1608 506 1702 560 Est
1753 518 1882 575 ergo
1927 518 2030 557 una
2064 505 2108 560 Α
2137 505 2282 557 sitim
2326 521 2502 563 suam.
2540 506 2644 562 Sed
2677 510 2789 563 haec
2826 517 2978 578 petra
3006 550 3022 574 ,
3058 508 3159 563 nisi
3200 507 3365 564 fuerit
3416 524 3712 579 percussa,

455 601 671 672 quidem
699 611 971 669 synagOga
1028 598 1263 662 Domini,
1307 596 1398 652 sed
1444 599 1559 653 haec
1598 598 1648 651 in
1682 608 1919 666 quatuor
1941 612 2032 650 ca-

453 706 565 748 stra
597 692 877 748 dividitur.
939 690 1184 756 Quatuor
1228 705 1462 759 namque
1496 700 1679 743 castra
1713 690 2033 744 describun-

452 797 540 839 tur
569 786 717 840 circa
753 782 1162 837 tabernaculum
1194 781 1407 835 Domini
1452 782 1648 850 posita,
1693 783 1835 836 sicut
1864 779 2029 835 refer-

456 889 544 930 tur
575 876 627 928 in
662 876 910 930 Numeris
939 875 1005 928 ⁸⁵.
1038 875 1101 928 Et
1135 883 1186 927 ιιι
1212 890 1341 943 ergo
1368 875 1411 929 si
1456 889 1673 943 semper
1718 875 1931 944 vigiles.
1976 884 2031 929 et

451 983 667 1039 semper
703 978 947 1022 armatus
989 969 1086 1030 sis,
1111 979 1165 1021 et
1208 969 1351 1021 scias
1391 976 1438 1021 tc
1472 967 1522 1020 in
1591 967 1784 1021 castris
1814 966 2027 1020 Domini

447 1062 713 1124 militare,
743 1062 970 1115 observa
997 1059 1130 1114 illud
1158 1060 1493 1122 mandatum,
1529 1059 1653 1128 quia
1695 1077 1712 1109 ι
1744 1075 1902 1113 nemo
1930 1059 2029 1113 nti-

450 1151 619 1207 litans
647 1153 776 1212 Deo.
803 1142 1049 1220 implicat
1099 1166 1158 1206 se
1188 1151 1419 1219 negotiis
1469 1151 1844 1210 saecula-ribus.
1888 1160 1946 1203 ut
1978 1151 2027 1204 ei

448 1242 662 1311 placeat
689 1241 774 1295 cui
820 1256 879 1295 se
921 1239 1179 1309 probavit
1212 1237 1481 1308 ";»quia
1506 1238 1546 1291 si
1590 1238 1663 1290 ita
1706 1238 1926 1299 milites,
1971 1248 2029 1291 ut

450 1348 477 1386 a
518 1334 678 1387 rebus
727 1334 1080 1389 saacularihus
1137 1331 1276 1386 liber
1302 1332 1381 1385 sis
1414 1340 1470 1384 ct
1510 1331 1561 1383 in
1587 1330 1785 1384 castris
1816 1330 2025 1384 Domini

452 1440 578 1493 agas
642 1440 861 1492 semper
914 1423 1193 1487 excubias,
1227 1432 1280 1475 et
1320 1422 1387 1475 de
1432 1430 1482 1474 te
1513 1420 1736 1480 dicitur,
1775 1422 1897 1488 quia
1934 1437 2030 1491 per

450 1516 677 1568 verbum
703 1513 914 1569 Domini
959 1528 1123 1568 exeas
1163 1514 1229 1566 de
1275 1511 1493 1566 deserto
1533 1509 1629 1564 Sin
1662 1520 1716 1564 et
1757 1511 1948 1564 venias
1976 1512 2027 1565 in

452 1606 747 1676 liaphidin.
782 1606 877 1659 Sin
908 1606 1051 1659 enim
1088 1605 1311 1658 tentatio
1362 1604 1781 1671 interpretatur;
1826 1602 2030 1673 liapbi-

450 1702 540 1753 din
576 1715 705 1754 vero
730 1699 929 1752 sanitas
954 1698 1149 1767 judicii
1196 1696 1333 1767 (64).
1369 1695 1470 1763 Qui
1518 1696 1654 1751 bene
1686 1694 1887 1750 cxitde
1913 1705 2031 1749 ten-

453 1793 676 1857 ratione,
725 1802 779 1845 et
815 1807 978 1862 quem
1032 1789 1262 1844 tent‘atio
1305 1788 1641 1859 probabilem
1686 1788 1892 1850 reddit,
1922 1787 2028 1841 iste

450 1884 597 1938 venit
627 1883 692 1937 ad
727 1883 1012 1937 sanitatem
1039 1880 1255 1949 judicii.
1296 1877 1354 1932 ln
1387 1879 1474 1933 die
1524 1880 1668 1935 enim
1703 1878 1895 1947 judicii
1941 1894 2027 1932 sa-

451 1990 551 2029 nus
581 1976 708 2037 erit,
744 1971 904 2044 169
948 1983 1003 2027 et
1048 1974 1259 2027 sanitas
1291 1986 1507 2042 cum_eo
1538 1972 1667 2035 erit,
1698 1971 1789 2040 qui
1827 1970 1878 2025 in
1912 1978 2028 2024 ten-

451 2069 656 2119 tatione
692 2081 797 2119 non
830 2064 994 2118 fuerit
1040 2063 1363 2116 vulneratus
1396 2078 1410 2115 :
1442 2063 1583 2116 sicut
1624 2072 1679 2115 et
1722 2060 1774 2115 in
1806 2059 2021 2129 Apoca-

451 2160 588 2230 lypsi
620 2161 880 2227 scriptum
907 2168 986 2214 est
1012 2158 1058 2189 "
1089 2175 1102 2212 :
1139 2176 1157 2209 ι
1198 2157 1298 2224 Qui
1331 2166 1515 2211 autem
1551 2155 1772 2219 vicerit,
1806 2155 1950 2210 dabo
1975 2156 2025 2210 ei

450 2256 519 2308 de
546 2253 690 2323 ligno
734 2253 875 2315 vitae,
909 2249 1049 2321 quod
1074 2261 1157 2306 est
1206 2250 1256 2303 in
1301 2252 1553 2320 paradiso
1580 2248 1675 2305 Dei
1708 2248 1833 2303 mei.
1870 2268 1889 2302 ι
1924 2249 2029 2303 Ve-

452 2348 532 2402 nit
560 2363 688 2417 ergo
717 2346 785 2400 ad
817 2348 1107 2401 sanitatem
1130 2346 1347 2415 judicii,
1371 2347 1463 2416 qui
1489 2347 1627 2402 bene
1654 2346 1894 2416 disponit
1914 2360 2030 2400 ser-

451 2454 640 2492 mones
670 2453 798 2491 snos
842 2438 893 2491 in
918 2438 1145 2505 judicio.

518 2530 573 2583 2.
616 2525 726 2583 Sed
760 2530 887 2599 quid
922 2538 1004 2584 est
1044 2529 1189 2600 quod
1222 2529 1515 2598 sequitur?
1550 2548 1569 2580 r
1609 2528 1755 2583 Sitiit
1810 2529 1910 2596 ibi,
1947 2529 2031 2583 in-

447 2623 565 2693 quit
590 2623 660 2687 ⁸⁷,
694 2622 924 2692 populus
954 2639 1175 2690 aquam,
1200 2634 1254 2677 et
1287 2622 1706 2675 murmurabant
1736 2620 2028 2675 adversum

447 2713 694 2784 Moysen.
741 2730 759 2765 ι
812 2712 1064 2767 Vitleatur
1094 2710 1327 2765 fortasse
1356 2724 1419 2762 ex
1458 2707 1736 2777 superfluo
1780 2708 1981 2761 dictum
2013 2746 2028 2771 ,

448 2804 589 2871 quod
616 2803 773 2868 dixit,
826 2803 954 2873 quia
984 2816 1178 2865 aquam
1209 2799 1410 2853 sitierit
1440 2798 1692 2868 populus.
1728 2796 2032 2852 Suii‘eeerat

448 2897 594 2951 enim
623 2898 825 2957 dicere,
864 2896 993 2964 quia
1027 2894 1186 2955 sitiit,
1241 2891 1372 2960 quid
1411 2906 1547 2961 opus
1591 2890 1757 2944 fuerit
1788 2891 2030 2957 addere,

449 3004 643 3058 aquam
674 2989 848 3044 sitiit?
875 2986 989 3041 Non
1020 2996 1106 3041 est
1135 2984 1406 3055 superﬂua
1433 2984 1686 3054 adjectio.
1713 2983 1852 3038 Sunt
1884 2984 2029 3039 enim

448 3084 676 3136 diversa:
699 3082 854 3145 sites,
887 3090 941 3135 et
976 3079 1345 3147 unusquisque
1370 3078 1532 3131 habet
1558 3080 1830 3148 propriam
1858 3080 2025 3135 sitim.

2134 611 2305 664 aquas
2344 613 2449 652 non
2504 599 2698 653 dabit:
2755 614 3013 669 percussa
3052 616 3180 654 vero
3234 600 3409 654 fontes
3439 603 3711 669 producit.

2135 689 2436 743 Percussus
2460 691 2605 743 enim
2631 691 2904 755 Christus,
2933 702 2989 745 et
3014 691 3067 744 in
3104 705 3321 745 crucem
3374 702 3553 755 actus,
3576 690 3714 746 Novi

2134 777 2472 833 Tcstamenti
2506 778 2683 834 fontes
2717 782 2975 850 produxit
3008 801 3020 835 :
3078 790 3133 835 et
3167 792 3450 851 propterea
3503 783 3710 836 dictum

2133 878 2215 921 est
2246 870 2312 922 tle
2336 884 2401 922 eo
2432 870 2500 934 ",
2530 871 2658 938 quia
2693 889 2711 922 ι
2764 872 3066 939 percutiam
3101 880 3378 941 pastorem
3411 880 3468 926 et
3500 873 3714 941 disper-

2134 970 2330 1029 gentur
2355 977 2505 1015 oves.
2540 981 2558 1013 ι
2594 960 2831 1017 Necesse
2852 977 2981 1032 ergo
3009 974 3124 1018 erat
3154 964 3301 1018 illum
3337 964 3569 1033 percuti.
3595 961 3710 1018 Nisi

2131 1054 2275 1107 enim
2309 1053 2397 1108 ille
2430 1055 2623 1109 fuisset
2650 1071 2960 1125 percussus,
2990 1066 3045 1111 et
3079 1058 3279 1111 exisset
3309 1060 3373 1110 de
3403 1057 3572 1111 latere
3593 1054 3712 1123 ejus

2132 1160 2275 1214 aqua
2309 1156 2362 1201 et
2396 1149 2643 1216 sanguis,
2674 1163 2865 1202 omnes
2894 1165 2994 1205 nos
3021 1151 3168 1203 sitim
3197 1150 3344 1204 verbi
3373 1149 3461 1203 Dei
3494 1158 3713 1219 patere-

2134 1254 2273 1293 mur.
2298 1237 2409 1293 Hoc
2431 1255 2563 1308 ergo
2580 1250 2663 1294 est
2681 1242 2748 1305 ⁹²,
2770 1241 2912 1309 quod
2938 1252 2991 1294 et
3012 1240 3306 1308 Apostolus
3326 1243 3718 1307 interpretatus

2130 1340 2233 1395 est,
2256 1331 2381 1400 quia
2405 1351 2422 1380 ι
2452 1345 2642 1386 omnes
2659 1331 2907 1385 eumdem
2924 1335 3183 1386 manduca
3194 1343 3385 1385 verunt
3405 1333 3584 1385 cibum
3601 1331 3719 1398 spi-

2132 1423 2367 1491 ritalem,
2385 1432 2636 1477 etomnes
2658 1425 2902 1477 eumdem
2918 1424 3215 1493 spiritaiem
3237 1423 3483 1477 biberunt
3503 1434 3712 1492 potum.

2132 1516 2404 1570 Bibebant
2433 1527 2614 1570 autem
2647 1517 2712 1570 de
2738 1516 2994 1585 spiritali,
3037 1526 3297 1585 sequente
3331 1526 3508 1584 petra,
3560 1527 3714 1583 petra

2131 1626 2263 1666 vero
2286 1611 2693 1666 eratChristus.
2722 1628 2741 1661 ι
2768 1609 3007 1667 Observa
3032 1621 3206 1663 tamen
3222 1610 3363 1680 quod
3387 1609 3634 1662 dixitlz-oc
3655 1608 3714 1663 in

2131 1702 2249 1758 loco
2270 1703 2411 1758 Deus
2439 1704 2505 1756 ad
2528 1703 2746 1774 Moysen
2778 1704 2821 1735 ’³
2852 1720 2863 1755 :
2896 1721 2914 1753 ‹
2944 1702 3214 1756 Antecede
3236 1700 3510 1769 populmn,
3534 1710 3588 1754 et
3611 1701 3715 1755 duc

2135 1804 2309 1851 tecum
2333 1794 2566 1863 majores
2597 1805 2748 1861 natu,
2773 1796 2823 1847 id
2847 1805 2925 1849 est
2945 1796 3292 1865 presbyteros
3321 1792 3520 1860 populi.
3551 1811 3569 1843 ι
3598 1790 3714 1845 Non

2132 1889 2283 1944 solus
2302 1888 2520 1961 Moyses
2547 1889 2698 1942 ducit
2724 1892 2976 1957 populum
3004 1889 3067 1941 ad
3102 1902 3272 1955 aquas
3304 1896 3467 1955 petra:
3493 1927 3508 1952 ,
3542 1886 3634 1939 sed
3660 1892 3719 1939 et

2130 1982 2375 2036 seniores
2400 1981 2582 2052 populi
2608 1996 2729 2035 cum
2762 1981 2900 2048 ipso.
2931 1978 3047 2034 Non
3079 1980 3221 2033 cnim
3250 1976 3359 2031 sola
3389 1979 3472 2030 lex
3506 1992 3720 2031 annun-

2131 2074 2229 2127 tiat
2257 2072 2573 2136 Christum,
2620 2072 2713 2126 sed
2752 2081 2808 2126 et
2860 2071 3140 2141 propheta:
3169 2111 3184 2135 ,
3221 2080 3270 2124 et
3306 2068 3721 2139 patriarchae,et

2134 2181 2327 2220 omnes
2357 2165 2593 2232 majores
2656 2174 2808 2219 natu.

2237 2261 2292 2314 5.
2345 2259 2474 2313 Post
2528 2260 2644 2314 haec
2701 2257 2903 2313 bellum
2959 2256 3287 2312 describitur
3334 2264 3544 2325 gestum
3593 2267 3722 2305 cum

2130 2350 2476 2417 Arnalecitis,
2516 2363 2787 2420 pugnasse
2837 2346 3074 2402 refertur
3128 2346 3356 2415 populus
3404 2356 3459 2399 et
3497 2344 3716 2397 vicisse.

2131 2443 2442 2511 Antequam
2478 2421 2837 2495 manducaret
2868 2454 3061 2508 panem
3104 2442 3168 2492 de
3202 2436 3362 2499 coelo,
3409 2445 3465 2489 et
3500 2436 3719 2488 biberet

2134 2549 2331 2602 aquam
2367 2535 2434 2589 de
2464 2542 2639 2604 petra,
2698 2547 2802 2585 non
2846 2530 3084 2585 refertur
3137 2528 3367 2598 populus
3417 2540 3727 2596 pugnasse,

2132 2627 2226 2680 sed
2261 2626 2464 2680 dicitur
2496 2626 2562 2679 ad
2598 2640 2722 2679 eum
2762 2623 2845 2673 ἐξ
2908 2640 2925 2672 r
2985 2621 3244 2676 Dominus
3299 2618 3559 2687 pugnabit
3619 2629 3721 2684 pro

2132 2720 2308 2782 vobis,
2350 2729 2405 2774 et
2438 2733 2534 2773 vos
2572 2715 2847 2772 tacebitis.
2879 2733 2896 2766 ι
2937 2715 3030 2769 Est
3085 2727 3213 2782 ergo
3260 2720 3471 2779 tempus
3503 2708 3725 2779 quando

2136 2813 2398 2867 Dominus
2430 2819 2636 2881 pugnat
2666 2823 2766 2877 pro
2795 2806 2973 2869 nobis,
3030 2820 3128 2858 nec
3164 2802 3429 2874 permittit
3465 2817 3563 2854 nos
3600 2811 3723 2854 ten-

2137 2902 2243 2957 tari
2280 2917 2443 2971 supra
2478 2902 2531 2955 id
2567 2900 2709 2970 quod
2745 2913 3059 2967 possumus,
3094 2911 3191 2950 nee
3224 2897 3459 2963 impares
3511 2893 3723 2947 viribus

2134 2996 2266 3051 sinit
2305 2995 2372 3048 ad
2416 2994 2579 3049 fertis
2617 2993 2803 3047 venire
2834 3005 3209 3056 congressum.
3245 2988 3487 3055 Denique
3529 2994 3587 3038 et
3617 2981 3725 3038 Job

2134 3103 2297 3143 omne
2328 3088 2457 3141 illud
2489 3086 2808 3141 tentationis
2836 3098 2948 3138 sua:
2982 3080 3413 3135 famosissimum
3437 3089 3723 3132 certamen

446 3176 550 3242 Qui
584 3176 723 3229 beati
757 3182 881 3230 sunt
911 3172 1210 3228 secundum
1260 3173 1489 3226 verbum
1542 3169 1757 3226 Domini
1792 3174 1861 3238 ⁸⁸,
1897 3190 2025 3228 esu—
2057 3177 2103 3237 C
2132 3179 2249 3249 jam
2285 3180 2564 3249 perfectus
2627 3176 2894 3246 implevit.
2931 3174 2997 3228 Et
3044 3184 3097 3226 tu
3152 3187 3281 3240 ergo
3326 3186 3451 3225 cum
3484 3168 3723 3238 carperis

449 3270 619 3333 riunt,
655 3278 710 3322 et
753 3267 1020 3335 justitiam
1053 3265 1285 3326 sitiunt;
1339 3273 1395 3317 et
1432 3262 1521 3317 alii
1560 3264 1915 3320 nihilominus
1949 3267 2029 3321 di-

447 3368 577 3414 cunt
622 3358 708 3410 '9:
752 3375 770 3408 ‹
813 3356 994 3410 Sitivit
1028 3356 1208 3410 anima
1263 3370 1380 3408 mea
1416 3354 1483 3407 ad
1527 3340 1805 3419 tefDeus.
1845 3377 1863 3410 ι
1922 3359 2025 3424 Qui

449 3467 583 3507 vero
614 3459 932 3520 peccatores
973 3457 1121 3513 sunt,
1158 3451 1447 3519 patittntur
1490 3464 1596 3503 non
1646 3450 1794 3503 sitim
1839 3465 2028 3519 aquae,

450 3556 630 3614 neque
669 3542 865 3595 famem
910 3542 1063 3611 panis
1094 3579 1110 3604 ,
1165 3542 1259 3595 sed
1310 3542 1457 3597 sitim
1495 3542 1749 3596 audiendi
1805 3540 2030 3597 verbum

452 3633 549 3689 Dei
576 3634 645 3687 ”.
675 3631 884 3687 Idcirco
925 3633 1090 3702 Igitur
1115 3641 1164 3685 et
1191 3630 1281 3685 hic
1310 3632 1486 3694 addit,
1522 3634 1651 3701 quia
1700 3632 1933 3702 populus
1958 3634 2033 3689 si-

453 3726 539 3778 tiit
566 3739 787 3795 aquam,
821 3723 913 3791 qui
945 3723 1134 3778 debuit
1186 3723 1354 3777 Deum
1397 3722 1574 3792 sitire,
1608 3724 1701 3793 qui
1737 3726 1927 3780 debuit
1956 3727 2032 3780 si-

451 3815 556 3869 tire
583 3814 876 3882 justitiam.
906 3814 1106 3868 Verum
1144 3813 1267 3882 quia
1296 3811 1442 3869 Deus
1494 3829 1621 3870 vere
1652 3816 1903 3870 eruditor
1948 3825 2033 3870 est

452 3904 849 3967 iniantium,et
897 3904 1156 3973 magister
1189 3904 1590 3973 insipientium,
1642 3904 1872 3977 corrigit
1916 3907 2031 3961 cnl-

453 4015 571 4069 pas,
601 4008 654 4054 et
680 3996 935 4053 emendat
968 4013 1212 4062 errores,
1239 4008 1295 4052 et
1324 3998 1457 4052 dicit
1485 3998 1552 4053 ad
1581 3997 1801 4069 Moysen
1857 4009 1916 4053 ut
1944 4014 2030 4052 su-

457 4101 569 4145 mat
614 4092 822 4160 virgam
851 4130 867 4153 ,
924 4099 979 4146 et
1029 4089 1345 4159 percutiens
1394 4100 1646 4157 petram,
1697 4091 1897 4147 educat
1952 4092 2033 4146 eis

454 4198 674 4251 aquam.
706 4181 829 4237 Vult
858 4181 1005 4235 enim
1034 4194 1128 4235 eos
1148 4180 1261 4250 jam
1292 4181 1360 4234 de
1388 4191 1538 4248 petra
1567 4182 1773 4248 bibere,
1804 4181 1915 4237 vult
1938 4198 2033 4239 eos

453 4275 743 4345 proiicere,
770 4282 820 4328 et
849 4272 915 4327 ad
946 4273 1207 4327 interiora
1242 4275 1430 4329 venire
1473 4274 1752 4344 mysteria.
1791 4273 2033 4330 Murmu-

453 4376 719 4423 raverunt
743 4365 890 4421 enim
917 4364 1178 4421 adversus
1220 4364 1476 4436 Moysen,
1499 4376 1553 4421 et
1575 4376 1860 4435 pr0pterea
1879 4368 2034 4437 jubet

450 4452 714 4514 Dominus
740 4465 802 4511 ut
836 4456 1091 4512 ostendat
1117 4456 1200 4511 eis
1233 4468 1466 4525 petram,
1499 4472 1566 4512 ex
1592 4472 1696 4526 qua
1729 4459 1940 4515 bibant.
1974 4460 2029 4515 Si

2135 3273 2468 3325 manducare
2500 3284 2719 3331 manna,
2766 3283 2959 3337 panem
3017 3265 3293 3318 caelestem
3330 3263 3479 3317 verbi
3520 3262 3633 3324 Dei,
3663 3269 3721 3315 et

2132 3362 2323 3417 bibere
2374 3375 2572 3429 aquam
2632 3361 2700 3413 de
2730 3368 2909 3427 petra,
2941 3371 3172 3422 cumque
3217 3356 3282 3409 ad
3310 3354 3574 3408 interiora
3622 3352 3721 3405 do-

2134 3456 2328 3510 ctrinae
2367 3452 2632 3523 spiritalis
2678 3449 2984 3503 accesseris
3014 3486 3027 3509 ,
3067 3458 3290 3517 sperato
3344 3461 3616 3516 pugnam;
3663 3454 3725 3498 et

2133 3557 2379 3612 praepara
2414 3551 2466 3596 te
2495 3542 2560 3595 ad
2590 3540 2817 3593 bellum.
2850 3535 3001 3591 Bello
3061 3538 3226 3606 igitur
3255 3537 3598 3601 imminente,
3640 3534 3725 3587 vi-

2134 3636 2362 3690 deamus
2398 3635 2527 3703 quid
2582 3633 2865 3701 pra-cipiat
2896 3631 3108 3701 Moyses
3141 3652 3151 3685 :
3192 3648 3210 3679 ι
3246 3630 3412 3692 Dixit,
3445 3628 3621 3697 inquit
3644 3627 3719 3690 ",

2140 3730 2207 3783 ad
2232 3727 2414 3782 Jcsum
2445 3745 2458 3780 :
2491 3727 2644 3795 Elige
2676 3726 2768 3779 tibi
2805 3726 2908 3793 ipsi
2946 3725 3115 3786 viros,
3156 3733 3209 3777 et
3234 3724 3340 3787 exi,
3400 3732 3455 3775 et
3485 3718 3718 3790 coiiiligc

2134 3837 2259 3876 cum
2304 3821 2529 3875 Amalec
2587 3819 2847 3873 crastino.
2909 3837 2928 3870 ι
2996 3816 3180 3886 Usque
3233 3817 3301 3870 ad
3358 3816 3503 3869 [tunc
3542 3813 3718 3867 locum

2136 3913 2282 3968 beati
2320 3912 2434 3982 (65)
2456 3911 2693 3966 nominis
2722 3909 2847 3964 Jesu
2885 3925 3150 3979 nusquam
3196 3908 3337 3961 facta
3378 3916 3461 3961 est
3494 3906 3723 3959 mentio.

2137 4002 2235 4058 llic
2254 4003 2490 4072 primum
2510 3999 2754 4055 vocabuli
2778 4000 2935 4067 hujus
2960 4000 3212 4067 splendor
3229 3998 3450 4051 effulsit.
3487 3995 3587 4049 llic
3607 3998 3721 4064 pri-

2139 4112 2287 4150 mtnn
2322 4095 2535 4149 vocavit
2558 4091 2773 4162 Moyses
2808 4090 3011 4150 Jcsum.
3040 4101 3092 4145 et
3140 4090 3275 4143 dixit
3303 4091 3351 4142 ci
3391 4088 3476 4141 ἐς
3518 4105 3537 4138 ι
3575 4086 3721 4155 Elige

2140 4189 2236 4243 tibi
2276 4186 2376 4257 ipsi
2413 4186 2579 4240 viros.
2619 4203 2640 4236 ι
2682 4183 2891 4253 Moyses
2949 4192 3101 4237 vocat
3136 4180 3321 4235 Jcsum
3357 4220 3372 4242 ,
3430 4180 3514 4233 lex
3568 4187 3723 4234 vocat

2139 4279 2445 4344 Christum,
2481 4287 2539 4331 ut
2571 4276 2738 4346 eligat
2787 4275 3002 4345 sibiipsi
3061 4275 3210 4326 viros
3250 4282 3494 4341 potentes
3523 4273 3591 4325 de
3623 4288 3719 4340 po-

2138 4374 2287 4442 pulo.
2318 4371 2433 4427 Non
2485 4380 2703 4441 poterat
2761 4368 2975 4439 Moyses
3002 4368 3223 4435 eligere,
3255 4366 3346 4417 sed
3381 4363 3537 4418 Jesus
3572 4364 3722 4417 solus

2138 4476 2226 4521 est
2258 4466 2351 4535 qui
2394 4463 2564 4534 possit
2594 4470 2848 4532 potentes
2888 4462 3037 4514 viros
3091 4459 3314 4528 eligere,
3346 4457 3435 4525 qni
3471 4457 3606 4509 dixit
3629 4456 3671 4487 ’³⁷
3702 4472 3719 4511 :

450 4554 574 4622 quis
595 4560 679 4607 est
704 4552 794 4618 qui
818 4550 1005 4619 legens
1027 4547 1248 4619 Moysen
1274 4558 1576 4602 murmurat
1600 4554 1861 4605 adversus
1882 4566 2027 4617 eum,
2067 4527 2114 4585 D
2146 4574 2165 4608 ι
2203 4527 2320 4610 Νο-ιι
2356 4569 2452 4609 vos
2492 4567 2578 4606 me
2628 4550 2871 4620 elegistis
2896 4591 2911 4615 ,
2948 4549 3044 4604 sed
3078 4527 3185 4617 ego
3227 4562 3322 4602 vos
3354 4547 3509 4616 elegi.
3546 4565 3563 4597 ι
3605 4544 3723 4615 ipse

452 4657 509 4697 ct
539 4643 788 4712 displicet
813 4640 894 4695 eis
918 4640 1030 4705 lex,
1065 4654 1186 4708 quae
1212 4640 1512 4693 secundum
1543 4640 1779 4696 litteram
1828 4644 2031 4710 scripta

453 4746 561 4801 est,
591 4735 735 4805 quod
765 4735 819 4788 in
852 4732 1039 4787 multis
1066 4747 1172 4786 non
1206 4731 1422 4786 videtur
1450 4747 1672 4787 servare
1706 4749 2040 4802 consequen-

455 4831 609 4891 tiam,
635 4826 873 4882 ostendit
912 4825 961 4880 ei
992 4823 1206 4895 Moyses
1248 4832 1481 4894 petram,
1505 4839 1624 4893 qua:
1652 4836 1734 4879 est
1760 4827 2033 4896 Christus,

452 4932 509 4974 et
539 4919 759 4974 adducit
786 4933 911 4974 eum
953 4918 1018 4971 ad
1058 4917 1255 4988 ipsam,
1304 4925 1363 4970 ut
1398 4916 1524 4970 inde
1554 4915 1703 4971 bibat
1738 4929 1792 4973 et
1827 4922 2033 4977 reﬁciat

526 5106 576 5143 "‘
598 5106 758 5163 Num.
793 5123 855 5163 ll.
933 5105 1037 5161 ⁸⁸11
1079 5107 1220 5160 'fim.
1250 5124 1312 5173 ιι,
1338 5107 1392 5161 4.

450 5181 504 5217 ὀ
534 5180 699 5235 Amos
751 5193 850 5231 vm
877 5219 892 5240 ,
940 5178 1027 5232 Η.

452 5268 609 5318 xvu,
650 5249 705 5304 9.
780 5249 825 5281 9'
858 5248 991 5304 ibid.

1105 5179 1148 5209 ἰ
1181 5177 1347 5233 Zach.
1382 5194 1504 5236 xm.
1537 5179 1589 5234 7.

1101 5249 1145 5278 ’⁷
1177 5247 1333 5303 Joan.
1367 5265 1452 5315 xv,
1482 5249 1569 5306 16.

522 5392 635 5463 (64)
655 5391 755 5447 Sin
778 5391 921 5447 enim
941 5393 1162 5463 {curatio
1192 5394 1592 5463 interpretatur,
1622 5396 1884 5463 Raphidin
1917 5414 2037 5452 vero

457 5460 663 5537 sanitas
684 5463 909 5537 judicii.
946 5460 1103 5537 pnde
1122 5462 1224 5537 δίη
1262 5460 1495 5519 tentatio
1522 5460 1881 5537 interpretari
1916 5484 2037 5537 pos-

1519 5108 1565 5140 “
1604 5109 1775 5179 Apoc.
1812 5127 1872 5175 ti,
1908 5114 1962 5171 7.
2035 5119 2079 5150 ⁸⁷
2115 5114 2282 5172 Exod.
2317 5128 2453 5173 xvii,
2481 5109 2569 5165 {2.

1702 5183 1748 5214 ”
1781 5183 1955 5241 lCor.
1990 5206 2041 5253 χ,
2068 5188 2123 5251 3,
2152 5190 2205 5241 4.

2140 4649 2289 4703 enim
2321 4645 2624 4701 electorum
2659 4645 2790 4709 dux,
2823 4642 2938 4711 ipse
2964 4638 3269 4709 potentium
3295 4638 3569 4706 princeps,
3606 4637 3723 4707 ipse

2137 4742 2229 4810 qui
2270 4737 2509 4808 conﬂigit
2538 4750 2661 4791 cum
2696 4731 2942 4787 Amalec.
2982 4729 3099 4799 Ipse
3141 4740 3225 4785 est
3252 4731 3396 4785 enim
3425 4733 3515 4800 qui
3554 4733 3720 4786 intrat

2137 4834 2190 4887 in
2221 4835 2442 4888 domum
2477 4829 2637 4885 fortis
2685 4836 2739 4883 et
2767 4826 2955 4896 alligat
2988 4825 3207 4892 fortem,
3241 4836 3296 4881 et
3324 4841 3451 4882 vasa
3490 4828 3607 4897 ejus
3638 4828 3721 4882 di-

2134 4928 2285 4996 ripil.

2682 5110 2727 5142 "
2752 5107 2943 5163 Matth.
2985 5124 3036 5169 v,
3076 5105 3126 5159 6.
3238 5104 3284 5139 ⁸⁸
3314 5104 3461 5163 Psal.
3497 5123 3627 5172 xui,
3658 5108 3717 5163 ‘2.

2282 5182 2487 5238 "Gen.
2540 5180 2758 5243 “11,5.
2833 5178 2877 5211 9‘
2917 5180 3086 5233 Exod.
3136 5194 3247 5241 xiv,
3298 5177 3385 5232 H.
3463 5179 3508 5210 "
3543 5179 3716 5234 Exod.

2143 5412 2239 5451 sue
2271 5395 2615 5465 appellarunt
2647 5390 2852 5446 Iesum.
2888 5388 3027 5442 Hinc
3057 5388 3373 5465 allegoriam
3422 5397 3720 5465 squmore

2141 5458 2605 5533 ducit'Origenes
2635 5502 2649 5525 ,
2686 5475 2849 5528 quam
2902 5475 2968 5513 ne
3025 5472 3181 5526 putes
3211 5458 3714 5533 onrnino__oti_osam

457 5537 531 5588 sit
564 5524 775 5599 igno'ro,
806 5531 911 5585 nisi
941 5530 1083 5587 forte
1104 5535 1336 5588 ducatur
1365 5551 1393 5588 a
1424 5535 1590 5589 verbo
1617 5524 2043 5595 dciicientc'nDJ
2138 5552 2281 5599 esse,
2313 5524 2535 5589 adnotat
2561 5524 2945 5587 Genebrardus
2972 5524 3096 5581 eum
3132 5530 3221 5597 qui
3267 5528 3397 5599 olim
3429 5524 3716 5599 dicebatur

455 5600 661 5674 tollere,
717 5605 865 5667 quod
919 5601 970 5674 in
1010 5603 1131 5657 Pili.
1161 5612 1340 5674 sonat,
1368 5606 1604 5667 tentavit,
1640 5607 1895 5674 probavit.
1933 5608 2037 5660 lia—

452 5670 643 5792 Ehitlin
676 5685 805 5724 vero
855 5673 1060 5752 optime
1115 5673 1362 5754 redditur
1398 5675 1596 5730 sanitas
1613 5670 1807 5745 iudicii
1837 5692 1865 5730 a
1900 5678 2033 5733 Ver-

498 5744 669 5792 ISRD".
685 5749 889 5792 sanavit
910 5746 990 5792 2T1
1017 5743 1287 5792 mdtcavtt.

498 5743 889 5809 isRE'jsanavit
910 5746 990 5809 πε
1004 5743 1287 5809 judicavit.

529 5808 641 5879 (ΕΒ)
666 5808 837 5865 Exod.
869 5808 1088 5879 xv'n,’9,
1122 5814 1375 5887 primum
1408 5812 1550 5869 LXX
1581 5816 1913 5886 interpretes
1941 5813 2029 5873 Jo-

2139 5595 2328 5668 Josu'e,
2359 5612 2484 5673 post
2515 5604 2893 5671 captivitatem
2922 5595 3316 5673 liabyloriicarn
3344 5595 3577 5673 brevius
3615 5609 3717 5662 ap-

2140 5661 2401 5745 pellatum
2440 5661 2633 5747 _Jc$ttll|
2668 5673 2917 5743 Syriace.
2954 5661 3107 5747 unde
3160 5680 3216 5723 et
3259 5666 3509 5747 Christus
3551 5661 3717 5718 Iosue

2136 5743 2332 5800 nomen
2367 5744 2554 5799 habuit
2572 5746 2724 5812 juxta
2754 5752 2930 5811 vetus,
2972 5743 3130 5795 Jesus
3165 5752 3292 5795 vero
3325 5743 3480 5808 juxta
3524 5748 3716 5790 recens

2130 5814 2439 5872 Judawtum
2472 5815 2694 5871 idioma.
