4110 6406
466 373 570 427 379

1910 362 2233 417 ()RIGIC‘NIS

3619 376 3723 432 580

461 489 561 557 ipsi
607 488 932 542 manducant
964 500 1157 555 panem
1198 486 1248 538 in
1280 494 1572 553 conspectu
1614 484 1708 538 Dei
1737 524 1753 546 ,
1808 482 1896 550 qui
1943 480 2040 533 ob—
2073 485 2110 539 Α
2148 482 2375 549 genarii,
2404 484 2625 551 praesint
2659 486 3217 557 minoribusjudiciis,
3250 506 3366 559 qsI-r.
3396 494 3459 543 ad
3485 494 3724 563 singulos

462 589 684 633 servant
718 579 846 633 illud
877 578 1019 645 quod
1052 578 1348 645 Apostolus
1378 578 1510 631 dicit
1542 578 1583 606 ¹⁸
1617 593 1633 635 ;
1674 595 1690 626 I
1736 575 1863 628 Sive
1896 590 2043 625 Inan-

461 673 696 732 ducatis,
729 672 844 724 sive
871 672 1074 733 bibitis,
1101 672 1219 723 sive
1269 671 1415 725 aliud
1448 670 1580 739 quid
1624 670 1829 733 facitis,
1858 667 2041 719 omnia

460 764 525 815 ad
574 763 802 830 gloriam
845 763 934 816 Dei
990 762 1177 816 facite.
1212 780 1230 812 ι
1269 761 1463 817 Omnia
1516 776 1645 829 ergo
1679 776 1797 828 quae
1834 760 2043 813 faciunt

460 855 662 918 sancti,
700 856 753 907 in
806 863 1099 923 conspectu
1150 855 1240 908 Dei
1279 855 1501 908 faciunt.
1550 853 1812 908 Peccator
1859 863 2039 905 autem

458 960 486 995 a
544 953 843 1013 conspectu
895 945 984 998 Dei
1044 945 1198 1013 fugit.
1263 946 1504 1014 Denique
1573 944 1835 1013 scriptum
1901 953 1987 998 est
2025 983 2037 1003 .

456 1035 580 1099 quia
616 1033 811 1097 Adam,
845 1044 1132 1103 postquam
1167 1034 1454 1102 peccavit,
1488 1032 1623 1103 fugit
1655 1049 1685 1085 a
1741 1041 2038 1101 conspectu

461 1122 577 1187 Dei,
610 1132 663 1175 ct
714 1123 1087 1191 interregatus
1130 1124 1405 1193 respondit
1440 1123 1517 1179 ”:
1576 1143 1594 1176 I
1631 1125 1822 1179 Audivi
1853 1138 2036 1178 vocem

460 1223 628 1277 tuam,
654 1224 707 1268 et
743 1215 999 1269 abscondi
1036 1231 1120 1271 nIe
1152 1217 1277 1284 quia
1314 1232 1465 1271 eram
1522 1217 1719 1272 nudus.
1779 1235 1797 1268 ι
1853 1216 1958 1271 Sed
1984 1226 2039 1271 et

455 1305 590 1358 Cain
620 1315 906 1376 postquam
946 1324 1045 1377 pro
1096 1310 1403 1364 fratricidio
1437 1308 1550 1378 (70)
1585 1309 1975 1362 condemnatus
2004 1323 2034 1361 a

458 1394 567 1448 Deo
594 1405 699 1457 est,
744 1415 761 1446 ι
796 1396 953 1461 exiit,
982 1398 1252 1465 inquit”,
1289 1415 1318 1453 a
1356 1397 1493 1452 facie
1531 1398 1654 1461 Dei,
1686 1408 1740 1451 et
1772 1397 2036 1451 habitavit

458 1488 509 1539 iu
542 1495 681 1541 terra
709 1486 864 1541 Naid.
903 1508 919 1541 I
958 1490 1107 1544 Exiit
1136 1506 1264 1560 ergo
1292 1507 1318 1544 a
1349 1492 1487 1545 facie
1519 1490 1634 1551 Dei,
1664 1490 1754 1558 qui
1782 1489 2035 1559 indignus

454 1590 535 1633 est
560 1591 853 1649 conspectu
888 1581 1003 1637 Dei.
1039 1584 1231 1637 Sancti
1261 1595 1442 1638 autem
1481 1584 1811 1638 Inanducant
1862 1592 1918 1637 et
1953 1583 2035 1637 bi-

454 1670 587 1724 bunt
616 1672 668 1724 in
702 1682 999 1740 conspectu
1051 1674 1189 1737 Dei,
1240 1684 1295 1729 et
1345 1677 1525 1729 omnia
1554 1691 1676 1745 quae
1722 1683 1932 1744 agunt,
1979 1675 2030 1728 in

450 1773 741 1831 conspectu
803 1763 919 1831 ejus
978 1775 1166 1834 agunt.
1222 1766 1334 1835 Ego
1375 1766 1607 1835 amplius
1649 1767 1825 1820 adhuc
1854 1767 2030 1820 locum

2146 590 2388 644 quosque
2436 578 2711 645 peri-iacnt
2765 579 3101 634 dirimentes.
3165 581 3300 635 Puto
3344 594 3522 637 autem
3584 587 3723 639 hanc

2147 664 2318 731 ipsam
2347 668 2573 735 figuram
2608 683 2713 721 non
2742 669 2915 721 solum
2949 668 3002 721 in
3034 672 3284 738 prtcseuti
3318 675 3515 727 sarculo
3541 674 3723 730 Eccle-

2144 757 2239 810 sia:
2270 758 2474 820 datam,
2500 773 2690 811 verum
2726 759 2889 813 etiam
2922 762 2972 813 iII
3003 761 3187 815 futuro
3210 767 3549 818 servandam.
3583 768 3718 821 Audi

2144 847 2376 916 denique
2416 848 2545 916 quid
2594 848 2857 905 Dominus
2892 852 3033 905 dicat
3063 854 3114 906 iu
3160 854 3449 923 Evangelia
3483 873 3496 908 :
3541 874 3559 907 ι
3587 858 3718 911 Cum

2142 941 2370 1006 sederit,
2427 941 2602 1011 inquit
2654 945 2723 1007 “,
2757 943 2930 998 Filius
2984 946 3221 999 hominis
3269 961 3430 1013 super
3468 949 3715 1002 thronum

2143 1032 2329 1102 gloria:
2360 1048 2469 1088 suae
2491 1075 2505 1099 ,
2541 1034 2805 1090 sedebitis
2831 1046 2881 1089 et
2908 1051 3007 1091 vos
3040 1051 3201 1105 super
3245 1037 3525 1091 duodecim
3570 1039 3713 1091 thro‘

2142 1140 2259 1188 nos,
2312 1126 2625 1195 judicantes
2678 1127 2966 1181 duodecim
3020 1128 3195 1183 tribus
3258 1128 3441 1182 Israel.
3482 1148 3500 1180 ι
3558 1127 3719 1183 Vides

2142 1230 2272 1284 ergo
2308 1216 2435 1285 quia
2484 1232 2589 1271 non
2639 1218 2816 1272 solum
2853 1216 3113 1272 Dominus
3162 1217 3409 1283 judicat,
3442 1220 3526 1271 cui
3558 1234 3718 1271 omne

2136 1306 2395 1373 judicium
2432 1305 2595 1359 Pater
2628 1306 2798 1370 dedit,
2823 1307 2919 1360 sed
2954 1316 3008 1360 et
3040 1306 3327 1361 constituit
3362 1306 3462 1359 sibi
3488 1315 3543 1359 et
3582 1306 3717 1359 alios

2139 1397 2414 1468 principes
2448 1398 2538 1466 qui
2566 1397 2811 1467 judicent
2853 1398 3107 1468 populum
3154 1398 3219 1451 de
3248 1398 3547 1452 minoribus
3588 1412 3716 1452 cau-

2139 1492 2213 1545 sis
2236 1491 2372 1560 (72),
2406 1492 2627 1543 verbum
2660 1500 2843 1544 autem
2870 1492 3012 1559 quod
3042 1491 3261 1560 gravius
3290 1489 3451 1543 fuerit
3480 1492 3715 1544 referant

2139 1583 2204 1638 ad
2240 1586 2439 1653 ipsum.
2486 1582 2700 1637 Idcirco
2742 1583 2955 1636 dicebat
2988 1593 3042 1636 et
3093 1584 3353 1637 Donunus
3384 1584 3448 1637 de
3482 1584 3713 1652 quodam

2138 1679 2377 1747 quidem,
2421 1676 2547 1745 quia
2608 1694 2625 1726 I
2657 1690 2781 1730 reus
2817 1676 2922 1729 erit
2951 1675 3229 1735 consilion
3256 1676 3322 1730 de
3365 1676 3471 1729 alio
3508 1686 3712 1743 autem,

2143 1788 2161 1821 ι
2204 1785 2327 1824 reus
2362 1769 2469 1822 crit
2502 1767 2709 1838 judicio
2730 1806 2745 1831 ,
2773 1785 2790 1818 ι
2827 1777 2883 1821 et
2914 1768 2978 1819 de
3017 1766 3146 1831 alio,
3186 1784 3203 1816 I
3230 1781 3353 1820 reus
3380 1767 3485 1820 erit
3510 1767 3706 1835 gehen-

450 1866 770 1922 praeseutem
806 1856 1105 1912 discutiens
1134 1899 1150 1925 ,
1203 1858 1361 1913 video
1411 1859 1535 1928 quia
1590 1858 1679 1926 qui
1734 1858 2031 1928 pleniorem
2064 1848 2105 1903 Β
2138 1880 2219 1918 nae
2255 1863 2393 1934 ignis
2416 1864 2481 1918 ".
2518 1880 2536 1913 ι
2575 1860 2680 1917 Sed
2713 1870 2765 1915 et
2790 1862 2854 1914 de
2894 1859 3039 1913 omni
3074 1858 3237 1912 verbo
3270 1858 3444 1913 otioso
3487 1860 3717 1913 dicimur

449 1947 736 2001 scientiam
782 1949 876 2003 Dei
931 1950 1212 2021 accipiunt
1259 1961 1315 2006 et
1357 1950 1571 2020 plenius
1603 1951 1801 2006 divinis
1836 1951 2029 2007 imbuti

448 2048 576 2093 sunt
607 2039 935 2109 disciplinis,
967 2041 1055 2096 isti
1087 2043 1251 2095 etiam
1284 2043 1328 2097 si
1362 2042 1563 2096 malum
1590 2043 1816 2107 faciunt,
1844 2058 2029 2097 coram

451 2130 557 2183 Deo
590 2130 823 2196 faciunt,
854 2142 907 2186 et
944 2133 994 2186 in
1029 2144 1328 2204 conspectu
1363 2133 1480 2202 ejus
1514 2135 1737 2198 faciunt,
1770 2136 1911 2189 sicut
1941 2135 2031 2191 ille

447 2221 587 2274 dixit
613 2222 654 2251 ¹⁸
689 2239 701 2275 :
740 2239 760 2272 ι
813 2221 934 2276 Tibi
980 2223 1078 2278 soli
1132 2226 1379 2293 peccavi,
1412 2234 1466 2280 et
1523 2226 1723 2279 malum
1756 2241 1942 2279 coram
1979 2236 2031 2279 te

447 2310 572 2365 feci.
617 2330 635 2361 ι
668 2312 808 2378 Quid
839 2327 970 2383 ergo
1018 2313 1137 2383 plus
1162 2316 1324 2369 habet
1350 2317 1442 2385 qui
1473 2316 1673 2370 malum
1705 2332 1887 2371 coram
1922 2318 2029 2371 Deo

447 2403 612 2458 facit?
644 2403 774 2456 Illud
808 2404 1052 2473 profecto
1086 2407 1229 2474 quod
1276 2408 1536 2461 continuo
1579 2409 1825 2477 pmuitct,
1860 2420 1913 2461 et
1946 2409 2029 2462 di-

444 2499 522 2550 cit
550 2499 632 2548 ης
673 2516 691 2548 ι
729 2496 979 2553 Peccavi.
1016 2517 1034 2549 ι
1074 2499 1175 2565 Qui
1206 2509 1385 2554 autem
1417 2500 1646 2554 discedit
1673 2516 1701 2553 a
1736 2511 2029 2570 conspectu

450 2589 566 2654 Dei,
616 2590 795 2644 nescit
846 2591 1114 2655 converti,
1152 2600 1205 2646 et
1238 2600 1520 2661 peccatum
1558 2592 1871 2661 paenitendo
1903 2610 2031 2663 pur-

446 2695 590 2749 gare.
621 2680 731 2736 lloc
760 2696 891 2751 ergo
926 2682 1187 2749 interest,
1228 2682 1426 2735 Iualmn
1456 2698 1638 2737 coram
1680 2682 1790 2739 Deo
1822 2683 2023 2750 facere,

446 2783 497 2827 et
528 2789 558 2827 a
598 2773 691 2828 Dei
730 2786 1020 2844 conspectu
1054 2793 1159 2830 non
1192 2778 1509 2832 discessisse
1538 2788 1881 2846 peccantem.

513 2868 565 2919 ϋ.
610 2864 716 2920 Sed
748 2876 804 2920 nt
836 2868 989 2921 video
1036 2867 1223 2924 Jetbro
1271 2886 1375 2923 non
1422 2869 1623 2925 frustra
1658 2873 1807 2926 venit
1866 2872 2021 2942 171

442 2957 509 3010 ad
566 2958 806 3029 Moysen,
862 2975 961 3015 nec
1009 2961 1208 3015 frustra
1265 2965 1616 3020 manducavit
1664 2980 1859 3034 panem
1902 2980 2026 3018 cum

442 3052 755 3107 senioribus
784 3054 965 3123 populi
1014 3056 1065 3109 in
1107 3068 1403 3126 conspectu
1459 3059 1697 3113 Domini.
1747 3059 1847 3111 Dat
1878 3060 2025 3111 enim

442 3142 730 3195 consilium
782 3143 949 3213 Moysi
991 3145 1273 3212 probabile
1304 3147 1439 3201 satis
1472 3158 1525 3202 et
1556 3149 1722 3215 utile,
1775 3156 1833 3201 nt
1862 3149 2023 3216 eligat

444 3230 611 3295 viros,
652 3244 706 3287 et
751 3237 1046 3292 constituat
1078 3238 1354 3308 principes
1387 3238 1612 3309 populi,
1661 3239 1810 3293 viros
1858 3240 2022 3293 Deum

441 3320 680 3376 colentes
708 3362 723 3385 ,
775 3324 922 3379 viros
954 3336 1205 3395 potentes
1232 3370 1246 3391 ,
1284 3339 1337 3384 et
1383 3330 1636 3383 odicntes
1680 3329 2021 3398 superbiam.

442 3412 604 3468 Tales
635 3416 778 3468 enim
810 3428 1028 3486 oportet
1057 3434 1180 3474 esse
1218 3421 1493 3491 principes
1524 3420 1732 3490 p0puli,
1774 3422 1869 3491 qui
1917 3437 2023 3475 non

442 3502 615 3556 solum
650 3506 869 3573 superbi
910 3522 1013 3561 non
1058 3510 1200 3575 sint,
1234 3510 1329 3565 sed
1373 3520 1423 3564 et
1458 3512 1549 3580 qui
1581 3511 1798 3565 oderint
1827 3526 2023 3580 snper-

442 3597 614 3659 biam,
656 3597 708 3650 id
757 3608 840 3653 est
905 3609 962 3653 ut
1005 3615 1111 3654 non
1146 3601 1320 3657 solum
1355 3602 1455 3672 ipsi
1489 3603 1694 3668 absque
1724 3604 1856 3659 vitio
1892 3605 2022 3670 sint,

443 3690 536 3742 sed
578 3700 631 3744 et
673 3693 724 3745 in
776 3694 899 3747 aliis
957 3694 1174 3748 oderint
1228 3696 1379 3751 vitia.
1435 3693 1549 3751 Non
1601 3697 1850 3752 homines
1901 3698 2025 3753 dico

441 3782 641 3847 odisse,
696 3786 791 3837 sed
852 3786 1169 3841 vitiauEt
1216 3786 1520 3853 ordinabis,
1576 3788 1755 3857 inquit
1808 3788 1877 3855 '°,
1928 3806 2023 3845 eos

443 3873 729 3936 tribunos,
762 3886 814 3928 et
851 3878 1206 3939 centuriones
1233 3917 1248 3942 ,
1298 3886 1353 3932 et
1400 3879 1921 3949 quinquagenarios,
1972 3892 2025 3937 et

442 3968 701 4030 decanos,
733 3977 785 4021 et
812 3967 1136 4038 jndicabunt
1176 3969 1434 4040 pOpIIlum
1481 3974 1627 4026 omni
1672 3972 1825 4027 hora.
1884 3974 2021 4030 Ver-

444 4060 568 4112 anu
616 4070 797 4113 autem
849 4062 991 4131 quod
1029 4063 1256 4133 gravius
1300 4062 1462 4117 fuerit
1506 4064 1742 4122 referent
1791 4066 1857 4119 ad
1890 4076 1958 4121 te.
2000 4085 2017 4117 ι

443 4153 677 4207 Audiant
706 4154 979 4223 principes
1010 4154 1189 4223 pepuli
1224 4165 1280 4209 et
1330 4154 1631 4227 presbyteri
1675 4156 1865 4225 plebis,
1895 4158 2020 4227 quia

441 4244 642 4299 debent
701 4245 847 4301 omni
901 4246 1033 4300 hora
1085 4247 1343 4316 populum
1378 4247 1661 4316 judicare,
1711 4264 1928 4319 semper
1969 4258 2024 4303 et

437 4336 559 4389 sine
590 4337 997 4392 intermissione
1027 4339 1219 4393 sedere
1244 4340 1297 4392 in
1319 4339 1549 4408 judicio,
1590 4340 1851 4395 dirimere
1880 4340 2020 4408 lites,

443 4427 797 4481 reconciliare
821 4429 1169 4491 dissidentes,
1200 4431 1251 4484 in
1280 4431 1509 4501 gratiam
1536 4447 1790 4487 revocare
1817 4433 2022 4487 discor-

2133 1956 2435 2027 przestaturi
2467 1956 2730 2010 rationem
2757 1996 2772 2019 ,
2802 1962 2856 2008 et
2891 1968 2997 2005 non
3030 1951 3165 2004 dixit
3195 1952 3320 2020 quia
3355 1952 3461 2004 Deo
3492 1960 3717 2020 prmsta-

2134 2047 2309 2102 bimus
2348 2046 2639 2110 rationem,
2671 2044 2815 2097 sicut
2861 2044 2926 2095 de
2959 2040 3201 2111 perjurio
3234 2041 3366 2094 dicit
3395 2041 3440 2071 ¹³
3471 2060 3483 2093 :
3526 2060 3543 2091 I
3575 2042 3710 2095 ltcd-

2133 2140 2230 2194 des
2289 2147 2471 2191 autem
2525 2135 2752 2189 Domino
2805 2132 3118 2203 jurau'enta
3182 2141 3292 2185 tua.
3326 2151 3345 2184 ι
3410 2130 3605 2185 Verum
3662 2142 3716 2185 et

2139 2250 2155 2281 ι
2187 2230 2371 2299 regina
2415 2227 2590 2282 austri
2627 2236 2814 2297 surget
2851 2227 2903 2279 in
2935 2223 3141 2292 judicio
3169 2239 3291 2276 cum
3325 2223 3453 2275 viris
3489 2238 3713 2290 genera~

2136 2325 2299 2379 tionis
2331 2322 2515 2393 hujus,
2546 2330 2599 2375 et
2629 2318 3019 2373 condemnabit
3059 2332 3153 2371 eos
3177 2316 3240 2368 ²⁸⁶.
3271 2336 3288 2366 ι
3320 2316 3453 2368 Ecce
3488 2324 3539 2366 et
3568 2314 3712 2365 aliud

2124 2415 2313 2482 judicii
2342 2427 2535 2483 genus.
2561 2411 2692 2477 IQui
2723 2411 2883 2463 habet
2913 2422 3071 2460 aures
3099 2404 3349 2458 audiendi
3372 2404 3560 2456 audiat
3606 2402 3707 2459 ⁸⁸³.»

2132 2506 2259 2560 Hice
2297 2505 2442 2559 enim
2467 2504 2654 2557 omnia
2686 2512 2844 2571 typus
2892 2510 2945 2553 et
2988 2498 3175 2551 umbra
3218 2505 3337 2548 sunt
3384 2495 3710 2560 cmlcstium,

2129 2608 2183 2655 et
2224 2598 2403 2665 imago
2442 2594 2768 2648 futurorum.
2830 2590 3025 2645 Verum
3071 2589 3214 2642 sicut
3266 2588 3529 2655 scripIqu
3583 2588 3711 2654 legi-

2133 2708 2251 2748 mus
2308 2693 2376 2756 ",
2433 2691 2562 2760 quia
2615 2707 2632 2741 I
2667 2704 2774 2742 non
2825 2686 3061 2739 satiatur
3107 2683 3295 2737 oculus
3328 2685 3559 2737 videndo
3611 2699 3710 2737 nec

2130 2786 2279 2840 auris
2326 2784 2598 2837 audiendo
2631 2780 2764 2852 (73),
2798 2800 2815 2831 ι
2875 2795 2972 2834 nec
3031 2794 3128 2833 nos
3186 2777 3374 2831 satiari
3422 2792 3707 2843 possumus

2131 2877 2390 2932 intuendo
2438 2884 2492 2929 et
2535 2872 2931 2928 considerando
2972 2886 3093 2941 qua:
3138 2868 3340 2936 scripta
3385 2875 3545 2929 sunt,
3581 2875 3711 2933 quot

2128 2986 2193 3026 ex
2226 2968 2475 3038 partibus
2518 2981 2619 3021 nos
2666 2966 2971 3029 ardiﬁccnt,
3028 2963 3247 3033 quantis
3297 2977 3396 3015 nos
3436 2961 3711 3015 instruant

2129 3060 2323 3115 modis.
2374 3057 2586 3114 Etenim
2630 3072 2753 3111 cum
2796 3056 3063 3125 perspicio
3119 3053 3261 3121 quod
3308 3051 3521 3122 Moyses
3580 3067 3706 3121 pro-

2131 3156 2291 3222 pheta
2336 3151 2447 3205 Deo
2492 3150 2707 3220 plenus,
2739 3149 2826 3203 cui
2863 3148 3002 3201 Deus
3030 3144 3169 3199 facie
3200 3146 3265 3198 ad
3292 3144 3488 3197 faciem
3522 3142 3708 3211 loque-

2131 3245 2311 3309 batur,
2341 3243 2629 3297 consilium
2664 3239 2873 3307 accepit
2892 3253 2920 3290 a
2945 3235 3136 3290 Jethro
3164 3236 3447 3289 sacerdote
3472 3233 3711 3299 Madiun,

2128 3333 2489 3387 admiratione
2524 3330 2689 3383 nimia
2718 3337 2995 3396 stuporem
3027 3326 3228 3379 mentis
3277 3325 3516 3378 incurro.
3568 3322 3712 3378 Dicit

2127 3424 2271 3477 enim
2322 3418 2602 3489 Scriptura
2661 3420 2750 3470 ’τε
2803 3436 2819 3467 ι
2854 3416 2920 3469 Ει
2981 3416 3185 3469 audivit
3247 3415 3455 3485 Moyses
3522 3430 3709 3469 vocem

2128 3514 2304 3571 soceri
2334 3514 2442 3577 sui,
2474 3522 2528 3566 et
2559 3511 2693 3566 fecit
2723 3524 3062 3579 qurecuuque
3094 3508 3226 3563 dixit
3253 3511 3323 3564 ei.
3364 3528 3381 3559 ι
3432 3506 3544 3563 Non
3576 3509 3711 3563 dixit

2129 3608 2252 3678 quia
2288 3607 2419 3661 mihi
2456 3605 2598 3661 Deus
2645 3602 2916 3671 loquitur,
2971 3612 3024 3655 et
3058 3602 3189 3670 quid
3235 3616 3395 3668 agere
3440 3602 3704 3664 debeam,

2127 3700 2338 3757 cmlesti
2372 3700 2437 3750 ad
2469 3711 2552 3750 me
2581 3710 2834 3750 sermone
2863 3694 3125 3760 defertur,
3153 3702 3208 3748 et
3238 3695 3506 3762 quomodo
3531 3695 3710 3749 consi-

2130 3794 2259 3847 liqu
2309 3792 2377 3845 ab
2423 3789 2646 3843 homine
2678 3787 2963 3855 aceipiam,
3022 3796 3074 3841 ct
3125 3785 3193 3839 ab
3240 3786 3457 3841 homine
3499 3786 3707 3856 gentili.

2129 3881 2306 3936 alieno
2332 3896 2359 3933 a
2388 3878 2586 3947 populo
2619 3877 2709 3930 Dei
2737 3877 2757 3929 ?
2794 3876 2899 3930 Sed
2929 3876 3078 3929 audit
3107 3890 3293 3930 vocem
3328 3874 3463 3942 ejus,
3495 3886 3549 3931 ct
3583 3876 3710 3930 facit

2126 3973 2313 4039 omnia
2343 3988 2463 4043 qua:
2494 3971 2650 4035 dicit,
2684 3980 2869 4024 etnon
2908 3969 3030 4037 quis
3053 3968 3239 4033 dicat,
3269 3968 3362 4021 sed
3392 3969 3518 4037 quid
3545 3969 3708 4032 dicat,

2128 4064 2421 4120 auscultat.
2453 4063 2608 4118 Unde
2636 4071 2694 4117 et
2724 4076 2823 4115 nos
2847 4062 2890 4115 si
2926 4060 3066 4114 forte
3092 4060 3383 4129 aliquando
3408 4061 3711 4115 invenimus

2128 4157 2332 4226 aliquid
2365 4156 2645 4225 sapienter
2676 4170 2705 4207 a
2732 4153 3027 4223 gentilibus
3056 4153 3284 4217 dictum,
3311 4169 3417 4207 non
3450 4154 3711 4207 continuo

2127 4264 2250 4303 cum
2295 4246 2535 4301 auctoris
2586 4246 2803 4299 nomine
2860 4258 3120 4312 spernere
3150 4244 3413 4298 debemus
3454 4255 3505 4295 et
3544 4244 3709 4306 dicIa,

2126 4356 2227 4394 nec
2255 4354 2352 4409 pro
2378 4354 2441 4393 eo
2473 4339 2617 4407 quod
2647 4336 2819 4406 legem
2856 4351 2885 4388 a
2934 4333 3043 4389 Deo
3074 4335 3251 4387 datam
3280 4344 3548 4399 tenemus,
3576 4348 3707 4386 cou-

2126 4434 2274 4487 venit
2305 4446 2403 4484 nos
2434 4441 2640 4485 tumere
2668 4428 2945 4497 superbia,
2993 4437 3048 4480 et
3071 4440 3331 4494 spernere
3366 4426 3530 4478 verba
3583 4439 3707 4492 prn-

438 4519 533 4570 des
565 4516 700 4587 (7|).
734 4518 917 4573 Discat
963 4524 1335 4591 unusquisque
1376 4538 1442 4577 ex
1474 4523 1771 4591 Seripturis
1814 4526 2020 4580 sanctis
2053 4540 2097 4598 ι)
2129 4526 2407 4589 dentium,
2464 4525 2557 4578 sed
2608 4524 2749 4576 sicut
2798 4517 3090 4589 Apostolus
3144 4517 3277 4571 dicit
3335 4516 3423 4569 “z
3460 4534 3477 4566 I
3514 4515 3706 4569 Omnia

438 4607 673 4660 udicium
705 4624 887 4665 suum.
928 4611 1164 4681 Moyses,
1197 4615 1395 4682 inquit,
1423 4624 1479 4667 ut
1508 4616 1577 4668 sit
1609 4615 1661 4668 iII
1691 4616 1773 4669 his
1804 4631 1925 4686 qua:
1951 4619 2017 4672 ad

443 4700 606 4751 Deum
642 4710 789 4765 sunt,
823 4712 876 4757 et
909 4705 1135 4757 verbum
1169 4706 1259 4759 Dei
1304 4706 1579 4759 edisserat
1629 4707 1844 4775 populo.
1902 4709 2019 4765 Cm-

441 4789 538 4841 tcri
570 4798 749 4841 autem
801 4791 1078 4861 principes
1109 4809 1246 4862 quos
1295 4794 1569 4861 appellant
1604 4795 1850 4851 tribunos
1884 4797 2015 4871 (tri--

439 4880 564 4932 luIIIi
612 4880 754 4934 enim
788 4898 853 4935 cx
906 4898 971 4936 eo
1007 4883 1287 4945 dicuntur,
1334 4884 1476 4952 quod
1526 4886 1687 4941 tribui
1734 4890 2013 4961 prIcsint),

437 4972 618 5027 uteri
659 4987 789 5044 ergo
834 4974 1059 5042 tribuni,
1091 4975 1175 5031 vel
1207 4977 1584 5045 centuriones,
1619 4979 1701 5033 vel
1752 4984 2017 5055 quinqua-

513 5166 553 5198 "
586 5164 600 5217 I
638 5165 761 5219 Cor.
811 5184 865 5229 κ,
909 5170 999 5221 51.
1117 5170 1159 5201 ³⁸
1195 5168 1327 5222 Gen.
1369 5186 1449 5233 ιιι,
1494 5171 1578 5226 l0.

436 5253 581 5297 ιιι-ιιι,
619 5236 679 5288 21
761 5239 803 5270 ³⁸
838 5240 1024 5291 Matth.
1069 5256 1183 5300 κικ.
1215 5240 1305 5294 28.

432 5310 478 5338 ²·⁵
532 5310 707 5362 Εςαιυ.
756 5325 811 5373 ι,
844 5311 898 5362 8.
974 5311 1017 5341 ³⁷
1074 5312 1242 5365 Exod.
1301 5326 1465 5375 XVIII,
1522 5314 1613 5367 “li.

1408 5246 1450 5273 ³⁵
1482 5242 1669 5295 Matth.
1708 5261 1736 5293 ν
1804 5248 1894 5299 ⁸22.

468 5458 616 5537 ,(70)
669 5459 843 5524 Alias,
876 5477 895 5511 ι
954 5459 1272 5528 parricidio.
1336 5480 1353 5512 ι
1393 5461 1497 5515 Sed
1548 5476 1703 5523 Inss.,
1764 5482 1782 5514 ι
1833 5463 2018 5519 fratri-

432 5542 594 5579 Clam.
632 5548 650 5577 ι

507 5598 646 5665 (71)
679 5599 846 5677 ᾼΙίτιε,
889 5621 903 5651 ι
934 5602 985 5654 in
1016 5602 1191 5669 gratia
1228 5602 1516 5655 recordare
1550 5601 1853 5657 discordes.
1888 5622 1905 5649 ι
1951 5606 2018 5657 At

437 5680 564 5719 Iuss.
598 5680 650 5717 III
684 5685 734 5719 III
766 5679 954 5724 nostro
993 5681 1159 5723 textu.

509 5736 622 5799 (72)
668 5753 685 5786 ι
730 5738 880 5790 Alios
920 5741 1192 5807 principes
1245 5740 1333 5807 qui
1382 5740 1622 5806 judicent
1664 5741 1919 5807 populum
1955 5744 2020 5793 de

442 5808 743 5862 minoribus
806 5810 1005 5863 causis.
1043 5829 1061 5861 ι
1138 5811 1389 5866 Cavenda
1448 5810 1561 5865 lucc
1620 5822 1767 5865 recte
1836 5822 2017 5867 monet

1696 5174 1737 5204 ¹⁷
1773 5174 1969 5231 Cenes.
2012 5198 2086 5240 Iv,
2128 5175 2209 5227 16.

1708 5261 1736 5293 ν
1804 5248 1894 5299 ⁸22.
1999 5250 2043 5279 ’⁸
2088 5249 2217 5301 ibid.
2260 5248 2287 5299 5

2088 5249 2217 5303 ίΙιίιΙ.
2260 5247 2348 5300 55.

1689 5314 1735 5345 ³⁸
1776 5316 1791 5368 1
1827 5315 2019 5374 Thess.
2053 5337 2099 5381 v,
2128 5319 2217 5372 2t.

2129 4619 2439 4687 probantes,
2469 4616 2611 4684 quod
2648 4615 2847 4668 bonum
2889 4619 2969 4666 est
3000 4619 3265 4665 tenentes.
3298 4632 3316 4665 ι
3352 4609 3487 4676 Quis
3526 4617 3706 4662 autem

2126 4711 2288 4765 hodie
2314 4726 2501 4765 eormn
2543 4712 2631 4779 qui
2673 4709 2889 4779 populis
2929 4718 3169 4777 prtesunt
3194 4747 3210 4772 ,
3241 4723 3344 4761 nou
3372 4706 3492 4759 dico
3521 4703 3565 4757 si
3593 4703 3704 4771 jam

2126 4806 2304 4876 aliqua
2336 4806 2385 4859 ei
2426 4822 2453 4859 a
2485 4806 2597 4860 Deo
2630 4804 2868 4858 revelata
2895 4810 3054 4866 sunt,
3102 4801 3195 4855 sed
3228 4800 3279 4852 iu
3314 4800 3445 4868 legis
3476 4798 3705 4852 scientia

2131 4903 2333 4971 aliquid
2381 4900 2562 4955 meriti
2598 4900 2795 4960 habet,
2826 4896 3113 4950 consilium
3144 4897 3397 4965 dignatur
3434 4891 3705 4945 inferioris

2131 4994 2321 5049 saltem
2356 4992 2655 5048 sacerdotis
2689 4992 2984 5061 accipere?
3028 4991 3223 5046 nedum
3267 4988 3499 5042 dixerim
3540 4986 3701 5050 laici,

2326 5175 2366 5205 ³⁸
2398 5173 2540 5227 Psal.
2574 5188 2623 5231 ιι,
2664 5172 2717 5225 4.

2458 5246 2503 5274 ’δ
2558 5242 2750 5298 Matth.
2796 5257 2893 5306 λιι,
2930 5242 3016 5295 42.

2833 5171 2874 5201 ιο
2906 5170 2942 5223 ιι
2976 5170 3107 5237 Reg.
3140 5187 3234 5226 xu.
3272 5169 3355 5221 ιδ.
3458 5172 3503 5201 ὀ
3532 5165 3699 5237 una.

3119 5242 3161 5272 ³⁵
3194 5242 3383 5296 MatIiI.
3426 5257 3519 5293 ιιιιι
3545 5277 3557 5301 ,
3615 5234 3702 5287 1ιῦ.

2122 5464 2529 5530 Geuebrardus,
2560 5479 2680 5517 nam
2715 5462 2888 5517 sancti
2922 5460 2987 5515 de
3025 5460 3126 5513 hoc
3155 5456 3355 5512 mundo
3380 5450 3702 5525 judicabant

2121 5536 2473 5607 approbando
2502 5547 2556 5589 cl
2578 5534 2746 5604 judici
2775 5532 3103 5607 assistendo.
3268 5597 3276 5605 _
3542 5590 3571 5607 ,τ

2192 5596 2304 5675 (75)
2334 5606 2505 5667 Alias,
2554 5596 2743 5659 (sicut
2774 5605 3032 5675 scriptum
3061 5609 3161 5661 est,
3187 5597 3313 5675 quia
3343 5609 3446 5645 non
3474 5596 3695 5675 satiati"

2120 5668 2309 5727 (multis
2360 5677 2497 5735 visu,
2564 5693 2663 5734 nec
2716 5668 3164 5735 aurisiauditu”
3220 5668 3313 5722 sed
3360 5679 3501 5735 Inss.
3548 5670 3605 5712 ut
3645 5672 3700 5713 ιιι

2121 5756 2303 5801 ιιυδιιυ
2337 5755 2483 5801 textu
