4110 6396
497 370 605 427 585

1948 368 2273 428 ORIGENIS

3650 370 3754 426 384

494 488 771 541 auferetur
846 488 1116 543 velamen.
1148 510 1165 541 ι
1248 490 1415 560 Igitur
1486 507 1710 546 causam
1784 490 2065 544 auferendi
2100 490 2143 545 Α
2176 485 2231 539 Si
2260 485 2401 539 enim
2434 482 2633 552 ille'qui
2670 482 2843 548 adest,
2875 483 2964 552 qtti
2997 483 3167 544 audit.
3197 493 3252 539 et
3304 484 3541 540 intentus
3569 496 3677 550 est,
3700 497 3754 540 et

494 579 799 642 velatninis,
862 582 1280 636 conversionem
1348 594 1590 637 nostram
1657 599 1778 638 esse
1833 584 1961 636 dicit
2006 582 2070 635 ad

491 664 802 722 Dominum.
860 670 935 722 Ex
981 686 1088 739 quo
1129 674 1435 741 colligenda
1471 686 1598 727 sunt
1641 676 1798 727 nobis
1842 674 2070 738 indicia,

489 758 633 825 quod
681 759 854 814 donec
901 761 1142 829 legentes
1199 764 1514 834 Scripturas
1553 765 1765 819 divinas
1802 767 1927 818 latet
1976 782 2073 820 nos

493 844 820 915 intellectus,
854 853 1022 906 donec
1051 854 1283 908 obscura
1312 865 1437 909 sunt
1465 857 1623 910 nobis
1654 866 1707 911 et
1740 858 1923 911 clausa
1956 871 2071 925 qua:

490 937 693 1004 scripta
720 949 867 1005 sunt,
904 944 1140 995 nondum
1174 946 1425 999 conversi
1453 949 1516 1000 ad
1544 949 1830 1002 Dominum
1860 964 2067 1005 smnus.

490 1025 547 1081 Si
581 1028 724 1081 enim
754 1033 999 1084 conversi
1026 1048 1270 1088 essemus
1310 1036 1375 1089 ad
1408 1038 1720 1103 Dominum,
1752 1042 1872 1094 sine
1907 1040 2069 1095 dubio

490 1116 803 1171 auferretur
842 1120 1107 1175 velamen.

558 1205 611 1258 2.
647 1208 751 1262 Sed
783 1220 838 1263 et
876 1210 976 1265 hoc
1010 1214 1183 1281 ipsum
1222 1218 1468 1271 converti
1498 1219 1562 1272 ad
1597 1219 1880 1275 Dominum
1909 1223 2068 1293 quale

488 1298 559 1353 sit
586 1299 886 1354 videamus.
924 1302 989 1356 Et
1025 1315 1083 1357 ut
1117 1307 1424 1361 evidentius
1456 1309 1595 1363 scire
1628 1313 1905 1379 possimus
1934 1315 2062 1381 qttid

486 1388 553 1440 sit
588 1404 899 1453 conversus,
947 1394 1238 1449 dicendum
1278 1400 1435 1452 nobis
1466 1398 1578 1470 (77)
1628 1401 1780 1469 prius
1820 1414 1903 1457 est
1933 1407 2060 1473 quid

486 1478 555 1529 sit
587 1493 831 1533 aversus.
867 1482 1054 1536 Omnis
1087 1488 1201 1553 qui,
1230 1502 1351 1540 cum
1389 1490 1686 1543 recitantur
1712 1493 1872 1545 verba
1908 1493 2057 1562 legis,

484 1569 862 1622 communibus
890 1572 1086 1625 fabulis
1116 1587 1441 1643 occupatur,
1479 1593 1702 1633 aversus
1723 1590 1826 1634 est.
1871 1583 2061 1639 Omnis

484 1658 597 1724 qui,
624 1674 743 1711 eum
774 1658 968 1729 legi-tur
992 1662 1226 1732 Moyses,
1267 1665 1333 1719 de
1363 1668 1595 1736 negotiis
1623 1672 1831 1735 saculi,
1860 1676 1926 1727 de
1967 1691 2060 1743 pe-

483 1749 665 1813 cunia,
710 1751 776 1804 de
814 1751 981 1805 lucris
1025 1754 1440 1808 sollicitudinem
1474 1760 1650 1826 gerit,
1699 1776 1922 1817 aversus
1950 1776 2054 1817 est.

2179 592 2298 646 qme
2331 577 2480 629 audit
2509 584 2792 641 retractat,
2830 586 2879 630 et
2905 578 3144 639 discutit,
3174 585 3227 629 et
3250 591 3370 644 quae
3398 578 3611 645 assequi
3644 593 3753 631 non

2177 674 2374 735 potest,
2416 674 2786 732 percontatur,
2820 676 2873 718 et
2910 666 3090 730 discit,
3122 667 3208 718 vix
3244 668 3507 733 potestad
3532 668 3751 722 liberta-

2178 764 2282 807 tem
2334 756 2575 809 scientiae
2621 756 2943 823 pervenire;
3002 756 3087 809 ille
3138 757 3231 825 qtti
3276 758 3558 810 abscondit
3592 774 3751 814 aures

2173 861 2298 899 suas
2330 863 2396 900 ne
2423 848 2632 910 audiat,
2661 858 2713 901 et
2746 859 2894 915 terga
2926 848 2977 901 in
3014 849 3201 903 faciem
3238 850 3457 917 legentis
3493 850 3745 913 obvertit,

2172 938 2444 1004 quomodo
2486 938 2747 993 dicendus
2788 946 2872 992 est
2908 939 3152 993 velamen
3202 941 3403 994 habere
3437 941 3748 1008 superposi—

2172 1037 2283 1080 tnut
2318 1028 2565 1093 cordi,ad
2595 1043 2752 1097 quem
2794 1044 2861 1083 ne
2912 1030 3084 1098 ipsum
3120 1032 3336 1099 quidem
3377 1031 3617 1085 velamen
3653 1032 3743 1085 lit-

2171 1126 2299 1171 tera:
2323 1133 2431 1186 qtto
2457 1134 2649 1173 sensus
2675 1120 2903 1187 velatur,
2929 1122 3022 1192 qui
3056 1133 3132 1176 εει
3162 1137 3325 1175 sonus
3358 1123 3526 1185 vocis,
3555 1138 3743 1178 acces-

2168 1208 2285 1262 sit?
2321 1209 2554 1264 Evidens
2613 1211 2775 1280 igitur
2822 1213 2991 1283 figura
3038 1222 3140 1277 est,
3191 1215 3463 1281 quomodo
3506 1215 3739 1283 gloriosa

2167 1298 2395 1354 eﬂicitur
2433 1301 2604 1357 facies
2633 1302 2800 1374 Moysi
2837 1321 2850 1357 :
2877 1304 3079 1359 habent
3105 1306 3247 1359 enim
3275 1306 3497 1376 gloriam
3528 1323 3591 1360 ea
3623 1324 3741 1376 qua:

2168 1390 2408 1460 loquitur
2434 1409 2447 1444 :
2474 1394 2567 1447 sed
2594 1394 2708 1449 haec
2738 1396 2958 1464 tegitur,
2984 1407 3037 1451 et
3064 1397 3386 1464 occultatur,
3419 1407 3472 1453 et
3511 1408 3594 1452 est
3619 1414 3739 1453 ont-

2168 1483 2256 1535 nis
2281 1483 2450 1550 gloria
2494 1483 2614 1551 ejus
2644 1485 2990 1540 intrinsecus.

2235 1573 2287 1627 5.
2324 1574 2458 1629 lllud
2497 1590 2714 1645 quoque
2768 1580 2978 1633 intuere
3029 1582 3189 1648 quale
3248 1580 3339 1645 sit,
3365 1583 3507 1649 quod
3541 1583 3591 1635 in
3624 1582 3738 1654 lege

2164 1665 2343 1718 vultus
2375 1667 2597 1735 quidem
2636 1668 2805 1737 Moysi
2835 1671 3171 1739 glorificatus
3202 1673 3457 1737 refertur,
3492 1673 3617 1727 licet
3644 1689 3735 1729 ve-

2165 1756 2370 1812 lamine
2403 1768 2760 1826 contegatur;
2796 1776 2987 1815 manus
3014 1773 3193 1815 autem
3229 1762 3349 1829 ejus
3387 1766 3527 1820 intra
3559 1767 3735 1821 sinum

479 1837 668 1892 Omnis
718 1844 809 1909 qui
852 1848 1249 1912 possessionum
1282 1852 1428 1905 curis
1467 1854 1772 1921 stringitur,
1812 1866 1867 1910 et
1914 1858 2047 1912 divi.
2088 1826 2130 1884 Β
2165 1850 2351 1915 missa.
2394 1851 2606 1919 ΙεΡτοετι
2654 1851 2796 1905 fama
2836 1863 3174 1906 memor‘m'r
3212 1855 3353 1909 δίίδυί
3390 1858 3501 1909 ¹¹Ῑπ’
3540 1857 3594 1910 In
3627 1873 3739 1927 quo

477 1929 677 1983 tiarttm
713 1934 1007 2002 cupiditate
1041 1936 1383 2005 distenditur,
1420 1944 1511 2011 qui
1560 1944 1747 2012 gloriae
1788 1949 1969 2003 saeculi
2001 1960 2054 2005 et

483 2022 669 2075 mttndi
704 2022 1003 2082 honoribus
1031 2030 1233 2095 studet,
1268 2047 1493 2088 aversus
1524 2046 1625 2089 est.
1656 2036 1761 2092 Sed
1788 2048 1842 2092 et
1870 2042 1957 2109 qui
1988 2042 2056 2096 ab

477 2107 561 2164 his
596 2112 811 2179 quidem
840 2114 1050 2170 videtur
1084 2117 1313 2185 alienus,
1362 2123 1572 2178 assistit
1602 2134 1783 2179 autem
1819 2107 2053 2185 etiaudit

478 2202 642 2254 verba
685 2202 818 2273 legis
843 2245 857 2269 ,
912 2216 966 2260 et
990 2209 1139 2263 vultu
1174 2220 1337 2280 atque
1373 2214 1547 2270 oculis
1576 2216 1839 2284 intentus,
1890 2224 2055 2278 corde

480 2298 657 2345 tamen
687 2302 740 2347 et
770 2297 1189 2365 cogitationibus
1208 2313 1470 2371 evagatur
1516 2322 1743 2364 aversus
1773 2319 1880 2365 est.
1912 2312 2050 2380 Quid

476 2395 604 2452 ergo
633 2392 717 2438 est
744 2391 985 2441 converti
1011 2388 1035 2442 ?
1066 2390 1122 2445 Si
1153 2394 1237 2447 his
1274 2396 1525 2451 omnibus
1557 2407 1706 2471 terga
1751 2413 2047 2469 vertamus,

475 2481 527 2525 et
561 2474 765 2541 studio,
799 2477 1039 2545 actibus,
1079 2491 1294 2548 mente,
1327 2483 1724 2552 sollicitudine,
1756 2492 1921 2545 verbo
1956 2494 2045 2546 Dei

474 2577 700 2633 operam
731 2564 951 2635 demus,
985 2579 1039 2624 et
1075 2570 1126 2624 in
1158 2571 1273 2640 lege
1307 2572 1421 2642 ejus
1446 2576 1534 2630 die
1574 2594 1638 2632 ac
1671 2590 1831 2636 nocte
1875 2586 2046 2639 medi-

476 2662 672 2721 temur,
700 2659 914 2713 omissis
944 2663 1196 2716 omnibus
1238 2665 1349 2721 Deo
1383 2682 1659 2734 vacemus,
1693 2687 2051 2731 exerceamur

474 2745 527 2798 in
590 2750 913 2805 testimoniis
963 2750 1102 2819 ejus,
1163 2754 1263 2810 hoc
1324 2766 1408 2811 est
1451 2773 1766 2815 conversum
1811 2778 1934 2819 esse
1978 2766 2046 2821 ad

472 2835 779 2893 Dominum.
816 2841 893 2895 Tu
944 2858 1092 2912 ergo,
1150 2844 1193 2897 si
1234 2847 1468 2902 volueris
1517 2850 1683 2904 lilium
1716 2862 1861 2907 tuum
1906 2858 2048 2911 scire

469 2927 679 2982 litteras
701 2946 836 2999 quas
878 2934 1130 2990 liberales
1168 2948 1383 3003 vocant,
1415 2945 1558 3001 scire
1592 2953 2043 3019 grammaticam,

471 3020 626 3091 173
658 3023 741 3076 vel
788 3026 1109 3083 rhetoricam
1155 3030 1518 3103 disciplinam,
1554 3043 1793 3110 nunquid
1823 3060 1928 3099 non
1976 3047 2044 3101 ab

2162 1942 2293 1995 mihi
2319 1943 2530 1996 videtnr
2556 1942 2725 1996 forma
2758 1943 2920 1996 totius
2944 1943 3076 2012 legis
3105 1945 3415 2011 plenissime
3437 1948 3735 2016 designari.

2162 2031 2214 2085 ltt
2252 2032 2399 2086 vultu
2432 2034 2574 2087 enim
2598 2034 2718 2103 ejus
2752 2050 2934 2088 sermo
2966 2035 3117 2103 legis,
3156 2036 3209 2090 in
3244 2053 3405 2091 manu
3438 2054 3603 2109 opera
3638 2042 3735 2097 de-

2156 2125 2467 2195 signantur.
2504 2124 2638 2191 Quia
2673 2142 2801 2195 ergo
2829 2142 2891 2182 ex
2924 2128 3179 2196 operibus
3211 2129 3346 2199 legis
3390 2132 3568 2187 nullus
3614 2144 3735 2188 erat

2150 2217 2555 2285 justificandus,
2586 2233 2685 2273 nec
2726 2219 2962 2287 aliquem
2992 2220 3058 2272 ad
3114 2220 3414 2288 perfectum
3465 2226 3734 2281 adducere

2157 2316 2371 2375 poterat
2408 2308 2518 2375 lex,
2544 2308 2751 2363 idcirco
2783 2326 2980 2366 manus
3026 2311 3193 2381 Moysi
3233 2313 3443 2380 leprosa
3491 2314 3569 2379 fit,
3601 2328 3651 2369 et
3679 2316 3731 2370 in

2155 2398 2330 2452 sinum
2390 2400 2726 2465 reconditur,
2779 2411 3037 2471 tanquam
3093 2405 3226 2457 nihil
3278 2405 3501 2473 perfecti
3550 2410 3734 2476 aperis

2157 2489 2405 2543 habitura
2434 2506 2449 2543 :
2480 2488 2648 2546 facies
2682 2507 2809 2546 vero
2836 2493 2952 2561 ejus
2980 2492 3282 2562 glorificata
3320 2506 3425 2560 est,
3458 2500 3551 2552 sed
3589 2500 3734 2553 vela-

2155 2581 2299 2634 mine
2372 2582 2620 2652 tegitur;
2666 2584 2791 2652 quia
2847 2598 3029 2638 sermo
3079 2586 3196 2653 ejus
3263 2588 3426 2643 habet
3487 2591 3731 2646 scientia

2152 2665 2402 2736 gloriam,
2450 2672 2542 2725 sed
2577 2674 2874 2728 occultam.
2911 2676 3065 2732 Unde
3099 2688 3151 2732 et
3185 2684 3443 2750 propheta
3474 2682 3602 2736 dicit
3634 2684 3680 2714 "
3708 2701 3724 2740 :

2156 2776 2175 2809 ι
2215 2757 2329 2813 Nisi
2362 2763 2671 2830 audieritis,
2702 2768 2918 2822 occulte
2967 2769 3203 2836 plorabit
3247 2771 3359 2842 (80)
3415 2774 3592 2827 anima
3635 2790 3729 2829 ve-

2149 2858 2282 2914 stra,
2313 2868 2331 2901 »
2362 2863 2415 2904 et
2446 2852 2611 2906 David
2640 2854 2770 2907 dicit
2797 2855 2877 2909 “z
2909 2876 2927 2908 ι
2960 2856 3170 2912 incerta
3195 2869 3250 2914 et
3274 2860 3484 2915 occulta
3511 2864 3730 2931 sapien-

2152 2940 2237 2995 tia:
2266 2952 2368 2996 tua:
2404 2945 2766 3002 tnanifestasti
2821 2950 2974 3004 mibi.
3016 2969 3036 3002 ι
3069 2952 3124 3005 ιιι
3178 2953 3296 3022 lege
3335 2970 3465 3024 ergo
3515 2956 3728 3025 Moyses

2148 3034 2317 3087 solam
2345 3036 2537 3090 faciem
2572 3039 2731 3092 habet
2763 3039 3147 3110 glorificatam,
3182 3042 3356 3114 neque
3395 3064 3585 3103 manus
3608 3050 3728 3118 ejus

466 3114 714 3169 οιιιιιίὺιιε
746 3132 867 3170 eum
896 3136 1123 3175 vacntttn
1155 3135 1209 3179 et
1242 3128 1468 3182 liberum
1515 3133 1732 3189 reddis?
1763 3137 2040 3207 Nunquid,

2150 3125 2351 3181 habent
2380 3131 2611 3197 gloriam
2634 3171 2649 3195 ,
2695 3134 2804 3185 into
2853 3135 3035 3202 potius
3066 3144 3120 3189 et
3160 3140 3537 3192 contumeliam
3582 3159 3594 3195 :
3628 3114 3725 3197 sed

467 3216 573 3255 non
598 3207 813 3261 omissis
840 3213 1071 3277 caeteris,
1110 3215 1235 3270 huic
1286 3220 1374 3273 ιιιιί
1433 3223 1610 3277 stmlio
1638 3226 1768 3280 dare
1813 3244 2035 3297 operam

466 3291 633 3349 facis?
660 3294 1010 3372 Pardagogos,
1046 3309 1351 3377 magistros,
1401 3312 1588 3377 libros,
1621 3316 1913 3386 impensas,
1950 3325 2034 3376 nio

464 3381 543 3437 hil
600 3401 822 3453 prorsus
875 3394 1064 3449 deesse
1117 3398 1292 3465 facis,
1345 3381 1710 3473 quoadusque
1737 3381 2035 3475 perfectum

466 3480 729 3547 propositi
761 3485 922 3537 studii
948 3500 1084 3555 opus
1115 3498 1372 3557 reportet.
1419 3493 1550 3559 Quis
1592 3506 1835 3551 nostrum
1871 3500 1945 3552 ita
1976 3515 2036 3556 se

462 3569 533 3621 ad
563 3570 756 3626 divina:
785 3574 918 3643 legis
952 3580 1126 3639 studia
1160 3585 1482 3638 convertit?
1519 3586 1648 3653 Quis
1684 3599 1930 3643 nostrum
1956 3590 2033 3646 ita

462 3673 683 3726 operam
720 3664 907 3720 dedit?
955 3667 1087 3735 Quis
1120 3680 1269 3728 tanto
1308 3676 1489 3732 studio
1535 3693 1599 3733 ac
1645 3678 1829 3735 labore
1854 3683 2033 3737 divina

461 3754 659 3821 quierit
703 3756 906 3825 studia,
955 3773 1159 3829 quanto
1205 3768 1456 3834 qttmsivit
1490 3768 1767 3826 humana?
1814 3775 2032 3845 thuid

461 3846 848 3913 conquerimur
896 3850 941 3903 si
979 3854 1123 3920 quod
1177 3871 1283 3910 non
1332 3858 1638 3927 didicimus,
1676 3864 2033 3931 ignoramus?

456 3932 637 4003 Aliqui
678 3946 910 3995 vestrum
945 3942 1052 4016 (78)
1084 3954 1140 3999 ut
1164 3947 1381 4002 recitari
1407 3950 1679 4006 audierint
1699 3971 1820 4027 qua:
1848 3958 2032 4029 legun-

460 4036 567 4089 tur,
602 4031 780 4083 statim
808 4032 1112 4089 disceduut.
1148 4034 1300 4091 Nulla
1336 4052 1401 4092 ex
1441 4040 1523 4096 his
1564 4058 1687 4111 quae
1730 4045 1874 4101 dicta
1902 4058 2031 4104 sunt

460 4118 734 4187 inquisitio
768 4126 833 4177 ad
866 4125 1118 4193 invicem,
1141 4128 1285 4182 nulla
1329 4130 1572 4198 collatio,
1609 4151 1873 4206 nusquam
1918 4156 2032 4195 mc-

459 4213 626 4266 moria
658 4217 896 4270 mandati
934 4218 1100 4282 illius,
1128 4237 1235 4290 quo
1278 4231 1330 4278 te
1355 4225 1534 4279 divina
1564 4226 1649 4281 lex
1679 4244 2025 4286 commonet:

462 4319 481 4351 ο
509 4300 784 4376 Interroga
821 4318 1003 4377 patres
1037 4320 1175 4377 tuos,
1198 4323 1251 4367 et
1290 4316 1474 4371 dicent
1507 4318 1641 4381 tibi;
1683 4322 2028 4392 presbyteros

456 4402 596 4459 tuos,
621 4406 675 4450 et
702 4401 1102 4459 anttuntiabuttt
1124 4406 1219 4460 tibi
1238 4405 1470 4474 “.cAlii,
1494 4424 1562 4464 ne
1584 4409 1876 4481 hocipsutn
1904 4417 2029 4483 qui-

2148 3234 2323 3287 neqtte
2362 3222 2526 3290 pedes
2560 3223 2693 3293 (8i).
2734 3225 2975 3295 Denique
3015 3229 3226 3283 solvere
3265 3231 3483 3299 jubetur
3506 3232 3727 3286 calcea-

2146 3323 2383 3366 tnentum
2425 3329 2601 3379 sumu,
2655 3317 2733 3370 sic
2784 3318 2927 3371 nulla
2980 3330 3099 3373 erat
3163 3322 3337 3393 gloria
3392 3323 3444 3375 itt
3499 3324 3725 3392 pedibus

2142 3405 2279 3471 ejus,
2309 3405 2433 3458 licet
2461 3415 2515 3458 et
2546 3408 2648 3459 hoc
2682 3406 2836 3461 fieret
2865 3424 2969 3461 non
3003 3411 3121 3465 sine
3148 3412 3377 3480 alicujus
3404 3413 3576 3468 forma
3602 3431 3719 3487 my-

2143 3495 2318 3547 sterii.
2350 3495 2652 3549 Novissima
2688 3513 2922 3566 namque
2952 3515 3079 3567 pars
3112 3502 3349 3557 hominis
3381 3506 3544 3572 pedes
3570 3516 3716 3561 sunt.

2141 3582 2542 3639 Ostendebatur
2576 3600 2707 3656 ergo
2746 3588 2890 3658 quod
2929 3589 2983 3643 in
3035 3593 3344 3647 novissimis
3387 3598 3718 3664 temporibus

2141 3676 2378 3729 solveret
2419 3675 2627 3747 Moyses
2673 3678 3103 3736 calceamentum
3140 3700 3299 3738 suum
3355 3698 3408 3741 ut
3445 3689 3719 3757 acciperet

2140 3768 2282 3821 alius
2312 3783 2588 3837 sponsam,
2613 3778 2669 3824 et
2715 3771 2801 3824 illa
2836 3784 3127 3829 vocaretur
3159 3777 3349 3832 domus
3402 3781 3713 3837 tliscalceati

2143 3872 2314 3926 usque
2353 3858 2404 3911 in
2443 3858 2767 3915 hodiernum
2798 3862 2962 3917 diem.
2989 3864 3131 3920 Nihil
3177 3882 3307 3937 ergo
3333 3870 3476 3926 aliud
3512 3873 3564 3926 in
3598 3873 3717 3945 lege

2139 3947 2433 4018 gloriosum
2494 3953 2659 4008 habet
2708 3954 2940 4026 Moyses,
3003 3957 3105 4012 nisi
3163 3960 3332 4014 solam
3384 3960 3602 4016 faciem.
3657 3964 3715 4020 In

2140 4041 2451 4111 Evangeliis
2517 4055 2700 4100 autem
2758 4056 2902 4103 totus
2961 4049 3303 4120 glorificatur
3353 4070 3419 4109 ex
3480 4056 3712 4126 integro.

2136 4134 2277 4189 Audi
2314 4135 2621 4206 enimquid
2676 4139 2889 4195 dicatur
2924 4142 2976 4194 itt
3005 4142 3315 4213 Evangeliis
3363 4146 3405 4177 ⁸⁷
3453 4163 3468 4201 :
3515 4166 3533 4200 t
3578 4146 3713 4202 Cum

2137 4229 2475 4285 ascendisset
2515 4229 2673 4287 .lesus
2726 4234 2778 4287 in
2814 4244 3050 4289 montem
3093 4237 3390 4299 excelsum,
3431 4253 3713 4293 assumens

2136 4338 2319 4377 secum
2341 4321 2579 4389 Petrum,
2599 4332 2651 4377 et
2669 4321 2935 4380 Joannem
2981 4336 3035 4379 et
3050 4324 3334 4393 Jacobttm,
3363 4328 3714 4383 transforma-

2140 4425 2224 4469 tus
2247 4426 2329 4470 est
2354 4416 2427 4470 ibi
2454 4431 2637 4470 coram
2665 4416 2797 4487 ipsis
2826 4434 2839 4469 :
2868 4427 2923 4473 et
2947 4431 3074 4470 ecce
3097 4430 3488 4487 apparuerunt,
3510 4421 3710 4488 inquit,

455 4489 574 4543 dem
600 4488 868 4554 patienter
891 4504 1229 4562 exspectant,
1256 4513 1536 4568 usquequo
1559 4502 1820 4559 lectiones
1839 4505 2022 4575 (79)in
2060 4499 2105 4555 Ι)
2131 4505 2339 4575 Moyses
2373 4514 2427 4557 et
2465 4506 2613 4559 Elias
2643 4506 2694 4559 in
2747 4506 2938 4575 gloria,
2984 4503 3352 4574 colloquentes
3396 4524 3521 4562 cunt
3559 4525 3644 4564 eo.
3686 4529 3707 4563 ο

457 4579 691 4634 Ecclesia
713 4581 1026 4638 recitentur.
1052 4587 1155 4640 Alii
1178 4603 1304 4641 vero
1324 4606 1421 4645 nec
1434 4592 1481 4644 si
1501 4594 1802 4649 recitantur
1816 4599 2018 4664 sciunt,

453 4671 547 4722 sed
569 4670 622 4723 itt
648 4670 1027 4726 remotioribus
1060 4676 1347 4732 Dominicaa
1365 4679 1557 4734 domus
1582 4683 1732 4749 locis,
1757 4690 2030 4743 smculari-

455 4759 555 4814 bus
578 4760 1135 4833 fabulisoccupautur.
1162 4768 1235 4824 De
1259 4771 1455 4839 quibus
1478 4787 1607 4841 ergo
1622 4789 1785 4829 ausus
1806 4792 1923 4832 sum
1949 4780 2030 4834 di-

453 4867 598 4913 cere.
614 4854 755 4922 quia,
773 4872 893 4910 cum
911 4857 1343 4933 legitttrMoyses,
1357 4862 1468 4932 jam
1487 4880 1592 4919 non
1609 4866 1849 4922 velamen
1865 4885 2028 4940 super

453 4959 549 4997 eor
575 4959 784 5010 eorum,
816 4949 905 5001 sed
938 4952 1117 5020 paries
1146 4953 1364 5021 quidam
1391 4966 1443 5009 et
1472 4972 1658 5012 murus
1686 4972 1766 5013 est
1796 4963 2020 5029 positus.

523 5060 570 5092 “
599 5060 749 5115 Deut.
781 5077 948 5123 χχχιι.
978 5065 1031 5120 7.
1110 5067 1154 5099 "
1208 5066 1412 5123 Jerem.
1444 5088 1564 5139 xttt,
1600 5073 1684 5129 l7.

524 5174 638 5250 (77)
686 5175 970 5250 Dicendum
1004 5179 1165 5250 nobis,
1219 5191 1324 5238 etc.
1358 5184 1500 5237 Citat
1544 5187 1685 5243 hunc
1716 5188 1893 5243 locum
1929 5193 2019 5250 Jo-

450 5246 852 5327 nas_lt“\\ttr‘el.iatt.
896 5248 986 5300 lib.
1028 5264 1066 5310 ι,
1101 5249 1175 5303 De
1220 5250 1401 5327 Iustit.
1441 5257 1640 5317 laiculi,
1672 5275 1793 5327 cap.
1824 5263 1909 5315 15.

522 5314 631 5436 (78}
663 5317 834 5383 Aliqui
864 5328 1107 5384 vestrum,
1140 5330 1244 5376 etc.
1279 5324 1491 5378 (litatur
1516 5328 1604 5381 hic
1629 5314 1786 5383 locus
1823 5314 1889 5386 ab
1927 5348 2020 5389 eo-

522 5400 569 5435 m
638 5401 737 5436 oua
776 5386 995 5436 ibidem.

449 5383 569 5436 dem
605 5383 737 5437 Jona
776 5386 995 5440 ibidem.

521 5453 634 5540 (7?)
666 5455 770 5508 Alii
805 5474 867 5509 ne
911 5459 1008 5540 hoc
1050 5459 1219 5539 ipsum
1278 5464 1485 5540 quidem
1532 5468 1791 5540 patienter
1840 5487 2020 5540 exspe-

447 5532 916 5595 cutut_,_‘usgurquo
948 5529 1214 5592 lectiones,
1254 5529 1357 5585 cie.
1408 5529 1617 5588 (Iitatttr
1651 5539 1734 5589 hic
1771 5529 2010 5595 locus'in

449 5591 684 5644 concilio
717 5591 1024 5679 Parisiensii
1061 5591 1337 5679 sex‘tolib.
1393 5620 1453 5679 tt.
1492 5622 1609 5673 cap.
1650 5608 1735 5660 12.
1780 5591 2013 5679 Ubi'pr‘o

449 5674 738 5748 qsquequo,
759 5665 1411 5748 male'wtlgataScriptttra
1441 5665 1595 5748 habet
1608 5717 1621 5739 ,
1650 5682 1808 5744 quod,
1832 5665 2010 5748 legen-

450 5730 573 5784 dum
605 5742 716 5781 erat
745 5733 935 5795 quoad.
965 5730 1094 5791 Nam
1126 5730 1451 5809 lectioqaod
1494 5730 1813 5815 pro'q'uoad

1764 5076 1809 5107 “
1843 5077 1986 5136 Psal.
2028 5103 2074 5153 ι,
2113 5086 2180 5153 8,.

2135 4596 2233 4653 Hic
2270 4614 2374 4651 non
2417 4596 2653 4650 refertur
2683 4596 2809 4664 quia
2860 4596 3197 4666 glorificalus
3228 4608 3313 4653 cst
3357 4600 3538 4656 vultus
3566 4601 3707 4670 ejus,

2133 4690 2227 4741 sed
2262 4688 2390 4758 quia
2424 4697 2570 4741 totus
2597 4688 2849 4757 apparuit
2894 4687 2948 4741 in
3004 4688 3196 4756 gloria,
3232 4690 3544 4759 colloquens
3584 4708 3706 4747 cunt

2132 4780 2280 4845 Jesu,
2313 4792 2365 4835 et
2396 4782 2467 4835 ibi
2499 4781 2550 4834 ei
2576 4780 2879 4850 completur
2908 4781 2995 4834 illa
3024 4782 3335 4851 promissio,
3362 4799 3521 4851 quant
3547 4802 3707 4843 acce-

2131 4877 2209 4944 pit
2237 4876 2288 4929 itt
2337 4884 2520 4929 monte
2551 4874 2705 4940 Sina,
2741 4889 2863 4928 cum
2895 4874 3093 4929 dictum
3127 4884 3210 4929 est
3231 4876 3278 4929 ei
3325 4878 3369 4907 ⁸⁸
3405 4895 3420 4930 :
3463 4896 3481 4928 ι
3529 4879 3709 4936 Poste-

2131 4971 2275 5025 riora
2309 4983 2428 5022 mea
2479 4966 2705 5021 videbis.
2752 4984 2770 5018 ι
2816 4967 2966 5021 Vidit
3024 4982 3159 5036 ergo
3210 4971 3513 5036 posteriora
3563 4975 3701 5041 ejus.

2258 5086 2300 5118 ιτ
2332 5083 2521 5139 Matth.
2552 5098 2682 5151 xvu,
2710 5084 2761 5148 ι,
2790 5084 2846 5149 2,
2881 5085 2934 5139 5.
3010 5083 3056 5115 ⁸³
3086 5084 3260 5140 Exod.
3286 5102 3475 5154 xxxttt.
3506 5091 3594 5147 23.

2116 5202 2251 5255 litur
2289 5214 2353 5253 ex
2386 5197 2639 5276 Origenis
2678 5197 2839 5252 libris
2897 5208 3007 5252 tum
3066 5199 3229 5253 editis
3275 5212 3385 5255 tum
3442 5219 3570 5259 mss.
3607 5209 3698 5276 qui

2120 5287 2389 5339 usquequo
2422 5269 2701 5339 exhibent.

2195 5337 2306 5410 (80)
2337 5339 2506 5399 Alias,
2532 5356 2559 5410 t_
2580 5337 2690 5391 Nisi
2718 5338 2999 5395 audieritis
3021 5339 3232 5395 occulta
3262 5342 3512 5410 plorabit.
3543 5363 3559 5392 ι
3589 5353 3692 5398 etc.

2121 5407 2225 5463 Sed
2261 5412 2388 5461 mss.
2438 5417 2497 5459 ut
2548 5407 2599 5459 itt
2663 5419 2850 5477 nostro
2910 5419 3083 5469 textu,
3118 5426 3215 5463 nec
3262 5407 3436 5464 aliter
3475 5411 3693 5477 Vulgata

2120 5480 2307 5550 Graeca
2356 5477 2558 5530 habent
2589 5495 2602 5529 :
2633 5476 2727 5529 ἐὰν
2760 5478 2816 5530 δὲ
2854 5479 2927 5549 μὴ
2952 5478 3221 5550 ἀκούσητε

2123 5548 2440 5609 κλαύσεται,
2472 5556 2577 5600 etc.

3248 5522 3260 5545 ,
3298 5482 3696 5550 κεκρυμμένους

2193 5619 2302 5683 (8i)
2339 5617 2492 5688 Mss.,
2530 5633 2548 5666 ι
2591 5614 2772 5688 pedes,
2810 5636 2828 5667 ι
2880 5620 3076 5675 rectius
3108 5634 3271 5688 quam
3302 5618 3429 5674 editi
3469 5616 3587 5673 libri
3634 5620 3691 5675 ln

2121 5688 2317 5758 quibus
2349 5687 2545 5756 legitur
2578 5705 2595 5737 ι
2627 5686 2874 5756 pcdtbtts.
2913 5706 2932 5740 ι
