4110 6392
321 340 424 397 585

1526 335 1589 387 lN
1634 332 1920 389 EXODUM
1962 332 2243 387 llOMIl.l.\
2283 335 2399 389 ΧΗ.

3492 340 3598 395 386

328 463 469 515 Vidit
497 460 640 515 enim
677 473 794 527 qum
827 458 877 511 in
910 457 1303 526 pestcrioribus
1345 464 1398 509 et
1432 456 1747 509 novissimis
1797 454 1911 506 die—
1942 458 1983 512 Α
2016 456 2283 522 parvitate
2335 452 2707 521 intelligentia:
2762 470 2893 509 mese
2942 456 3147 510 sentire
3185 470 3423 524 possunt,
3468 470 3598 524 puto

322 559 420 613 bus
462 555 606 609 facta
655 564 804 615 sunt,
842 564 890 606 et
930 552 1146 619 gavisus
1193 558 1296 603 est.
1357 548 1512 602 Sicut
1558 548 1704 600 enim
1737 545 1911 600 Abra-

322 649 447 703 ham
481 646 794 715 concupivit
817 644 1001 697 videre
1030 643 1172 696 diem
1216 641 1447 706 Domini,
1478 648 1528 694 et
1556 639 1711 701 vidit,
1750 648 1804 691 et
1826 649 1912 705 ga-

321 743 473 796 visus
508 751 592 793 est
624 739 670 770 ‘9
706 754 719 789 ε
750 738 821 790 ita
853 745 906 790 et
939 735 1147 805 Moyses
1192 733 1510 801 concupivit
1556 732 1739 786 videre
1767 732 1908 784 diem

323 834 558 895 Domini,
600 843 652 885 et
684 831 839 893 vidit,
876 830 1169 897 etgavisus
1217 835 1298 879 est
1335 847 1347 879 :
1391 836 1438 880 et
1477 825 1792 880 necessario
1818 841 1911 895 ga-

322 925 473 977 visus
514 932 619 984 est,
673 922 798 989 quia
839 919 949 986 jam
1006 933 1111 971 non
1165 917 1345 971 solum
1391 915 1540 969 vultu
1577 916 1912 986 glorilicatus

320 1013 606 1069 descendit
637 1012 702 1064 de
736 1020 939 1073 monte,
974 1007 1068 1061 sed
1101 1016 1246 1061 totus
1291 1005 1630 1075 gloriﬁcatus
1664 1005 1911 1059 ascendit

320 1106 371 1161 in
411 1116 675 1158 montem.
711 1102 942 1157 Gavisus
988 1109 1071 1155 est
1130 1099 1248 1153 sine
1296 1100 1460 1153 dubio
1505 1099 1732 1169 Moyses,
1764 1098 1910 1167 quod

319 1214 441 1254 eum
478 1198 545 1250 de
577 1212 682 1263 quo
713 1196 925 1249 dixerat
964 1196 1010 1226 ⁸⁰
1041 1215 1054 1251 :
1092 1214 1110 1247 ι
1155 1196 1483 1262 Prophetam
1538 1194 1688 1245 vobis
1736 1190 1911 1245 susci-

322 1291 460 1344 tabit
493 1288 757 1341 Dominus
800 1288 937 1341 Deus
962 1298 1140 1342 vester
1174 1301 1237 1341 ex
1267 1285 1522 1339 fratribus
1557 1284 1773 1341 vestris.
1808 1282 1911 1335 sic-

324 1393 383 1436 ut
423 1378 690 1447 meipsum
746 1378 978 1433 audietis
1041 1393 1139 1447 per
1191 1378 1413 1442 omnia;
1467 1396 1486 1428 ι
1535 1392 1679 1430 nunc
1723 1377 1911 1429 adesse

322 1474 604 1535 cernebat,
636 1482 692 1526 et
725 1470 883 1525 ﬁdem
922 1472 1101 1527 facere
1151 1470 1497 1525 sermonibus
1551 1470 1685 1523 suis.
1726 1468 1789 1520 Et
1836 1481 1902 1520 ne

321 1574 676 1622 cunctaretur
700 1564 753 1617 in
782 1564 987 1633 aliquo,
1022 1564 1173 1617 audit
1198 1571 1476 1631 paternam
1506 1576 1693 1615 vorem
1722 1560 1911 1614 dicen-

326 1670 429 1714 tem
462 1657 506 1689 "
545 1676 557 1712 :
594 1674 612 1708 ι
644 1655 741 1710 Hic
770 1667 853 1711 est
880 1654 1051 1709 Filius
1082 1668 1237 1709 meus
1276 1653 1528 1715 dilectus,
1558 1653 1610 1706 in
1645 1665 1752 1721 quo
1778 1652 1907 1706 mihi

325 1753 461 1807 bene
508 1749 810 1819 complacui
849 1764 864 1804 :
910 1751 1082 1819 ipsum
1133 1747 1332 1802 audite.
1368 1766 1387 1798 ›
1438 1745 1649 1815 Moyses
1703 1745 1905 1797 dudum

330 1844 479 1906 dixit,
509 1859 530 1894 ι
562 1841 713 1896 illum
751 1840 1028 1905 audietis;
1067 1857 1085 1890 ι
1130 1852 1274 1892 nunc
1310 1837 1467 1891 Pater
1500 1836 1631 1891 dicit
1678 1853 1691 1889 :
1746 1853 1764 1887 ι
1814 1833 1913 1889 Hic

336 1944 413 1989 est
436 1934 606 1988 Filius
636 1947 809 1995 meus,
854 1935 1027 1999 ipsum
1074 1930 1291 1991 audite;
1330 1947 1348 1980 ι
1403 1936 1454 1983 et
1490 1939 1810 1996 praesentem
1845 1927 1912 1979 de

334 2043 433 2098 quo
470 2028 621 2091 dicit,
679 2024 941 2080 ostendit.
985 2023 1235 2078 Gaudere
1265 2023 1428 2077 etiam
1486 2020 1613 2074 mihi
1651 2034 1751 2089 pro
1810 2020 1912 2072 hoc

328 2123 537 2175 videtur
570 2120 798 2190 Moyses,
829 2118 955 2187 quia
988 2125 1042 2171 et
1066 2118 1178 2185 ipse
1214 2113 1620 2183 quodammodo
1648 2127 1792 2166 nunc
1816 2112 1911 2165 de-

323 2216 471 2283 ponit
503 2214 748 2268 velamen
779 2226 1076 2267 conversus
1100 2209 1166 2261 ad
1201 2207 1510 2273 Dominum,
1539 2222 1661 2259 cum
1686 2204 1911 2259 eviden-

321 2315 404 2360 ter
430 2321 550 2375 quae
581 2304 829 2374 praedixit
882 2302 1207 2372 implentur;
1263 2299 1346 2353 vel
1381 2314 1505 2353 cum
1570 2307 1784 2366 tempus
1815 2296 1910 2349 ad-

318 2398 490 2461 venit,
518 2406 577 2451 ut
611 2412 708 2465 per
740 2394 1003 2465 Spiritum
1049 2401 1297 2447 sanctum
1342 2406 1463 2460 qua:
1496 2390 1784 2444 obtexerat
1819 2402 1903 2441 re.

319 2488 591 2543 velentur.

392 2578 447 2631 4.
476 2574 875 2630 Detractandus
906 2583 1084 2628 tamen
1108 2580 1192 2627 est
1219 2570 1391 2626 sancti
1422 2568 1662 2640 Apostoli
1693 2581 1906 2632 sensus,

315 2680 375 2725 et
400 2664 855 2723 considerandum
873 2666 1000 2734 quid
1018 2665 1066 2719 ei
1097 2664 1270 2718 visum
1300 2663 1393 2726 sit,
1425 2676 1547 2715 cum
1576 2661 1804 2715 dixisset
1825 2659 1906 2712 5’:

320 2781 341 2813 ι
391 2760 448 2815 Si
487 2770 669 2813 autem
700 2770 998 2812 conversus
1027 2756 1149 2825 quis
1179 2754 1344 2809 luerit
1375 2754 1442 2807 ad
1468 2753 1779 2817 Dominum,
1812 2766 1908 2803 au-

317 2854 528 2907 feretur
564 2850 837 2913 velamen,
879 2869 897 2901 ι
932 2856 989 2902 ιιι
1033 2847 1255 2901 adderet
1290 2864 1303 2899 :
1342 2863 1360 2896 ι
1404 2844 1671 2898 Dominus
1722 2853 1907 2897 autem

315 2946 547 3016 spiritus
574 2955 695 3011 est;
738 2963 757 2996 ι
804 2958 901 3012 per
930 2941 1077 3009 quod
1108 2940 1266 3009 quasi
1305 2937 1652 3005 interpretari
1686 2936 1907 2989 videtur

320 3039 459 3109 quid
488 3050 573 3095 est
607 3037 882 3091 Dominus.
911 3033 1044 3099 Quis
1089 3032 1234 3085 enim
1267 3029 1441 3083 nescit
1468 3028 1614 3097 quod
1646 3027 1907 3080 Dominus

2013 548 2155 616 quod
2192 547 2427 601 Verbum
2461 545 2553 600 Dei
2588 561 2684 615 pro
2706 563 2772 601 eo
2803 549 2944 616 quod
2970 548 3310 601 auditoribus
3342 548 3593 611 interest,

2014 649 2071 692 ut
2102 654 2242 709 smpe
2273 640 2382 707 jam
2412 640 2671 705 diximus,
2708 654 2849 694 nunc
2875 641 2981 704 via,
3017 653 3158 693 nunc
3192 642 3419 704 veritas,
3449 654 3596 692 nunc

2014 735 2144 797 vita,
2177 747 2318 785 nunc
2344 733 2674 786 resurrectio
2708 732 3044 797 nominatur,
3076 746 3221 783 nunc
3253 731 3416 783 etiam
3444 745 3593 798 caro,

2015 840 2156 879 nunc
2186 840 2313 879 vero
2339 826 2563 894 spiritus
2602 824 2827 879 dicitur.
2863 824 3123 891 Quamvis
3166 824 3310 875 enim
3358 838 3484 877 vere
3530 838 3598 877 ex

2012 916 2233 987 Virgine
2259 917 2618 971 substantiam
2650 915 2830 970 carnis
2866 915 3137 989 acceperit
3170 914 3220 966 in
3262 929 3367 982 qua
3391 923 3443 966 et
3474 929 3600 967 cru-

2012 1025 2131 1065 cem
2184 1009 2423 1079 pertulit,
2473 1017 2526 1061 et
2568 1011 3025 1062 resurrectionem
3066 1007 3340 1072 initiavit;
3407 1015 3589 1060 tamen

2013 1112 2097 1156 est
2123 1100 2212 1154 ubi
2247 1100 2541 1170 Apostolus
2564 1099 2695 1154 dicit
2724 1100 2770 1131 ⁸³
2806 1117 2819 1153 :
2857 1117 2875 1149 ι
2904 1098 3015 1152 Etsi
3050 1099 3405 1165 cognovimus
3435 1097 3600 1152 Chri--

2014 1204 2160 1246 stum
2196 1192 2495 1245 secundum
2528 1205 2770 1253 carnem,
2811 1188 2905 1242 sed
2937 1202 3081 1240 nunc
3130 1186 3242 1253 jam
3292 1203 3397 1240 non
3441 1187 3600 1240 novi-

2014 1300 2153 1340 mus.
2195 1302 2213 1335 t
2258 1283 2394 1349 Quia
2424 1298 2555 1353 ergo
2592 1292 2644 1336 et
2684 1297 2826 1335 nunc
2857 1294 3038 1333 sermo
3083 1280 3200 1345 ejus
3243 1281 3311 1332 ad
3344 1280 3601 1334 subtilio.

2015 1393 2128 1431 rem
2154 1386 2209 1431 et
2238 1376 2536 1445 spiritalem
2566 1374 2979 1443 intelligentiam
3010 1382 3270 1442 provocat
3298 1372 3601 1439 auditores,

2012 1478 2066 1523 et
2106 1468 2223 1521 vult
2259 1484 2354 1523 eos
2397 1467 2530 1521 nihil
2580 1466 2800 1520 carnale
2849 1467 2902 1519 in
2938 1465 3052 1534 lege
3083 1466 3314 1531 sentire,
3355 1466 3597 1519 dicitur:

2013 1560 2115 1627 Qui
2154 1560 2269 1614 vult
2304 1560 2506 1613 auferri
2541 1562 2788 1612 velamen
2827 1558 2893 1614 de
2947 1557 3102 1611 corde
3151 1573 3270 1625 suo,
3307 1567 3599 1613 converta-

2017 1660 2103 1705 tur
2129 1651 2197 1705 ad
2232 1651 2547 1719 Dominum,
2584 1666 2689 1705 non
2725 1650 2881 1718 quasi
2921 1651 2989 1704 ad
3017 1663 3239 1702 carnem
3288 1648 3599 1711 Dominum,

2014 1750 2100 1795 est
2119 1743 2263 1795 enim
2286 1753 2340 1796 et
2368 1743 2496 1810 hoc,
2517 1743 2643 1811 quia
2668 1761 2686 1793 ι
2708 1740 2948 1795 Verbum
2977 1756 3105 1793 caro
3122 1739 3321 1793 factum
3348 1750 3430 1794 est
3460 1740 3537 1806 ⁸⁶;
3578 1759 3597 1793 ι

2017 1833 2111 1887 sed
2144 1835 2296 1902 quasi
2329 1834 2396 1889 ad
2436 1836 2690 1904 spiritum
2722 1834 3033 1887 Domimnn.
3068 1833 3124 1888 Si
3167 1832 3312 1885 enim
3349 1831 3507 1899 quasi
3533 1833 3601 1886 ad

2016 1925 2266 1992 spiritum
2318 1924 2609 1979 Dominum
2647 1933 3024 1989 convertatur,
3068 1925 3133 1978 de
3182 1923 3494 1977 carnalibus
3533 1926 3601 1977 ad

2014 2014 2280 2083 spiritalia
2304 2014 2504 2080 veniet,
2531 2024 2585 2067 et
2613 2014 2681 2068 ad
2708 2014 3012 2069 libertatem
3040 2014 3104 2069 de
3132 2015 3395 2068 servitute
3424 2024 3604 2066 trans-

2016 2106 2115 2160 ibit
2147 2123 2161 2160 :
2204 2124 2221 2158 ι
2261 2104 2349 2159 ubi
2393 2124 2413 2157 ι
2447 2107 2591 2160 enim
2630 2124 2648 2156 ι
2680 2106 2905 2173 spiritus
2953 2104 3201 2170 Domini,
3238 2104 3308 2159 ibi
3342 2112 3397 2159 et
3432 2105 3598 2158 liber-

2017 2205 2098 2248 tas
2128 2196 2194 2251 ⁸⁷.
2231 2214 2251 2247 ι
2286 2194 2350 2249 Ει
2398 2207 2457 2248 ιιι
2494 2194 2671 2249 adhuc
2717 2195 3023 2249 evidentius
3059 2194 3148 2248 ﬁat
3197 2194 3342 2265 quod
3377 2195 3599 2259 dicitur,

2016 2297 2234 2341 utamur
2256 2296 2311 2341 et
2333 2286 2455 2343 aliis
2484 2287 2727 2357 Apostoli
2759 2285 3031 2342 sensibus.
3063 2286 3146 2340 Ad
3179 2285 3440 2355 quosdam
3471 2285 3602 2341 dicit

2013 2394 2151 2449 quos
2190 2387 2435 2432 senserat
2480 2378 2789 2448 incapaces,
2834 2381 2961 2449 quia
3024 2397 3042 2430 ι
3084 2378 3219 2433 nihil
3252 2393 3337 2431 me
3360 2378 3598 2448 judicavi

2012 2470 2158 2524 aliud
2193 2471 2335 2525 scire
2373 2471 2517 2524 inter
2547 2486 2663 2534 vos,
2699 2471 2805 2524 nisi
2832 2471 3107 2526 Christum
3134 2469 3340 2535 Jesum,
3374 2479 3430 2524 et
3456 2470 3601 2525 hunc

2012 2564 2334 2620 cruciﬁxum
2366 2564 2433 2617 ⁵⁸.
2477 2583 2495 2615 ι
2546 2564 2672 2618 Istis
2710 2563 2905 2619 talibus
2938 2578 3041 2617 non
3081 2564 3293 2617 dicebat
3327 2562 3451 2631 quia
3492 2562 3598 2616 Do—

2013 2660 2193 2713 minus
2224 2658 2449 2728 spiritus
2485 2667 2590 2721 est,
2645 2672 2742 2713 nec
2793 2658 3010 2711 dicebat
3054 2658 3134 2713 eis
3168 2657 3291 2726 quia
3346 2656 3603 2711 Christus

2015 2750 2107 2804 Dei
2140 2750 2407 2819 sapientia
2441 2758 2525 2802 est
2559 2749 2626 2802 ".
2665 2748 2780 2803 Non
2821 2750 2964 2802 enim
2998 2759 3248 2817 poterant
3295 2763 3597 2817 agnoscere

2011 2842 2293 2897 Christum
2319 2843 2619 2897 secundum
2647 2841 2748 2896 hoc
2784 2845 2929 2911 quod
2955 2842 3225 2911 sapientia
3261 2841 3352 2896 Dei
3377 2851 3482 2910 est,
3505 2842 3601 2896 sed

2014 2933 2312 2987 secundum
2346 2931 2451 2985 hoc
2481 2932 2624 3000 quod
2665 2932 2965 2986 cruciﬁxus
3013 2942 3117 2986 est.
3153 2931 3230 2986 llli
3271 2941 3450 2987 autem
3479 2935 3602 3002 qui-

2013 3024 2114 3077 bus
2150 3022 2366 3076 dicebat
2397 3020 2479 3073 ⁶⁰ε
2523 3039 2541 3071 ι
2573 3020 2911 3088 Sapientiam
2935 3020 3021 3087 loq
3035 3020 3216 3072 uimur
3243 3018 3388 3072 inter
3417 3018 3600 3089 perle-

314 3108 546 3201 sipiritus
563 3128 678 3183 est?
700 3126 805 3181 Sed
825 3122 987 3195 174
1002 3121 1242 3190 nunquid
1266 3121 1321 3173 in
1348 3118 1450 3175 hoc
1467 3118 1587 3173 loco
1604 3118 1670 3172 de
1690 3114 1905 3172 Domini
1936 3139 1977 3195 ο
2013 3121 2152 3173 ctos,
2186 3109 2515 3179 sapientiam
2562 3118 2747 3162 autem
2796 3125 2902 3163 non
2951 3109 3111 3175 hujus
3157 3108 3371 3174 saaculi,
3427 3126 3602 3179 neque

315 3226 406 3280 vel
440 3232 658 3285 natura,
702 3218 788 3273 vel
832 3214 1135 3271 substantia
1181 3208 1541 3274 tractabatur,
1592 3220 1651 3263 ut
1696 3208 1909 3263 diceret

315 3317 449 3387 quia
483 3311 745 3367 Dominus
781 3310 1007 3377 spiritus
1040 3305 1168 3360 est?
1204 3302 1503 3358 Videamus
1531 3316 1664 3371 ergo
1695 3313 1765 3354 ne
1794 3314 1904 3353 non

317 3407 498 3463 solum
527 3418 653 3459 cum
682 3401 894 3468 Moyses
926 3401 1141 3469 legitur,
1172 3397 1267 3452 sed
1301 3404 1355 3450 et
1383 3409 1507 3449 cum
1544 3393 1743 3448 Paulus
1772 3392 1908 3462 legi-

319 3506 432 3565 tur,
488 3497 735 3550 velamen
784 3493 854 3549 sit
904 3493 1138 3562 positum
1188 3502 1354 3558 super
1398 3500 1494 3540 cor
1537 3494 1808 3540 nostrum.
1842 3483 1943 3561 Et_

319 3587 631 3652 manifeste,
673 3587 717 3642 si
768 3585 1106 3656 negligenter
1136 3581 1409 3646 audimus,
1454 3578 1498 3632 si
1549 3577 1687 3632 nihil
1732 3576 1905 3631 studii

315 3682 390 3736 ad
430 3680 791 3735 eruditionem
838 3686 894 3731 et
942 3673 1367 3743 intelligentiam
1399 3670 1762 3739 conferimus,
1801 3687 1905 3726 non

316 3775 495 3830 solum
526 3772 659 3842 legis
694 3780 747 3824 et
778 3770 1169 3841 prophetarum
1200 3766 1505 3837 Scriptura,
1543 3764 1638 3820 sed
1682 3775 1737 3818 et
1779 3779 1909 3833 apo-

315 3865 583 3922 stolorum
630 3873 685 3918 et
714 3861 1137 3931 Evangeliorum
1186 3858 1383 3928 grandi
1440 3856 1599 3912 nobis
1636 3856 1908 3909 velamine

319 3959 545 4029 tegitur.
573 3957 682 4027 Ego
704 3963 883 4010 autem
911 3968 1123 4016 vereor,
1159 3965 1224 4004 ne
1255 3965 1352 4018 per
1382 3948 1604 4002 nimiam
1634 3947 1910 4017 negligen-

320 4057 454 4110 tiam
489 4064 543 4108 et
566 4049 919 4105 Stoliditatem
955 4046 1165 4111 cordis,
1201 4059 1307 4098 non
1365 4043 1538 4096 solum
1576 4041 1750 4096 velata
1802 4041 1910 4095 sint

318 4147 484 4203 nobis
509 4146 691 4201 divina
730 4141 1026 4205 volumina,
1060 4137 1154 4191 sed
1185 4144 1241 4190 et
1282 4135 1532 4204 signata;
1587 4141 1645 4185 ut
1674 4132 1719 4186 si
1752 4132 1908 4185 detur

316 4246 376 4300 in
418 4256 612 4296 manus
640 4236 878 4292 hominis
905 4230 1204 4288 nescientis
1228 4230 1438 4283 litteras
1467 4225 1601 4278 liber
1627 4222 1905 4293 legendus,

318 4339 475 4394 dicat
503 4335 630 4405 quia
692 4330 875 4386 nescio
922 4328 1135 4382 litteras
1174 4340 1187 4378 :
1223 4323 1267 4379 si
1307 4323 1463 4376 detur
1500 4319 1553 4372 in
1588 4331 1781 4370 manus
1811 4315 1908 4367 ho-

317 4433 490 4490 minis
525 4428 745 4485 scientis
796 4426 1028 4484 litteras,
1083 4420 1229 4474 dicat
1286 4417 1409 4486 quia
1477 4414 1723 4481 signatus
1800 4417 1903 4463 est.

2014 3201 2321 3272 principum
2365 3199 2525 3267 hujus
2574 3199 2788 3266 mundi,
2826 3199 2919 3269 qui
2964 3199 3339 3265 destruuntur,
3378 3199 3471 3255 sed
3520 3201 3602 3255 lo-

2010 3293 2237 3362 quimur
2274 3291 2366 3347 Dei
2398 3290 2719 3359 sapientiam
2759 3290 2812 3344 in
2847 3292 3110 3364 mysterio
3141 3291 3552 3358 absconditam;
3578 3308 3597 3343 ι

2012 3399 2118 3440 non
2154 3382 2471 3453 indigebant
2493 3395 2551 3439 ut
2584 3382 2817 3438 Verbum
2846 3385 2938 3439 Dei
2965 3385 3264 3440 secundum
3295 3385 3396 3439 hoc
3421 3386 3600 3439 susci-

2011 3485 2223 3547 pcrent,
2256 3477 2398 3547 quod
2427 3493 2556 3533 caro
2602 3476 2806 3531 factum
2846 3486 2954 3543 est,
2989 3476 3082 3532 sed
3126 3475 3423 3531 secundum
3472 3475 3600 3543 hoc,

2009 3571 2153 3641 quod
2189 3574 2461 3641 sapientia
2494 3573 2547 3627 in
2577 3572 2843 3643 mysterio
2872 3571 3185 3627 abscondita
3212 3581 3317 3631 est.
3353 3570 3444 3626 Sic
3470 3585 3603 3640 ergo

2009 3674 2064 3719 et
2099 3666 2151 3719 in
2185 3666 2286 3720 hoc
2314 3666 2454 3733 loco,
2489 3666 2556 3721 iis
2589 3666 2677 3735 qui
2709 3667 2774 3722 de
2825 3666 3030 3720 carnali
3074 3665 3141 3718 ad
3184 3665 3488 3735 Spiritalem
3522 3663 3604 3718 in-

2013 3760 2360 3830 telligentiam
2414 3767 2799 3829 provocamur,
2852 3758 3054 3813 dicitur
3089 3774 3102 3810 :
3142 3778 3163 3809 ‹
3200 3758 3462 3813 Dominus
3499 3772 3598 3809 au-

2014 3859 2119 3903 tem
2163 3850 2385 3918 spiritus
2417 3859 2539 3914 est;
2574 3850 2665 3904 ubi
2704 3860 2885 3903 autem
2918 3849 3143 3919 spiritus
3175 3848 3411 3913 Domini,
3448 3846 3519 3901 ibi
3545 3857 3601 3901 et

2011 3940 2254 3996 libertas.
2292 3961 2312 3994 ι
2348 3940 2416 3995 Ut
2441 3952 2624 3996 autem
2656 3943 2994 4006 ostenderet,
3027 3941 3151 4009 quia
3196 3940 3310 4010 ipse
3340 3941 3451 4010 jam
3480 3954 3603 4008 per-

2011 4034 2160 4088 venit
2192 4034 2259 4087 ad
2297 4033 2542 4086 scientiae
2576 4030 2915 4095 libertatem,
2946 4039 3001 4083 et
3031 4038 3226 4083 exutus
3254 4038 3335 4083 est
3365 4028 3430 4082 de
3457 4029 3604 4080 vela-

2012 4127 2173 4180 minis
2196 4126 2484 4189 servitute,
2513 4123 2666 4178 addit
2697 4122 2802 4189 his,
2833 4132 2889 4177 et
2916 4122 3052 4175 dicit
3079 4122 3121 4152 “
3162 4138 3176 4175 :
3211 4138 3230 4171 ι
3278 4121 3384 4173 Nos
3420 4127 3600 4171 autem

2009 4230 2218 4279 omnes,
2246 4214 2482 4269 revelata
2509 4213 2668 4277 l'acie,
2690 4213 2917 4283 gleriam
2943 4210 3154 4265 Domini
3182 4209 3541 4279 speculantes.
3576 4224 3599 4260 ιι

2012 4306 2068 4363 Si
2100 4320 2228 4376 ergo
2266 4316 2320 4360 et
2349 4321 2449 4359 nos
2484 4305 2776 4359 Dominum
2827 4305 3207 4372 deprecemur,
3255 4311 3313 4355 ut
3353 4299 3599 4353 velamen

2012 4400 2077 4455 de
2108 4398 2274 4453 corde
2311 4407 2504 4452 nostro
2534 4396 2786 4465 dignetur
2814 4394 3053 4459 aul‘erre,
3086 4408 3282 4461 capere
3313 4405 3601 4460 possumus

512 4480 818 4575 ostenditur
844 4529 948 4567 non
976 4480 1150 4566 solum
1186 4480 1426 4563 studium
1456 4480 1613 4558 nobis
1644 4499 1908 4554 adbiben-
1941 4480 1984 4535 Ι)
2014 4493 2431 4562 intelligentiam
2464 4490 2791 4561 spiritalem,
2825 4488 2871 4542 si
2909 4498 3086 4541 tamen
3119 4495 3502 4541 convertamur
3532 4486 3601 4540 ad

315 4617 451 4671 dum
500 4625 621 4667 esse
669 4609 733 4664 ad
778 4604 1064 4662 discendus
1104 4603 1315 4657 litteras
1363 4609 1572 4659 sacras,
1612 4607 1801 4646 verum
1853 4600 1908 4644 et

316 4704 734 4775 supplicandum
775 4699 1021 4763 Domino,
1059 4705 1115 4749 et
1144 4694 1334 4749 diebus
1366 4705 1430 4744 ac
1459 4687 1708 4742 noctibus
1740 4684 1908 4738 obse-

313 4799 614 4857 crandum,
653 4807 709 4848 ut
739 4791 922 4846 veniat
974 4790 1157 4857 Agnus
1215 4800 1282 4841 ex
1328 4784 1473 4837 tribu
1507 4778 1667 4845 Juda,
1697 4783 1751 4831 et
1792 4776 1905 4843 ipse

322 4892 603 4961 accipiens
637 4889 833 4941 librum
867 4885 1137 4952 signatum
1192 4879 1449 4947 dignetur
1499 4870 1733 4941 aperire.
1788 4865 1907 4935 Ipse

317 4996 411 5044 est
441 4959 584 5038 enim
612 4982 701 5050 qui
730 4979 947 5046 Scriptu
961 4989 1047 5028 ras
1088 4970 1431 5038 adapcriens,
1465 4961 1716 5017 accendit
1741 4959 1905 5014 corda

321 5078 740 5147 discipulorum,
772 5073 843 5125 ita
871 5080 928 5123 ut
951 5067 1132 5121 dicant
1155 5064 1201 5094 ⁸³
1230 5084 1240 5117 :
1274 5080 1292 5112 ι
1325 5060 1513 5113 Nonne
1538 5071 1632 5109 cor
1662 5064 1905 5109 nostrum

320 5181 445 5229 erat
472 5146 675 5225 ardens
706 5168 845 5222 intra
878 5177 998 5224 nos,
1033 5172 1155 5212 cum
1190 5154 1426 5225 aperiret
1460 5148 1619 5204 nobis
1658 5146 1906 5214 Scriptu-

325 5268 457 5325 ras?
487 5286 505 5318 ι
547 5266 665 5334 Ipse
696 5278 825 5330 ergo
852 5259 1013 5311 etiam
1048 5267 1193 5308 nunc
1228 5248 1383 5304 nobis
1411 5244 1625 5314 aperire
1659 5242 1910 5310 dignetur

321 5362 457 5432 quid
484 5331 734 5426 est—quod
766 5349 1026 5421 Apostolo
1052 5361 1149 5401 suo
1178 5340 1466 5411 inspiravit
1498 5346 1555 5390 ut
1583 5335 1793 5389 diceret
1825 5331 1906 5385 5‘:

327 5425 357 5507 ι’
396 5452 657 5506 Dominus
684 5455 866 5500 autem
905 5443 1132 5512 spiritus
1167 5447 1271 5500 est,
1323 5433 1414 5487 ubi
1450 5441 1630 5484 autem
1685 5425 1909 5496 spiritus

325 5544 573 5609 Domini,
613 5541 686 5596 ibi
734 5539 978 5593 libertas.
1016 5552 1034 5585 ι
1085 5532 1196 5601 Ego
1241 5528 1459 5599 quidem
1504 5531 1765 5592 quantum
1812 5532 1910 5587 pro

397 5660 446 5693 δ’
476 5638 641 5714 Joan.
668 5670 781 5718 vm,
832 5651 922 5707 56.
997 5647 1042 5678 '°
1075 5645 1231 5718 Deut.
1287 5654 1467 5718 ιιιιιιιηΔ
1493 5636 1609 5718 15:.
1646 5635 1697 5718 _“
1732 5632 1927 5718 Match
1953 5630 2195 5718 ¹ινιιηξὲἶ

325 5732 377 5769 ³⁸
410 5694 634 5785 ll
677 5694 781 5788 illi...
997 5719 1042 5751 ⁸⁵
1298 5694 1349 5772 v.
1566 5708 1610 5740 ⁸⁸
1638 5706 1794 5763 Juan.
1835 5719 1869 5771 I,

2013 5729 2017 5733 ’
2093 5694 2150 5734 ⁷³⁷
2181 5699 2223 5756 ll
2269 5698 2398 5754 Cor.
2451 5711 2531 5763 Ill,
2578 5694 2665 5747 l7.

495 5781 707 5853 ‘v'vibid.
739 5781 809 5864 vt,
844 5796 896 5850 7.
979 5793 1018 5824 εί
1055 5787 1094 5841 ιι
1129 5788 1250 5841 Cor.
1284 5799 1361 5848 tn,
1393 5781 1477 5836 18.

2016 4586 2327 4648 Dominum,
2373 4595 2427 4639 et
2468 4584 2773 4637 libertatem
2815 4579 3063 4635 scientia:
3096 4578 3459 4648 requiramus.
3493 4575 3601 4631 Sed

2015 4679 2289 4749 quomodo
2314 4678 2563 4731 invenire
2592 4689 2882 4747 possumus
2923 4672 3256 4737 libertatem,
3294 4671 3384 4740 qui
3422 4670 3602 4725 servi-

2016 4788 2136 4827 mus
2176 4771 2395 4835 ssecnlo,
2446 4769 2537 4838 qui
2582 4768 2854 4822 servimus
2889 4764 3161 4834 pecunim,
3209 4764 3299 4831 qui
3331 4761 3602 4817 servimus

2010 4864 2294 4919 desideriis
2316 4861 2532 4917 carnis?
2573 4860 2685 4930 Ego
2717 4858 2982 4927 meipsnm
3026 4856 3283 4924 corripio,
3332 4854 3598 4923 meipsnm

2004 4955 2212 5024 judico,
2240 4970 2340 5022 ego
2363 4967 2510 5006 meas
2536 4951 2720 5021 culpas
2746 4964 2937 5018 arguo,
2972 4947 3202 5001 viderint
3225 4945 3317 5015 qui
3345 4945 3602 5011 audiunt,

2012 5049 2141 5117 quid
2197 5048 2264 5102 de
2316 5045 2622 5113 semetipsis
2684 5043 2948 5095 sentiant.
3028 5039 3142 5110 Ego
3198 5038 3418 5094 interim
3477 5038 3601 5092 dico

2011 5139 2179 5209 quod,
2217 5139 2390 5192 donec
2421 5136 2579 5189 alicui
2613 5136 2807 5188 borum
2839 5132 3114 5198 deservio,
3164 5146 3269 5186 non
3303 5144 3423 5184 sum
3463 5144 3566 5183 con

2014 5247 2204 5287 versus
2255 5232 2321 5285 ad
2353 5229 2664 5293 Dominum,
2726 5243 2825 5282 nec
2883 5227 3048 5282 ullam
3097 5234 3425 5280 consecutus
3476 5235 3596 5274 sum

2016 5326 2322 5397 libertatem
2360 5324 2532 5379 donec
2567 5321 2695 5376 talia
2728 5336 2817 5376 me
2849 5320 3062 5391 negotia
3099 5327 3156 5371 et
3203 5311 3597 5370 sollicitudines

2015 5420 2313 5489 stringunt.
2348 5418 2494 5471 llllns
2520 5434 2548 5470 a
2579 5432 2684 5487 quo
2712 5415 3060 5484 constringor
3088 5407 3285 5481 negotii
3322 5413 3379 5459 et
3404 5403 3576 5459 sollici

2017 5513 2225 5569 tudinis
2254 5527 2445 5568 servus
2476 5525 2615 5566 sum.
2658 5509 2784 5565 Scio
2825 5506 2971 5563 enim
3002 5502 3263 5568 scriptum
3293 5512 3436 5562 esse,
3467 5495 3594 5563 quia

2287 5625 2401 5680 "ll
2436 5624 2561 5680 Cor.
2625 5639 2706 5691 ιιι,
2758 5621 2845 5681 16,
2890 5619 2984 5691 l7.
3057 5614 3103 5645 ⁵³
3137 5611 3469 5691 ρεαδ-κῃ,
3505 5604 3613 5691 ὅξὲη

2743 5692 2830 5746 ³⁵1
2862 5690 2986 5744 Cor.
3031 5699 3092 5750 ιι,
3144 5682 3199 5737 2.
3274 5682 3319 5717 "
3350 5685 3367 5736 ι
3398 5681 3581 5741 tium,
