2055 3201
231 164 283 194 587

971 161 1132 189 OlilGENlS

1815 159 1866 186 588

234 224 420 259 unusquisque
435 231 448 250 a
464 231 516 258 quo
528 222 658 254 vincitur,
678 223 740 250 huic
764 227 790 250 et
807 230 902 250 servus
919 222 1020 249 atltlici-
1037 224 1057 252 Α
1074 229 1136 248 rcnr
1147 221 1219 248 enim
1233 229 1267 248 ne
1282 221 1351 249 forte
1365 221 1471 248 etiamsi
1485 220 1613 248 Dominus
1638 218 1759 247 revelare
1772 216 1860 252 digne-

234 274 278 297 tur
293 269 326 302 θ’,
345 270 426 296 etiam
439 269 460 295 si
478 276 520 294 me
532 276 608 294 amor
621 269 742 302 pecunia:
760 277 812 295 non
835 272 947 302 supcrat
958 267 1026 302 (8‘2).

232 315 346 343 etiamsi
358 314 558 348 possessionum
567 318 594 341 et
602 314 758 341 divitiarum
768 321 834 341 cura
846 321 897 340 non
910 313 1027 348 stringit,

234 361 319 388 laudis
332 366 421 386 tamen
432 360 547 392 cupidus
563 367 634 392 sum,
651 364 679 386 et
705 360 818 393 gloriam
831 365 920 386 sector
936 360 1029 386 huma-

233 413 306 435 nam.
319 405 340 431 si
353 405 386 430 de
402 404 542 430 ltotninum
551 404 668 431 vultibus
682 409 709 431 et
723 404 895 431 sermonibus
911 405 1026 439 pendeo,

232 450 296 484 quid
311 449 342 476 de
356 456 397 475 me
412 448 457 475 ille
470 449 580 479 sentiat,
597 448 733 482 quomodo
749 448 794 475 ille
816 456 858 476 me
870 448 979 481 habeat,
995 456 1028 476 ne

232 495 270 522 illi
287 495 335 527 dis,
348 494 456 527 lit-eam,
472 495 493 520 si
511 494 548 521 illi
564 493 694 528 placeant.
727 494 818 521 Donec
836 495 946 529 requiro
963 495 1026 527 ista,

232 548 327 568 Servus
356 542 450 567 horum
482 549 552 567 sum.
573 541 624 567 Sed
643 540 767 567 volebam
791 548 822 566 ex
853 541 903 567 hoc
931 541 1024 567 saltent

234 586 300 613 satis
321 593 412 620 agere,
433 586 454 611 si
475 585 573 618 poSsim
606 585 674 611 liber
703 586 771 617 ﬁeri,
795 586 817 611 si
846 586 944 620 possim
962 586 1025 619 jugo

235 631 311 657 l'ucdtc
330 630 407 663 hujus
422 632 559 657 servitutis
574 631 677 657 absolvi
697 631 763 666 (83),
783 637 809 658 et
830 632 971 666 pervenire
991 632 1023 658 ad

234 676 385 702 libertatem
403 677 551 702 secundum
581 677 701 710 Apostoli
726 677 967 703 connuouitionem
984 677 1024 703 tli-

233 722 319 748 cenlis
340 723 361 737 ⁵³
381 731 387 748 :
409 732 416 747 ι
435 722 461 749 In
480 723 631 749 libertatem
649 724 735 749 vocali
761 723 835 754 estis,
855 724 936 749 nolite
965 723 1022 751 ﬁeri

233 768 303 794 SCHl
321 768 471 794 hominum.
494 777 503 792 ›
522 768 573 795 Ξειιά
590 769 650 801 quis
669 769 733 794 mihi
753 769 828 794 dabit
842 770 911 795 hanc
926 777 1022 796 mauu-

236 814 412 839 niissionem?
429 814 493 846 Quis
508 822 548 840 me
564 814 596 839 ah
610 814 659 840 hac
676 814 805 840 sertilutc
822 803 975 848 turpissima
990 814 1022 840 li-

234 859 348 891 berabit,
365 860 414 885 nisi
432 860 474 886 ille
487 861 529 894 qui
546 860 613 886 dixit
631 870 637 886 :
655 860 676 875 “5
695 869 703 884 ‹
726 860 752 886 Si
777 867 825 886 vos
848 860 933 887 Filius
955 860 1022 887 libe-

234 905 344 934 ram-it,
363 913 424 931 vere
444 905 519 931 liberi
538 906 632 932 eritis?
651 915 659 931 θ
683 906 787 932 litetiim
806 907 863 933 scio
882 906 944 940 quia
962 913 1022 932 ser—
1039 897 1059 922 η

234 958 280 976 vus
302 959 353 975 non
372 956 461 983 potest
486 951 609 978 libertate
625 952 732 982 donari,
757 952 809 978 nisi
830 951 946 978 ﬁdeliter
967 957 1023 978 50r-

234 996 319 1027 \‘icns,
340 997 390 1022 nisi
416 997 557 1023 Dominum
577 999 701 1032 diligens.
729 998 760 1024 Et
788 998 848 1024 ideo
869 997 951 1024 etiam
974 1003 1022 1022 nos

234 1042 346 1069 lidcliter
374 1044 533 1072 serviamus,
562 1048 589 1069 et
606 1051 639 1070 ex
664 1048 719 1071 toto
744 1042 836 1075 corde,
865 1047 891 1069 et
907 1049 940 1068 cx
968 1046 1023 1067 ιοιο

233 1090 332 1120 auium,
364 1094 390 1115 et
412 1097 442 1115 ex
460 1094 513 1115 tota
546 1088 646 1116 virtute
662 1094 754 1116 nostra
772 1087 914 1122 diligamus
933 1088 1022 1113 Domi—

235 1143 296 1160 num
313 1135 394 1160 “t‘lllll
415 1139 547 1164 nostrum.
562 1139 591 1161 ut
611 1141 766 1161 mereamur
780 1132 906 1159 libertate
927 1132 1022 1159 domui

232 1188 245 1206 a
264 1181 374 1206 (lliristo
388 1180 450 1207 .lrsu
471 1181 538 1209 l’ilio
563 1182 621 1215 ejus
648 1180 762 1208 Domino
779 1183 883 1210 nostro,
913 1179 954 1204 cui
982 1184 1023 1205 est

233 1226 316 1259 gioria
335 1231 361 1252 et
381 1226 523 1260 imperium
542 1226 569 1252 in
585 1225 682 1252 saecula
700 1221 872 1249 stt-culorum.
889 1222 985 1248 Amen.

462 1271 540 1307 175
559 1269 699 1298 llOltt'tLlA
719 1267 787 1295 Xlll.

317 1318 355 1344 De
369 1318 410 1344 liis
430 1326 489 1353 qua:
505 1317 654 1351 offeruntur
672 1315 705 1342 ad
729 1314 939 1341 labet-nandum.

268 1375 294 1401 l.
310 1375 370 1402 Jam
386 1376 495 1410 quidem
511 1379 539 1402 et
553 1373 630 1408 prius
647 1372 680 1400 de
703 1372 879 1399 tabernaculo
896 1380 943 1406 pro
959 1372 1025 1398 viri-

233 1419 281 1446 bus
298 1420 474 1453 dixeramus;
494 1425 589 1446 verum
605 1418 733 1452 quoniam
757 1424 827 1451 ειυρο
848 1417 873 1443 in
892 1417 972 1443 Exodi
990 1416 1022 1443 li-

233 1466 281 1491 bro
307 1467 440 1500 repetitur
454 1465 513 1500 ipsa
530 1463 693 1498 descriptio;
710 1463 808 1489 dicitur
821 1463 892 1489 cuitu
921 1467 947 1489 et
962 1470 1023 1489 eum

235 1512 363 1539 Douiiuus
378 1510 508 1546 pracepit
530 1509 616 1544 Moysi
641 1509 758 1543 qualiter
783 1509 841 1536 ﬁeri
861 1510 979 1541 debeat,
999 1514 1026 1536 et

234 1558 333 1584 iterum
347 1564 409 1584 cum
422 1555 529 1592 lepos
539 1556 667 1589 pramepit
682 1557 790 1590 populo,
805 1560 833 1582 ut
849 1555 945 1581 offerat
959 1563 1023 1582 con-
1037 1574 1058 1602 ο

233 1604 364 1632 struendo
378 1603 454 1638 operi
472 1603 616 1635 materias,
632 1603 703 1629 sicut
724 1603 780 1629 haec
795 1602 875 1628 let-tio
891 1603 1020 1633 continet,

233 1656 294 1683 qua:
308 1647 389 1676 nobis
415 1647 496 1674 modo
511 1647 626 1673 recitata
649 1651 712 1673 est:
738 1645 784 1672 sed
801 1650 829 1672 et
852 1646 1022 1679 postmodum

234 1697 431 1721 enumerantur
441 1692 558 1726 singula,
572 1699 632 1719 cum
648 1699 696 1725 per
708 1691 857 1721 Beselehel,
869 1695 895 1716 et
910 1696 1024 1717 cmteros

233 1738 370 1772 sapientes
384 1738 460 1765 viros
474 1738 653 1768 fabricantur.
664 1742 689 1764 et
706 1736 816 1768 iterum,
834 1743 896 1762 cum
913 1736 946 1762 ad
960 1743 1026 1762 eou-

234 1788 358 1820 spcetum
372 1783 454 1819 Moysi
469 1784 637 1815 deferuntur;
653 1788 678 1809 cl
692 1790 811 1813 rursum,
826 1790 887 1808 ettm
900 1789 946 1816 per
958 1789 1026 1815 pne-

234 1835 342 1865 ccptutn
359 1829 414 1867 (84)
435 1830 543 1857 Domini
561 1830 739 1861 dedicantur;
761 1828 789 1854 lit
806 1833 937 1862 prmterea
956 1832 981 1853 et
998 1827 1024 1853 in

234 1877 306 1910 aliis.
324 1877 365 1904 vel
382 1877 470 1908 libris,
486 1876 528 1903 vel
541 1876 620 1907 locis,
638 1875 734 1901 horum
747 1874 982 1905 commemoratio,
999 1878 1027 1900 et

236 1923 393 1958 frequenter
413 1923 565 1957 repetitur.
585 1926 678 1956 utpote
692 1921 763 1955 quod
781 1920 936 1947 necessario
953 1926 1026 1945 eon-

235 1977 372 2001 monetur;
392 1977 463 1996 nunc
484 1977 549 2003 ergo
565 1970 694 1995 ret-italus
715 1973 757 1994 est
773 1968 851 1994 nobis
869 1967 913 1993 illc
924 1974 1024 1999 sermo,

235 2015 281 2043 ubi
302 2015 368 2042 dicit
383 2015 422 2042 "z
449 2024 458 2040 ι
471 2012 502 2041 Et
519 2014 587 2041 dixit
605 2014 711 2048 Moyses
726 2014 759 2040 ad
779 2021 888 2040 omnem
912 2020 1026 2047 synago-

235 2070 296 2098 gam
316 2061 434 2089 filiorum
451 2061 545 2093 Israel,
563 2061 672 2088 dicens:
694 2059 752 2087 Hoc
768 2063 810 2086 est
824 2058 936 2086 verbum
955 2058 1026 2092 quod

237 2108 366 2142 przecepit
384 2107 514 2134 Dominus
526 2107 640 2134 dicens:
658 2105 763 2132 Sumite
777 2112 791 2130 a
806 2104 884 2131 vobis
902 2103 967 2138 ipsis
986 2110 1027 2130 re-

236 2154 420 2188 demptionem
452 2153 575 2180 Domino.
595 2152 692 2180 Omnis
716 2151 763 2185 qui
786 2150 911 2185 concepit
925 2149 1006 2176 corde
1019 2170 1026 2182 ,

237 2199 334 2227 olicrat
355 2199 432 2225 initia
451 2199 584 2225 Domino:
600 2205 708 2229 aurum,
726 2201 881 2231 argentum,
897 2202 1028 2222 a‘rameu-

239 2251 307 2278 ttun,
326 2245 515 2280 hyacinlltum,
532 2251 694 2279 purpuram,
711 2250 821 2270 coccum
840 2241 1004 2275 duplicatum
1018 2261 1025 2272 ,

238 2296 265 2319 et
285 2292 394 2326 byssqu
413 2295 511 2318 tortam
525 2311 532 2323 ,
549 2290 619 2325 pilos
631 2296 777 2323 caprarqu
791 2308 798 2319 ,
815 2292 843 2315 ct
859 2287 942 2321 pelles
958 2286 1029 2312 atie-

239 2342 295 2365 tttm
312 2337 474 2369 rubricatas,
490 2342 517 2364 et
533 2336 618 2371 pelles
633 2334 840 2370 hyacinthinus,
856 2333 925 2367 ligna
943 2332 1030 2366 impu-

240 2383 356 2416 tri'ailia,
376 2388 404 2411 et
420 2383 525 2417 lapides
542 2381 686 2412 sardiuos,
702 2385 729 2408 et
743 2380 846 2414 lapides
861 2379 893 2404 ad
910 2377 1030 2411 sculptu-

240 2438 297 2456 ratu
316 2430 340 2456 in
356 2429 488 2456 humerali
504 2434 531 2456 et
548 2428 664 2462 pedere;
680 2431 708 2454 et
719 2425 807 2453 omnis
823 2424 932 2458 sapiens
947 2423 1029 2450 corde

241 2479 266 2504 in
284 2478 362 2505 vobis
381 2478 491 2509 veniat,
510 2481 537 2505 et
564 2480 691 2511 operetur
714 2474 805 2501 omnia
821 2480 881 2508 qua:
904 2472 1031 2507 prmcepit

242 2525 381 2552 Dominus.
397 2534 407 2551 ι
417 2525 482 2552 Cum
498 2526 640 2552 considero
652 2524 782 2558 meipsum
796 2523 924 2558 primunt,
936 2527 962 2549 ct
975 2521 1030 2548 dis-

241 2573 325 2604 cutio,
342 2573 415 2607 piget
427 2573 461 2599 ad
475 2573 532 2599 haec
544 2571 691 2606 aperienda
716 2577 825 2598 manum
843 2570 961 2596 mittere.
979 2567 1031 2595 Ve-

278 2654 301 2670 “
316 2653 339 2681 ll
363 2654 435 2682 Pctr.
457 2662 486 2684 ιι,
502 2653 545 2681 19.

244 2685 269 2701 ⁸⁶
286 2689 380 2717 Matth.
399 2698 461 2723 xxv,
479 2689 525 2715 27.
561 2689 582 2703 "’
596 2687 660 2715 Luc.
677 2695 751 2720 χχιχ,
767 2687 809 2713 l7.

281 2768 337 2802 (8'2)
350 2768 433 2799 Alias,
452 2777 462 2794 ε
482 2771 601 2802 superet.
621 2776 630 2792 ι
648 2766 694 2793 sed
717 2772 782 2793 mss.
804 2772 813 2789 ι
829 2767 946 2802 superat.
967 2771 977 2788 ›

280 2796 571 2836 (85ἈΙίιιεόιιιὶιιῖιιιτ
596 2796 605 2827 ι
629 2802 718 2834 ῐωώυ,
743 2811 752 2826 ι
779 2804 810 2836 et
831 2796 953 2836 legitur;
973 2806 982 2823 t
1004 2796 1032 2824 Si

246 2834 347 2871 possim
363 2838 395 2864 de
406 2838 471 2872 iugo
487 2838 566 2871 hujus
579 2837 719 2864 servitutis
736 2835 854 2867 absolvi,
876 2843 884 2859 ι
903 2834 950 2861 sed
965 2840 1031 2860 mss.

247 2873 389 2899 let-tionem
406 2873 491 2899 llOsU'l
507 2878 598 2900 textus
611 2872 750 2899 exhibent.

585 2653 606 2668 ⁵³
620 2652 679 2685 Gal.
698 2659 723 2684 v,
738 2651 782 2682 15,
798 2655 826 2677 et
847 2650 857 2677 l
874 2650 937 2676 Cor.
958 2657 1005 2680 vu,
1018 2648 1062 2675 ‘23.

597 2687 660 2712 Luc.
677 2695 751 2712 χχιχ.
767 2687 809 2712 l7.
848 2685 870 2700 ¹⁵“
884 2685 969 2712 Exod.
987 2691 1057 2711 xxxv

894 2691 969 2712 5X00.
987 2691 1070 2714 ιικιν,

1082 274 1127 295 ιιιι·
1144 269 1245 300 alicui,
1264 268 1334 295 sicut
1359 268 1428 295 forte
1450 267 1576 302 dignatur
1591 266 1640 301 (de
1663 273 1707 293 me
1726 265 1797 292 enitn
1813 271 1866 290 neu

1079 322 1138 340 sum
1155 321 1238 340 ausus
1253 312 1373 349 dicere),
1391 320 1486 340 vereor
1499 332 1506 345 ,
1524 313 1634 347 inquam
1648 332 1656 344 ,
1672 316 1700 339 et
1723 310 1801 337 valde
1817 310 1867 336 du-

1079 360 1136 387 bito
1150 380 1157 392 ,
1177 360 1199 386 si
1220 359 1338 386 inveniat
1354 359 1492 386 auditores
1509 358 1566 393 (85)
1580 367 1587 384 :
1603 362 1631 385 et
1645 365 1705 384 ctua
1722 357 1758 383 ita
1772 356 1818 387 sit,
1834 362 1867 381 ne

1079 405 1148 433 forte
1163 406 1197 433 ab
1213 413 1246 433 eo
1262 405 1309 440 qui
1335 405 1481 440 explanare
1507 405 1650 432 conabitur
1664 424 1671 436 ,
1690 403 1846 437 requiratur
1859 421 1866 433 ,

1080 451 1227 479 Dominicat
1251 453 1406 487 margaritze
1423 452 1480 484 ubi,
1502 451 1543 478 vel
1566 450 1701 485 quomodo
1715 469 1722 480 ,
1746 449 1787 475 vel
1804 454 1868 474 ante

1078 506 1146 533 quos
1165 499 1316 525 mittantur.
1334 497 1432 524 Verum
1448 498 1577 532 quoniam
1591 502 1753 530 magnopere
1767 502 1864 528 exspe-

1079 544 1159 572 ctatis
1174 549 1202 570 ut
1217 544 1307 578 aliqua
1324 551 1358 571 ex
1377 544 1420 571 his
1434 551 1493 578 qua:
1507 543 1575 570 lecta
1591 546 1670 573 sunt,
1687 541 1865 572 disserantur,

1077 594 1103 616 et
1117 589 1241 624 prtecipit
1257 589 1322 616 mihi
1340 589 1470 615 Dominus
1485 594 1561 614 meus
1577 587 1671 613 dicens
1684 586 1726 613 ea:
1754 594 1763 611 t
1776 585 1864 619 Opor-

1079 636 1151 663 tebat
1167 641 1193 663 te
1210 636 1274 663 dare
1288 634 1430 669 pecuniam
1454 640 1543 660 meam
1568 633 1600 660 ad
1618 640 1738 659 mensam
1751 652 1758 663 ,
1774 636 1801 659 et
1814 639 1864 666 ego

1080 682 1193 709 veniens
1207 689 1269 708 cum
1283 681 1374 708 usuris
1385 680 1477 715 utique
1492 679 1643 715 exegissem
1655 686 1733 706 eam:
1750 688 1759 704 ι
1777 678 1864 712 ipsqu

1078 728 1188 763 rogabo,
1203 731 1231 753 ut
1242 727 1353 753 verbum
1366 734 1456 754 meum
1471 733 1547 753 suam
1561 725 1705 760 pecuniam
1721 724 1811 752 facere
1825 724 1866 751 di—

1076 778 1184 809 tutetur,
1201 772 1238 799 uti
1256 780 1308 799 non
1323 780 1411 800 meam
1425 772 1579 808 pecuniam,
1595 779 1647 797 nou
1664 778 1753 798 meum
1767 778 1864 797 aurum

1075 819 1151 845 vobis
1163 837 1171 850 ,
1188 817 1234 845 sed
1256 818 1342 853 ipsius
1360 817 1492 846 {tenerem
1506 839 1513 851 ,
1531 818 1616 852 ipsius
1632 818 1708 844 vobis
1722 816 1814 847 verbo,
1839 820 1867 843 et

1075 865 1160 900 ipsius
1174 872 1255 892 sensu
1272 865 1386 899 loquar,
1403 869 1430 892 et
1451 865 1484 892 ad
1500 865 1608 892 auditus
1624 864 1705 891 vestri
1722 864 1778 891 haec
1793 862 1866 890 defe-

1076 919 1132 938 ram
1148 918 1280 938 meusam.
1299 911 1350 938 Vos
1365 910 1421 944 jam
1439 910 1563 937 videritis
1578 909 1760 944 suscipientes
1776 909 1867 936 Domi-

1076 957 1163 984 nicam
1178 957 1334 992 pecuniam,
1349 956 1485 991 quotnodo
1499 963 1597 983 usuras
1608 955 1666 989 ejus
1681 954 1799 982 venienti
1815 954 1868 981 Do-

1076 1004 1148 1030 mino
1162 1003 1332 1038 praeparetis.
1350 1003 1443 1031 Usum:
1458 1006 1547 1029 autem
1565 1006 1629 1030 sunt
1648 1000 1723 1028 verbi
1742 1000 1800 1032 Dei,
1817 1000 1867 1026 Ita-

1075 1050 1139 1077 berc
1155 1050 1182 1077 in
1201 1057 1250 1076 usu
1268 1050 1328 1076 vita:
1344 1055 1370 1076 et
1384 1054 1494 1076 actuum
1512 1056 1543 1076 ea
1561 1056 1620 1082 quae
1635 1047 1762 1082 prtecepit
1776 1053 1867 1073 sermo

1077 1096 1131 1123 Dei.
1146 1096 1174 1123 Si
1191 1103 1255 1130 ergo
1268 1096 1409 1122 audientes
1426 1095 1539 1122 verbum
1558 1093 1665 1121 utimini
1679 1100 1725 1124 eo,
1739 1097 1767 1119 et
1784 1091 1867 1125 agitis

1074 1143 1223 1170 secundum
1234 1151 1267 1169 ea
1282 1151 1342 1176 qua:
1358 1143 1467 1174 auditis,
1486 1147 1514 1169 et
1525 1142 1675 1168 secundum
1692 1140 1750 1168 hac
1764 1139 1866 1170 vivitis.

1075 1196 1172 1216 usuras
1188 1189 1304 1216 Domino
1318 1189 1479 1223 prmparatis
1492 1196 1499 1214 :
1512 1192 1540 1213 et
1557 1192 1645 1221 potest
1658 1186 1716 1213 ﬁeri
1735 1190 1763 1213 ut
1780 1192 1866 1212 tinus-

1075 1235 1190 1269 quisque
1211 1239 1330 1262 vestrum
1357 1234 1390 1260 de
1403 1233 1522 1268 quinque
1540 1232 1648 1259 talentis
1663 1231 1744 1258 l'aciat
1758 1231 1866 1262 decem,

1076 1286 1102 1307 et
1115 1280 1209 1307 audiat
1223 1288 1238 1307 ιι
1252 1280 1367 1307 Domino
1379 1280 1412 1306 ⁶⁷ι
1428 1289 1438 1305 ι
1452 1279 1536 1313 Euge,
1550 1286 1630 1305 serve
1644 1279 1714 1305 bone
1727 1282 1754 1304 et
1768 1276 1866 1308 ﬁdelis,

1076 1327 1130 1354 eris
1155 1330 1319 1360 potestatem
1345 1325 1449 1353 habens
1476 1332 1558 1359 super
1579 1324 1672 1351 decem
1700 1323 1835 1350 civitates.
1855 1330 1864 1347 ι

1076 1372 1193 1399 Tantum
1221 1372 1284 1400 illud
1311 1372 1428 1404 videte,
1452 1379 1486 1398 ne
1504 1372 1567 1406 quis
1591 1375 1710 1396 vestrum
1727 1372 1868 1402 acceptam

1077 1417 1220 1452 pecuniam
1232 1437 1240 1449 ,
1255 1421 1303 1443 aut
1320 1417 1346 1443 in
1362 1416 1473 1444 sudario
1491 1417 1620 1451 colliget,
1637 1419 1684 1441 aut
1702 1413 1824 1440 tlel'odiat
1840 1413 1866 1440 in

1079 1469 1191 1496 terram,
1207 1462 1269 1497 quia
1283 1462 1439 1497 huiusmodi
1453 1462 1572 1489 hominis
1588 1462 1613 1487 in
1630 1461 1746 1487 adventu
1761 1458 1867 1485 Domini

1077 1510 1139 1544 quis
1159 1510 1194 1536 sit
1210 1510 1301 1536 exitus
1318 1509 1387 1536 bene
1404 1509 1502 1537 nostis.
1521 1506 1698 1535 Tentabimus
1709 1505 1789 1540 igitur
1801 1511 1868 1538 pau-

1078 1564 1108 1583 ca
1128 1556 1162 1583 de
1179 1556 1284 1587 multis.
1301 1556 1355 1583 imo
1373 1555 1503 1589 pauciora
1518 1554 1552 1580 de
1567 1552 1674 1587 paucis,
1691 1551 1790 1585 quippe
1808 1550 1868 1584 qui-

1078 1603 1127 1629 bus
1142 1606 1169 1629 et
1189 1606 1281 1629 noster
1296 1608 1386 1629 sermo
1403 1600 1551 1631 librandus,
1565 1603 1592 1626 et
1607 1603 1699 1625 vester
1711 1596 1832 1623 auditus.

1112 1647 1139 1675 2.
1157 1648 1249 1675 Primo
1266 1647 1350 1682 igitur
1364 1647 1486 1674 omnium
1503 1645 1643 1672 videamus
1659 1642 1725 1678 quid
1742 1646 1784 1670 cst
1796 1640 1867 1676 quod

1077 1694 1142 1721 dicit
1166 1693 1273 1729 Moyses
1297 1693 1329 1719 ad
1349 1692 1420 1719 ﬁlios
1437 1690 1520 1718 Israel
1535 1690 1576 1717 εει
1603 1698 1613 1714 ί
1628 1688 1734 1716 Sumite
1752 1695 1766 1713 a
1789 1686 1868 1713 vobis

1077 1740 1143 1775 ipsis
1163 1738 1377 1772 redemptionem
1396 1737 1529 1768 Domino,
1547 1735 1637 1762 omnis
1649 1733 1696 1768 qui
1713 1732 1868 1766 conceperit

1077 1786 1168 1817 corde,
1187 1783 1285 1811 otl'erat
1298 1783 1376 1810 initia
1393 1782 1517 1810 Domino.
1531 1790 1540 1807 I
1561 1780 1619 1808 Non
1633 1779 1689 1806 vult
1704 1778 1820 1814 Moyses,
1838 1781 1869 1803 ut

1077 1831 1178 1866 aliqttid
1191 1830 1289 1858 oll'eras
1299 1829 1352 1856 Deo
1365 1829 1437 1863 qttod
1450 1832 1526 1855 extra
1537 1831 1563 1854 te
1577 1830 1629 1859 est,
1646 1834 1656 1852 ε
1670 1833 1685 1852 ιι
1699 1824 1776 1851 vobis
1791 1823 1868 1857 ipsis,

1078 1877 1175 1912 inquit,
1189 1876 1300 1908 sumite,
1316 1879 1344 1902 et
1358 1874 1433 1902 initia
1442 1873 1537 1900 olferte
1553 1872 1676 1904 Domino,
1692 1875 1771 1905 prout
1783 1874 1867 1895 unus-

1077 1921 1191 1956 quisque
1208 1919 1333 1954 concepit
1355 1920 1447 1950 cortle.
1467 1927 1476 1944 ι
1494 1918 1596 1945 Aurum
1610 1917 1719 1950 jubetur
1732 1919 1758 1942 et
1772 1921 1867 1948 argnti-

1079 1971 1135 1993 tum
1151 1964 1250 1993 deferri
1266 1984 1273 1997 ,
1290 1972 1327 1992 tes
1342 1969 1369 1991 et
1383 1969 1490 1990 ca‘terre
1507 1961 1629 1988 materia:
1644 1981 1652 1993 ,
1668 1959 1802 1994 quomodo
1817 1957 1867 1983 hoc

1078 2020 1188 2048 possum
1210 2019 1260 2046 ego
1274 2012 1307 2038 de
1329 2010 1434 2045 meipso
1452 2008 1571 2036 oll'erre?
1589 2006 1714 2041 Nunquid
1739 2005 1808 2031 intra
1827 2011 1869 2030 me

1078 2066 1176 2085 aurum
1188 2057 1310 2085 nascitur
1323 2060 1370 2083 aut
1383 2058 1535 2090 argentum,
1552 2058 1578 2081 et
1591 2057 1689 2080 caetera
1705 2050 1870 2085 quatjubcu-

1079 2103 1144 2132 tur?
1159 2102 1254 2130 Nonne
1271 2101 1323 2129 hoc
1339 2100 1525 2135 unusquisque
1541 2099 1573 2126 de
1591 2096 1782 2134 pi'omptuariis
1797 2094 1870 2121 etde

1080 2150 1193 2178 scriniis
1207 2149 1265 2176 suis
1278 2147 1398 2183 profert?
1415 2147 1484 2180 Quid
1498 2151 1539 2173 ea
1551 2152 1616 2179 ergo
1629 2143 1699 2178 quod
1718 2141 1782 2168 dicit
1799 2140 1871 2173 Moy-

1080 2204 1134 2229 ses,
1152 2194 1247 2223 offerte
1261 2202 1276 2221 a
1294 2193 1370 2221 vobis
1384 2193 1459 2227 ipsis,
1477 2196 1505 2219 et
1521 2190 1706 2223 unusquisque
1720 2187 1791 2213 sicut
1807 2192 1871 2211 cou-

1043 2249 1065 2276 D
1081 2246 1152 2281 cepit
1168 2243 1274 2271 corde?
1293 2242 1357 2270 Illud
1376 2241 1483 2276 quidem
1501 2245 1597 2265 aurum
1615 2244 1641 2263 et
1657 2238 1797 2268 argentum
1817 2239 1869 2259 cm-

1084 2295 1201 2324 termque
1226 2288 1349 2316 materia:
1365 2286 1436 2313 unde
1465 2282 1667 2311 tabernaculum
1685 2283 1870 2307 constructum

1083 2341 1124 2364 est
1134 2357 1142 2370 ,
1163 2340 1271 2364 constat
1284 2336 1316 2362 de
1331 2333 1440 2361 scriniis
1452 2337 1479 2359 et
1489 2328 1681 2366 promptuariis
1696 2324 1871 2358 uniuscujus-

1083 2391 1135 2417 que
1163 2382 1308 2417 prolatum.
1324 2379 1461 2415 Spiritalis
1478 2382 1566 2404 autem
1585 2376 1627 2402 lex
1644 2381 1738 2401 aurum
1756 2370 1870 2405 requirit

1086 2429 1119 2455 ad
1147 2426 1351 2455 tabernaculum
1365 2444 1372 2457 ,
1389 2423 1461 2458 quod
1488 2422 1560 2450 intra
1577 2428 1626 2448 nos
1645 2424 1684 2446 est
1700 2439 1708 2452 ,
1729 2419 1870 2451 argentum

1085 2475 1156 2510 quod
1172 2474 1241 2501 intra
1263 2480 1312 2499 nos
1329 2475 1387 2502 est.
1405 2475 1432 2497 et
1447 2476 1543 2497 omnes
1563 2468 1679 2501 reliquas
1694 2464 1821 2492 materias
1838 2462 1871 2488 il-

1083 2522 1124 2548 las
1136 2519 1267 2554 deposcit,
1285 2525 1353 2552 quas
1367 2521 1393 2544 et
1409 2516 1479 2543 intra
1495 2523 1545 2542 nos
1561 2514 1663 2541 habere
1678 2518 1831 2546 possumus,
1846 2512 1873 2534 et

1085 2565 1208 2601 proferre
1235 2564 1268 2592 de
1288 2562 1376 2590 nobis.
1402 2561 1473 2588 Dicit
1499 2560 1571 2588 enim
1596 2558 1738 2592 Scriptura
1751 2555 1784 2589 °’,
1808 2555 1871 2590 quia

1103 2643 1126 2658 “
1139 2642 1217 2669 Joan.
1236 2648 1292 2673 vui,
1306 2639 1350 2666 56.
1390 2638 1411 2654 ⁸⁸
1427 2637 1512 2665 Exod.
1531 2644 1612 2669 xxxv,
1628 2635 1654 2668 4,
1670 2634 1699 2668 5,
1716 2634 1743 2666 6,
1758 2633 1784 2666 7,
1800 2632 1827 2664 8,
1844 2631 1871 2659 9.

1085 2680 1111 2707 4,
1150 2678 1172 2694 ⁸ο
1188 2677 1268 2703 Rom.
1285 2683 1311 2707 ι,
1327 2675 1354 2707 8,
1368 2673 1394 2701 9.

1119 2759 1175 2795 (Si)
1190 2758 1269 2791 Mss.,
1280 2767 1291 2784 ‹
1308 2764 1355 2792 per
1370 2760 1545 2791 praeceptum.
1562 2762 1571 2779 ι
1589 2753 1668 2781 Libl).
1683 2750 1765 2783 editi,
1783 2758 1792 2774 ι
1805 2754 1874 2783 pra»

1083 2804 1105 2824 ω
1188 2804 1223 2856 ,Si
1237 2829 1351 2866 inveniat
1367 2828 1512 2866 auditores,
1525 2830 1580 2866 etc.
1595 2819 1874 2866 Sienntssibibr‘ilan-

1087 2859 1141 2894 tem
1161 2859 1225 2893 éditi
1245 2865 1356 2897 habent,
1375 2873 1384 2889 ι
1400 2864 1422 2891 si
1441 2862 1577 2890 inveniam
1597 2859 1747 2888 auditores,
1767 2864 1776 2881 ι
1793 2860 1844 2882 etc.
