4110 6418
367 368 472 422 38‘.)

1563 356 1630 410 IN
1667 350 1951 408 EXDDUM
1991 348 2269 404 llOitilLIA
2311 345 2443 400 Xill.

3513 346 3619 400 παρ)

371 510 390 542 ⁸
429 499 592 556 pmpe
641 491 723 536 ρει
754 481 976 536 vel-bum
1016 478 1069 533 in
1115 493 1208 532 οτρ
1243 487 1358 540 ιηο,
1388 478 1535 546 quia,
1572 477 1616 530 si
1662 473 1945 527 confessus
1977 475 2018 529 Α
2052 482 2168 534 qua!
2216 468 2324 520 sint
2361 464 2510 518 initia
2565 464 2680 516 auri
2713 504 2725 527 ,
2767 463 2849 519 vel
2902 481 3020 533 qum
3067 465 3318 534 priutitize
3367 458 3622 535 argenti"l

365 578 535 634 fueris
563 578 614 631 in
650 591 744 630 ore
777 584 866 628 tuo
905 575 1188 628 Dominum
1220 571 1401 625 Jesum
1429 613 1442 630 ,
1475 579 1529 622 et
1563 567 1858 622 credideris
1887 565 1937 618 in

364 669 529 723 corde
559 679 652 721 tuo
679 708 694 732 ,
727 667 868 736 quod
916 667 1054 720 Deus
1093 666 1238 718 illum
1276 662 1560 717 suscitavit
1607 675 1634 712 a
1669 657 1900 711 mortuis
1926 696 1941 717 ,

365 761 548 814 salvus
588 761 718 815 eris.
749 779 766 810 ι
823 757 877 812 Si
913 774 1044 827 ergo
1074 756 1375 812 credideris
1410 754 1462 807 in
1499 752 1666 805 θοι-(ιθ
1702 762 1814 812 ιιιο,
1850 764 1943 801 cor

367 865 517 906 tuum
548 893 563 917 ,
599 861 653 906 et
705 866 898 904 sensus
934 862 1056 904 tuus
1100 865 1292 902 aurum
1328 854 1430 900 est.
1466 842 1719 900 (:btulisli
1778 840 1945 910 igitur

364 959 560 998 :Iurum
593 943 658 996 ad
689 943 1120 1007 tabernaculum,
1160 941 1210 994 itl
1241 950 1323 993 est
1349 938 1508 991 ﬁdem
1543 936 1722 988 cordis
1753 935 1851 986 tui.
1883 930 1940 984 Si

368 1048 500 1087 vero
533 1030 819 1086 confessus
852 1030 1042 1092 fueris,
1079 1043 1382 1083 sermonem
1421 1025 1695 1089 obtulisti,
1729 1038 1941 1076 sermo-

366 1141 491 1180 nem
525 1125 884 1180 confessionis
914 1134 1218 1193 argentum.
1247 1121 1454 1175 Idcirco
1481 1135 1612 1188 ergo
1641 1119 1770 1171 dicit
1802 1118 1943 1186 Moy-

365 1235 455 1272 ses
492 1220 581 1286 qui
616 1228 702 1271 est
746 1216 829 1270 lex
860 1217 1159 1288 spiritalis,
1201 1234 1220 1267 ι
1255 1216 1452 1270 Sumite
1487 1227 1514 1265 τι
1549 1212 1702 1266 vobis
1731 1211 1881 1280 ipsis.
1920 1227 1938 1260 ι

367 1311 495 1367 Haec
525 1326 555 1364 a
582 1319 637 1363 te
663 1310 777 1379 ipso
800 1310 990 1375 sumis,
1025 1309 1139 1363 haec
1168 1309 1310 1362 intra
1337 1316 1388 1361 te
1413 1316 1563 1369 sunt,
1589 1305 1702 1359 lucc
1727 1300 1942 1357 etiamsi

365 1403 546 1456 nudus
572 1401 664 1466 sis,
697 1402 896 1456 habere
920 1409 1094 1470 potes.
1125 1401 1231 1454 Sed
1259 1408 1312 1453 et
1332 1399 1476 1469 quod
1502 1397 1730 1459 addidit,
1751 1409 1948 1447 «unus-

364 1495 599 1564 quisque
632 1495 775 1548 sicut
817 1492 1070 1562 coneepit
1111 1492 1295 1556 corde,
1345 1511 1361 1543 ι
1404 1493 1505 1545 huc
1542 1489 1782 1558 respicit.
1830 1487 1943 1540 Non

363 1587 510 1640 enim
543 1587 746 1654 poteris
780 1585 985 1654 aliquid
1036 1586 1102 1638 de
1135 1600 1294 1638 sensu
1335 1593 1425 1637 tuo
1461 1581 1658 1636 olferre
1695 1581 1829 1644 Deo,
1862 1578 1946 1632 vel

366 1678 432 1730 de
463 1677 630 1730 verbo
671 1685 803 1742 tuo,
853 1675 956 1729 nisi
993 1675 1145 1743 prius
1190 1689 1312 1743 quae
1346 1673 1544 1740 scripta
1602 1680 1732 1725 sunt
1782 1673 1946 1722 corde

367 1766 709 1834 conceperis,
746 1767 847 1822 nisi
884 1767 1128 1820 intentus
1153 1765 1340 1828 fueris,
1372 1774 1424 1819 et
1450 1763 1734 1832 diligenter
1763 1761 1944 1814 audie-

370 1860 462 1924 ris,
491 1874 597 1911 nott
627 1865 806 1926 potest
847 1873 1038 1911 aurum
1069 1866 1218 1909 tuum
1251 1855 1531 1925 probatum
1561 1868 1697 1915 esse,
1732 1867 1831 1907 nec
1859 1867 1945 1905 ar-

376 1960 625 2018 gentum:
680 1948 976 2014 requiritur
1026 1949 1168 2002 enim
1225 1956 1283 2001 ιιι
1338 1949 1626 2016 probatum
1663 1946 1753 2002 sit.
1808 1946 1943 1999 Atttii

374 2039 702 2106 Seripturam
733 2037 1005 2092 dicentem
1038 2038 1118 2091 7°:
1159 2056 1176 2089 ι
1203 2037 1428 2106 Eloquia
1465 2035 1700 2100 Domini,
1731 2036 1945 2105 eloquia

365 2140 539 2192 casta,
575 2138 856 2195 argentum
907 2130 1028 2198 igne
1063 2129 1390 2199 probatum,
1427 2137 1714 2199 purgatum
1757 2137 1947 2197 septu-

361 2221 535 2292 plum.
570 2239 588 2271 ι
626 2220 682 2274 Si
718 2235 849 2288 ergo
880 2236 997 2290 qua:
1029 2222 1232 2290 scripta
1265 2231 1388 2274 sunt
1417 2225 1577 2275 corde
1608 2222 1945 2290 conceperis,

361 2313 471 2368 erit
499 2328 692 2366 aurum
727 2321 901 2374 tuum,
931 2311 983 2366 id
1013 2321 1098 2366 est
1149 2328 1340 2368 sensus
1373 2325 1493 2368 tuus
1517 2316 1738 2386 probus,
1773 2324 1824 2368 et
1857 2331 1948 2366 ar-

360 2416 586 2476 gentum
619 2416 792 2472 tttum,
821 2407 911 2474 qui
942 2415 1022 2459 est
1053 2420 1230 2459 sermo
1267 2415 1407 2472 tuus,
1450 2407 1612 2478 176
1641 2407 1946 2476 probatum.

360 2499 507 2563 Quid
540 2499 701 2552 etiam
736 2499 801 2553 de
826 2513 935 2552 a‘re
969 2497 1246 2552 dicemus?
1273 2513 1410 2566 opus
1441 2510 1518 2552 est
1550 2509 1603 2552 et
1628 2515 1734 2554 tere
1761 2501 1826 2552 ad
1863 2510 1946 2553 ta-

362 2589 644 2641 bernaculi
679 2589 1166 2644 constructionem.
1213 2589 1440 2643 Videtur
1472 2590 1687 2659 quidem
1727 2605 1799 2643 tes
1851 2605 1948 2659 pro

362 2681 687 2734 fortitudine
733 2680 934 2749 suscipi
963 2721 978 2745 ,
1008 2692 1063 2735 et
1097 2680 1218 2734 loco
1253 2679 1377 2748 poni
1412 2695 1577 2750 posse
1617 2679 1949 2735 fortitudinis

358 2780 422 2826 et
456 2772 808 2828 constantize:
841 2773 934 2827 sed
971 2788 1036 2827 ne
1068 2773 1190 2837 quis
1222 2773 1387 2835 dicat,
1421 2772 1532 2826 lloc
1557 2772 1810 2827 divinare
1837 2788 1949 2825 ma-

362 2861 452 2929 gis
493 2871 575 2916 est
603 2877 768 2931 quam
799 2862 1094 2933 explanare
1115 2902 1130 2926 ,
1164 2861 1250 2915 tthi
1293 2862 1436 2932 quod
1477 2861 1674 2917 dicitur
1697 2902 1711 2927 ,
1750 2877 1855 2916 non
1886 2861 1950 2916 de

365 2954 771 3022 Scripturarum
799 2953 1122 3008 auctoritate
1148 2956 1411 3017 munitur,
1445 2963 1574 3023 puto
1597 2966 1727 3022 ergo
1754 2969 1828 3008 tes
1858 2967 1950 3006 ac-

367 3042 473 3109 cipi
509 3057 667 3110 posse
711 3057 808 3110 pro
840 3055 996 3094 voce.
1030 3040 1192 3094 Aliud
1245 3041 1390 3094 enim
1423 3051 1506 3095 est
1537 3053 1720 3094 sermo
1743 3079 1758 3105 ,
1802 3040 1950 3094 aliud

2045 557 2322 625 Quomodo
2355 565 2535 608 autem
2568 555 2634 608 de
2667 570 2853 619 cocco,
2892 566 2942 608 el
2979 572 3234 625 purpura,
3271 567 3324 609 et
3355 557 3514 628 bysso
3544 574 3623 612 νι-

2046 652 2240 702 (lentnr
2273 647 2506 701 conferri
2542 647 2828 714 primitiae?
2852 647 2958 700 Attt
2983 648 3257 713 quomodo
3286 651 3427 702 sicut
3460 652 3623 702 cordo
3676 654 3685 662 '

2045 741 2354 810 conceperit
2386 742 2508 809 quis
2558 739 2759 793 oﬂ'ert?
2797 737 2909 792 Hoc
2953 737 3064 805 jam
3106 740 3347 808 singulos
3381 751 3619 794 nostrum

2047 833 2247 899 pulsat,
2284 831 2562 884 videamus
2593 831 2750 884 simul
2789 843 2840 884 et
2874 833 3143 898 quomodo
3175 834 3336 886 corde
3367 833 3619 900 concepi-

2047 937 2186 976 mus.
2230 922 2424 988 Quanti
2470 924 2628 975 modo
2660 923 2748 976 hic
2782 933 3078 991 przesentes
3110 939 3324 986 sumus,
3359 935 3407 977 et
3446 939 3626 977 sermo

2048 1016 2140 1071 Dei
2172 1016 2476 1069 tractatur?
2506 1013 2645 1068 Sunt
2674 1015 2763 1083 qui
2796 1015 3114 1085 concipiunt
3141 1016 3308 1069 corde
3337 1030 3455 1084 quae
3488 1015 3623 1068 lecta

2047 1117 2190 1172 sunt,
2231 1113 2355 1162 sunt
2385 1103 2475 1172 qui
2510 1105 2738 1158 omnino
2777 1119 2882 1157 non
2921 1105 3258 1172 concipiunt,
3283 1119 3402 1173 qua:
3433 1105 3624 1158 dicun-

2049 1208 2157 1264 tur,
2203 1205 2296 1253 sed
2333 1210 2415 1255 est
2447 1214 2598 1253 mens
2631 1213 2820 1251 eorum
2850 1205 2904 1250 et
2935 1211 3028 1250 cor
3062 1204 3156 1250 aut
3191 1196 3242 1248 itt
3274 1196 3507 1265 negotiis
3536 1204 3627 1248 aut

2048 1292 2100 1345 in
2151 1293 2364 1346 actibus
2419 1291 2643 1352 sreculi,
2681 1299 2775 1342 aut
2835 1288 3311 1358 supputationibus
3355 1287 3532 1341 lucri:
3573 1300 3624 1340 et

2047 1383 2320 1451 praecipue
2345 1381 2621 1443 mulieres,
2645 1379 2914 1449 quomodo
2937 1386 3095 1448 putas
3117 1379 3278 1432 corde
3295 1378 3626 1446 concipiunt,

2047 1489 2169 1542 qua:
2202 1482 2409 1528 tantum
2447 1474 2726 1544 garriunt,
2762 1486 2880 1540 qua:
2916 1480 3124 1523 tantum
3177 1469 3371 1524 fabulis
3414 1470 3628 1524 obstre-

2049 1574 2180 1628 punt
2207 1603 2220 1626 ,
2257 1573 2315 1616 ttt
2348 1578 2453 1616 non
2499 1564 2682 1618 sinant
2727 1576 2846 1614 esse
2889 1561 3213 1614 silentium?
3247 1560 3364 1615 Jam
3401 1562 3529 1629 quid
3565 1564 3630 1614 de

2051 1657 2228 1703 mente
2258 1665 2471 1710 earum,
2502 1650 2629 1718 quid
2655 1653 2720 1703 de
2750 1650 2911 1702 corde
2941 1650 3252 1711 discutiam,
3278 1651 3324 1702 si
3358 1651 3423 1704 de
3455 1649 3631 1703 infan-

2051 1743 2194 1796 tibns
2227 1741 2360 1807 suis,
2399 1751 2491 1793 aut
2523 1741 2588 1794 de
2623 1740 2744 1792 lana
2781 1739 3043 1807 cogitent,
3083 1748 3179 1792 attt
3209 1739 3276 1793 de
3308 1741 3630 1794 necessariis

2049 1834 2289 1889 domus?
2326 1833 2528 1886 Vereor
2560 1831 2735 1898 magis
2772 1843 2840 1883 ne
2884 1841 3187 1897 sequantur
3222 1829 3370 1892 illas,
3407 1831 3473 1883 de
3507 1833 3628 1897 qui-

2048 1928 2148 1981 bus
2178 1925 2310 1980 dicit
2339 1922 2629 1993 Apostolus
2655 1922 2702 1953 ⁷⁵
2726 1939 2740 1976 :
2789 1939 2806 1971 t
2833 1923 2961 1987 Quae
2986 1921 3201 1974 discunt
3227 1920 3512 1973 circumire
3537 1921 3634 1974 do-

2049 2034 2186 2082 mos,
2217 2033 2321 2071 non
2356 2017 2530 2070 solum
2560 2016 2823 2077 verbosm,
2857 2014 2948 2066 sed
2981 2022 3035 2066 ct
3063 2012 3318 2075 curiosat,
3351 2011 3634 2080 loquentes

2049 2123 2170 2179 qua:
2203 2124 2310 2163 non
2342 2116 2582 2177 oportet.
2612 2125 2631 2158 ι
2669 2105 2952 2172 Quomodo
2982 2119 3114 2174 ergo
3151 2104 3267 2158 ista:
3298 2104 3433 2158 tales
3468 2107 3634 2156 corde

2051 2200 2410 2271 concipiunt?
2459 2198 2575 2253 Non
2623 2198 2904 2266 concipiet
2952 2197 3116 2252 corde
3152 2196 3275 2265 quis
3326 2195 3427 2248 nisi
3478 2205 3635 2247 vacet

2051 2295 2216 2348 corde
2243 2334 2256 2356 ,
2289 2291 2390 2359 nisi
2429 2291 2500 2346 sit
2533 2297 2713 2344 mente
2745 2290 2884 2344 liber
2922 2299 2976 2343 et
3016 2296 3161 2342 totus
3207 2289 3451 2341 intentus
3474 2326 3489 2351 ,
3526 2286 3632 2339 nisi

2051 2384 2214 2440 corde
2245 2383 2450 2452 vigilet,
2491 2397 2594 2435 non
2623 2390 2802 2450 potest
2825 2380 2992 2434 corde
3021 2379 3331 2448 concipere,
3357 2387 3410 2432 et
3441 2376 3637 2432 oll'erre

2053 2482 2192 2531 dona
2231 2475 2360 2529 Deo.
2395 2474 2549 2541 Quod
2597 2475 2641 2529 si
2695 2473 2961 2527 hactenus
3013 2469 3354 2540 negleximus
3380 2511 3394 2534 ,
3435 2484 3499 2523 ex
3532 2469 3637 2522 hoe

2052 2567 2246 2622 saltem
2285 2566 2606 2620 attentiores
2647 2566 2839 2627 simus,
2884 2575 2938 2618 et
2985 2564 3214 2616 sollicite
3245 2561 3588 2615 intendamus
3617 2598 3633 2624 ,

2054 2667 2111 2712 ttt
2140 2657 2410 2726 possimus
2440 2665 2618 2709 tuente
2660 2657 2974 2722 concipere.
3000 2651 3214 2705 Jttstum
3242 2658 3326 2704 est
3371 2648 3538 2712 enim,
3579 2657 3637 2700 ttt

2053 2751 2104 2802 in
2143 2747 2499 2801 tabernaculo
2533 2745 2744 2800 Domini
2789 2746 3099 2800 inveniatur
3132 2740 3505 2809 unusquisque
3540 2740 3639 2792 ha-

2054 2837 2185 2891 bere
2219 2838 2520 2904 portionem
2553 2851 2729 2890 suam.
2772 2835 2888 2888 Non
2924 2835 3066 2888 enim
3098 2832 3230 2886 latet
3269 2830 3435 2884 Deum
3469 2844 3640 2882 unus-

2053 2927 2280 2994 quisque
2326 2927 2455 2994 quid
2491 2927 2538 2980 ei
2577 2925 2788 2978 offerat.
2821 2927 2991 2991 Quam
3035 2923 3330 2991 gloriosum
3388 2921 3483 2976 tibi
3514 2932 3639 2986 eat,

2053 3017 2099 3070 si
2146 3017 2361 3070 dicatur
2415 3018 2467 3071 itt
2531 3016 2881 3070 tabernaculo
2916 3016 3126 3069 Domini
3157 3011 3412 3066 :‘An-rum
3469 3015 3636 3082 istud,

368 3148 494 3185 vox.
551 3132 744 3184 Sermo
797 3130 1000 3185 dicitur
1037 3129 1249 3198 loquela
1294 3129 1491 3185 rationi
1527 3129 1782 3184 subnixa.
1835 3131 1947 3186 Vox

2056 3104 2208 3158 verbi
2242 3119 2409 3159 causa
2436 3143 2451 3168 ,
2483 3118 2593 3173 quo
2626 3117 2752 3156 arca
2808 3102 3116 3156 testamenti
3151 3101 3458 3168 obtegitur,
3493 3103 3639 3155 illius

370 3238 500 3276 vero
533 3232 636 3282 ρει,
659 3221 810 3273 verbi
842 3234 1030 3282 causa,
1051 3220 1092 3273 si
1113 3219 1324 3285 Latine,
1357 3221 1400 3275 si
1436 3220 1623 3274 Grtece
1640 3220 1877 3286 dicatur,
1906 3223 1951 3276 si

369 3311 634 3367 elcvatius
667 3350 682 3373 ,
733 3311 776 3364 si
830 3310 1094 3379 pressius.
1140 3311 1246 3366 Sed
1305 3314 1417 3367 bmc
1453 3314 1765 3368 necessario
1798 3323 1855 3367 ut
1887 3315 1953 3370 de

375 3403 674 3469 Scripturis
731 3402 1062 3472 probemus,
1122 3403 1379 3472 exigitis.
1431 3405 1566 3460 Attdi
1625 3406 1755 3475 qttid
1807 3407 1954 3460 dicat

374 3489 660 3556 Apostolus
691 3490 770 3543 ἠς
814 3507 833 3540 ι
872 3487 926 3543 Si
964 3489 1160 3561 linguis
1209 3493 1493 3548 hominum
1527 3493 1722 3562 loquar
1769 3506 1822 3550 et
1853 3510 1950 3549 an-

375 3579 636 3643 gelorum,
659 3581 980 3634 charitatem
1007 3590 1184 3634 autem
1213 3599 1316 3638 non
1343 3585 1600 3648 habeam,
1632 3585 1810 3641 factus
1835 3602 1951 3640 sum

374 3680 431 3722 ttt
463 3682 817 3725 teramentum
852 3688 1052 3727 sonans
1082 3715 1097 3741 ,
1147 3686 1243 3730 aut
1293 3677 1600 3748 cymbalum
1638 3679 1891 3733 tinniens.
1932 3697 1949 3730 ι

373 3763 450 3816 Ita
475 3776 602 3831 ergo
629 3766 770 3834 loqui
797 3765 1015 3838 linguis,
1040 3779 1094 3822 et
1119 3771 1462 3838 interpretari
1485 3786 1550 3824 ex
1579 3769 1683 3824 alia
1713 3771 1763 3825 in
1791 3772 1951 3825 aliam

375 3855 644 3924 linguam,
674 3857 798 3911 aeris
831 3858 1034 3912 oblatio
1065 3869 1168 3918 est.
1205 3860 1434 3915 Necesse
1467 3872 1552 3915 est
1589 3864 1736 3916 enim
1769 3862 1953 3916 omnia

376 3946 576 3999 habere
609 3949 1018 4002 tabernaculum
1055 3949 1144 4004 Dei
1176 3990 1191 4016 ,
1236 3960 1288 4006 et
1323 3953 1457 4006 nihil
1489 3955 1676 4007 deesse
1707 3955 1759 4007 itt
1795 3954 1954 4007 domo

377 4036 608 4090 Domini.
651 4038 746 4092 Est
779 4041 980 4109 igitur,
1035 4049 1094 4094 ιιι
1121 4043 1381 4108 diximus,
1421 4044 1546 4098 aeris
1594 4045 1796 4098 oblatio
1827 4061 1952 4101 vox.

378 4125 490 4182 Vox
526 4141 706 4184 autem
735 4143 817 4185 est
848 4148 966 4202 quae
1001 4133 1226 4188 alterius
1271 4150 1492 4190 sensum
1522 4137 1574 4190 in
1602 4140 1826 4190 alteram
1855 4139 1956 4192 liu-

374 4236 536 4288 guatn
571 4223 750 4278 vertit.
786 4223 977 4278 Sermo
1014 4239 1143 4279 vero
1174 4235 1275 4290 est,
1313 4229 1403 4296 qui
1433 4243 1649 4280 sensum
1679 4231 1954 4298 proprium

375 4312 588 4382 profert
615 4313 750 4387 (86).
785 4314 978 4371 Ontnia
1009 4333 1140 4388 ergo
1165 4317 1464 4374 oderantur
1498 4319 1628 4386 Deo,
1661 4331 1714 4374 ct
1741 4336 1954 4388 sensus,

373 4418 430 4461 ct
462 4421 663 4472 sermo,
692 4416 746 4460 et
776 4423 899 4462 vox.

446 4497 500 4553 3.
530 4497 670 4563 Qttid
707 4497 771 4550 de
801 4499 1009 4554 cteteris
1052 4499 1330 4557 dicemus?
1360 4501 1520 4555 Multa
1551 4514 1676 4556 sunt
1705 4504 1869 4568 enim,
1900 4513 1953 4558 et
1985 4510 2028 4564 ῐ)

375 4588 588 4658 singula
615 4589 884 4644 dist-utere
910 4609 1045 4662 opus
1070 4605 1154 4648 est
1183 4595 1394 4664 ingens.
1416 4593 1612 4649 Verum
1635 4596 1761 4665 quid
1826 4601 1953 4650 rod--

374 4681 506 4744 crit,
549 4693 605 4735 ttt
641 4692 829 4736 nostro
860 4685 1075 4751 quidem
1109 4687 1312 4757 ingenti
1339 4687 1522 4740 labore
1570 4689 1853 4752 dicantur,
1887 4691 1955 4743 ab

377 4772 659 4838 occupatis
693 4787 818 4826 vero
848 4775 1208 4841 auditoribus,
1238 4787 1292 4830 et
1325 4779 1408 4830 vix
1448 4779 1608 4834 unius
1642 4783 1790 4834 hora:
1820 4796 1957 4849 putt-

380 4870 469 4913 cto
510 4863 676 4917 verbo
707 4861 798 4916 Dei
830 4864 1212 4920 assistentibus
1244 4879 1596 4935 spcrnantnr,
1622 4878 1675 4922 et
1706 4871 1959 4939 pereant!

387 4971 408 5003 ι
432 4952 540 5006 Nisi
571 4953 711 5006 enim
742 4954 996 5008 Dominus
1023 4957 1371 5010 aedificaverit
1399 4959 1640 5021 domum,
1676 4961 1728 5015 in
1759 4977 1956 5016 vanum

383 5054 761 5107 laboraverunt
797 5053 886 5122 qui
932 5052 1199 5108 aedificant
1241 5067 1358 5108 eam
1399 5055 1464 5108 τ’.
1516 5073 1534 5105 ι
1585 5055 1965 5112 Verumtamen

384 5162 506 5204 nos,
534 5155 589 5199 ut
612 5160 774 5215 supra
797 5147 1000 5200 dictum
1024 5155 1128 5209 est,
1153 5145 1417 5201 tradimus
1440 5147 1506 5201 ad
1531 5163 1770 5202 mensam
1800 5166 1965 5219 pecu-

385 5237 529 5291 niam
568 5235 800 5298 Domini,
827 5236 1008 5291 videat
1044 5236 1188 5290 enim
1229 5237 1599 5306 unusquisque
1636 5239 1964 5305 auditorum,

384 5328 655 5399 quomodo
692 5327 950 5396 suscipiat
997 5343 1116 5396 quae
1168 5327 1472 5381 traduntur.
1535 5347 1552 5378 ι
1588 5327 1968 5399 Unusquisque

384 5428 562 5473 autem
596 5460 610 5483 ,
663 5416 838 5498 inquit
889 5417 936 5447 ⁷³
965 5457 980 5481 ,
1031 5427 1273 5472 nostrum
1303 5459 1316 5483 ,
1362 5417 1502 5473 sicut
1555 5419 1717 5473 corde
1767 5435 1968 5476 conce-

380 5512 480 5582 pit,
504 5512 692 5566 oli'erat
721 5512 870 5566 initia
897 5512 1143 5567 Domino.
1165 5531 1185 5564 ι
1221 5512 1376 5579 Quod
1399 5511 1537 5566 dixit
1561 5509 1740 5571 initia,
1772 5524 1956 5578 quer

2056 3203 2178 3258 est;
2207 3201 2490 3262 argentum
2513 3207 2578 3245 ex
2606 3207 2715 3261 quo
2744 3191 2904 3246 bases
2950 3202 3002 3244 et
3023 3191 3287 3245 columna:
3309 3203 3456 3255 sunt,
3488 3192 3632 3246 illius

2055 3294 2164 3349 est;
2198 3298 2270 3337 ass
2296 3285 2364 3336 de
2385 3298 2493 3351 quo
2524 3282 2730 3346 annuli,
2764 3293 2818 3336 et
2849 3283 3257 3347 candelabrum,
3286 3293 3336 3336 et
3367 3283 3642 3338 nonnulla!

2055 3377 2431 3431 columnarum
2468 3375 2627 3429 bases
2658 3375 2816 3428 facta:
2849 3383 2995 3440 sunt,
3025 3373 3169 3428 illius
3197 3385 3315 3439 est;
3344 3379 3440 3429 sed
3475 3384 3528 3430 et
3565 3377 3640 3428 la-

2055 3468 2212 3538 pides
2251 3467 2335 3521 isti
2368 3466 2686 3532 humeralis,
2722 3475 2775 3520 et
2804 3465 2953 3536 logii,
2990 3464 3132 3519 illius
3157 3475 3318 3532 sunt;
3349 3477 3402 3520 et
3438 3482 3640 3536 purpu-

2056 3576 2113 3614 ra
2146 3574 2250 3629 qua
2286 3568 2520 3614 ornatur
2553 3558 2797 3626 pontifex
2826 3598 2840 3621 ,
2879 3558 3025 3612 illius
3055 3566 3160 3623 est,
3186 3569 3242 3613 et
3267 3573 3466 3612 coccus
3495 3559 3640 3613 illius

2054 3662 2159 3720 εει,
2189 3663 2242 3707 et
2265 3663 2466 3708 cmtera
2495 3665 2725 3721 qumque
2757 3665 2853 3722 per
2879 3650 3116 3720 singula.
3149 3651 3212 3704 Et
3238 3666 3454 3704 rursum
3477 3666 3640 3721 quant

2057 3747 2363 3801 indecorum
2397 3785 2412 3810 ,
2453 3759 2615 3814 quam
2651 3743 2912 3798 miserum
2962 3743 3107 3808 erit,
3157 3743 3200 3795 si
3254 3742 3513 3796 Dominus
3545 3757 3638 3794 vc-

2058 3839 2213 3892 niens
2242 3837 2520 3908 requirere
2543 3836 2832 3890 mdificinm
2859 3834 3216 3897 tabernaculi,
3245 3834 3377 3888 nihil
3399 3836 3642 3887 muneris

2059 3931 2132 3984 ttti
2165 3930 2404 3985 inveniat
2435 3930 2488 3982 in
2516 3943 2603 3991 eo,
2628 3927 2770 3982 nihil
2795 3944 2826 3980 a
2866 3936 2916 3980 te
2944 3935 3237 3994 cognoscat
3263 3925 3524 3980 oblatum.
3551 3926 3643 3978 Sic

2059 4023 2345 4076 indevotus
2368 4065 2383 4088 ,
2416 4021 2498 4075 sic
2552 4019 2786 4075 infidelis
2841 4016 3058 4081 vixisti,
3091 4027 3150 4070 ιιι
3185 4017 3319 4070 nihil
3367 4018 3643 4071 memoria!

2061 4124 2164 4168 tute
2215 4115 2265 4168 itt
2300 4112 2650 4166 tabernaculo
2697 4111 2788 4164 Dei
2823 4125 2944 4164 esse
2974 4109 3272 4178 gesticris?
3307 4108 3462 4162 Sicut
3493 4110 3640 4163 enim

2059 4207 2310 4273 princeps
2343 4203 2502 4272 hujus
2547 4201 2737 4256 mundi
2773 4201 2924 4254 venit
2973 4203 3036 4254 ad
3073 4215 3514 4268 unumquemque
3546 4217 3640 4252 no.

2060 4306 2256 4358 strum,
2290 4305 2349 4348 et-
2371 4293 2565 4362 quaerit
2593 4293 2637 4346 si
2671 4292 2798 4361 quid
2831 4292 2896 4345 de
2925 4291 3039 4345 suis
3073 4291 3286 4345 actibus
3321 4291 3555 4343 ilth-ttial
3588 4292 3639 4342 iu

2062 4387 2238 4449 nobis,
2271 4393 2325 4439 et
2354 4385 2398 4439 si
2427 4384 2646 4453 quidem
2684 4382 2974 4446 invenerit,
3001 4381 3106 4435 sibi
3140 4395 3238 4435 nos
3267 4382 3538 4435 vindicat:
3571 4382 3644 4435 ita

2060 4488 2112 4532 et
2145 4477 2458 4531 econtrario
2504 4475 2550 4528 si
2600 4478 2824 4528 veniens
2861 4473 3121 4529 Dominus
3163 4474 3403 4527 inveniat
3435 4474 3642 4542 aliquid

2061 4580 2209 4624 tttttm
2247 4569 2296 4621 in
2333 4565 2686 4628 tabernaculo
2719 4582 2818 4621 suo
2846 4606 2862 4632 ,
2905 4567 2976 4620 ibi
3016 4575 3068 4621 te
3097 4567 3373 4631 defendit,
3401 4579 3455 4622 et
3483 4583 3645 4622 suunt

2063 4674 2113 4718 te
2149 4664 2300 4717 dicit.
2339 4662 2565 4718 Domine
2596 4659 2750 4724 Jesu,
2784 4670 2978 4728 prtesta
3011 4660 3163 4725 mihi,
3194 4669 3248 4713 ιιι
3281 4659 3488 4730 aliquid
3522 4674 3644 4713 "1’-

2060 4756 2300 4810 nnmeuti
2350 4756 2550 4810 habere
2598 4767 2814 4808 merear
2866 4753 2918 4806 itt
2972 4751 3322 4810 tabernaculo
3376 4764 3485 4806 tuo.
3533 4753 3644 4819 ligo

2059 4856 2326 4918 optarem,
2362 4850 2405 4902 si
2444 4848 2558 4902 lieri
2595 4855 2814 4916 posset,
2847 4860 2971 4902 esse
3000 4846 3208 4914 aliquid
3251 4862 3429 4899 Ineunt
3461 4847 3510 4899 in
3553 4848 3646 4899 illo

2063 4954 2217 5006 auro,
2247 4955 2315 4993 ex
2349 4955 2456 5007 quo
2489 4937 2924 5007 propitiatorium
2963 4936 3280 4999 fabricatur,
3316 4936 3399 4990 vel
3434 4951 3499 4990 ex
3531 4951 3638 5004 quo

2065 5070 2191 5108 arca
2225 5054 2562 5123 contegitur,
2600 5051 2682 5107 vel
2717 5067 2782 5106 ex
2825 5065 2932 5120 quo
2969 5050 3358 5104 candelabrum
3395 5051 3452 5104 fit
3489 5051 3642 5104 lumi-

2065 5148 2150 5202 nis
2181 5156 2234 5201 et
2264 5147 2519 5198 lucernze.
2557 5145 2663 5198 Aut
2695 5145 2739 5198 si
2776 5159 2966 5198 aurum
2995 5161 3100 5197 nott
3128 5143 3324 5206 habeo,
3357 5153 3641 5211 argentum

2063 5239 2252 5294 saltem
2282 5238 2482 5306 aliquid
2511 5237 2758 5291 inveniar
2792 5234 2990 5291 offerre
3021 5238 3164 5304 quod
3199 5235 3444 5304 proficiat
3475 5235 3526 5286 in
3549 5249 3642 5285 co-

2063 5329 2309 5392 lumnas,
2345 5325 2425 5380 vel
2477 5326 2527 5378 in
2579 5325 2737 5380 bases
2787 5340 2998 5380 earum.
3050 5327 3162 5380 Aut
3207 5335 3354 5378 certe
3387 5321 3467 5374 vel
3515 5336 3644 5374 aus

2063 5419 2263 5489 aliquid
2295 5419 2494 5472 habere
2529 5433 2740 5472 merear
2779 5418 2829 5472 itt
2871 5417 3244 5484 tabernaculo,
3277 5414 3418 5467 unde
3447 5413 3640 5468 circuli

2064 5513 2232 5576 tiant,
2273 5519 2328 5562 et
2366 5517 2558 5562 cauera
2595 5522 2716 5577 qua:
2747 5523 2928 5562 sermo
2964 5508 3180 5561 divinus
3214 5503 3490 5560 describit.
3527 5503 3643 5560 Uti-

485 5649 530 5680 ⁷ο
567 5648 704 5702 Psal.
743 5663 840 5712 xu,
875 5647 930 5707 6.
1003 5648 1046 5678 '”
1086 5647 1256 5704 lCor.
1288 5663 1404 5712 xnt,
1440 5648 1492 5702 1.
1567 5648 1612 5679 "
1637 5645 1780 5701 Ρπειι.
1812 5661 1997 5713 cvxvt,
2040 5649 2087 5706 l.
2163 5646 2209 5678 ⁷³
2247 5645 2417 5702 Exod.
2451 5659 2613 5712 xxxv,
2647 5643 2701 5699 5.
2780 5643 2825 5674 ⁷⁸
2861 5640 3022 5693 lTim
3057 5654 3108 5703 v,
3148 5638 3227 5692 l3.

457 5786 570 5856 (86)
605 5786 756 5852 Mss,
793 5805 810 5836 ι
843 5787 1067 5857 profert,
1108 5805 1126 5838 ι
1167 5785 1321 5850 alias,
1361 5803 1378 5835 t
1415 5784 1600 5839 refert.
1637 5803 1654 5835 ι
