4110 6406
455 304 551 359 391

1924 308 2083 366 ORIG
2093 310 2249 366 ENIS

3593 306 3693 363 δά

437 439 563 480 nam
607 427 735 480 nubi
774 439 915 481 csset
948 428 1206 496 possibile
1238 443 1400 481 unum
1432 443 1551 482 esse
1580 443 1643 483 ex
1683 430 2087 500 principibus.A
2117 432 2395 499 plicatnm.
2458 430 2695 486 Dimcilia
2750 434 2862 489 haec
2910 435 2977 488 ad
3027 434 3471 506 intelligendum,
3522 449 3577 495 et
3624 443 3693 498 ad

435 524 492 571 et.
521 515 718 571 olferre
746 534 989 585 gemmas
1016 520 1081 571 ad
1116 528 1493 573 ornamentum
1527 521 1798 587 pontificis
1830 523 2015 576 hume-

392 618 401 626 '
437 606 586 669 ralis,
620 617 674 659 et
706 608 853 674 logii!
896 609 1000 662 Sed
1035 609 1160 678 quia
1194 609 1309 664 bzec
1342 625 1503 678 supra
1537 626 1621 664 me
1660 622 1785 665 sunt
1816 653 1830 676 ,
1868 623 2015 666 certe

437 698 521 749 vel
551 698 685 765 pilos
731 714 1018 764 caprarum
1071 700 1271 753 habere
1320 716 1534 753 merear
1570 702 1620 754 in
1664 701 2014 756 tabernaculo

442 784 533 836 Dei
561 826 573 847 ,
605 794 808 838 tantum
837 801 905 839 ne
957 787 1008 838 in
1042 787 1296 841 omnibus
1324 788 1540 857 jejunus
1578 803 1633 844 et
1688 791 2012 847 infecundus

439 877 701 929 inveniar.
741 896 757 927 ι
786 878 1166 947 Unusquisque
1188 894 1315 947 ergo
1345 882 1484 935 sicut
1507 884 1754 951 concepit
1782 885 1960 938 corde.
1989 905 2007 936 ι

436 965 626 1020 Videte
657 969 699 1020 si
734 970 1017 1036 concipitis
1043 1008 1056 1031 ,
1090 971 1268 1023 videte
1316 974 1357 1023 si
1399 975 1593 1028 tenetis
1620 1016 1633 1038 ,
1669 992 1733 1027 ne
1770 976 1910 1031 forte
1935 977 2009 1030 ef-

433 1053 603 1109 ﬂuant
627 1072 746 1124 quze
779 1058 1052 1119 dicuntur,
1077 1068 1133 1110 et
1160 1068 1400 1124 pereant.
1434 1058 1568 1113 Volo
1596 1077 1688 1115 vos
1721 1065 2013 1116 admonere

436 1148 714 1215 religionis
761 1158 950 1201 vestrze
977 1149 1278 1217 exemplis:
1317 1151 1489 1205 nostis
1522 1153 1612 1221 qui
1652 1153 1847 1206 divinis
1892 1169 2009 1223 my-

436 1241 620 1293 steriis
652 1240 912 1293 interesse
948 1241 1254 1295 consuestis
1279 1284 1293 1306 ,
1329 1244 1599 1309 quomodo
1627 1258 1747 1297 cum
1777 1246 2010 1314 suscipi-

438 1330 510 1382 tis
532 1345 726 1398 corpus
758 1329 992 1394 Domini,
1017 1347 1139 1385 cum
1172 1332 1315 1385 Omni
1341 1334 1549 1388 cautela
1582 1344 1637 1388 et
1664 1338 2010 1391 veneratione

435 1420 687 1482 servatis,
717 1434 783 1472 ne
809 1434 873 1473 ex
895 1434 959 1472 eo
981 1436 1168 1487 parum
1196 1424 1322 1491 quid
1354 1424 1585 1490 decidat,
1610 1441 1679 1479 ne
1702 1429 2006 1482 consecrati

434 1508 676 1561 muneris
705 1509 905 1578 aliquid
940 1510 1211 1563 dilabatur
1238 1510 1372 1583 (87).
1406 1512 1549 1568 Reos
1583 1516 1724 1569 enim
1766 1532 1859 1570 vos
1888 1532 2011 1572 cre-

434 1598 586 1660 ditis,
613 1606 667 1651 et
695 1607 839 1651 recte
864 1600 1102 1661 creditis,
1128 1600 1171 1652 si
1200 1602 1327 1669 quid
1354 1602 1479 1657 inde
1506 1619 1602 1672 per
1625 1606 2007 1676 negligentiam

2121 520 2501 589 proferendum
2534 522 2700 575 multo
2727 522 3050 578 dilIiciliora.
3092 525 3498 595 Verumtamen,
3530 544 3692 598 prout

2119 612 2377 665 Dominus
2434 612 2679 677 dederit,
2736 614 3065 668 tentabimus
3112 616 3428 686 explanare.
3466 618 3691 690 Oportet

2114 702 2258 755 enim
2290 710 2345 756 et
2374 703 2477 756 dici
2511 704 2715 771 aliqua,
2743 713 2799 757 et
2830 704 3109 775 aliquanta
3138 710 3364 763 servari.
3399 710 3689 771 Videamus

2114 810 2245 863 ergo
2279 809 2385 863 qua
2419 796 2632 850 ratione
2663 811 2887 851 coccum
2919 798 3116 852 dixerit
3148 801 3500 871 duplicatum.
3524 805 3685 863 Color

2116 884 2240 949 iste,
2281 894 2339 938 nt
2378 884 2645 953 diximus,
2688 888 2829 957 ignis
2884 889 3088 943 indicat
3137 892 3487 948 elementum.
3538 896 3686 966 Ignis

2115 985 2294 1029 autem
2343 976 2614 1044 duplicem
2664 979 2828 1033 habet
2874 980 3166 1048 virtutem,
3210 999 3369 1037 unam
3406 1001 3511 1054 qua
3565 987 3685 1040 illn-

2115 1067 2305 1131 minat,
2336 1067 2496 1121 aliam
2539 1084 2645 1138 qua
2681 1070 2938 1125 incendit.
2968 1071 3089 1126 Haec
3120 1084 3200 1127 est
3247 1076 3484 1131 historiae
3514 1078 3682 1134 ratio.

2118 1156 2407 1213 Veniamus
2430 1170 2483 1212 et
2514 1161 2584 1213 ad
2623 1160 3028 1215 intellectualia.
3060 1163 3235 1217 Etiam
3280 1166 3332 1219 in
3376 1168 3505 1236 ipsis
3542 1169 3683 1237 ignis

2112 1248 2308 1316 duplex
2339 1259 2425 1303 est
2474 1249 2608 1320 (89).
2643 1251 2735 1306 Est
2781 1253 2919 1323 ignis
2962 1256 3183 1323 quidam
3228 1257 3279 1310 in
3321 1259 3421 1312 hoc
3463 1262 3681 1325 szeculu,

2110 1349 2196 1395 est
2242 1348 2296 1393 et
2339 1341 2391 1394 in
2441 1341 2641 1397 loturo.
2677 1343 2935 1398 Dominus
2973 1344 3131 1400 Jcsus
3172 1348 3304 1401 dicit
3329 1350 3418 1403 7‘:
3458 1368 3476 1400 ι
3503 1352 3683 1420 Ignem

2110 1432 2233 1486 veni
2269 1434 2485 1488 mittere
2517 1436 2569 1488 in
2603 1444 2824 1489 terram.
2856 1456 2876 1489 ›
2914 1437 3054 1505 Ignis
3090 1438 3188 1494 iste
3220 1440 3513 1500 illuminat.
3550 1444 3684 1499 Item

2112 1538 2301 1579 rursus
2341 1525 2598 1580 Dominus
2651 1529 2793 1582 dicet
2840 1529 2892 1582 in
2944 1530 3126 1585 l'nturo
3171 1535 3438 1601 operariis
3476 1536 3681 1605 iniqui-

2114 1617 2241 1671 tatis
2265 1618 2307 1649 ⁷⁷
2339 1634 2353 1670 :
2393 1636 2412 1669 ι
2438 1617 2516 1672 lle
2545 1620 2597 1672 in
2631 1620 2806 1704 ignem
2837 1633 3127 1686 aeternum,
3158 1639 3317 1693 quem
3360 1629 3686 1696 praeparavit

433 1690 662 1742 decidat.
712 1689 861 1753 Quod
910 1690 1121 1742 sicirca
1172 1705 1366 1758 corpus
1421 1693 1537 1762 ejus
1580 1697 2004 1751 conservandum

2110 1706 2268 1759 Pater
2302 1723 2452 1762 meus
2486 1695 2716 1763 diabolo'
2740 1721 2796 1764 et
2831 1712 3039 1781 angelis
3068 1689 3208 1779 ei...
3236 1733 3255 1766 ι
3288 1689 3380 1770 ιιιὲ
3417 1718 3556 1785 ignis
3599 1721 3685 1773 in-

431 1789 582 1833 tanta
620 1782 832 1833 utimini
871 1780 1100 1844 cautela,
1133 1792 1189 1834 et
1222 1783 1415 1837 merito
1448 1785 1663 1839 utimini
1690 1802 1704 1851 ;
1734 1789 2006 1855 quomodo
2040 1777 2080 1831 Β
2109 1799 2309 1853 cendit.
2344 1798 2725 1863 Verumtamen
2769 1803 2870 1858 iste
2906 1777 3068 1870 ignis,
3098 1777 3257 1874 quem
3290 1777 3683 1866 venit‘mittere

430 1871 629 1938 putatis
666 1872 891 1926 minoris
916 1886 1037 1925 esse
1063 1873 1257 1940 piaculi
1296 1876 1521 1929 verbum
1553 1876 1645 1931 Dei
1681 1879 2002 1947 neglexisse,

434 1961 590 2031 177
623 1976 782 2030 quam
811 1978 1011 2031 corpus
1045 1962 1200 2028 ejus?
1242 1963 1397 2018 Initia
1446 1982 1578 2037 ergo
1606 1968 1869 2037 jubentur
1918 1972 2004 2025 of-

428 2053 594 2118 ferre,
628 2055 731 2107 hoc
776 2066 861 2108 est
890 2055 1181 2123 primitias.
1224 2056 1323 2123 Qui
1367 2057 1532 2113 ollert
1574 2062 1717 2128 quod
1767 2063 2003 2131 primum

427 2154 545 2209 est,
601 2147 912 2200 necessario
969 2146 1167 2201 habeat
1222 2148 1337 2215 ipse
1378 2151 1522 2218 quod
1586 2150 1853 2220 reliquum
1899 2165 2001 2208 est.

430 2230 566 2288 Vide
605 2243 866 2302 quantum
919 2250 1017 2290 nos
1063 2245 1280 2304 oportet
1321 2239 1599 2293 abundare
1635 2257 1789 2305 auro,
1832 2258 2005 2311 quan-

431 2330 543 2374 tum
595 2334 844 2394 argento,
893 2340 957 2378 ac
1012 2326 1237 2393 reliquis
1284 2330 1539 2383 omnibus
1585 2346 1705 2399 quae
1746 2331 2005 2400 jubentur

427 2412 634 2479 otferri,
665 2424 724 2469 ut
750 2426 804 2470 et
853 2418 1081 2472 Domino
1112 2418 1427 2484 oll'eramus,
1467 2430 1522 2476 et
1551 2424 1713 2479 nobis
1744 2427 2002 2493 supersit.

427 2503 614 2560 Primo
642 2506 785 2560 enim
814 2506 1054 2562 omnium
1083 2508 1241 2563 debet
1271 2526 1464 2567 sensus
1498 2527 1651 2568 meus
1698 2515 2003 2587 intelligere

427 2594 620 2663 Deum,
661 2607 713 2653 et
755 2598 857 2667 ipsi
893 2597 1090 2654 ollerre
1138 2602 1404 2668 primitias
1452 2604 1767 2663 intellectus
1799 2610 1906 2675 sui,
1946 2620 2004 2664 ut

428 2704 552 2744 cum
585 2692 750 2745 Deum
800 2691 935 2747 bene
972 2693 1315 2759 intellexerit,
1352 2696 1558 2765 reliqua
1605 2713 2005 2769 consequenter

426 2792 707 2851 agnoscat.
752 2782 867 2837 Hoc
896 2784 1061 2838 etiam
1115 2799 1299 2840 sermo
1344 2786 1542 2853 faciat,
1585 2788 1690 2843 hoc
1724 2799 1780 2843 et
1822 2791 2002 2845 omnia

428 2888 549 2941 qum
588 2874 639 2927 in
675 2876 832 2929 nobis
861 2884 1006 2939 sunt,
1029 2886 1217 2944 agant.
1247 2877 1353 2932 Sed
1390 2880 1670 2936 videamus
1698 2892 1752 2936 et
1784 2893 2001 2950 caetera,

429 2967 781 3036 hyaeinthum
815 2978 868 3021 et
902 2983 1218 3038 purpuram,
1265 2981 1321 3025 et
1368 2987 1596 3028 coccum
1632 2974 2001 3045 duplicatum,

426 3069 484 3111 et
535 3060 753 3127 hyssum
790 3069 1012 3113 tortam.
1061 3059 1308 3125 Quatuor
1354 3064 1455 3116 ista
1509 3075 1635 3118 sunt
1687 3081 1754 3120 ex
1805 3067 2001 3135 quibus

426 3151 793 3204 conﬁciuntur
849 3151 932 3204 vel
972 3154 1242 3218 pontitieis
1304 3155 1617 3211 indumenta
1671 3160 1756 3214 vel
1805 3172 1999 3215 caetera

426 3256 549 3312 qua;
576 3244 641 3297 ad
667 3258 879 3297 sacrum
915 3254 1172 3311 parantur
1195 3257 1468 3301 ornatum.
1508 3248 1582 3303 De
1619 3250 1704 3304 his
1746 3252 2004 3307 dixerunt

425 3334 647 3403 quidam
683 3344 808 3390 ante
841 3351 937 3391 nos
985 3336 1099 3407 (88)
1127 3355 1141 3391 :
1172 3348 1227 3392 et
1273 3340 1414 3393 sicut
1466 3355 1572 3393 non
1626 3342 1783 3397 decet
1830 3344 2002 3398 aliena

426 3426 634 3491 I'urari,
684 3426 757 3481 ita
809 3432 1141 3483 conveniens
1193 3442 1321 3499 puto
1362 3430 1500 3485 bene
1555 3431 1717 3486 dictis
1779 3434 2004 3489 alterius

426 3534 533 3573 non
567 3520 715 3573 abuti
758 3520 1041 3575 fatentem.
1094 3521 1199 3575 Ista
1238 3538 1391 3592 ergo,
1426 3532 1566 3578 utet
1609 3526 1883 3593 prioribus
1928 3527 2006 3579 vi-

427 3628 545 3668 sum
597 3626 717 3679 est,
767 3626 1002 3685 quatuor
1068 3616 1503 3679 elementorum,
1559 3631 1625 3669 ex
1700 3617 1897 3685 quibus
1950 3626 2006 3671 et

430 3711 662 3766 mundus
697 3721 907 3766 constat
937 3724 990 3766 et
1027 3726 1226 3779 corpus
1280 3712 1599 3773 humanum,
1638 3720 1822 3764 tenent
1865 3711 2004 3779 ligu-

428 3818 577 3867 ram,
626 3804 676 3857 id
722 3814 805 3858 est
848 3804 1028 3868 aeris,
1074 3805 1237 3874 ignis.
1268 3818 1421 3871 aqua:
1452 3813 1508 3856 et
1553 3812 1732 3856 terrae.
1771 3801 2005 3872 Hyacin-

427 3900 554 3953 thus
577 3913 706 3967 ergo
735 3899 802 3953 ad
838 3914 1019 3953 aerem
1052 3897 1311 3964 refertur,
1344 3899 1447 3953 hoc
1474 3898 1619 3953 enim
1660 3899 1773 3967 ipse
1802 3900 2006 3953 indicat

428 3989 602 4055 color,
648 3990 783 4044 sicut
834 4000 891 4044 et
940 4005 1138 4045 coccus
1182 3991 1251 4043 ad
1305 3989 1509 4059 ignem.
1558 3990 1804 4059 Purpura
1852 4005 2006 4059 aqua:

432 4092 579 4135 tenet
609 4084 855 4151 lignram,
887 4082 1042 4151 quasi
1074 4097 1193 4150 qua:
1223 4081 1289 4134 de
1326 4080 1482 4149 aquis
1528 4080 1759 4148 accipiat
1798 4081 2003 4137 luctum.

425 4175 623 4249 Byssns
660 4185 835 4239 terrm,
873 4177 999 4245 quia
1031 4175 1208 4228 oritur
1248 4190 1311 4229 ex
1362 4182 1526 4228 terra.
1562 4173 1833 4229 Ilabemns
1876 4190 2005 4244 ergo

423 4279 479 4321 et
525 4282 625 4322 nos
669 4267 783 4321 haec
824 4265 1010 4319 etttnia
1057 4264 1110 4317 in
1151 4263 1327 4324 nobis,
1376 4274 1430 4317 et
1476 4264 1602 4333 quia
1645 4280 1710 4318 ex
1760 4265 1845 4319 his
1896 4266 2006 4333 pri-

425 4361 605 4415 mitias
664 4359 890 4413 Domino
940 4357 1194 4425 iubemur
1251 4356 1485 4422 ol'l'erre,
1540 4356 1660 4411 ideo
1718 4357 1852 4411 dicit
1895 4358 1940 4389 ⁷⁸
1984 4376 2000 4412 :

2108 1889 2287 1958 Jesus,
2322 1893 2585 1948 illuminat
2621 1896 2837 1963 quidem
2870 1911 3085 1953 omnem
3139 1901 3415 1955 hominem
3458 1903 3681 1957 venien-

2111 1991 2215 2036 tem
2250 1984 2302 2038 iu
2339 1985 2485 2040 hunc
2510 1985 2765 2039 mundutn
2796 1988 2862 2050 ⁷⁸,
2897 1988 3055 2044 habet
3087 2000 3266 2045 tamen
3308 1993 3511 2062 aliquid
3539 1998 3681 2064 quod

2108 2085 2162 2129 et
2211 2076 2500 2143 incendat,
2552 2080 2693 2133 sicut
2737 2081 3071 2136 confitentur
3111 2084 3186 2138 illi
3230 2086 3320 2155 qui
3381 2087 3565 2141 dicunt
3585 2088 3677 2141 ηε

2113 2185 2132 2219 ι
2173 2167 2363 2224 Nonne
2401 2185 2499 2225 cor
2548 2181 2788 2226 nostrum
2840 2175 3041 2230 ardens
3074 2184 3193 2231 erat
3232 2178 3373 2231 intra
3408 2194 3529 2245 nos,
3560 2196 3681 2235 cum

2107 2255 2417 2321 adaperiret
2461 2259 2617 2313 nobis
2669 2260 3022 2329 Scripturas?
3056 2278 3076 2315 ι
3122 2264 3299 2321 Simul
3345 2283 3474 2337 ergo
3505 2280 3560 2325 et
3594 2272 3678 2325 in-

2106 2347 2377 2401 cendebat
2427 2357 2483 2402 et
2540 2348 2917 2417 illuminabat,
2972 2353 3291 2424 adaperiens
3346 2357 3679 2428 Scripturas.

2106 2436 2304 2493 Nescio
2338 2447 2521 2493 autem
2565 2441 2609 2495 si
2645 2453 2700 2497 et
2730 2442 2818 2497 ille
2856 2443 2996 2513 ignis
3030 2445 3082 2499 in
3134 2446 3317 2501 futuro
3352 2450 3555 2504 saculo
3586 2452 3677 2521 qul

2106 2527 2376 2594 incendit,
2435 2530 2629 2583 habeat
2680 2531 2883 2600 aliquid
2939 2535 3081 2602 quod
3135 2545 3193 2590 et
3242 2537 3533 2594 illuminet.
3585 2542 3682 2597 Est

2104 2628 2255 2683 ergo,
2299 2626 2355 2670 ut
2386 2619 2742 2686 ostendimus,
2781 2631 2971 2674 natura
3002 2624 3146 2694 ignis
3194 2625 3415 2696 duplex,
3459 2641 3515 2685 et
3557 2632 3679 2685 ideo

2100 2701 2323 2771 iubetur
2367 2702 2553 2759 offerri
2601 2722 2800 2764 coccus
2848 2710 3174 2781 duplicatus.
3223 2715 3503 2780 Quomodo
3550 2736 3680 2789 ergo

2107 2808 2205 2847 nos
2233 2792 2429 2851 olI'erre
2474 2811 2758 2866 possumus
2801 2799 2978 2870 ignem
3028 2803 3187 2859 istum
3236 2807 3568 2877 duplicatum
3610 2812 3678 2866 ad

2104 2889 2389 2942 aedilicium
2423 2890 2778 2957 tabernaculi,
2808 2893 3109 2950 videamus.
3152 2896 3210 2950 Si
3247 2899 3439 2955 doctor
3470 2916 3549 2965 es,
3583 2917 3679 2957 ex-

2106 2979 2272 3034 Strttis
2310 2980 2715 3036 tabernaculum
2747 2982 3023 3041 aadilicans
3055 2986 3351 3044 Ecclesiam
3385 2991 3510 3057 Dei;
3549 2994 3681 3051 dicit

2106 3081 2238 3135 ergo
2264 3078 2319 3123 et
2358 3071 2424 3123 ad
2464 3078 2513 3125 te
2546 3071 2685 3126 Deus
2718 3074 2862 3141 quod
2892 3086 2947 3129 et
2987 3078 3055 3130 ad
3088 3076 3379 3134 Jeremiatn
3427 3084 3629 3138 dixit“
3660 3104 3675 3142 :

2110 3178 2127 3210 ι
2160 3157 2299 3214 Ecce
2331 3161 2449 3216 dedi
2492 3163 2657 3217 verba
2686 3180 2801 3219 mea
2835 3166 2889 3219 in
2929 3182 2992 3221 os
3026 3176 3199 3234 tuum,
3227 3189 3244 3222 ι
3278 3173 3328 3225 id
3356 3185 3439 3229 est
3474 3176 3677 3245 ignem.

2107 3252 2164 3308 Si
2192 3266 2320 3322 ergo
2348 3255 2547 3311 docens
2571 3265 2625 3311 et
2658 3258 2934 3315 aediﬁcans
2958 3260 3258 3316 Ecclesiam
3286 3265 3399 3333 Dei,
3430 3265 3681 3338 increpes

2108 3346 2481 3399 tantummodo
2521 3357 2575 3401 et
2612 3364 2807 3417 arguas
2838 3359 2893 3402 et
2937 3353 3194 3420 castiges,
3231 3363 3287 3408 et
3319 3368 3536 3424 peccata
3586 3376 3681 3428 po-

2105 3435 2216 3499 puli
2256 3436 2570 3503 exprobres,
2614 3438 2751 3493 nibil
2794 3450 2971 3494 autem
3008 3446 3396 3501 consolationis
3436 3450 3680 3518 proferas

2105 3524 2173 3580 de
2224 3525 2523 3594 Scripturis
2580 3528 2817 3597 divinis,
2866 3532 3159 3586 obscurum
3213 3535 3348 3591 nihil
3398 3539 3675 3608 explanes,

2106 3617 2241 3671 nihil
2298 3619 2541 3674 scientia:
2609 3621 2976 3688 profundioris
3023 3627 3282 3698 attingas,
3335 3644 3434 3685 nec
3477 3630 3680 3702 aliquid

2107 3707 2478 3777 intelligentiae
2528 3708 2855 3765 sacratioris
2890 3714 3129 3780 aperias,
3177 3718 3417 3773 obtulisn
3461 3720 3677 3787 quidem

2107 3814 2350 3863 coccum,
2382 3801 2474 3854 sed
2509 3818 2614 3855 non
2652 3804 3009 3872 duplicatum.
3071 3806 3216 3875 Ignis
3246 3813 3393 3865 enim
3439 3821 3562 3865 tuus
3594 3811 3680 3866 itt-

2107 3892 2291 3946 cendit
2327 3896 2717 3956 tantummodo,
2766 3906 2819 3949 et
2856 3910 2963 3949 non
3016 3897 3302 3955 illuminat.
3345 3902 3412 3956 Et
3462 3918 3677 3957 rursum

2107 3983 2152 4037 si
2196 3983 2397 4040 docens
2445 3990 2704 4059 mysteria
2746 3990 2881 4059 legis
2927 3992 3163 4061 aperias.
3209 4005 3547 4050 secretorum
3589 4010 3680 4050 ar-

2107 4089 2242 4127 cana
2300 4076 2596 4146 discutias,
2642 4096 2956 4152 peccantem
3004 4100 3132 4141 vero
3173 4101 3277 4139 non
3318 4101 3534 4156 arguas,
3581 4102 3679 4142 ne-

2107 4167 2396 4237 gligentem
2453 4186 2561 4227 non
2622 4178 2926 4246 corripias,
2977 4180 3325 4233 severitatem
3380 4180 3679 4251 disciplina:

2108 4278 2213 4315 non
2267 4272 2481 4331 teneas,
2522 4270 2763 4324 obtulisti
2835 4274 3049 4340 quidem
3112 4287 3376 4336 coccum,
3420 4274 3514 4326 sed
3572 4287 3675 4325 non

2108 4355 2459 4426 duplicatum.
2489 4359 2634 4430 Ignis
2671 4364 2812 4415 enim
2846 4373 2967 4416 tuus
2999 4373 3204 4417 tantum
3248 4364 3538 4427 illuminat,
3571 4378 3676 4417 non

431 4471 452 4503 σ
490 4452 704 4506 Sumite
748 4467 815 4505 ex
858 4450 1014 4504 vobis
1048 4449 1201 4518 ipsis,
1236 4459 1291 4503 et
1335 4449 1527 4504 olferte
1573 4449 1843 4519 primitias
1893 4451 1997 4505 Do-
2032 4451 2075 4505 D
2106 4451 2375 4504 accendit.
2421 4452 2522 4517 Qui
2554 4469 2684 4524 ergo
2733 4462 2876 4508 recte
2928 4452 3120 4533 oﬂert,
3164 4463 3219 4508 et
3267 4464 3413 4509 reete
3463 4454 3674 4515 dividit,

424 4557 593 4597 ηιιιιο.
626 4561 644 4593 ι

499 4633 549 4686 ι.
590 4631 794 4685 Verum
826 4631 968 4684 istud
1016 4629 1475 4685 considerandum
1512 4639 1662 4699 puto,
1693 4631 1837 4699 quod
1872 4647 1995 4686 cum

424 4726 492 4780 de
524 4724 742 4778 caeteris
810 4722 1137 4791 simpliciter
1187 4722 1321 4777 dixit
1372 4721 1619 4791 Moyses,
1674 4732 1882 4775 tantum
1933 4724 1999 4777 de

426 4831 592 4871 cocco
623 4813 828 4868 addidit
858 4814 1227 4881 duplicatum,
1272 4823 1327 4868 et
1370 4814 1592 4884 byssunt
1640 4822 1855 4867 tortam.
1896 4815 1999 4869 Re—

423 4909 660 4981 quiritur
680 4923 830 4976 ergo,
858 4922 956 4962 cur
984 4906 1118 4960 alias
1149 4906 1368 4976 quidem
1405 4905 1685 4969 materias,
1711 4920 1776 4958 ex
1802 4907 1999 4973 quibus

420 5013 478 5057 et
514 5014 711 5055 camera
746 4999 1055 5053 indicantur
1083 4997 1377 5061 elementa,
1407 4997 1731 5066 simpliciter
1765 4998 1996 5064 dixerit;

420 5108 643 5149 coccum
676 5107 783 5162 quo
829 5090 971 5159 ignis
1012 5090 1346 5159 designatur,
1396 5090 1572 5144 solum
1623 5089 1867 5158 posuerit
1902 5090 1999 5141 du-

497 5242 547 5279 τε
578 5240 747 5296 Exod.
771 5254 934 5304 xxxv,
973 5236 1026 5290 5.
1100 5234 1147 5267 "
1186 5235 1318 5289 Luc.
1350 5250 1461 5300 xu,
1487 5233 1579 5288 49.

516 5434 605 5495 87)
645 5431 724 5485 Ne
758 5428 1047 5484 consecrati
1092 5425 1321 5479 muneris
1350 5424 1550 5494 aliquid
1586 5422 1877 5495 dilabatur.
1916 5422 1991 5475 lla

421 5492 598 5560 etiam"
634 5500 997 5573 Tertullianus
1173 5496 1304 5573 _I_)e_
1329 5492 1522 5573 corouq
1554 5511 1566 5545 :
1615 5512 1631 5543 ι
1654 5492 1853 5545 Calicis
1902 5502 1996 5573 aut

421 5574 579 5644 panis
617 5573 779 5625 etiam
815 5568 982 5624 nostri
1020 5568 1222 5636 aliquid
1275 5565 1451 5620 decuti
1510 5564 1562 5616 in
1600 5573 1798 5615 terram
1832 5564 1995 5615 anxie

422 5645 736 5713 patimur.)
758 5709 770 5713 Α
797 5710 805 5713 _
1309 5703 1328 5713 _
1468 5704 1480 5713 _
1808 5700 1820 5713 _
1880 5699 1912 5713 __

496 5710 608 5783 (88)
666 5708 893 5775 Quidam
952 5718 1074 5761 ante
1142 5723 1255 5760 nos.
1302 5703 1523 5774 Joseph.
1561 5702 1653 5756 lib.
1687 5717 1742 5754 ιιι
1788 5700 1993 5769 .-lntiq.,

1654 5234 1696 5264 ⁷⁷
1739 5231 1931 5287 Matth.
1961 5249 2087 5302 xxv,
2113 5231 2200 5288 41.

2106 4553 2328 4595 coccum
2371 4541 2531 4598 oll'ert
2560 4546 2906 4614 duplicatum,
2944 4554 3003 4597 ut
3035 4561 3158 4599 cum
3196 4544 3438 4600 scientia:
3478 4544 3678 4600 lumine

2108 4634 2401 4704 igniculum
2428 4637 2737 4690 severitatis
2769 4636 3084 4690 admisceat.

2180 4725 2230 4779 5.
2275 4727 2411 4792 Quid
2458 4736 2637 4780 autem
2686 4729 2786 4782 sibi
2838 4729 2963 4781 velit
2992 4738 3044 4781 et
3099 4728 3289 4799 byssus
3320 4736 3463 4782 torta
3496 4727 3679 4781 videa-

2110 4831 2254 4869 mus.
2300 4816 2364 4869 Et
2406 4816 2495 4869 hic
2530 4818 2673 4870 enim
2717 4816 2864 4870 dedit
2916 4816 3116 4885 aliquid
3166 4816 3519 4871 additatnenti
3567 4829 3679 4885 prae

2104 4908 2316 4962 caeteris
2361 4908 2666 4963 elementis.
2710 4907 2934 4977 Byssum
2988 4909 3227 4963 diximus
3268 4919 3427 4965 terras
3474 4909 3679 4963 habere

2107 4998 2359 5065 formam,
2390 5000 2530 5069 quod
2568 5010 2653 5055 est
2700 5017 2827 5056 caro
2875 5014 3079 5057 nostra.
3129 5002 3360 5057 Carnem
3407 5016 3536 5070 ergo
3569 5016 3677 5053 non

2109 5089 2222 5143 vnlt
2255 5091 2436 5145 «νηριϊί
2475 5091 2581 5147 Deo
2627 5091 2926 5149 ﬂuitantem
2961 5094 3111 5157 luxu,
3144 5102 3199 5147 et
3230 5093 3437 5148 deliciis
3467 5098 3678 5147 resolu-

2280 5234 2323 5267 ⁷⁸
2362 5233 2520 5289 Joan.
2548 5252 2586 5301 ι,
2609 5235 2662 5289 9.
2739 5236 2781 5267 ⁷⁸
2821 5235 2953 5292 Luc.
2987 5251 3131 5301 xxw,
3160 5236 3250 5292 52.
3324 5234 3371 5267 '°
3403 5233 3515 5291 Jer.
3551 5248 3587 5302 ι,
3618 5232 3676 5289 9.

2103 5424 2397 5496 cap.8,_e_t_
2421 5421 2575 5496 Philo
2599 5419 2678 5475 De
2714 5421 2817 5496 vita
2848 5418 3090 5496 Mogsis._
3122 5488 3135 5496 _
3187 5495 3192 5496 γ
3236 5488 3268 5496 __
3346 5494 3352 5496 Α
3516 5484 3549 5496 υ

2176 5484 2296 5564 ζ89)
2319 5492 2467 5564 Libri
2498 5504 2654 5564 antea
2678 5492 2813 5564 editi
2840 5508 2854 5544 :
2887 5509 2905 5542 ι
2940 5484 3004 5544 Et
3025 5489 3091 5543 ad
3122 5488 3452 5564 intellectum
3483 5484 3670 5564 alium.

2104 5561 2282 5618 Etiam
2335 5562 2472 5631 ignis
2518 5562 2630 5630 ipse
2660 5561 2855 5632 duplex
2899 5570 3037 5629 est,»
3087 5562 3181 5614 sed
3228 5561 3580 5624 manuscripts
3614 5561 3671 5606 ut

2112 5636 2163 5689 iu
2194 5636 2381 5688 nostro
2414 5641 2582 5687 textu.
