4110 6412
351 391 459 446 395

1522 365 1587 442 ix
1628 388 1912 444 EXODUM
1956 347 2240 442 nonius
2283 367 2423 438 xttt.

3525 386 3626 438 5M

356 521 491 577 tam,
544 508 639 564 sed
691 509 931 578 torqueri
977 507 1126 577 jubet
1177 524 1293 561 eam
1342 517 1395 562 et
1447 511 1770 579 constringi.
1806 510 1938 582 Quis
1969 515 2015 570 Α
2042 508 2220 568 omnia
2271 521 2434 574 opera
2508 517 2760 554 manuum
2809 513 3030 553 suarum
3079 517 3198 569 qua?
3248 503 3298 556 in
3359 507 3629 562 mandatis

359 620 489 672 ergo
527 615 610 657 est
641 605 728 669 qui
767 603 1054 670 torquebat
1088 617 1307 654 carnem
1338 601 1518 654 suam?
1543 603 1634 654 ille
1679 603 1937 654 nimirum

360 696 450 761 qui
505 691 751 746 dixit“:
789 710 805 740 ι
838 692 1051 744 Macero
1096 706 1299 758 corpus
1342 709 1542 757 meum,
1583 704 1636 745 et
1681 693 1732 745 itt
1768 693 1942 746 servi-

359 795 545 839 tutcm‘
587 785 835 852 subjicio,
867 800 932 836 ne
980 784 1114 836 forte
1161 800 1281 836 cum
1329 785 1450 838 aliis
1500 786 1940 852 prtedicaverim,

359 876 480 945 ipse
538 879 802 944 reprobus
857 877 1084 932 ciliciar.
1121 896 1137 927 ι
1200 876 1290 930 Sic
1341 892 1468 945 ergo
1517 887 1600 930 est
1646 876 1843 931 oﬂerre
1889 889 1944 930 et

356 969 582 1038 byssum
619 978 840 1033 tortam,
872 984 1089 1021 carnem
1126 969 1472 1045 abstinentia,
1507 969 1707 1037 vigiliis
1746 980 1800 1024 et
1833 986 1944 1023 me-

359 1063 685 1113 ditationum
719 1061 899 1114 labore
937 1061 1225 1114 coniicere.
1262 1061 1572 1114 Olet-untur
1603 1072 1660 1116 et
1703 1063 1795 1131 pili
1848 1078 1943 1115 ca-

360 1167 605 1218 prarum.
645 1153 755 1206 lloc
806 1171 974 1222 genus
1026 1154 1248 1222 pecudis
1299 1155 1352 1205 in
1408 1153 1522 1223 lege
1576 1169 1675 1222 pro
1716 1167 1944 1223 peccato

361 1243 582 1308 iubetur
632 1244 836 1299 oﬂerri.
884 1247 1030 1300 Pilns
1082 1264 1210 1302 vero
1261 1247 1470 1318 species
1522 1256 1606 1300 est
1655 1258 1942 1309 emortua,

361 1335 658 1402 exsanguis
687 1346 740 1388 et
777 1338 1066 1391 exanimis.
1099 1339 1250 1393 llanc
1285 1339 1375 1408 qui
1408 1335 1591 1402 offert,
1626 1337 1863 1391 ostendit
1892 1337 1943 1390 in

363 1442 426 1480 se
473 1443 691 1481 sensum
728 1430 933 1497 peccati
967 1431 1080 1496 jam
1113 1441 1411 1492 mortuum,
1462 1444 1560 1482 nec
1593 1427 1644 1480 in
1689 1426 1946 1479 membris

364 1521 482 1574 suis
532 1520 671 1572 ultra
729 1523 908 1573 vivere
964 1533 1058 1574 aut
1116 1536 1346 1592 regnare
1401 1529 1704 1590 peccatum.
1769 1518 1946 1572 Pelles

364 1617 588 1681 quoque
636 1610 942 1665 oﬂ‘eruntu‘r
989 1614 1244 1666 arietum.
1302 1614 1542 1666 Ariet'em
1606 1615 1770 1664 etiam
1820 1620 1948 1663 ante

365 1719 469 1758 nos
505 1704 720 1772 quidam
755 1720 853 1771 pro
899 1705 1081 1758 furore
1131 1715 1445 1772 posuerunt.
1501 1703 1569 1756 Et
1619 1704 1745 1774 quia
1790 1703 1948 1770 pellis

369 1798 571 1851 mortui
615 1798 863 1851 animalis
901 1798 1156 1852 iudicium
1192 1809 1298 1860 est,
1329 1799 1567 1852 ostendit
1602 1799 1653 1851 in
1703 1813 1760 1852 se
1797 1797 1949 1850 furo-

2045 599 2256 654 Domini
2295 598 2429 665 agit.

2115 690 2167 747 6.
2205 691 2432 744 Additur
2473 697 2593 757 post
2628 689 2766 749 lucc,
2796 687 2920 754 quia
2949 694 3003 738 et
3030 687 3170 753 apud
3201 703 3361 756 quem
3406 691 3625 745 iuventa

2045 792 2174 836 sunt
2211 781 2352 850 ligna
2393 777 2774 848 imputribilia,
2812 777 3006 832 obtulit
3043 779 3172 833 Deo.
3207 780 3260 832 Si
3298 781 3421 848 quis
3451 782 3630 852 diligit

2045 873 2321 929 Christum
2345 872 2658 935 Dominum,
2680 871 2882 940 lignum
2920 871 3253 940 imputribile
3287 873 3418 925 etin
3448 875 3628 928 incor-

2047 965 2299 1034 raptione
2351 961 2510 1016 offert
2558 962 2809 1016 Domino.
2857 962 3054 1017 Beatus
3105 979 3234 1030 ergo
3284 968 3422 1032 apttd
3467 982 3626 1029 quem

2046 1057 2341 1119 invenitur,
2376 1053 2456 1107 vel
2484 1068 2676 1107 sensus
2710 1054 3078 1124 incorruptus,
3105 1056 3188 1110 vel
3221 1071 3417 1123 corpus
3451 1057 3632 1112 incor-

2047 1163 2295 1220 ruptum,
2339 1159 2394 1202 et
2452 1149 2554 1200 hoc
2605 1145 2765 1201 oﬂert
2807 1147 2938 1202 Deo.
2990 1147 3146 1203 Unde
3196 1159 3251 1203 et
3296 1149 3433 1205 bene
3473 1152 3631 1206 valde

2047 1243 2185 1297 dixit
2213 1241 2302 1300 υτ
2343 1258 2361 1290 ι
2393 1238 2552 1306 Apud
2607 1253 2765 1306 quem
2803 1239 3020 1294 inventa
3066 1251 3193 1294 sunt
3249 1243 3391 1312 ligna
3455 1244 3634 1313 impu-

2050 1328 2269 1381 tribilia.
2314 1346 2332 1378 ι
2373 1325 2488 1379 Non
2529 1329 2673 1379 enim
2716 1327 2858 1395 apud
2893 1345 3082 1383 omnes
3108 1330 3460 1386 inveniuntur
3489 1333 3630 1403 ligna

2050 1403 2428 1488 imputribilia.
2465 1419 2537 1472 De
2575 1433 2709 1472 auro
2745 1435 2849 1472 tton
2886 1420 3025 1473 dixit
3059 1437 3234 1491 neque
3271 1424 3338 1477 de
3376 1435 3626 1494 argento,

2049 1514 2190 1583 apud
2227 1528 2387 1581 quem
2425 1515 2706 1566 inventum
2739 1521 2841 1566 est.
2869 1512 3052 1568 Potest
3081 1517 3224 1569 enim
3262 1519 3402 1586 apud
3435 1535 3630 1573 omnes

2051 1605 2285 1658 inveniri
2323 1619 2518 1658 sensus
2546 1614 2599 1658 et
2645 1618 2844 1658 sermo.
2886 1605 2993 1659 Sed
3027 1610 3225 1663 nec-de
3272 1623 3508 1679 quatuor
3541 1628 3634 1667 co-

2051 1695 2258 1750 loribus
2293 1697 2398 1751 hoc
2432 1696 2588 1750 dixit.
2623 1694 2875 1749 Omnium
2910 1715 3144 1768 namque
3171 1711 3262 1755 est'
3292 1718 3357 1756 ex
3395 1715 3632 1773 quatuor

2052 1800 2308 1843 constare
2347 1789 2644 1842 Secundum
2677 1802 2873 1856 corpus
2912 1791 3218 1847 elententis.
3249 1793 3417 1864 Ligna
3451 1809 3632 1853 autem

372 1903 486 1942 rem
529 1899 798 1941 mortuum
842 1891 931 1959 qui
984 1891 1092 1944 Deo
1121 1889 1279 1944 oﬂ‘ert
1327 1895 1559 1944 arietum
1595 1890 1785 1960 pelles.
1819 1889 1947 1943 Post
1978 1899 2020 1952 Β
2051 1881 2436 1951 imputribilia,
2480 1882 2532 1936 id
2579 1892 2682 1947 est,
2716 1883 3146 1952 iucorruptionis
3193 1897 3244 1941 et
3294 1890 3635 1957 virginitatis

377 1979 522 2032 haec:
563 1979 672 2030 «Et
711 1979 835 2042 viri,
878 1980 1053 2049 inquit
1078 1981 1147 2046 ⁸⁸,
1183 1991 1510 2049 acceperunt
1551 1996 1581 2032 a
1627 1980 1946 2035 mulieribus

372 2073 502 2136 suis,
534 2087 722 2125 omnes
767 2074 964 2142 quibus
997 2075 1169 2127 visum
1209 2082 1292 2128 est
1326 2079 1487 2128 sensu
1531 2071 1665 2143 (90),
1705 2084 1757 2126 et
1799 2082 1946 2125 attu-

369 2162 550 2216 lerunt
593 2178 854 2233 gemmas,
904 2173 958 2218 et
1008 2165 1248 2230 inaures,
1291 2176 1345 2220 et
1390 2166 1640 2230 annulos,
1686 2175 1736 2220 et
1787 2167 1948 2236 1'78

368 2255 780 2317 diseriminalia,
811 2265 866 2308 et
905 2256 1220 2310 dextralia.)
1262 2257 1423 2312 \‘ides
1461 2269 1514 2312 et
1549 2259 1638 2313 hic
1672 2263 1946 2328 quomodo

370 2346 445 2400 illi
493 2344 725 2400 afferunt
773 2346 910 2400 dona
964 2347 1092 2413 Deo,
1125 2349 1214 2417 qui
1261 2350 1427 2404 corde
1472 2349 1694 2415 vident,
1730 2351 1818 2414 qui
1865 2351 1948 2404 itt-

371 2440 642 2492 telleclum
681 2440 844 2493 corde
891 2441 1225 2508 concipiunt,
1269 2441 1358 2509 qui
1395 2452 1629 2495 mentem
1677 2444 1946 2496 intentam

369 2543 430 2585 et
469 2531 704 2585 deditam
743 2531 944 2585 habent
986 2533 1053 2585 ad
1086 2535 1310 2586 verbum
1359 2532 1475 2588 Dei.
1519 2533 1611 2588 Isti
1660 2549 1790 2602 ergo
1821 2534 1952 2588 alle-

369 2633 502 2679 runt
553 2639 798 2688 munera,
831 2635 884 2678 et
921 2624 1158 2680 ati'erunt
1203 2627 1367 2681 etiam
1405 2643 1433 2680 a
1477 2628 1796 2682 mulieribus
1839 2629 1951 2684 suis

376 2718 667 2782 «inaures,
716 2717 916 2786 inquit,
957 2728 1010 2771 et
1057 2735 1321 2787 gemmas,
1351 2727 1405 2773 et
1454 2719 1745 2774 dextralia.
1773 2739 1791 2771 ι
1837 2720 1952 2774 Mu-

373 2810 476 2863 lier
528 2809 636 2880 (9|)
699 2811 995 2864 secundum
1053 2812 1403 2882 allegoricam
1459 2813 1754 2878 rationem,
1811 2828 1952 2884 sa‘pe

365 2902 481 2970 jam
526 2903 782 2968 diximus,
816 2904 959 2972 quod
1001 2918 1130 2956 caro
1172 2905 1435 2971 accipitur
1470 2915 1524 2958 et
1582 2906 1664 2958 vir
1709 2906 1954 2961 rationa-

374 2994 498 3049 bilis
529 3010 740 3050 sensus.
792 2996 954 3048 Bonm
999 3003 1128 3048 sunt
1176 3010 1306 3063 ergo
1360 2997 1477 3049 istae
1531 2997 1789 3053 mulieres
1833 3015 1953 3067 qua:

374 3085 633 3140 obediunt
663 3086 798 3138 viris
825 3085 958 3136 suis.
995 3083 1145 3136 Bona
1179 3093 1260 3137 est
1290 3098 1420 3136 caro
1448 3099 1566 3151 qua:
1588 3085 1698 3152 jam
1735 3089 1954 3154 spiritui

375 3193 482 3230 non
525 3183 806 3244 repugnat,
836 3175 930 3228 sed
964 3175 1304 3241 obtemperat
1332 3186 1387 3228 et
1419 3176 1712 3241 consentit,
1743 3187 1799 3231 et
1835 3179 1954 3233 ideo

2050 1975 2242 2044 gratia,
2276 1974 2415 2043 apud
2448 1989 2630 2027 rarum
2675 1991 2946 2046 quemque
2977 1979 3208 2032 inveniri
3251 1992 3452 2048 potest,
3489 1983 3634 2039 sicut

2048 2079 2104 2123 et
2140 2069 2398 2122 DominUs
2430 2068 2559 2123 dicit
2582 2070 2666 2123 8“z
2702 2081 2724 2121 ἰ
2754 2070 2872 2124 Νοιι
2918 2079 3108 2127 omnes
3142 2076 3366 2142 capiunt
3405 2079 3630 2131 verbum

2051 2161 2218 2226 istud,
2245 2162 2337 2216 sed
2373 2161 2566 2230 quibus
2598 2164 2783 2217 datum
2813 2173 2948 2218 est.»

2123 2242 2174 2308 '7.
2209 2253 2313 2309 Sed
2342 2265 2395 2310 et
2426 2275 2442 2306 ι
2475 2257 2772 2326 principes,
2807 2258 2980 2328 inquit
3003 2259 3072 2323 ⁸⁷,
3097 2260 3413 2314 obtulerunt
3439 2281 3456 2313 ι
3492 2263 3630 2318 dona

2057 2364 2190 2402 sua.
2217 2349 2344 2414 Qua:
2381 2359 2504 2402 sunt
2539 2349 2640 2401 ista
2672 2353 2810 2404 dona
2859 2367 2980 2420 quae
3031 2353 3306 2423 principes
3354 2354 3633 2410 olferuut‘.’

2057 2459 2075 2490 ι
2106 2439 2382 2503 Gemmas,
2423 2440 2614 2509 inquit,
2648 2442 2983 2507 obtulerunt,
3015 2453 3070 2498 et
3123 2445 3331 2514 lapides
3382 2462 3632 2518 smarag-

2053 2532 2172 2600 dos,
2199 2543 2250 2586 et
2271 2533 2474 2602 lapides
2503 2533 2836 2602 repletionis,
2865 2547 2918 2590 et
2949 2537 3152 2606 lapides
3193 2540 3629 2597 adhnmerales.»

2054 2611 2282 2695 Lapides
2332 2628 2647 2696 repletionis
2697 2629 2980 2693 dicuntur,
3027 2631 3115 2698 qui
3156 2643 3431 2700 ponuntur
3465 2635 3516 2688 in
3551 2634 3634 2688 lo-

2055 2714 2164 2784 gio,
2203 2715 2305 2770 hoc
2355 2728 2432 2770 est
2473 2719 2564 2785 qui
2611 2719 2664 2771 in
2713 2731 2936 2786 pectore
2974 2721 3243 2788 pontiﬁcis
3277 2723 3632 2792 collocantur,

2055 2806 2300 2876 inscripti
2351 2812 2566 2865 nomine
2603 2810 2715 2881 (9‘2)
2755 2813 2987 2865 tribttum
3028 2812 3264 2868 filiorum
3300 2813 3488 2870 Israel.
3523 2817 3635 2871 lloc

2055 2897 2199 2965 quod
2276 2899 2476 2954 dicitur
2541 2899 2757 2968 legion,
2807 2902 2858 2956 id
2908 2911 2992 2956 est
3060 2906 3356 2970 rationale,
3413 2909 3502 2971 qui
3551 2920 3636 2962 est

2055 3002 2267 3054 pannus
2299 2989 2526 3057 exiguus
2573 3006 2638 3044 ex
2679 3003 2814 3043 auro
2858 3001 2911 3044 et
2945 2995 3198 3060 gemmis,
3246 2996 3639 3066 coloribusque
3675 3057 3679 3060 ,

2059 3074 2250 3138 variis,
2295 3084 2349 3127 et
2401 3080 2828 3147 superhumerali
2875 3087 3069 3134 contra
3118 3093 3310 3151 pectus
3361 3089 3638 3153 pontificis

2060 3169 2480 3236 annectebatur,
2536 3173 2762 3228 formam
2823 3161 2988 3230 habet
3041 3193 3236 3235 sensus
3299 3183 3641 3241 rationabilis

382 3288 401 3318 ι
431 3267 474 3320 si
502 3242 710 3319 duobus
736 3265 816 3315 vel
853 3265 1028 3317 tribus
1063 3265 1115 3318 in
1148 3263 1303 3320 vobis
1345 3267 1688 3332 convenerit,
1724 3283 1791 3321 ex
1829 3285 1958 3338 qua-
1983 3242 2028 3300 Ο
2059 3257 2153 3324 (illi
2192 3258 2244 3310 i"
2299 3261 2457 3315 “oms
2503 3275 2608 3317 θεία
2661 3264 2716 3318 In
2760 3269 2862 3323 hoc
2911 3271 3069 3339 P05ili
3127 3272 3384 3328 meum”
3431 3277 3640 3346 lapides

377 3371 591 3424 cunque
624 3371 681 3411 re
723 3357 991 3426 petieritis
1035 3357 1128 3411 ﬁet
1169 3357 1346 3424 vobis,
1374 3375 1393 3411 ι
1437 3359 1571 3413 dicit
1602 3359 1862 3416 Dominus
1889 3363 1955 3418 ⁸³.

380 3447 626 3502 Oll'erunt
681 3463 811 3515 ergo
861 3463 888 3502 a
933 3447 1250 3503 mulieribus
1311 3451 1423 3505 suis
1478 3448 1718 3508 inaures.
1793 3438 1958 3510 Vides

384 3541 654 3608 quomodo
683 3540 913 3593 Domino
945 3540 1168 3594 offertur
1201 3543 1442 3597 auditus.
1473 3544 1578 3598 Sed
1606 3554 1662 3598 et
1690 3545 1958 3602 dextralia

379 3633 607 3686 Domino
662 3633 994 3696 oll'eruntur;
1044 3649 1208 3701 opera
1241 3634 1456 3703 dextra,
1501 3647 1555 3691 et
1589 3652 1754 3705 opera
1793 3637 1957 3707 bona,

379 3739 498 3794 qua:
545 3740 641 3794 per
685 3739 901 3779 carnem
964 3736 1246 3793 geruntur.
1303 3727 1430 3782 llazc
1482 3727 1711 3783 Domino
1766 3728 1960 3785 oil‘erat

381 3818 720 3872 rationabilis
766 3832 980 3875 sensus.
1019 3821 1126 3875 Sed
1168 3833 1223 3876 et
1262 3822 1663 3876 discrimlnalia
1709 3819 1958 3875 oﬂ‘erun-

382 3922 494 3968 tur.
527 3913 693 3970 Oﬂ'erl
745 3915 1158 3978 discriminalia,
1188 3916 1277 3985 qui
1318 3916 1458 3970 bene
1497 3917 1600 3970 scit
1642 3916 1960 3970 discernere

379 4006 504 4074 quid
538 4008 804 4074 agendum
854 4009 954 4071 sit,
1005 4007 1134 4076 quid
1167 4008 1480 4073 vitandum,
1521 4008 1648 4077 quid
1685 4005 1795 4061 Deo
1846 4006 1960 4077 pla-

380 4107 524 4162 ceat,
553 4097 753 4165 quidve
797 4096 1099 4164 displiceat,
1132 4097 1260 4165 quid
1303 4097 1510 4164 justum
1554 4099 1662 4164 sit,
1694 4098 1825 4166 quid
1876 4098 1961 4150 in-

375 4192 606 4262 justam.
641 4190 746 4244 Ista
795 4199 924 4243 sunt
951 4188 1342 4242 discriminalia
1392 4205 1512 4258 quae
1561 4189 1790 4243 Domino
1823 4188 1960 4243 offe-

385 4294 599 4338 rantur.
651 4281 742 4336 Ha:
788 4293 920 4351 ergo
970 4281 1229 4336 mulieres
1278 4281 1498 4336 inaures
1553 4281 1784 4336 Domino
1826 4280 1954 4336 οπε-

382 4389 530 4441 runt,
553 4377 676 4449 quia
693 4373 1091 4431 suntmulieres
1106 4375 1396 4444 sapientes.
1429 4392 1448 4424 ι
1474 4366 1755 4428 Neverunt
1783 4374 1958 4439 enim,

383 4469 665 4538 inquit”,
691 4468 948 4522 mulieres
970 4466 1266 4530 sapientes,
1283 4474 1337 4518 et
1359 4464 1608 4518 fecerunt
1625 4479 1960 4535 quascunque

384 4563 690 4616 necessaria
717 4568 873 4614 erant
893 4560 958 4615 ad
990 4560 1302 4614 indumenta
1321 4557 1610 4627 pontificis.
1653 4576 1670 4609 ι
1702 4556 1806 4610 Illae
1827 4563 1958 4611 vero

382 4656 638 4709 mulieres
665 4670 783 4723 qum
831 4655 1048 4707 inaures
1075 4664 1215 4705 .suas
1254 4639 1566 4703 obtulerunt
1602 4657 1658 4702 ut
1691 4647 1846 4702 ﬁeret
1880 4647 1958 4701 vi-

382 4744 553 4812 tulus,
597 4748 917 4817 insipientes
976 4753 1171 4808 erant,
1223 4758 1342 4811 qua:
1389 4758 1418 4795 a
1458 4742 1688 4796 veritate
1733 4742 1953 4811 quidem

382 4849 701 4895 averterunt
749 4840 1031 4898 auditum,
1078 4836 1145 4888 ad
1203 4833 1414 4888 fabulas
1466 4843 1648 4888 autem
1703 4833 1956 4903 impieta—

383 4945 602 5002 tentque
632 4948 690 4986 se
713 4939 1117 4991 converterunt,
1146 4936 1200 4982 et
1238 4928 1358 4982 ideo
1391 4927 1706 4982 obtulerunt
1740 4925 1960 4980 inaures

382 5039 535 5086 suas,
583 5035 642 5077 ut
689 5025 840 5077 ﬁeret
904 5031 1068 5089 caput
1115 5020 1288 5074 vituli.
1339 5018 1444 5074 Sed
1493 5027 1549 5073 et
1591 5017 1657 5087 _in
1709 5014 1958 5070 Judicum

383 5121 525 5174 libro
558 5119 605 5151 ⁸⁵
648 5119 792 5172 aliud
865 5116 1218 5173 nihilominus
1270 5113 1472 5169 idolqu
1538 5113 1847 5168 invenimus
1893 5122 1958 5165 ex

382 5213 674 5268 mulierum
729 5211 1006 5266 inauribus
1049 5208 1272 5263 factum.
1310 5206 1429 5260 Ista:
1459 5221 1590 5276 ergo
1634 5205 1807 5260 beatae
1841 5219 1960 5257 mu-

382 5305 576 5367 lieres,
631 5307 783 5358 beata
842 5303 939 5356 ista
1003 5317 1164 5366 caro,
1214 5316 1335 5370 qua:
1398 5297 1624 5353 Domino
1666 5297 1826 5352 ollert
1879 5297 1963 5350 itt-

381 5411 548 5452 aures
594 5412 743 5465 suas,
785 5407 839 5451 et
887 5395 1153 5450 tlcxtralia
1204 5407 1322 5461 sua,
1355 5401 1409 5448 et
1443 5393 1674 5447 annulos
1725 5405 1876 5454 suos,
1909 5399 1961 5444 et

459 5561 506 5595 '”
548 5563 706 5619 lCor.
735 5579 812 5626 1x,
837 5562 925 5614 ‘27.

382 5638 430 5669 "
457 5635 626 5689 Exod.
652 5649 815 5696 xxxv,
835 5633 924 5686 24.
1001 5632 1045 5663 ⁸⁸
1069 5631 1260 5684 Matth.
1293 5648 1406 5691 xtx.
1432 5632 1519 5685 11.

456 5731 587 5800 (90)
631 5728 1018 5798 Manuscripti,
1076 5728 1297 5781 «visum
1357 5737 1439 5783 est
1504 5742 1734 5782 sensu.)
1799 5725 1960 5782 Libb.

382 5823 412 5860 ε
438 5805 538 5862 ιλιι,
575 5822 590 5850 ι
617 5804 763 5853 visus
794 5810 874 5851 est
904 5814 1116 5852 sensus.
1144 5817 1159 5848 ι

461 5871 576 5943 (92)
618 5870 768 5932 Mss.,
804 5888 822 5919 ι
851 5869 1094 5923 mulier.»
1136 5869 1286 5923 Libb.
1317 5868 1475 5939 editi,
1507 5887 1526 5920 ι
1561 5866 1835 5923 mulieres.
1865 5886 1882 5918 ι

659 5968 928 6028 ΡΑτιιοι..
967 5964 1083 6026 (ΞΕ.
1122 5964 1262 6053 ΧΠ,

1003 5561 1047 5592 ⁸³
1087 5561 1253 5614 Exod.
1303 5575 1466 5624 xxxv,
1495 5559 1586 5614 22.
1629 5615 1632 5618 ,
1662 5559 1708 5591 ⁸³
1731 5549 1923 5618 Matth.
1955 5561 2109 5612 itv'ttt.
2136 5554 2222 5610 19.

1003 5632 1045 5663 ³⁸
1069 5631 1260 5684 Matth.
1293 5648 1406 5685 xtx.
1432 5632 1519 5685 11.
1597 5631 1641 5662 ⁸⁷
1684 5628 1854 5685 Exod.
1879 5629 2047 5685 xxxv.
2072 5627 2162 5680 ΞΤ.

2061 3350 2401 3416 repletionis,
2434 3355 2524 3422 qui
2579 3364 2756 3412 tamen
2793 3360 3100 3428 cohaerent,
3143 3373 3198 3418 et
3231 3369 3460 3423 connexi
3509 3384 3638 3426 sunt

2060 3443 2127 3496 ad
2175 3444 2384 3513 lapides
2447 3445 2782 3516 humer-ales,
2830 3464 2992 3524 atque
3039 3471 3103 3510 ex
3157 3458 3242 3514 his
3292 3463 3642 3520 continentur

2061 3537 2292 3591 astricti.
2345 3538 2656 3598 llnmeralis
2706 3555 2934 3600 ornatus
2989 3549 3252 3604 indicium
3298 3565 3383 3608 est
3423 3567 3640 3612 actuum

2059 3629 2353 3685 bonorum.
2402 3637 2572 3691 Actus
2629 3645 2760 3707 ergo
2803 3652 2924 3694 cum
2979 3644 3191 3700 ratione
3226 3655 3278 3700 ct
3323 3649 3466 3703 ratio
3516 3667 3640 3705 cum

2061 3724 2275 3780 actibus
2326 3727 2590 3796 sociatur,
2636 3740 2695 3785 ut
2741 3733 2810 3786 sit
2858 3740 3219 3794 consonantia
3271 3741 3322 3794 in
3370 3752 3641 3814 utroque:
3707 3787 3709 3789 -

2065 3833 2084 3866 ι
2113 3815 2212 3882 Qui
2261 3819 2407 3872 cnim
2453 3822 2646 3876 fecerit
2686 3833 2740 3877 et
2771 3826 3039 3895 docuerit,
3079 3831 3167 3884 hic
3201 3848 3432 3903 magnus
3477 3851 3641 3891 voca-

2061 3907 2210 3961 bitur
2265 3910 2316 3963 in
2363 3923 2529 3981 regno
2581 3916 2845 3971 caelorum
2884 3919 2950 3973 3“.
2985 3939 3004 3971 ι
3062 3921 3146 3976 Sit
3197 3939 3328 3995 ergo
3377 3927 3429 3981 itt
3486 3928 3642 3983 nobis

2063 4011 2243 4054 sermo
2300 4003 2365 4056 de
2417 4005 2631 4060 actibus
2685 4011 2959 4077 pendens,
3021 4024 3076 4066 et
3129 4030 3433 4072 sermonem
3490 4031 3644 4076 actus

2063 4104 2350 4149 exornent.
2383 4093 2484 4148 llic
2511 4097 2654 4150 enim
2689 4101 2964 4167 pontiﬁcis
2995 4105 3228 4159 refertur
3255 4119 3500 4164 ornatus.
3537 4112 3644 4167 Sed

2067 4183 2134 4236 ad
2170 4184 2283 4237 hmc
2329 4184 2593 4252 explenda
2630 4192 2912 4260 prmcipes
2966 4195 3323 4262 requiruntur
3357 4216 3370 4250 :
3408 4199 3510 4254 iste
3551 4217 3646 4254 ομ

2066 4283 2226 4328 natus
2267 4286 2459 4329 eorum
2492 4286 2605 4342 est,
2633 4287 2722 4346 qui
2762 4290 2968 4336 tantum
3008 4284 3377 4354 profecerunt,
3411 4299 3469 4343 ttt
3514 4307 3648 4360 pra:-

2063 4382 2185 4422 csse
2220 4369 2434 4437 pepulis
2472 4382 2804 4428 mereantur.
2835 4374 3081 4430 Oderunt
3109 4379 3271 4432 etiam
3299 4381 3472 4435 oleum
3503 4384 3650 4452 prin-

2064 4460 2211 4528 cipes
2266 4463 2331 4515 ad
2392 4479 2520 4518 usus
2581 4466 2821 4536 duplices
2872 4470 3250 4539 profuturum,
3300 4475 3542 4532 lucernis
3591 4487 3649 4533 et

1993 4589 2036 4644 υ
2067 4547 2380 4611 clirismati.
2417 4556 2584 4613 Debet
2615 4560 2759 4615 enim
2799 4562 3018 4618 lucerna
3060 4581 3250 4619 eorum
3295 4569 3383 4636 qui
3432 4571 3646 4640 populis

2066 4657 2340 4717 praasunt,
2386 4666 2493 4706 non
2524 4653 2817 4719 abscondi,
2869 4665 2960 4710 aut
2990 4657 3092 4712 sub
3134 4659 3314 4714 modio
3357 4662 3514 4730 poni,
3555 4665 3648 4718 sed

2068 4757 2231 4812 super
2262 4746 2674 4814 candelabrum,
2706 4760 2763 4803 ut
2793 4749 2973 4805 luceat
2999 4752 3250 4807 onmibus
3278 4755 3367 4822 qui
3403 4755 3455 4807 in
3491 4755 3652 4811 domo

2068 4844 2191 4890 Sunt
2229 4839 2298 4895 ⁸³.
2352 4842 2458 4895 Sed
2505 4851 2559 4896 et
2608 4845 2811 4896 incensi
2865 4845 3315 4912 compositionem
3378 4847 3652 4917 principes

2068 4928 2337 4998 offerunt,
2385 4950 2505 5003 qua:
2559 4946 2916 5004 componatur
2971 4951 3066 5003 per
3129 4937 3347 5010 Moysen
3392 4940 3443 4992 in
3484 4942 3653 4996 odore

2069 5023 2354 5078 suavitatis
2385 5024 2636 5090 Domino,
2673 5035 2732 5078 ut
2766 5036 2820 5080 et
2855 5027 2952 5095 ipsi
2999 5028 3205 5095 dicant,
3231 5031 3356 5100 quia
3398 5049 3416 5083 ι
3445 5031 3652 5089 Christi

2067 5112 2242 5168 bonus
2273 5113 2407 5169 odor
2437 5130 2624 5170 sumus
2649 5117 2714 5170 9°.
2739 5136 2757 5168 ι
2807 5117 2873 5171 Ει
2925 5130 3280 5191 posteaquam
3319 5125 3515 5178 obtulit
3553 5141 3648 5194 po-

2068 5204 2247 5274 pulus,
2292 5209 2544 5273 vocavit,
2587 5210 2793 5278 inquit,
2835 5211 3048 5283 Moyses
3091 5229 3306 5269 omnem
3349 5217 3650 5284 sapientem

2069 5299 2135 5350 ad
2183 5298 2588 5368 fabricandum,
2630 5314 2682 5356 et
2715 5304 3096 5372 architectum,
3145 5317 3203 5360 ut
3240 5317 3653 5376 componerent,

2069 5401 2122 5444 et
2155 5391 2561 5449 fabricarentur
2595 5395 2809 5466 singula
2856 5414 3086 5468 qumque
3115 5414 3231 5467 quae
3259 5398 3461 5467 scripta
3496 5409 3648 5455 Sunt.

2323 5558 2389 5588 ⁸³⁸
2438 5555 2608 5611 Exod.
2652 5571 2822 5618 xxxv,
2871 5554 2942 5608 25
2977 5562 3033 5607 et
3067 5553 3156 5607 29.
3241 5550 3289 5584 ⁸⁸
3329 5550 3456 5606 Jud.
3497 5567 3652 5607 xvut.

2242 5627 2287 5660 ⁸⁸
2356 5627 2543 5681 Matth.
2570 5644 2622 5692 v,
2650 5627 2733 5680 19.
2809 5625 2854 5656 ⁸9
2880 5622 3008 5677 ibid.
3041 5623 3124 5676 15.
3203 5623 3246 5655 ⁸ο
3279 5621 3323 5675 ll
3345 5622 3470 5678 Cor.
3498 5638 3564 5689 It,
3598 5623 3652 5676 5.

2143 5723 2495 5803 (93)_Mss.,
2553 5742 2570 5774 ι
2608 5721 2853 5803 inscripti
2915 5719 3155 5773 nomine.
3189 5736 3207 5768 ι
3274 5719 3432 5777 Libb.
3479 5718 3651 5785 editi,

2076 5816 2096 5850 ι
2126 5798 2312 5878 scripti
2349 5811 2442 5865 per
2478 5798 2717 5849 nomina.
2748 5811 2766 5844 ι

3328 5899 3392 5965 13
