4110 6400
467 369 571 424 δὶῑὸ
1855 379 1946 435 ΕΚ
1981 381 2233 438 ORICEN
2248 385 2284 438 Ε
3626 391 3730 446 396

469 486 574 540 Sed
620 494 669 536 et
723 485 994 546 rmilicrcs,
1031 486 1240 552 inquit,
1281 489 1558 558 sapientes
1603 495 1850 560 vocavit,
1885 508 1940 552 ut
1975 499 2050 553 fa-
2081 506 2126 562 Α
2157 500 2294 566 Quid
2343 501 2486 556 enim
2521 503 2615 558 tibi
2654 511 2871 574 prodest
2913 510 2958 564 si
3002 509 3206 566 habeas
3253 512 3390 577 hinc,
3433 524 3490 569 et
3534 517 3610 570 uti
3647 519 3733 576 his

467 589 654 634 cerent
696 594 814 647 qua:
860 579 1214 680 convenirent
1271 580 1321 633 in
1393 582 1744 640 tabernaculo
1806 587 2044 644 Domini.
2156 593 2388 657 nescias,
2419 610 2597 666 neque
2627 614 2890 669 agnoscas
2920 605 3189 671 quomodo
3223 609 3646 680 unumquodque
3676 613 3729 667 in

467 671 629 722 Vides
659 671 772 722 lucc
799 668 978 720 omnia
1019 683 1138 737 qua:
1171 669 1328 733 fiunt,
1376 686 1403 724 a
1438 675 1776 741 sapientibus
1821 678 1959 744 fieri,
1993 691 2049 735 ct
2153 700 2251 738 suo
2284 694 2545 754 tempore,
2575 701 2630 743 et
2664 668 2715 745 in
2750 709 2847 747 suo
2888 668 3004 749 loco
3048 707 3241 765 aptare
3273 668 3475 756 debeas
3513 668 3575 756 ei
3607 719 3728 773 pro,

468 763 728 863 mulieres
788 761 1096 863 sapientes“
1129 773 1411 828 vocantur,
1467 773 1521 818 et
1573 768 1674 820 viri
1747 770 2042 838 sapientes.
2152 774 2329 832 ferre?
2371 778 2433 832 Et
2468 781 2589 835 ideo
2622 783 2798 838 danda
2835 786 2992 840 nobis
3026 761 3108 840 est
3151 803 3338 854 opera,
3372 805 3429 844 ut
3457 761 3732 863 sapientes

465 853 655 907 Omnia
695 855 837 907 enim
865 869 1032 922 opera
1065 854 1272 908 Domini
1307 856 1358 909 in
1389 857 1655 925 sapientia
1693 859 1846 917 ﬁunt.
1885 862 2045 918 Venit
2147 867 2355 934 simus,
2397 879 2451 924 et
2497 872 2609 927 haec
2661 890 2781 944 quae
2842 877 3094 933 audimus
3136 879 3204 933 de
3252 853 3549 951 Scriptnris
3597 901 3728 940 sau-

463 961 613 1044 οἰνίζο-
649 947 1025 1044 unusquisque
1076 949 1296 1017 sapiens
1342 964 1540 1012 sensu,
1584 960 1639 1004 et
1692 950 1824 1005 facit
1871 969 2035 1022 opera
2142 961 2249 1015 clis
2289 964 2535 1031 proferre
2579 967 2630 1020 in
2662 977 2900 1038 tempore
2939 981 2996 1025 et
3030 982 3220 1042 aptare
3252 947 3544 1044 possimus,
3575 995 3728 1035 com-
3813 978 3821 986 “

464 1037 699 1093 Domini.
748 1038 861 1092 Non
911 1039 1111 1093 sollicit
1163 1041 1318 1094 nobis
1365 1039 1407 1093 si
1463 1042 1758 1098 offeramus
1797 1054 2035 1108 tantum,
2144 1067 2345 1120 ponere
2389 1067 2554 1126 atque
2597 1073 2663 1112 ex
2713 1037 2799 1114 his
2846 1037 3118 1119 adornai-e
3162 1037 3571 1124 ιδδὲι-ηερυμυέη
3613 1071 3728 1129 Deo

458 1130 554 1183 sed
601 1145 737 1199 Opus
785 1139 867 1185 est
902 1141 962 1185 ut
1011 1148 1132 1186 cum
1173 1136 1439 1201 sapientia
1493 1150 1554 1188 ea
1604 1151 1725 1202 quze
1777 1138 1829 1190 in
1882 1139 2036 1193 nobis
2138 1141 2327 1208 Jacoh,
2381 1164 2476 1216 per
2526 1149 2710 1205 Iesum
2752 1153 3034 1209 Christum
3092 1156 3382 1214 Dominum
3430 1172 3726 1232 nostrum,

455 1231 582 1274 sunt
609 1237 920 1290 operemur,
949 1224 1188 1280 sciamus
1214 1227 1441 1282 miscere
1470 1243 1662 1281 aurum
1693 1243 1820 1283 cum
1851 1229 2034 1301 bysso,
2141 1237 2224 1288 cui
2273 1249 2354 1292 cst
2402 1240 2572 1310 gloria
2613 1254 2671 1297 et
2711 1243 3000 1316 imperium
3035 1247 3088 1303 in
3141 1251 3340 1306 saecula
3375 1224 3721 1314 saculorum;

448 1323 500 1366 et
556 1329 781 1369 coccum
831 1317 1142 1386 duplicare,
1189 1319 1267 1372 vel
1319 1322 1552 1375 miscere
1587 1337 1714 1375 cum
1766 1338 2028 1392 purpura.
2139 1329 2336 1384 Amen.

817 1503 3681 1545 Ἢ

1745 1722 2421 1842 MONITUM

807 1977 952 2062 AD
1025 1975 1604 2072 ORIGENIS
1681 1978 2358 2072 EXEGETICA
2439 1983 2560 2070 ΙΝ
2643 1985 3357 2080 LEVITICUM.

516 2333 976 2406 179‘Exrcrpta
1011 2345 1104 2406 seu
1136 2332 1345 2406 scholia
1383 2332 1766 2406 iniLeviticum
1794 2332 2077 2406 scripsisse
2113 2331 2403 2406 Origenem
2446 2342 2676 2406 testatur
2699 2332 3058 2406 Hieronymus
3093 2337 3231 2404 apud
3259 2335 3637 2406 nitlﬁﬂllm‘iih.
3667 2351 3706 2390 η

455 2402 656 2456 ιηιῖέιὶςῑῖ
677 2403 919 2469 Scripsit,
956 2404 1153 2470 inquit,
1186 2405 1240 2456 in
1275 2402 1515 2456 Genesint
1543 2404 1700 2456 libros
1733 2403 2018 2467 tredecim;
2053 2404 2396 2472 myslicurum
2427 2405 2768 2457 liomilinrum
2798 2402 2959 2457 libros
2991 2402 3161 2468 duos‘;
3197 2409 3251 2459 in
3282 2404 3471 2458 Exodo
3501 2403 3703 2460 Excer-

481 2484 576 2536 la,‘
611 2477 663 2526 in
703 2474 927 2528 Levitico
979 2474 1260 2538 Excerpta.
1319 2473 1519 2526 llorum
1573 2474 1708 2526 nihil
1750 2472 1907 2525 hodie
1943 2483 2210 2540 superest,
2246 2475 2346 2525 nisi
2395 2475 2533 2527 forte
2562 2475 2766 2540 aliquid
2821 2476 2942 2526 inde
2973 2485 3250 2541 sumptum
3280 2477 3576 2529 exhibeant
3607 2482 3703 2531 ὲκ-

461 2545 596 2612 .ογα.ί
628 2545 732 2597 illze
766 2546 817 2598 in
843 2543 1170 2606 Leviticum,
1202 2559 1321 2612 qua:
1363 2545 1464 2597 sub
1514 2544 1733 2596 nomine
1768 2541 2019 2609 Origeuis
2051 2545 2104 2596 iu
2144 2544 2369 2597 Catenis
2415 2542 2621 2598 Gratcis
2665 2545 3056 2613 inaltuscriptis
3105 2545 3598 2611 circumferuntur,
3650 2558 3704 2599 et

441 2615 609 2682 priori
642 2615 758 2668 loco
792 2615 843 2668 in
883 2617 983 2667 hac
1017 2623 1199 2666 nostra
1227 2613 1465 2668 editione
1494 2622 1970 2682 reprzesentautur.

514 2682 715 2737 Praeter
752 2686 1039 2752 Excerpta,
1073 2684 1326 2752 Origenis
1363 2683 1616 2754 homilias
1654 2683 1705 2735 in
1737 2681 2038 2754 Leviticum
2073 2681 2264 2735 Latine
2296 2683 2523 2738 vertisse
2569 2698 2626 2737 se
2668 2693 2852 2737 monet
2883 2685 3107 2738 llulinus
3157 2687 3208 2738 in
3257 2687 3603 2754 peroratione
3633 2689 3702 2738 ad

439 2754 944 2820 interpretatiOnein
972 2755 1500 2806 Commentariorum
1536 2752 1780 2818 ejusdem
1817 2752 2072 2820 Origenis
2115 2754 2167 2806 in
2201 2755 2497 2816 Epistulam
2533 2757 2597 2806 ad
2636 2755 2927 2808 Romanos.
2985 2752 3270 2809 Sexdecim
3308 2766 3701 2808 coiitmcmorat

439 2825 796 2877 Cassiodorus
829 2824 902 2877 De
934 2825 1263 2877 institutione
1290 2824 1936 2894 divinarumjitterarum,
1962 2825 2378 2894 Capiteprimo.
2422 2823 2624 2894 Reliqui
2672 2825 2832 2878 vobis.
2874 2826 3069 2889 inquit,
3115 2836 3400 2891 pra-stante
3448 2824 3701 2891 Domino,

439 2895 482 2944 si
514 2894 680 2962 legere
705 2895 993 2956 volueritis,
1021 2894 1265 2947 homilins
1299 2894 1538 2961 praedicti
1576 2891 1846 2962 Origenis,
1869 2893 2038 2956 idest,
2066 2895 2119 2946 in
2146 2892 2334 2946 Genesi
2369 2891 2630 2947 sexdecim
2651 2934 2665 2958 ,
2716 2896 2768 2946 in
2809 2894 2996 2947 Exodo
3031 2896 3308 2948 duodecim
3337 2935 3352 2958 ,
3384 2896 3435 2948 in
3471 2894 3701 2948 Leuitico

439 2966 723 3018 sexdecim.
758 2965 1006 3018 Totidem
1046 2964 1205 3018 hodie
1233 2966 1435 3032 passim
1471 2972 1583 3016 tum
1616 2965 1666 3016 in
1701 2964 2132 3030 prarcedeutibus
2177 2980 2399 3032 operum
2433 2965 2692 3032 Origenis
2743 2966 3092 3029 editionihus,
3132 2977 3242 3017 tum
3293 2968 3342 3017 in
3394 2965 3700 3019 manuscri-

441 3034 549 3102 ptis
571 3035 854 3088 endit-ibus
878 3035 1216 3101 perantiquis
1240 3034 1492 3104 Origenis
1529 3049 1722 3086 nomen
1755 3049 1864 3100 prae
1904 3049 1961 3087 se
1994 3034 2197 3086 ferunt.
2224 3036 2383 3086 Certe
2409 3050 2474 3088 ex
2515 3036 2580 3088 iis
2608 3036 2690 3089 vel
2729 3051 2867 3088 unus
2904 3034 3076 3088 codex
3119 3034 3700 3104 manuscriptus_San-

441 3121 616 3172 germ.
651 3105 846 3159 litteris
891 3105 1198 3159 Uncialibus
1246 3102 1502 3158 exaratos
1539 3104 1754 3172 videtur
1793 3112 1948 3157 sexto
1984 3105 2066 3156 vel
2127 3105 2358 3170 septimo
2403 3105 2628 3159 circiter
2668 3106 2922 3160 Ecclesiae
2954 3105 3171 3159 szeeulo.
3225 3102 3492 3158 [’ra‘terea
3529 3102 3699 3158 Jonas

439 3171 853 3244 {Aurelianensis
882 3176 1171 3243 episcopus
1204 3176 1295 3243 qui
1325 3174 1523 3228 sarculo
1557 3189 1701 3227 mmo
1726 3171 1973 3236 ﬂorebat,
2007 3173 2099 3226 lib.
2137 3190 2150 3228 ι
2186 3173 2260 3225 De
2288 3174 2620 3228 institutione
2647 3174 2850 3240 laicali,
2893 3191 3011 3244 cap.
3066 3175 3118 3236 5,
3156 3177 3217 3228 lb‘
3246 3186 3299 3226 et.
3332 3175 3420 3236 i8,
3448 3176 3595 3227 varia
3631 3188 3699 3228 ex

437 3242 691 3314 Origeuis
717 3242 952 3300 homiliis
984 3243 1144 3298 affert
1173 3242 1475 3314 fragmenta
1503 3259 1624 3312 quze
1659 3244 1848 3298 iisdem
1884 3245 2069 3298 verbis
2113 3245 2166 3296 in
2198 3245 2476 3300 hodiernis
2528 3246 2801 3298 sexdecim
2853 3242 3090 3299 honiiliis
3125 3245 3399 3311 leguntur.
3458 3245 3703 3312 Denique

439 3318 657 3368 (latente
689 3315 1076 3382 manuscriptte
1112 3316 1163 3367 itt
1191 3315 1880 3384 Leviticumil‘ragmeutum
1915 3315 2162 3367 Graecum
2209 3315 2427 3383 Origcni
2464 3316 2770 3376 ascribunt,
2801 3319 2944 3380 quod
2978 3331 3207 3369 numero
3245 3316 3483 3370 secundo
3523 3315 3705 3368 homi-

441 3385 523 3439 lia:
556 3396 762 3439 octava:
791 3386 1038 3453 apprime
1073 3387 1383 3452 respondet.
1415 3383 1760 3452 Nullus'ergo
1790 3385 2073 3438 dubitandi
2108 3385 2257 3436 locus
2282 3394 2364 3438 est
2394 3385 2522 3452 quin
2559 3399 2685 3438 vere
2725 3386 2974 3452 Origenis
3002 3385 3130 3438 sint.

510 3453 618 3507 Nec
647 3470 974 3522 quemquam
1010 3470 1228 3508 movere
1259 3455 1439 3515 debet,
1489 3455 1628 3522 quod
1663 3454 1916 3508 Οτιεωιιι
1947 3470 2007 3506 ex
2043 3455 2262 3508 homilia
2301 3455 2537 3524 secunda
2579 3455 2630 3506 in
2680 3453 2978 3508 Leviticum
3035 3453 3406 3524 fragmentum
3466 3453 3703 3509 habetur

445 3523 752 3578 Philocah‘w
783 3525 965 3592 capite
997 3526 1196 3592 primo,
1224 3525 1379 3593 cujus
1417 3539 1483 3577 ne
1519 3525 1726 3592 apicem
1755 3527 1973 3591 quidem
2010 3525 2059 3576 in
2094 3524 2313 3577 homilia
2348 3523 2560 3577 Latina:
2596 3523 2853 3577 editionis
2893 3523 3157 3588 secunda,
3204 3525 3398 3578 aliisve
3434 3527 3698 3592 reperias.

442 3597 575 3648 Nam
616 3596 670 3647 1ο
697 3595 828 3660 Quis
865 3606 1013 3648 certo
1042 3595 1310 3647 allii-mare
1360 3596 1530 3663 possit
1569 3611 1673 3647 non
1722 3611 1782 3647 ea
1823 3594 2086 3662 particula
2123 3597 2460 3647 decurtatam
2513 3604 2565 3644 ct
2613 3595 2916 3646 mulilatam
2959 3594 3125 3648 fuisse
3162 3597 3302 3648 hanc
3358 3596 3635 3650 ltomiliam
3667 3609 3703 3648 λ

440 3665 636 3719 Italico
661 3681 822 3733 quem
858 3664 998 3717 infra
1031 3666 1325 3733 genuinum
1366 3666 1577 3716 illarum
1614 3666 1969 3734 interpretem
2003 3678 2124 3716 esse
2157 3665 2554 3732 probabimus?
2606 3665 2662 3716 2°
2694 3663 2956 3717 lloinilias
2989 3663 3240 3732 Origeuis
3293 3681 3392 3732 pro
3434 3667 3702 3734 interpre-

440 3747 550 3789 tum
591 3738 1030 3790 studiosoruinve
1067 3736 1220 3786 libitu
1250 3736 1413 3787 variis
1443 3735 1617 3788 modis
1656 3733 1824 3788 fuisse
1857 3737 2089 3787 selectas
2115 3744 2167 3786 et
2199 3735 2500 3794 ordinatas,
2529 3734 2880 3802 diversasque
2916 3735 3125 3787 illarum
3156 3736 3321 3788 fuisse
3350 3733 3703 3790 collectidnes

438 3822 664 3872 quarum
727 3807 847 3858 alia:
896 3806 1101 3872 plures,
1149 3806 1270 3858 alia:
1318 3806 1500 3873 plures
1551 3805 1799 3858 bomilias
1853 3805 2165 3865 habuerint,
2202 3818 2268 3856 ex
2313 3820 2377 3857 eo
2434 3806 2697 3872 probatur
2753 3816 2860 3856 tum
2921 3806 3062 3873 quod
3113 3805 3281 3859 Jonas
3341 3806 3703 3861 Aurelianen-

439 3879 515 3927 sis
541 3877 827 3942 episcopus
859 3875 951 3928 lib.
1006 3891 1016 3926 l
1050 3875 1122 3926 De
1153 3876 1486 3928 institutione
1510 3875 1712 3939 laicali,
1743 3891 1863 3943 cap.
1892 3873 1945 3938 5,
1983 3889 2052 3928 ex
2091 3874 2309 3927 homilia
2356 3874 2609 3943 Origenis
2652 3874 2704 3926 iu
2753 3873 3053 3928 Levitieuni
3108 3878 3279 3942 prima
3328 3875 3700 3945 fragmentum

437 3946 681 4007 exhibet,
720 3947 863 4014 quod
896 3945 1170 3998 hodierna:
1204 3947 1473 3998 editiones
1506 3946 1556 3997 in
1593 3947 1828 3999 secunda
1870 3955 2073 3997 tantum
2103 3953 2534 4015 reprazsentaut;
2590 3955 2700 3996 tum
2727 3946 2870 4012 quod
2905 3962 3026 3998 eum
3079 3945 3298 3998 homilia
3327 3955 3524 4015 quarta
3555 3947 3704 4000 dicat

441 4017 704 4085 Origenes
743 4032 801 4070 se
827 4015 937 4080 jam
966 4030 1128 4084 supra
1161 4017 1225 4068 de
1256 4017 1414 4068 lineis
1445 4016 1686 4069 vestibus
1715 4031 1856 4083 saspe
1887 4017 2082 4084 egisse,
2109 4025 2164 4085 et
2208 4014 2431 4068 homilia
2474 4025 2625 4068 sexta
2675 4018 2908 4080 sparsim
2951 4032 3010 4070 se
3037 4025 3091 4070 et
3120 4030 3262 4082 saepe
3302 4014 3366 4069 de
3402 4031 3703 4070 consecra-

443 4084 588 4139 tione
637 4086 932 4140 sacerdotis
957 4099 1030 4155 _et
1061 4087 1318 4140 unctione
1351 4086 1699 4148 disseruisse,
1734 4085 1864 4137 nihil
1901 4095 2077 4137 tamen
2103 4084 2369 4149 ejusmodi
2405 4085 2456 4138 in
2494 4086 2871 4152 superioribus
2894 4096 3112 4151 exstet;
3141 4097 3252 4138 tum
3286 4087 3520 4155 denique
3555 4089 3703 4154 quod

437 4174 561 4210 cum
595 4157 831 4209 homilia:
864 4156 916 4208 in
947 4153 1243 4209 Jeremiam
1292 4157 1358 4210 ab
1393 4156 1722 4224 ilieronymo
1756 4155 1946 4208 Latine
1992 4156 2235 4219 redditm,
2271 4155 2377 4208 alio
2402 4155 2596 4209 ordine
2641 4155 2694 4209 in
2741 4157 2985 4210 editione
3018 4157 3214 4211 Latina
3262 4153 3544 4211 collocata:
3577 4153 3706 4211 isiut

439 4243 599 4296 quam
629 4228 681 4279 in
719 4226 993 4280 codicibus
1022 4227 1342 4287 Grzeeismbi
1369 4228 1527 4280 modo
1561 4227 1763 4295 plures,
1797 4228 1956 4278 modo
1989 4226 2272 4293 pauciores
2305 4240 2534 4280 numero
2557 4226 2850 4291 habentur,
2881 4229 3021 4282 idem
3049 4228 3288 4281 homiliis
3317 4227 3366 4278 in
3397 4225 3704 4281 Leviticum

439 4298 729 4367 contigisse
783 4297 1022 4364 proclive
1069 4307 1154 4351 est
1204 4296 2146 4367 existimare,_variasque_i!|arum
2199 4296 2372 4350 fuisse
2423 4297 2794 4356 collectiones.
2852 4300 2905 4352 in
2951 4312 3202 4367 quarum,
3243 4312 3348 4349 una
3401 4297 3702 4367 secundum

441 4362 677 4422 tenne'rit
735 4362 913 4421 locum
967 4367 1082 4430 illa,
1125 4368 1268 4420 unde
1309 4367 1513 4436 prodiit
1552 4362 1868 4418 Pliilocalia:
1900 4365 2286 4432 fragmentum,
2326 4368 2544 4420 homilia
2579 4381 2700 4434 quae
2741 4370 2808 4422 ab
2852 4362 3114 4422 hodierna
3159 4364 3704 4436 abestbcollcctioue.

508 4438 678 4503 Objici
708 4437 872 4508 etiam
915 4449 1094 4506 potest
1137 4437 1265 4508 istas
1296 4433 1552 4508 l'ioinilias
1583 4439 1748 4490 etiam
1783 4439 1920 4490 inter
1951 4438 2117 4489 libros
2146 4439 2315 4508 sancti
2376 4439 2564 4508 Cyrilli
2614 4439 2800 4492 haberi
2858 4454 2873 4508 ς
2926 4437 3054 4498 Sed,
3103 4435 3278 4508 inquit
3307 4433 3698 4508 _Bellarminus

443 4511 516 4562 De
553 4509 734 4574 script.
760 4507 914 4571 eccl.,
955 4523 1102 4559 num.
1145 4506 1276 4563 ‘215.
1308 4523 1423 4560 vere
1453 4505 1697 4575 Origenis
1736 4517 1877 4570 sunt,
1918 4523 2020 4558 non
2061 4509 2232 4558 sancti
2277 4505 2465 4574 (λυνὲΗί
2518 4523 2536 4559 :
2570 4523 2690 4559 nam
2733 4517 2780 4560 et
2812 4507 3047 4572 phrasin:
3098 4505 3344 4572 Origeuis
3381 4515 3614 4575 servant,
3651 4515 3703 4558 et

439 4572 705 4630 erroribus
729 4579 964 4643 ejusdem
1001 4587 1222 4629 scatent.
1255 4575 1371 4630 iluc
1396 4577 1532 4629 adde
1557 4572 1708 4642 'quod
1741 4591 1806 4630 ex
1843 4577 2079 4628 homilia:
2115 4572 2359 4642 septima:
2410 4591 2640 4629 uumero
2670 4586 2866 4643 quarto
2895 4575 3066 4644 liquet
3101 4575 3202 4628 has
3231 4574 3486 4628 homilias
3523 4572 3702 4627 Ciesa-

444 4664 544 4701 rem
577 4650 626 4699 in
665 4647 949 4698 Ρςιιωδιὶητι
975 4646 1188 4700 habitas
1222 4645 1406 4708 fuisse,
1445 4645 1533 4698 ubi
1568 4647 1729 4716 180
1756 4658 2005 4700 «arietum
2035 4647 2296 4716 Cyrillum
2326 4661 2606 4701 sermones
2640 4649 2707 4700 ad
2743 4643 2998 4716 populum
3048 4644 3304 4700 habuisse
3335 4643 3480 4698 nullo
3524 4645 3706 4699 eccle-

438 4719 672 4772 siuslicu:
709 4717 950 4769 lilSlOl‘iiI!
989 4727 1342 4769 monumento
1376 4717 1628 4771 traditur.
3089 4769 3102 4777 ,

515 4791 716 4840 llarum
750 4801 913 4853 porro
955 4787 1301 4841 bomiliarum
1339 4803 1444 4840 non
1481 4789 1644 4842 alium
1692 4788 2045 4853 interpretem
2081 4800 2243 4853 quam
2296 4784 2554 4839 Rufinum
2592 4787 2761 4857 quaeri
2799 4783 3025 4845 debere.
3070 4786 3313 4840 breviter
3360 4785 3698 4857 demonstro.

437 4859 753 4915 Gennadius
784 4866 1015 4927 testatur
1047 4858 1308 4926 quidquid
1345 4858 1593 4927 Origeuis
1623 4873 1837 4911 versum
1873 4867 1975 4921 est,
2019 4873 2046 4909 a
2093 4857 2292 4910 liuiino
2327 4871 2544 4927 versum
2590 4856 2735 4921 esse,
2767 4857 3013 4924 exceptis
3051 4858 3118 4911 iis
3160 4871 3286 4927 qua:
3316 4857 3480 4910 vertit
3512 4856 3702 4908 Hiero-

441 4945 657 5002 nymus.
695 4931 765 5002 At
803 4928 848 4980 is
881 4929 930 4980 in
959 4926 1237 5002 Catalogo,
1275 4925 1592 5002 nominatim
1631 4943 1922 5002 recensens
1947 4930 2353 5002 quaevertitex
2381 4926 2647 5002 Origene,
2687 4927 3034 5002 homiliarum
3069 4928 3122 4980 in
3160 4925 3460 5002 Lev_tticmn
3495 4927 3700 4979 nullam

442 4996 573 5054 l'a'cit
603 4999 931 5052 mentionem
963 5014 978 5050 :
1007 5009 1060 5052 et
1094 4996 1320 5051 lti’ilinus
1353 5001 1404 5052 in
1459 5001 1805 5067 peroratione
1829 4996 1993 5067 quam
2025 4997 2225 5064 adjecit
2261 4998 2683 5052 Commentariis
2733 5002 2784 5052 in
2823 4998 3122 5067 Epistolam
3164 4997 3230 5049 ad
3267 4996 3542 5050 Ilomanos
3576 5013 3700 5064 pro-

440 5074 624 5125 fitetur
651 5084 708 5122 se
739 5071 964 5123 vertisse
996 5069 1250 5136 Origenis
1282 5070 1332 5122 in
1381 5066 1682 5124 Leviticum
1732 5066 2004 5124 homilias.
2045 5067 2241 5120 Fateor
2289 5083 2533 5134 namque,
2567 5069 2763 5138 inquit,
2816 5066 3032 5121 Heracli
3073 5067 3245 5134 frater
3303 5070 3696 5127 amantissime,

436 5144 577 5210 quod
612 5141 739 5190 dum
776 5139 877 5190 tuis
920 5141 1193 5193 desideriis
1225 5140 1532 5208 satisfacere
1577 5141 1754 5208 cupio,
1802 5140 1997 5192 oblitus
2030 5154 2145 5191 sum
2195 5155 2324 5202 pene
2382 5139 2621 5210 mandati
2670 5155 2771 5210 quo
2817 5138 3316 5210 prwcipitur,0ntts
3359 5138 3696 5210 sqprarvires

439 5207 558 5266 tuas
584 5227 646 5264 ne
676 5210 928 5264 leraveris
957 5225 974 5262 :
999 5213 1233 5278 quamvis
1270 5212 1417 5263 nobis
1441 5227 1533 5263 nec
1557 5216 1610 5263 in
1633 5207 1836 5264 eteteris
1867 5226 1985 5278 qua:
2016 5219 2064 5262 te
2096 5210 2388 5274 insistente,
2423 5209 2527 5260 imo
2576 5207 2748 5278 potius
2782 5224 3002 5276 pensum
3046 5207 3226 5278 diurni
3258 5207 3431 5274 operis
3460 5209 3700 5276 exigente

437 5286 491 5336 in
535 5283 781 5336 Latinum
816 5282 1086 5346 vertimus,
1121 5280 1346 5350 defuerit
1378 5282 1636 5345 plurimus
1687 5280 1858 5342 labor,
1882 5277 2022 5332 dum
2076 5279 2322 5350 supplere
2372 5277 2613 5346 cupimus
2649 5297 2712 5332 ea
2764 5295 2883 5348 qua:
2934 5278 3000 5331 ab
3058 5277 3302 5350 Origene
3334 5279 3388 5330 in
3429 5281 3699 5350 auditorio

438 5354 692 5407 Ecclesia:
723 5368 786 5406 ex
818 5361 1068 5417 tempore,
1101 5347 1203 5404 non
1236 5361 1341 5402 tam
1377 5351 1790 5418 explanationis,
1826 5366 1981 5419 quam
2009 5349 2380 5415 a’di/icatiouis
2427 5352 2717 5403 intentione
2764 5347 3012 5418 perorata
3045 5357 3208 5408 sunt;
3256 5348 3391 5419 sicut
3440 5348 3494 5419 in
3528 5347 3702 5419 fronti-

439 5423 523 5476 liis
544 5426 645 5476 sire
670 5425 719 5475 in
754 5415 1107 5475 oratiunculis
1133 5421 1184 5474 in
1214 5415 1453 5474 Genesim
1491 5432 1536 5474 et
1569 5421 1622 5472 in
1657 5415 1898 5472 lt'a‘otlnm
1933 5423 2172 5486 fecimus,
2204 5430 2252 5473 et
2290 5422 2556 5488 prwcipne
2588 5424 2641 5472 in
2679 5415 2771 5474 his
2799 5435 2914 5489 quw
2943 5420 2994 5470 in
3025 5420 3217 5470 librant
3253 5417 3462 5471 Levittci
3494 5416 3558 5469 ab
3605 5415 3700 5468 illo

437 5496 646 5560 quidem
671 5493 954 5559 perorandi
984 5496 1139 5562 stylo,
1176 5509 1206 5544 (ι
1240 5492 1388 5543 nobis
1415 5509 1532 5544 vero
1555 5492 1873 5552 expltmnudi
1907 5492 2364 5562 specieptranslata
2395 5499 2550 5562 sunt.
2595 5492 2760 5556 Quem
2821 5492 3073 5562 laborent
3096 5489 3419 5562 udimplendi
3449 5502 3566 5562 qua:
3596 5489 3698 5562 μετ

439 5555 612 5624 erant,
655 5555 848 5616 idcirco
877 5555 1220 5630 suscepimus,
1250 5578 1312 5614 ne
1341 5566 1567 5628 pulsata:
1587 5563 1896 5630 qntvsliones
1933 5555 1981 5612 et
2016 5560 2232 5622 relictte,
2261 5561 2402 5629 quod
2451 5562 2504 5612 in
2541 5555 2841 5614 homiletieo
2866 5559 3074 5612 dicendi
3116 5575 3300 5625 genere
3335 5560 3398 5608 ab
3450 5557 3544 5630 illo
3580 5555 3694 5630 ﬁeri

438 5633 589 5694 solet,
625 5631 814 5685 Latino
847 5626 1036 5686 lectori
1053 5626 1687 5701 fastidiumigenerarent.
1724 5633 1830 5684 Sed
1871 5632 2075 5684 utinam
2112 5633 2212 5685 hoc
2243 5626 2427 5685 labore
2456 5631 2790 5700 adimpleudi
2825 5647 2946 5699 qua:
2971 5631 3219 5701 deerant,
3257 5626 3695 5701 supersedisset!

441 5705 516 5757 Ex
538 5704 653 5770 ejus
687 5704 829 5756 enim
862 5696 1077 5756 licentia
1114 5703 1316 5755 l'actmn
1343 5696 1426 5756 est
1459 5713 1515 5754 ut
1547 5703 1635 5769 qui
1675 5703 1801 5770 legit
1833 5704 1930 5755 has
1958 5701 2233 5767 homilias,
2261 5703 2500 5756 incertus
2530 5696 2802 5755 sit—utrum
2833 5696 2973 5769 legat
3001 5699 3292 5770 Origeuent
3316 5716 3382 5770 an
3417 5696 3695 5770 liuiinuut.

437 5766 704 5828 (lzetérnm
734 5774 1076 5840 cuin,judice
1113 5773 1327 5835 Rutilio,
1359 5789 1423 5828 ex
1455 5766 1701 5838 tempore
1729 5766 2099 5840 pronuntiata:
2126 5766 2259 5832 sint,
2295 5773 2512 5826 nonnisi
2541 5781 2661 5842 post
2690 5766 3124 5826 annum'Christi
3148 5767 3253 5821 ’345
3286 5766 3476 5822 haberi
3507 5778 3695 5837 potue-

437 5856 588 5915 ruut,
627 5847 699 5899 uti
732 5843 966 5899 diximus
1003 5845 1054 5896 in
1084 5843 1290 5897 monito
1324 5845 1389 5898 ad
1425 5843 1675 5898 homilias
1704 5844 1752 5896 in
1789 5841 2058 5897 Exodum.
