4110 6424
411 419 515 476 597

430 577 758 590 με’-

1579 406 1890 470 SELECTA
1930 412 1998 468 1N
2032 402 2430 466 LEVlTlCUli.

3563 403 3668 458 338

430 582 1606 590 __,___-_i,,,________.________i,_ri
1631 582 1808 584 τά
1847 582 1856 583 κ
1913 582 1916 583 ,
2001 582 2016 584 ἣν
2053 582 2076 583 η
2105 582 2124 583 7
2171 582 2198 583 γέ
2333 582 2344 583 η

1169 785 2109 919 ΩΡΙΓΕΝΟΥΣ
2183 772 2936 914 ΕΚΑΟΓΑΙ

1625 1028 1796 1114 ΕΙΣ
1836 1024 2474 1111 ΛΕΥΙΤΙΚΟΝ.

1995 1211 2060 1223 .-

1859 577 2156 584 ——-———_

2269 574 2516 583 __———

856 1379 1017 1468 EX
1091 1376 1628 1470 ORIGENE
1704 1377 2229 1468 SELECTA
2303 1375 2428 1466 IN
2513 1368 3224 1467 LEVITICUM.

496 1758 601 1807 Kal
644 1754 976 1809 ἀνεκὰλεσε
1011 1755 1296 1824 Μωϋσῆν.
1338 1756 1619 1810 Λευῖτικὸν
1669 1757 2001 1826 ὠνόμασται,

2182 1755 2248 1809 Et
2291 1754 2485 1808 vocavit
2534 1752 2767 1822 Moysen:
2798 1751 2865 1804 ⁹¹.
2908 1749 3181 1805 Levilieus
3218 1749 3355 1804 liber
3389 1749 3688 1820 appellatus

427 1845 610 1914 επειδὴ
640 1844 700 1897 τὸ
731 1845 831 1915 τῆς
857 1845 1153 1916 ἱερωσύνης
1176 1847 1269 1900 καὶ
1297 1846 1365 1901 τὰ
1400 1848 1508 1900 τῶν
1539 1847 1739 1902 θυσιῶν
1779 1850 1873 1901 καὶ
1906 1850 2007 1902 ὅσα

433 1934 647 1988 τοιαῦτα
692 1933 1023 2006 προσέταξεν
1068 1939 1095 1989 ὁ
1125 1936 1274 2000 Θεὸς,
1313 1938 1370 1989 ὲν
1395 1936 1571 2009 τούτῳ
1599 1936 1870 2008 Λευῖτικῴ
1914 1937 2009 2006 φέ-

431 2045 604 2099 ρεται.
644 2029 795 2098 Ἔχει
829 2029 926 2099 μὲν
958 2025 1050 2083 οὖν
1082 2032 1175 2083 καὶ
1201 2033 1232 2102 ἡ
1264 2031 1481 2097 Ἔξοδος
1515 2031 1608 2084 τοῦ
1633 2030 1766 2083 Θεοῦ
1789 2029 2011 2101 νομοθε-

428 2121 582 2184 σίας·
606 2121 757 2183 ὅπως
783 2122 839 2174 δὲ
865 2121 1221 2194 ὲτελὲσθησαν
1257 2127 1303 2176 οἱ
1340 2125 1504 2195 ἱερεῖς
1544 2123 1874 2194 χρισθέντες,
1916 2123 2010 2176 καὶ

428 2213 576 2275 ὅπως
623 2213 1034 2282 κατεσκευάσθη
1068 2215 1101 2284 ὴ
1145 2214 1316 2285 σκηνὴ
1360 2216 1454 2267 καὶ
1503 2212 1778 2284 σύμπηξιν
1820 2211 2010 2266 ἔλαϐεν

428 2303 708 2373 ἁρμόνιον,
740 2298 998 2356 κα“ι’ἄλλα
1033 2302 1256 2358 πλείονα
1297 2307 1502 2376 ἱστορεῖ
1525 2304 1585 2358 τὸ
1619 2303 1921 2358 Λευῖτικόν.
1947 2305 2010 2356 El

429 2393 488 2446 δὲ
519 2393 612 2446 καὶ
641 2393 806 2465 ἕτερά
834 2412 954 2446 τινα
981 2395 1249 2466 περιέχει,
1283 2397 1344 2448 οὐ
1375 2395 1703 2467 θαυμαστὸν,
1731 2395 2010 2468 ἐπιγραφὴ

430 2484 540 2555 γάρ
562 2487 698 2550 ἐστι,
724 2486 1053 2551 Λευῖτικὸν,
1083 2487 1176 2539 τοῦ
1206 2490 1263 2541 ἐν
1283 2488 1432 2559 αὐτῷ
1455 2488 1813 2560 καιριωτέρου
1841 2487 2013 2560 δηλω-

431 2579 602 2632 τικόν.

513 2755 620 2811 Τοῦ
667 2759 870 2812 αὑτοῦ.
907 2759 1010 2813 Τὸν
1052 2765 1178 2831 περὶ
1218 2759 1416 2816 θυσιῶν
1461 2759 1617 2829 λόγον
1653 2761 1700 2814 οῖ
1736 2761 1810 2832 μὴ
1838 2759 2012 2832 ὀρθῶς

436 2847 730 2919 ἐνορῶντες
770 2852 1200 2921 καταφρονοῦσιν
1226 2853 1258 2923 ἣ
1283 2852 1359 2915 ὡς
1395 2853 1645 2916 εὐτελοῦς
1670 2853 2010 2923 νομοθεσίας,

440 2941 531 2992 καὶ
569 2941 736 3012 μηδὲν
779 2943 927 3007 ἄξιον
963 2943 1055 2995 τοῦ
1089 2944 1430 3014 Δημιουργοῦ
1470 2944 1720 3015 ἐχούσης.
1769 2943 1803 3015 ἢ
1846 2943 2011 2998 αὐτοῦ

437 3031 530 3084 τοῦ
558 3031 899 3101 Δημιουργοῦ
924 3031 998 3094 ὡς
1023 3033 1213 3101 εὐτελῆ
1245 3033 1656 3101 νομοθετοῦντος
1682 3033 1894 3095 ἀσεϐῶς
1915 3049 2014 3087 κα.-

439 3121 850 3191 ταψηφῐζονται.
900 3120 956 3171 Ὀ
1007 3121 1063 3172 δὲ
1111 3121 1310 3189 νοήσας
1355 3119 1416 3172 τὸ
1463 3120 1555 3172 τοῦ
1595 3117 1761 3171 Δαυῖδ
1799 3121 1892 3173 καὶ
1920 3120 2014 3173 τοῦ

452 3211 796 3270 Ἀποστόλου,
827 3210 919 3262 τοῦ
963 3211 1059 3279 μὲν
1095 3209 1372 3276 λέγοντος·
1415 3228 1433 3260 ‹
1481 3210 1853 3281 Ἀποκὰλυψον
1892 3213 2018 3275 τοὺς

441 3301 752 3371 ὀφθαλμούς
789 3319 887 3370 μου
916 3303 1008 3354 καὶ
1038 3302 1358 3371 κατανοήσω
1391 3301 1457 3353 τὰ
1488 3301 1762 3372 θαυμάσια
1813 3305 1877 3357 ὲκ
1922 3302 2017 3357 τοῦ

444 3391 606 3461 νόμου
636 3409 728 3444 σου
754 3410 766 3422 ·
809 3411 826 3443 ι
862 3391 952 3445 τοῦ
982 3393 1038 3446 δὲ
1072 3392 1330 3463 βοῶντος·
1371 3410 1388 3443 ι
1427 3392 1485 3447 Ὀ
1520 3393 1682 3464 νόμος
1717 3411 2018 3466 πνευματι-

445 3481 538 3545 κός
580 3485 716 3544 ἐστι,
764 3503 780 3533 ι
825 3483 1040 3536 δύναται
1091 3481 1372 3551 διαϐλέψαι
1409 3485 1484 3548 ὡς
1530 3485 1654 3549 ἄξια
1688 3485 1822 3538 Θεοῦ
1873 3489 2019 3540 ἐστιν

400 3604 409 3608 --
445 3573 913 3644 ἀποκεκρυμμένα
946 3575 1002 3626 ἐν
1031 3573 1240 3636 τούτοις
1277 3575 1593 3647 μαθήματα.

517 3686 849 3752 Ἄνθρωπος
884 3685 951 3748 ἐξ
984 3687 1170 3755 ὑμῶν,
1210 3687 1318 3742 ἐὰν
1348 3692 1699 3762 προσαγάγῃ
1752 3695 1910 3763 δῶρα
1939 3695 2021 3762 τῷ

446 3775 654 3852 Κυρίῳ..
711 3775 1102 3846 Τετηρήκαμεν
1134 3776 1190 3829 δὲ
1233 3775 1498 3850 πολλαχοῦ
1536 3781 1644 3835 τῶν
1682 3785 1914 3855 Γραφῶν
1953 3783 2022 3838 τὰ

448 3868 546 3938 μὲν
577 3868 725 3940 δῶρα
756 3868 974 3921 ἐπὶτῶν
1000 3869 1151 3933 ζώων
1175 3869 1446 3939 λέγεσθαι,
1476 3873 1574 3937 τὰς
1604 3874 1659 3927 δὲ
1696 3875 1886 3940 θυσίας
1931 3877 2020 3930 ἐπὶ

450 3959 559 4014 τῶν
581 3959 801 4029 ἀψύχων
829 3959 968 4012 κατὰ
991 3958 1050 4011 τὸ
1072 3961 1127 4011 ἐν
1152 3963 1216 4030 τῇ
1246 3961 1460 4014 Γενέσει
1491 3963 1781 4034 λεγόμενον
1801 3983 1814 3996 ο
1860 3985 1879 4017 ‹
1912 3967 2022 4020 Καὶ

449 4051 664 4102 ἐπεῖδεν
701 4052 729 4102 ὁ
748 4049 879 4111 Θεὸς
905 4051 1002 4102 ἐπὶ
1026 4049 1209 4113 Ἅϐελ,
1246 4053 1339 4103 καὶ
1366 4052 1458 4105 ἐπὶ
1481 4057 1591 4116 τοῖς
1616 4054 1807 4126 δώροις
1833 4054 2018 4121 αὐτοῦ,

451 4142 543 4194 ἐπὶ
571 4141 626 4194 δὲ
671 4142 813 4194 Κάϊν
869 4141 962 4194 καὶ¹
993 4141 1083 4193 ἐπὶ
1126 4144 1249 4204 ταῖς
1295 4142 1506 4205 θυσίαις
1554 4144 1717 4198 αὑτοῦ
1760 4147 1819 4198 ού
1857 4159 2024 4217 προσ-

447 4233 621 4302 έσχεν.
661 4252 679 4284 ι
713 4234 832 4284 Ἔτι
873 4231 930 4284 δὲ
968 4233 1062 4286 καὶ
1103 4231 1261 4285 τοῦτο
1295 4235 1505 4305 ῥητέον,
1536 4238 1628 4289 ἐπὶ
1661 4237 1758 4307 μὲν
1788 4237 1896 4291 τῶν
1921 4241 2023 4308 ὲμο

447 4326 636 4395 ψύχων
657 4344 699 4376 ·ι
716 4326 1054 4397 Ἄνθρωπος,
1079 4328 1264 4399 φησὶν,
1297 4326 1544 4399 ὲξὺμῶν,
1573 4331 1664 4383 ὲὰν
1696 4334 2022 4407 προσαγάγῃ

2108 1861 2210 1910 est,
2241 1845 2499 1914 quoniam
2533 1859 2592 1898 ea
2621 1857 2740 1912 quae
2774 1842 2842 1895 ad
2894 1839 3288 1906 sacerdotium,
3328 1849 3382 1895 et
3411 1842 3476 1895 ad
3517 1843 3688 1895 sacri-

2111 1939 2232 1992 licia
2276 1937 2572 2005 pertinent,
2626 1943 2681 1987 et
2740 1949 3079 2004 quzecunque
3135 1933 3400 2002 ejusmodi
3445 1933 3689 2000 praecipit

2115 2033 2282 2095 Deus,
2325 2030 2378 2084 in
2419 2030 2519 2083 hoc
2550 2025 2795 2082 Levitico
2841 2029 3206 2083 continentur.
3267 2024 3440 2080 Habet
3470 2025 3688 2094 quidem

2110 2126 2275 2175 etiam
2310 2119 2530 2173 Exodus
2557 2118 2652 2172 Dei
2688 2126 2981 2187 praecepta,
3011 2125 3068 2170 at
3104 2116 3375 2185 quomodo
3406 2115 3693 2170 initiaren-

2115 2223 2204 2268 tur
2233 2213 2553 2267 sacerdotes
2575 2208 3029 2278 uncti,quomodo
3064 2207 3387 2262 fabricatum
3416 2205 3485 2260 sil
3514 2204 3692 2258 taber-

2112 2307 2366 2361 naculum
2401 2313 2456 2359 et
2487 2316 2786 2372 congruam
2837 2298 3109 2368 acceperit
3155 2305 3519 2361 structuram,
3557 2295 3687 2349 item

2113 2399 2216 2453 alia
2279 2397 2445 2451 multa
2517 2401 2785 2449 memorat
2841 2391 3136 2446 Leviticus.
3187 2389 3340 2457 Quod
3389 2387 3434 2443 si
3485 2397 3538 2443 et
3585 2385 3689 2441 alia

2112 2492 2357 2562 quadam
2387 2488 2653 2552 continet,
2692 2486 2827 2540 nihil
2887 2485 3085 2539 mirum
3131 2499 3144 2537 :
3189 2481 3474 2552 inscriptio
3520 2480 3690 2541 enim,

2115 2581 2402 2646 Leviticus,
2440 2587 2650 2633 unitum
2680 2591 2800 2648 quae
2829 2576 2882 2630 in
2917 2591 2982 2632 eo
3012 2575 3232 2646 majoris
3254 2583 3380 2629 sunt
3405 2572 3691 2637 momenti,

2114 2675 2403 2746 significat.
3469 2681 3471 2683 ’

2187 2767 2464 2836 Ejusdem.
2501 2763 2601 2831 Qui
2648 2763 2918 2817 rationem
2962 2759 3356 2815 sacriﬁciorum
3395 2773 3502 2812 non
3547 2764 3694 2814 recte

2117 2860 2477 2928 perspiciunt,
2514 2857 2546 2910 ii
2575 2855 2660 2911 vel
2696 2856 2868 2925 legem
2907 2863 2965 2906 ut
3004 2853 3164 2908 vilem
3196 2861 3252 2907 et
3293 2853 3424 2906 nihil
3471 2852 3692 2919 dignum

2115 2951 2375 3006 Creatore
2388 2951 2674 3005 habentem
2691 2956 3072 3012 contemnunt;
3089 2946 3170 3000 vel
3188 2946 3364 3013 ipsum
3379 2941 3692 3000 Creatorem

2117 3053 2178 3097 ut
2206 3041 2333 3095 vilia
2365 3042 2770 3109 praecipientem
2812 3039 2975 3106 impie
3003 3037 3366 3091 condemnant
3417 3054 3430 3087 :
3476 3036 3571 3088 sed
3602 3035 3695 3102 qui

2048 3109 2090 3161 Β
2121 3128 2452 3182 intellexerit
2482 3127 2703 3181 Davidis
2734 3135 2790 3179 et
2817 3123 3058 3194 Apostoli
3086 3123 3274 3188 verba,
3300 3121 3446 3176 illius
3478 3124 3696 3187 quidem

2125 3219 2358 3272 dicentis
2389 3219 2435 3250 9’
2482 3235 2496 3271 :
2540 3233 2560 3268 ι
2610 3217 2808 3271 Revela
2857 3214 3042 3270 oculos
3092 3229 3264 3280 meos,
3301 3223 3356 3269 et
3399 3215 3696 3285 intelligam

2125 3311 2396 3368 mirabilia
2427 3312 2491 3365 de
2540 3311 2658 3378 lege
2693 3318 2783 3363 tua
2813 3326 2827 3372 ;
2867 3327 2884 3360 ι
2914 3306 3074 3374 hujus
3113 3321 3242 3360 vero
3281 3306 3572 3362 clamantis
3604 3306 3650 3339 ⁸³
3679 3322 3694 3358 :

2129 3424 2149 3457 ι
2183 3400 2296 3459 Lex
2337 3401 2597 3472 spiritalis
2632 3411 2734 3462 est,
2785 3419 2803 3452 ι
2849 3401 2895 3454 is
2929 3413 3059 3454 sane
3094 3398 3281 3453 videre
3318 3406 3501 3467 potest
3534 3399 3695 3469 digna

2124 3497 2232 3551 Deo
2269 3512 2390 3552 esse
2430 3509 2548 3564 quae
2574 3493 2625 3546 in
2658 3493 2744 3547 liis
2784 3491 2949 3546 latent
2975 3500 3271 3560 praecepta.

2196 3610 2368 3666 Homo
2411 3627 2475 3664 ea:
2518 3605 2682 3670 vobis,
2732 3609 2778 3661 si
2833 3603 3020 3675 a/ferat
3072 3620 3294 3659 munera
3346 3605 3568 3658 Domino
3627 3602 3704 3656 ⁸δὶ

2123 3705 2542 3762 Observavimns
2584 3716 2725 3769 smpe
2767 3703 2816 3753 in
2861 3699 3158 3768 Scripturis
3183 3712 3404 3752 munera
3442 3697 3510 3751 de
3540 3693 3695 3767 181

2125 3797 2451 3850 animalibus
2488 3795 2614 3858 dici,
2651 3790 2921 3847 sacriﬁcia
2941 3801 3120 3846 autem
3153 3791 3217 3844 de
3241 3790 3402 3844 rebus
3425 3787 3699 3852 inanimis,

2117 3889 2273 3957 juxta
2315 3887 2366 3940 id
2404 3891 2544 3956 quod
2587 3887 2638 3938 in
2671 3882 2866 3938 Genesi
2907 3883 3104 3937 dicitur
3147 3881 3194 3913 "
3249 3895 3264 3934 :
3301 3898 3318 3931 ι
3362 3881 3429 3934 Et
3463 3881 3700 3948 respexit

2123 3982 2265 4036 Deus
2303 3996 2464 4049 super
2525 3977 2680 4041 Abel,
2718 3987 2772 4030 et
2828 3991 2994 4043 super
3033 3987 3258 4026 munera
3306 3970 3465 4040 ejus;
3536 3986 3700 4040 super

2125 4075 2256 4129 Cain
2283 4085 2487 4133 autem,
2527 4080 2580 4124 et
2616 4084 2775 4137 super
2801 4066 3069 4120 sacriﬁcia
3104 4063 3222 4132 ejus
3255 4077 3362 4116 non
3404 4063 3692 4116 advertit.»

2125 4165 2256 4219 Illud
2286 4165 2507 4230 insuper
2541 4161 2828 4214 dicendum
2861 4173 2873 4210 :
2907 4156 2995 4209 ubi
3029 4156 3092 4208 de
3127 4153 3453 4206 animalibus
3481 4153 3698 4222 agitur:

2132 4272 2150 4304 ι
2190 4253 2384 4316 llotno,
2422 4250 2618 4318 inquit,
2666 4263 2729 4300 ex
2769 4246 2923 4299 vobis
2954 4246 2998 4298 si
3031 4243 3224 4298 aﬁ‘erat
3248 4255 3470 4294 munera
3500 4257 3514 4304 ;
3564 4262 3582 4293 ι
3612 4243 3700 4296 ubi

2125 4358 2256 4396 vero
2280 4343 2345 4396 de
2373 4339 2706 4401 inanimatis,
2741 4355 2758 4387 ι
2787 4338 2831 4392 si
2862 4337 3062 4390 anima.
3105 4355 3122 4386 ι
3155 4333 3517 4388 lnanimatum
3545 4333 3705 4389 oﬂ'ert

445 4419 594 4489 δῶρα
616 4436 630 4450 ο
661 4437 679 4468 ι
720 4420 810 4471 ἐπὶ
835 4419 892 4472 δὲ
913 4418 1020 4472 τῶν
1051 4418 1291 4490 ἀψύχων,
1336 4438 1354 4470 ‹
1395 4419 1490 4474 ἐὰν
1520 4421 1686 4493 ψυχή.
1723 4443 1740 4474 ι
1779 4424 1852 4476 Τὸ
1891 4425 2018 4494 ἄψυ-

2129 4438 2330 4500 anima,
2367 4444 2422 4488 ιιι
2447 4449 2511 4486 ex
2568 4431 2867 4484 irrationali
2915 4428 3182 4483 rationale
3225 4428 3400 4482 solum
3434 4428 3704 4497 relinqua-

446 4528 541 4582 χον
572 4513 603 4580 ἡ
639 4509 783 4581 ψυχή
805 4527 816 4539 ·
851 4510 938 4562 ἴνα
963 4508 1055 4562 τοῦ
1111 4511 1209 4580 μὲν
1247 4510 1441 4578 ἀλόγου
1485 4512 1546 4565 τὸ
1601 4512 1817 4581 λογικὸν
1865 4515 2021 4585 μόνον

447 4599 862 4670 καταλείπηται,
881 4601 972 4653 καὶ
997 4600 1088 4653 τοῦ
1116 4599 1323 4672 ἀψύχου
1357 4601 1463 4655 ὑπὸ
1492 4603 1584 4656 τοῦ
1618 4605 1790 4675 πυρὸς
1817 4622 2025 4678 νενικη-

453 4693 615 4762 μένου
654 4693 937 4762 ἀπομεξνοι
979 4693 1040 4746 τὸ
1067 4692 1306 4763 ἔμψυχον
1348 4693 1528 4764 μόνον.

522 4805 857 4875 Προχεοῦσι
885 4805 952 4859 τὸ
996 4801 1138 4874 uiua
1183 4806 1281 4859 ἐπὶ
1315 4806 1380 4859 τὸ
1407 4809 1857 4878 θυσιαστήριον.
1922 4810 2026 4864 Θυ-

453 4901 768 4970 σιαστήριον
809 4896 1148 4968 καρπώσεως
1173 4899 1201 4949 ὁ
1246 4897 1428 4967 βωμὸς
1457 4899 1695 4968 λέγεται,
1730 4902 1814 4970 ἐφ’
1843 4893 1903 4954 οὗ
1934 4901 2029 4955 θυ-

453 4991 563 5044 σίαι
591 4988 1038 5052 ὁλοκαυτώσεωςδ
1076 4989 1457 5060 θυσιαστήριον
1485 4991 1542 5043 δὲ
1576 4991 1938 5063 θυμιάματος,
1969 4993 2030 5046 τὺ

451 5083 560 5136 ἔσω
589 5081 986 5152 θυσιαστήριον.

531 5195 640 5248 ἸὈῦ
687 5195 896 5248 αὐτοῦ.
933 5193 1147 5265 Ἐπειδὴ
1187 5192 1404 5265 ἔχαιρον
1433 5197 1548 5259 ταῖς
1573 5191 1784 5260 θυσίαις
1815 5197 1864 5248 οἱ
1899 5198 2028 5249 Ἰου-

450 5288 588 5341 δαῖοι
612 5289 668 5339 ὲν
700 5285 957 5355 Αἰγύπτῳ
1002 5285 1223 5349 ταύταις
1270 5286 1712 5356 προσεθίσαντες,
1747 5286 1822 5352 ὡς
1871 5287 2026 5358 καὶή

451 5379 511 5434 ὲν
535 5382 600 5447 τῇ
635 5380 822 5450 ἐρήμῳ
851 5376 1166 5447 μοσχοποιία
1185 5379 1467 5448 μαρτυρεῖ,
1499 5377 1800 5448 ἐπέτρεψεν
1835 5379 1862 5430 ὀ
1896 5372 2029 5440 Θεὸς

451 5470 656 5532 ταύτας
711 5469 860 5540 αὐτῷ
909 5471 1294 5539 προσαγαγεῖν,
1346 5468 1518 5542 ταύτῃ
1563 5469 1868 5540 χαλινώσας
1927 5469 2026 5538 τῆς

451 5561 744 5625 πολυθεῒας
769 5561 864 5629 τὰς
891 5562 1155 5625 ἀτάκτους
1185 5561 1358 5634 ὁρμὰς
1386 5563 1480 5616 καὶ
1506 5561 1599 5614 τοῦ
1627 5561 1702 5633 μὴ
1731 5560 1878 5614 θύειν
1909 5559 2024 5612 διιεκ

455 5667 605 5725 μασι.

448 5822 450 5826 ’
525 5835 569 5865 ⁹¹
612 5833 788 5893 Levii.
821 5851 861 5903 ι,
904 5835 952 5890 1.
1030 5836 1073 5867 ⁹²
1113 5833 1256 5890 Psal.
1291 5850 1479 5902 cxvnt,
1515 5831 1602 5888 18.

1681 5835 1728 5867 ’³
1755 5835 1911 5890 Rom.
1941 5851 2036 5899 vn,
2066 5835 2116 5890 4.
2193 5834 2238 5868 ⁵⁸
2261 5834 2433 5891 Leuit.
2457 5848 2498 5898 ι,
2519 5831 2575 5885 ‘2.

2130 4542 2236 4596 tur,
2266 4539 2318 4584 et
2350 4525 2651 4581 inanimato
2684 4526 2750 4580 ab
2787 4527 2909 4596 igne
2945 4533 3267 4592 consumpto
3305 4519 3479 4576 solum
3511 4535 3710 4590 supers

2129 4623 2200 4676 sit
2230 4621 2547 4674 animatum.
3040 4623 3043 4626 '

2202 4814 2487 4888 Eﬂundenl
2538 4816 2845 4885 sanguinem
2891 4813 2961 4867 ad
3000 4813 3169 4868 altare
3211 4806 3278 4866 θ’.
3317 4809 3508 4865 Altare
3539 4805 3698 4865 holo-

2131 4910 2304 4966 causti
2342 4925 2435 4962 ara
2465 4907 2685 4970 dicitur,
2718 4907 2770 4960 in
2797 4921 2902 4974 qua
2930 4904 3202 4960 sacriﬁcia
3247 4900 3554 4958 liolocausti
3580 4898 3678 4955 οίΐ(

2133 5011 2344 5065 runtur,
2385 5000 2554 5054 altare
2582 5011 2708 5054 vero
2736 4997 2971 5064 incensi,
2999 4995 3230 5052 interior
3267 5005 3350 5052 est
3381 5010 3499 5051 ara.

2204 5193 2476 5263 Ejusdem.
2509 5193 2780 5260 Quoniam
2838 5191 3128 5248 sacriﬁciis
3162 5190 3578 5247 delectabantur
3611 5186 3704 5243 Ju-

2132 5287 2254 5350 daei,
2285 5296 2469 5355 utpote
2499 5286 2565 5340 iis
2597 5287 2651 5339 in
2684 5284 2922 5356 {Egypto
2953 5284 3178 5350 assueti,
3213 5292 3274 5336 ut
3315 5282 3473 5336 docet
3502 5276 3704 5333 vitulus

2136 5377 2188 5430 in
2221 5379 2432 5431 deserto
2457 5375 2741 5442 conﬂatus,
2769 5377 2885 5430 haec
2915 5375 3018 5429 sibi
3048 5373 3232 5428 oﬂerri
3260 5368 3508 5440 permisit
3537 5367 3703 5432 Deus,

2135 5478 2189 5522 ut
2218 5483 2404 5522 eorum
2438 5468 2502 5521 ad
2537 5468 2722 5534 plures
2752 5468 2880 5522 deos
2899 5466 3155 5521 colendos
3187 5461 3490 5517 inordinate
3514 5459 3708 5528 proeli-

2134 5574 2230 5614 ves
2273 5561 2486 5614 animos
2537 5559 2840 5615 refrenaret
2870 5568 2926 5613 et
2953 5573 2982 5612 a
3013 5553 3376 5612 sacriﬁcando
3427 5549 3707 5607 dmmoniis

2135 5660 2426 5708 averteret.

2651 5831 2695 5864 ου
2731 5828 2866 5885 Gen,
2890 5843 2943 5895 ν,
2978 5827 3034 5894 4,
3064 5826 3116 5881 5.
3193 5827 3239 5863 "
3273 5825 3445 5880 chit.
3472 5837 3511 5891 ι,
3545 5821 3599 5881 5.
