  <div class='ocr_page' id='page_1' title='image "/cluster/home/n/w/nwhite01/storage/ocr_20150623/12:no.2/coo.31924054873074/213.png"; bbox 0 0 4110 6406; ppageno 0'>
   <div class='ocr_carea' id='block_1_1' title="bbox 405 383 508 435">
    <p class='ocr_par' dir='ltr' id='par_1_1' title="bbox 405 383 508 435">
     <span class='ocr_line' id='line_1_1' title="bbox 405 383 508 435; baseline 0.01 -1"><span class='ocrx_word' id='word_1_1' title='bbox 405 383 508 435; x_wconf 64' lang='grc' dir='ltr'><strong>ὖξιῖ)</strong></span> 
     </span>
    </p>
   </div>
   <div class='ocr_carea' id='block_1_2' title="bbox 402 602 1982 672">
    <p class='ocr_par' dir='ltr' id='par_1_2' title="bbox 402 602 1982 672">
     <span class='ocr_line' id='line_1_2' title="bbox 402 602 1982 672; baseline 0.005 -17"><span class='ocrx_word' id='word_1_2' title='bbox 402 614 597 670; x_wconf 86' lang='lat' dir='ltr'><strong>sponte</strong></span> <span class='ocrx_word' id='word_1_3' title='bbox 627 602 843 670; x_wconf 87' lang='lat' dir='ltr'><strong>ﬁtquod</strong></span> <span class='ocrx_word' id='word_1_4' title='bbox 876 602 1146 670; x_wconf 75' lang='lat' dir='ltr'><strong>quispiam</strong></span> <span class='ocrx_word' id='word_1_5' title='bbox 1181 604 1288 672; x_wconf 72' lang='lat' dir='ltr'><strong>agit</strong></span> <span class='ocrx_word' id='word_1_6' title='bbox 1313 605 1540 659; x_wconf 89' lang='lat' dir='ltr'><strong>malum.</strong></span> <span class='ocrx_word' id='word_1_7' title='bbox 1570 607 1982 663; x_wconf 75' lang='lat' dir='ltr'><strong>Observandum</strong></span> 
     </span>
    </p>
   </div>
   <div class='ocr_carea' id='block_1_3' title="bbox 405 693 1983 764">
    <p class='ocr_par' dir='ltr' id='par_1_3' title="bbox 405 693 1983 764">
     <span class='ocr_line' id='line_1_3' title="bbox 405 693 1983 764; baseline 0.004 -17"><span class='ocrx_word' id='word_1_8' title='bbox 405 694 762 763; x_wconf 66' lang='lat' dir='ltr'><strong>ignorantiam</strong></span> <span class='ocrx_word' id='word_1_9' title='bbox 791 693 1071 746; x_wconf 82' lang='lat' dir='ltr'><strong>involunta</strong></span> <span class='ocrx_word' id='word_1_10' title='bbox 1085 697 1240 759; x_wconf 85' lang='lat' dir='ltr'><strong>riam,</strong></span> <span class='ocrx_word' id='word_1_11' title='bbox 1263 709 1544 764; x_wconf 85' lang='lat' dir='ltr'><strong>peccatum</strong></span> <span class='ocrx_word' id='word_1_12' title='bbox 1569 699 1750 751; x_wconf 78' lang='lat' dir='ltr'><strong>vocari</strong></span> <span class='ocrx_word' id='word_1_13' title='bbox 1778 715 1805 752; x_wconf 91' lang='lat' dir='ltr'><strong>a</strong></span> <span class='ocrx_word' id='word_1_14' title='bbox 1835 701 1983 754; x_wconf 81' lang='lat' dir='ltr'><strong>Scri-</strong></span> 
     </span>
    </p>
   </div>
   <div class='ocr_carea' id='block_1_4' title="bbox 402 782 1982 856">
    <p class='ocr_par' dir='ltr' id='par_1_4' title="bbox 402 782 1982 856">
     <span class='ocr_line' id='line_1_4' title="bbox 402 782 1982 856; baseline 0.005 -22"><span class='ocrx_word' id='word_1_15' title='bbox 402 793 582 853; x_wconf 88' lang='lat' dir='ltr'><strong>ptura.</strong></span> <span class='ocrx_word' id='word_1_16' title='bbox 627 782 736 836; x_wconf 91' lang='lat' dir='ltr'><strong>lmo</strong></span> <span class='ocrx_word' id='word_1_17' title='bbox 791 783 1022 836; x_wconf 89' lang='lat' dir='ltr'><strong>aliorum</strong></span> <span class='ocrx_word' id='word_1_18' title='bbox 1061 787 1420 851; x_wconf 83' lang='lat' dir='ltr'><strong>quorumdam</strong></span> <span class='ocrx_word' id='word_1_19' title='bbox 1477 789 1725 842; x_wconf 83' lang='lat' dir='ltr'><strong>meminit</strong></span> <span class='ocrx_word' id='word_1_20' title='bbox 1761 789 1982 856; x_wconf 82' lang='lat' dir='ltr'><strong>Paulus,</strong></span> 
     </span>
    </p>
   </div>
   <div class='ocr_carea' id='block_1_5' title="bbox 400 876 730 928">
    <p class='ocr_par' dir='ltr' id='par_1_5' title="bbox 400 876 730 928">
     <span class='ocr_line' id='line_1_5' title="bbox 400 876 730 928; baseline 0.012 -4"><span class='ocrx_word' id='word_1_21' title='bbox 400 876 586 928; x_wconf 79' lang='lat' dir='ltr'><strong>dicens</strong></span> <span class='ocrx_word' id='word_1_22' title='bbox 623 877 670 906; x_wconf 70' lang='lat'><strong><em>9&quot;</em></strong></span> <span class='ocrx_word' id='word_1_23' title='bbox 718 894 730 928; x_wconf 95' lang='lat'>:</span> 
     </span>
    </p>
   </div>
   <div class='ocr_carea' id='block_1_6' title="bbox 402 984 602 1021">
    <p class='ocr_par' dir='ltr' id='par_1_6' title="bbox 402 984 602 1021">
     <span class='ocr_line' id='line_1_6' title="bbox 402 984 602 1021; baseline -0.005 -1"><span class='ocrx_word' id='word_1_24' title='bbox 402 984 544 1021; x_wconf 89' lang='lat' dir='ltr'><strong>rum.</strong></span> <span class='ocrx_word' id='word_1_25' title='bbox 585 989 602 1019; x_wconf 72' lang='grc' dir='ltr'><strong>ι</strong></span> 
     </span>
    </p>
   </div>
   <div class='ocr_carea' id='block_1_7' title="bbox 472 1059 1984 1134">
    <p class='ocr_par' dir='ltr' id='par_1_7' title="bbox 472 1059 1984 1134">
     <span class='ocr_line' id='line_1_7' title="bbox 472 1059 1984 1134; baseline 0.005 -23"><span class='ocrx_word' id='word_1_26' title='bbox 472 1059 750 1124; x_wconf 76' lang='lat' dir='ltr'><strong>Eiusdem.</strong></span> <span class='ocrx_word' id='word_1_27' title='bbox 784 1059 919 1116; x_wconf 89' lang='lat' dir='ltr'><strong>Illud</strong></span> <span class='ocrx_word' id='word_1_28' title='bbox 961 1061 1104 1130; x_wconf 91' lang='lat' dir='ltr'><strong>quod</strong></span> <span class='ocrx_word' id='word_1_29' title='bbox 1136 1062 1336 1116; x_wconf 85' lang='lat' dir='ltr'><strong>dicitur</strong></span> <span class='ocrx_word' id='word_1_30' title='bbox 1369 1084 1379 1117; x_wconf 91' lang='lat'>:</span> <span class='ocrx_word' id='word_1_31' title='bbox 1420 1081 1437 1113; x_wconf 84' lang='grc' dir='ltr'><strong>ι</strong></span> <span class='ocrx_word' id='word_1_32' title='bbox 1484 1062 1540 1116; x_wconf 87' lang='lat' dir='ltr'><strong>Si</strong></span> <span class='ocrx_word' id='word_1_33' title='bbox 1586 1064 1764 1118; x_wconf 87' lang='lat' dir='ltr'><strong>anima</strong></span> <span class='ocrx_word' id='word_1_34' title='bbox 1793 1079 1984 1134; x_wconf 85' lang='lat' dir='ltr'><strong>pecca-</strong></span> 
     </span>
    </p>
   </div>
   <div class='ocr_carea' id='block_1_8' title="bbox 307 1152 1981 1222">
    <p class='ocr_par' dir='ltr' id='par_1_8' title="bbox 307 1152 1981 1222">
     <span class='ocr_line' id='line_1_8' title="bbox 307 1152 1981 1222; baseline 0.005 -21"><span class='ocrx_word' id='word_1_35' title='bbox 307 1216 309 1218; x_wconf 94' lang='lat'><em>_</em></span> <span class='ocrx_word' id='word_1_36' title='bbox 399 1152 540 1205; x_wconf 68' lang='lat' dir='ltr'><strong>verit</strong></span> <span class='ocrx_word' id='word_1_37' title='bbox 573 1167 678 1204; x_wconf 91' lang='lat' dir='ltr'><strong>non</strong></span> <span class='ocrx_word' id='word_1_38' title='bbox 709 1161 902 1222; x_wconf 89' lang='lat' dir='ltr'><strong>sponte</strong></span> <span class='ocrx_word' id='word_1_39' title='bbox 929 1163 984 1206; x_wconf 90' lang='lat' dir='ltr'><strong>et</strong></span> <span class='ocrx_word' id='word_1_40' title='bbox 1020 1167 1125 1206; x_wconf 93' lang='lat' dir='ltr'><strong>non</strong></span> <span class='ocrx_word' id='word_1_41' title='bbox 1164 1153 1355 1207; x_wconf 93' lang='lat' dir='ltr'><strong>fecerit</strong></span> <span class='ocrx_word' id='word_1_42' title='bbox 1385 1155 1449 1207; x_wconf 81' lang='lat' dir='ltr'><strong>de</strong></span> <span class='ocrx_word' id='word_1_43' title='bbox 1479 1154 1731 1209; x_wconf 90' lang='lat' dir='ltr'><strong>omnibus</strong></span> <span class='ocrx_word' id='word_1_44' title='bbox 1758 1157 1981 1210; x_wconf 87' lang='lat' dir='ltr'><strong>manda-</strong></span> 
     </span>
    </p>
   </div>
   <div class='ocr_carea' id='block_1_9' title="bbox 402 1244 1980 1311">
    <p class='ocr_par' dir='ltr' id='par_1_9' title="bbox 402 1244 1980 1311">
     <span class='ocr_line' id='line_1_9' title="bbox 402 1244 1980 1311; baseline 0.003 -15"><span class='ocrx_word' id='word_1_45' title='bbox 402 1244 470 1298; x_wconf 89' lang='lat' dir='ltr'><strong>tis</strong></span> <span class='ocrx_word' id='word_1_46' title='bbox 507 1244 738 1311; x_wconf 81' lang='lat' dir='ltr'><strong>Domini,</strong></span> <span class='ocrx_word' id='word_1_47' title='bbox 773 1263 792 1296; x_wconf 73' lang='grc' dir='ltr'><strong>ι</strong></span> <span class='ocrx_word' id='word_1_48' title='bbox 829 1253 1036 1298; x_wconf 71' lang='lat' dir='ltr'><strong>naturae</strong></span> <span class='ocrx_word' id='word_1_49' title='bbox 1067 1257 1491 1299; x_wconf 89' lang='lat' dir='ltr'><strong>consentaneum</strong></span> <span class='ocrx_word' id='word_1_50' title='bbox 1521 1255 1621 1300; x_wconf 85' lang='lat' dir='ltr'><strong>est.</strong></span> <span class='ocrx_word' id='word_1_51' title='bbox 1669 1247 1806 1302; x_wconf 87' lang='lat' dir='ltr'><strong>Sunt</strong></span> <span class='ocrx_word' id='word_1_52' title='bbox 1837 1248 1980 1302; x_wconf 87' lang='lat' dir='ltr'><strong>enim</strong></span> 
     </span>
    </p>
   </div>
   <div class='ocr_carea' id='block_1_10' title="bbox 402 1336 1978 1408">
    <p class='ocr_par' dir='ltr' id='par_1_10' title="bbox 402 1336 1978 1408">
     <span class='ocr_line' id='line_1_10' title="bbox 402 1336 1978 1408; baseline 0.001 -18"><span class='ocrx_word' id='word_1_53' title='bbox 402 1336 539 1390; x_wconf 90' lang='lat' dir='ltr'><strong>forte</strong></span> <span class='ocrx_word' id='word_1_54' title='bbox 583 1337 836 1405; x_wconf 69' lang='lat' dir='ltr'><strong>qumdam</strong></span> <span class='ocrx_word' id='word_1_55' title='bbox 879 1348 1146 1406; x_wconf 62' lang='lat' dir='ltr'><strong>praecepta</strong></span> <span class='ocrx_word' id='word_1_56' title='bbox 1193 1339 1408 1392; x_wconf 85' lang='lat' dir='ltr'><strong>Domini</strong></span> <span class='ocrx_word' id='word_1_57' title='bbox 1441 1355 1560 1408; x_wconf 70' lang='lat' dir='ltr'><strong>qnze</strong></span> <span class='ocrx_word' id='word_1_58' title='bbox 1593 1356 1695 1392; x_wconf 92' lang='lat' dir='ltr'><strong>non</strong></span> <span class='ocrx_word' id='word_1_59' title='bbox 1731 1340 1978 1394; x_wconf 87' lang='lat' dir='ltr'><strong>facienda</strong></span> 
     </span>
    </p>
   </div>
   <div class='ocr_carea' id='block_1_11' title="bbox 398 1429 1973 1501">
    <p class='ocr_par' dir='ltr' id='par_1_11' title="bbox 398 1429 1973 1501">
     <span class='ocr_line' id='line_1_11' title="bbox 398 1429 1973 1501; baseline 0.001 -18"><span class='ocrx_word' id='word_1_60' title='bbox 398 1440 525 1484; x_wconf 91' lang='lat' dir='ltr'><strong>sunt</strong></span> <span class='ocrx_word' id='word_1_61' title='bbox 549 1430 700 1500; x_wconf 85' lang='lat' dir='ltr'><strong>juxta</strong></span> <span class='ocrx_word' id='word_1_62' title='bbox 733 1430 862 1484; x_wconf 90' lang='lat' dir='ltr'><strong>illud</strong></span> <span class='ocrx_word' id='word_1_63' title='bbox 893 1429 939 1462; x_wconf 68' lang='lat'><strong>9°</strong></span> <span class='ocrx_word' id='word_1_64' title='bbox 974 1447 987 1483; x_wconf 94' lang='lat'><strong>:</strong></span> <span class='ocrx_word' id='word_1_65' title='bbox 1023 1448 1040 1480; x_wconf 83' lang='lat'><strong>(</strong></span> <span class='ocrx_word' id='word_1_66' title='bbox 1081 1429 1207 1484; x_wconf 94' lang='lat' dir='ltr'><strong>Dedi</strong></span> <span class='ocrx_word' id='word_1_67' title='bbox 1239 1433 1317 1485; x_wconf 90' lang='lat' dir='ltr'><strong>eis</strong></span> <span class='ocrx_word' id='word_1_68' title='bbox 1355 1443 1616 1501; x_wconf 72' lang='lat' dir='ltr'><strong>praecepta</strong></span> <span class='ocrx_word' id='word_1_69' title='bbox 1651 1449 1755 1485; x_wconf 91' lang='lat' dir='ltr'><strong>non</strong></span> <span class='ocrx_word' id='word_1_70' title='bbox 1781 1433 1973 1486; x_wconf 66' lang='lat' dir='ltr'><strong>bona.)</strong></span> 
     </span>
    </p>
   </div>
   <div class='ocr_carea' id='block_1_12' title="bbox 397 1519 1980 1590">
    <p class='ocr_par' dir='ltr' id='par_1_12' title="bbox 397 1519 1980 1590">
     <span class='ocr_line' id='line_1_12' title="bbox 397 1519 1980 1590; baseline 0.003 -18"><span class='ocrx_word' id='word_1_71' title='bbox 397 1519 593 1572; x_wconf 89' lang='lat' dir='ltr'><strong>Anima</strong></span> <span class='ocrx_word' id='word_1_72' title='bbox 621 1535 751 1588; x_wconf 82' lang='lat' dir='ltr'><strong>ergo</strong></span> <span class='ocrx_word' id='word_1_73' title='bbox 776 1531 965 1589; x_wconf 84' lang='lat' dir='ltr'><strong>peccat</strong></span> <span class='ocrx_word' id='word_1_74' title='bbox 992 1536 1095 1574; x_wconf 92' lang='lat' dir='ltr'><strong>non</strong></span> <span class='ocrx_word' id='word_1_75' title='bbox 1129 1530 1342 1590; x_wconf 76' lang='lat' dir='ltr'><strong>Sponte,</strong></span> <span class='ocrx_word' id='word_1_76' title='bbox 1372 1523 1587 1589; x_wconf 79' lang='lat' dir='ltr'><strong>quando</strong></span> <span class='ocrx_word' id='word_1_77' title='bbox 1618 1522 1836 1576; x_wconf 77' lang='lat' dir='ltr'><strong>obtentu</strong></span> <span class='ocrx_word' id='word_1_78' title='bbox 1864 1523 1980 1589; x_wconf 84' lang='lat' dir='ltr'><strong>pie-</strong></span> 
     </span>
    </p>
   </div>
   <div class='ocr_carea' id='block_1_13' title="bbox 399 1609 1981 1681">
    <p class='ocr_par' dir='ltr' id='par_1_13' title="bbox 399 1609 1981 1681">
     <span class='ocr_line' id='line_1_13' title="bbox 399 1609 1981 1681; baseline 0.003 -19"><span class='ocrx_word' id='word_1_79' title='bbox 399 1611 530 1664; x_wconf 90' lang='lat' dir='ltr'><strong>tatis</strong></span> <span class='ocrx_word' id='word_1_80' title='bbox 556 1609 606 1662; x_wconf 89' lang='lat' dir='ltr'><strong>id</strong></span> <span class='ocrx_word' id='word_1_81' title='bbox 638 1610 782 1679; x_wconf 91' lang='lat' dir='ltr'><strong>quod</strong></span> <span class='ocrx_word' id='word_1_82' title='bbox 813 1609 900 1664; x_wconf 87' lang='lat' dir='ltr'><strong>lex</strong></span> <span class='ocrx_word' id='word_1_83' title='bbox 937 1619 1104 1674; x_wconf 87' lang='lat' dir='ltr'><strong>vetat,</strong></span> <span class='ocrx_word' id='word_1_84' title='bbox 1136 1618 1337 1663; x_wconf 85' lang='lat' dir='ltr'><strong>servat.</strong></span> <span class='ocrx_word' id='word_1_85' title='bbox 1371 1611 1434 1663; x_wconf 86' lang='lat' dir='ltr'><strong>Et</strong></span> <span class='ocrx_word' id='word_1_86' title='bbox 1457 1611 1726 1663; x_wconf 83' lang='lat' dir='ltr'><strong>sacriﬁcio</strong></span> <span class='ocrx_word' id='word_1_87' title='bbox 1774 1611 1981 1681; x_wconf 79' lang='lat' dir='ltr'><strong>indiget</strong></span> 
     </span>
    </p>
   </div>
   <div class='ocr_carea' id='block_1_14' title="bbox 399 1700 1980 1770">
    <p class='ocr_par' dir='ltr' id='par_1_14' title="bbox 399 1700 1980 1770">
     <span class='ocr_line' id='line_1_14' title="bbox 399 1700 1980 1770; baseline 0.001 -16"><span class='ocrx_word' id='word_1_88' title='bbox 399 1703 465 1755; x_wconf 85' lang='lat' dir='ltr'><strong>ad</strong></span> <span class='ocrx_word' id='word_1_89' title='bbox 509 1702 722 1755; x_wconf 82' lang='lat' dir='ltr'><strong>veniam</strong></span> <span class='ocrx_word' id='word_1_90' title='bbox 767 1701 1144 1754; x_wconf 91' lang='lat' dir='ltr'><strong>obtinendam.</strong></span> <span class='ocrx_word' id='word_1_91' title='bbox 1189 1702 1261 1755; x_wconf 82' lang='lat' dir='ltr'><strong>At</strong></span> <span class='ocrx_word' id='word_1_92' title='bbox 1311 1700 1585 1754; x_wconf 80' lang='lat' dir='ltr'><strong>sacriﬁcio</strong></span> <span class='ocrx_word' id='word_1_93' title='bbox 1623 1717 1728 1754; x_wconf 92' lang='lat' dir='ltr'><strong>non</strong></span> <span class='ocrx_word' id='word_1_94' title='bbox 1773 1701 1980 1770; x_wconf 77' lang='lat' dir='ltr'><strong>indiget</strong></span> 
     </span>
    </p>
   </div>
   <div class='ocr_carea' id='block_1_15' title="bbox 397 1792 1974 1865">
    <p class='ocr_par' dir='ltr' id='par_1_15' title="bbox 397 1792 1974 1865">
     <span class='ocr_line' id='line_1_15' title="bbox 397 1792 1974 1865; baseline 0 -19"><span class='ocrx_word' id='word_1_95' title='bbox 397 1797 489 1864; x_wconf 92' lang='lat' dir='ltr'><strong>qni</strong></span> <span class='ocrx_word' id='word_1_96' title='bbox 524 1796 776 1849; x_wconf 90' lang='lat' dir='ltr'><strong>consulto</strong></span> <span class='ocrx_word' id='word_1_97' title='bbox 807 1797 943 1865; x_wconf 80' lang='lat' dir='ltr'><strong>agit,</strong></span> <span class='ocrx_word' id='word_1_98' title='bbox 987 1795 1132 1848; x_wconf 83' lang='lat' dir='ltr'><strong>sicut</strong></span> <span class='ocrx_word' id='word_1_99' title='bbox 1181 1794 1224 1846; x_wconf 89' lang='lat' dir='ltr'><strong>is</strong></span> <span class='ocrx_word' id='word_1_100' title='bbox 1264 1794 1354 1862; x_wconf 91' lang='lat' dir='ltr'><strong>qui</strong></span> <span class='ocrx_word' id='word_1_101' title='bbox 1399 1792 1617 1847; x_wconf 78' lang='lat' dir='ltr'><strong>.ludaens</strong></span> <span class='ocrx_word' id='word_1_102' title='bbox 1668 1793 1843 1846; x_wconf 89' lang='lat' dir='ltr'><strong>factus</strong></span> <span class='ocrx_word' id='word_1_103' title='bbox 1893 1803 1974 1848; x_wconf 89' lang='lat' dir='ltr'><strong>est</strong></span> 
     </span>
    </p>
   </div>
   <div class='ocr_carea' id='block_1_16' title="bbox 397 1882 1939 1950">
    <p class='ocr_par' dir='ltr' id='par_1_16' title="bbox 397 1882 1939 1950">
     <span class='ocr_line' id='line_1_16' title="bbox 397 1882 1939 1950; baseline 0 -10"><span class='ocrx_word' id='word_1_104' title='bbox 397 1887 687 1941; x_wconf 64' lang='lat' dir='ltr'><strong>utJudaeos</strong></span> <span class='ocrx_word' id='word_1_105' title='bbox 715 1887 1080 1950; x_wconf 84' lang='lat' dir='ltr'><strong>lucrifaceret,</strong></span> <span class='ocrx_word' id='word_1_106' title='bbox 1111 1894 1166 1939; x_wconf 90' lang='lat' dir='ltr'><strong>et</strong></span> <span class='ocrx_word' id='word_1_107' title='bbox 1201 1884 1545 1939; x_wconf 91' lang='lat' dir='ltr'><strong>circumcidit</strong></span> <span class='ocrx_word' id='word_1_108' title='bbox 1574 1882 1939 1940; x_wconf 87' lang='lat' dir='ltr'><strong>Timotheum.</strong></span> 
     </span>
    </p>
   </div>
   <div class='ocr_carea' id='block_1_17' title="bbox 469 1977 1978 2051">
    <p class='ocr_par' dir='ltr' id='par_1_17' title="bbox 469 1977 1978 2051">
     <span class='ocr_line' id='line_1_17' title="bbox 469 1977 1978 2051; baseline -0.002 -18"><span class='ocrx_word' id='word_1_109' title='bbox 469 1982 656 2034; x_wconf 76' lang='lat' dir='ltr'><strong>Anima</strong></span> <span class='ocrx_word' id='word_1_110' title='bbox 678 1980 771 2034; x_wconf 90' lang='lat' dir='ltr'><strong>illa</strong></span> <span class='ocrx_word' id='word_1_111' title='bbox 789 1995 1117 2051; x_wconf 71' lang='lat' dir='ltr'><strong>qna’cunque</strong></span> <span class='ocrx_word' id='word_1_112' title='bbox 1143 1978 1367 2046; x_wconf 84' lang='lat' dir='ltr'><strong>tetigerit</strong></span> <span class='ocrx_word' id='word_1_113' title='bbox 1390 1992 1591 2030; x_wconf 81' lang='lat' dir='ltr'><strong>omnem</strong></span> <span class='ocrx_word' id='word_1_114' title='bbox 1621 1993 1726 2029; x_wconf 89' lang='lat' dir='ltr'><strong>rem</strong></span> <span class='ocrx_word' id='word_1_115' title='bbox 1752 1977 1978 2030; x_wconf 82' lang='lat' dir='ltr'><strong>immun-</strong></span> 
     </span>
    </p>
   </div>
   <div class='ocr_carea' id='block_1_18' title="bbox 393 2070 1979 2139">
    <p class='ocr_par' dir='ltr' id='par_1_18' title="bbox 393 2070 1979 2139">
     <span class='ocr_line' id='line_1_18' title="bbox 393 2070 1979 2139; baseline -0.003 -11"><span class='ocrx_word' id='word_1_116' title='bbox 393 2077 539 2139; x_wconf 82' lang='lat' dir='ltr'><strong>dam,</strong></span> <span class='ocrx_word' id='word_1_117' title='bbox 571 2085 662 2128; x_wconf 82' lang='lat' dir='ltr'><strong>aut</strong></span> <span class='ocrx_word' id='word_1_118' title='bbox 693 2073 1034 2128; x_wconf 69' lang='lat' dir='ltr'><strong>morticinum</strong></span> <span class='ocrx_word' id='word_1_119' title='bbox 1069 2073 1108 2126; x_wconf 85' lang='grc'><strong>¹.</strong></span> <span class='ocrx_word' id='word_1_120' title='bbox 1138 2070 1484 2125; x_wconf 78' lang='lat' dir='ltr'><strong>Morticinum</strong></span> <span class='ocrx_word' id='word_1_121' title='bbox 1517 2081 1673 2124; x_wconf 86' lang='lat' dir='ltr'><strong>vocat</strong></span> <span class='ocrx_word' id='word_1_122' title='bbox 1702 2071 1808 2125; x_wconf 91' lang='lat' dir='ltr'><strong>Deo</strong></span> <span class='ocrx_word' id='word_1_123' title='bbox 1833 2087 1979 2125; x_wconf 91' lang='lat' dir='ltr'><strong>mor-</strong></span> 
     </span>
    </p>
   </div>
   <div class='ocr_carea' id='block_1_19' title="bbox 395 2163 1978 2233">
    <p class='ocr_par' dir='ltr' id='par_1_19' title="bbox 395 2163 1978 2233">
     <span class='ocr_line' id='line_1_19' title="bbox 395 2163 1978 2233; baseline -0.004 -13"><span class='ocrx_word' id='word_1_124' title='bbox 395 2180 544 2220; x_wconf 89' lang='lat' dir='ltr'><strong>tnnm</strong></span> <span class='ocrx_word' id='word_1_125' title='bbox 576 2167 851 2222; x_wconf 85' lang='lat' dir='ltr'><strong>hominem</strong></span> <span class='ocrx_word' id='word_1_126' title='bbox 889 2165 1112 2233; x_wconf 88' lang='lat' dir='ltr'><strong>quicum</strong></span> <span class='ocrx_word' id='word_1_127' title='bbox 1147 2177 1323 2232; x_wconf 85' lang='lat' dir='ltr'><strong>neque</strong></span> <span class='ocrx_word' id='word_1_128' title='bbox 1351 2163 1530 2215; x_wconf 84' lang='lat' dir='ltr'><strong>cibum</strong></span> <span class='ocrx_word' id='word_1_129' title='bbox 1572 2177 1788 2216; x_wconf 80' lang='lat' dir='ltr'><strong>sumere</strong></span> <span class='ocrx_word' id='word_1_130' title='bbox 1817 2177 1978 2231; x_wconf 87' lang='lat' dir='ltr'><strong>opor-</strong></span> 
     </span>
    </p>
   </div>
   <div class='ocr_carea' id='block_1_20' title="bbox 395 2253 1974 2324">
    <p class='ocr_par' dir='ltr' id='par_1_20' title="bbox 395 2253 1974 2324">
     <span class='ocr_line' id='line_1_20' title="bbox 395 2253 1974 2324; baseline -0.003 -12"><span class='ocrx_word' id='word_1_131' title='bbox 395 2267 524 2313; x_wconf 90' lang='lat' dir='ltr'><strong>teat.</strong></span> <span class='ocrx_word' id='word_1_132' title='bbox 559 2258 660 2323; x_wconf 81' lang='lat' dir='ltr'><strong>Qui</strong></span> <span class='ocrx_word' id='word_1_133' title='bbox 683 2258 826 2311; x_wconf 85' lang='lat' dir='ltr'><strong>enim</strong></span> <span class='ocrx_word' id='word_1_134' title='bbox 857 2257 1032 2324; x_wconf 78' lang='lat' dir='ltr'><strong>ipsum</strong></span> <span class='ocrx_word' id='word_1_135' title='bbox 1068 2255 1328 2322; x_wconf 77' lang='lat' dir='ltr'><strong>tetigerit,</strong></span> <span class='ocrx_word' id='word_1_136' title='bbox 1361 2254 1675 2306; x_wconf 85' lang='lat' dir='ltr'><strong>immundus</strong></span> <span class='ocrx_word' id='word_1_137' title='bbox 1709 2267 1814 2308; x_wconf 84' lang='lat' dir='ltr'><strong>est.</strong></span> <span class='ocrx_word' id='word_1_138' title='bbox 1842 2253 1974 2307; x_wconf 89' lang='lat' dir='ltr'><strong>Illud</strong></span> 
     </span>
    </p>
   </div>
   <div class='ocr_carea' id='block_1_21' title="bbox 393 2343 1976 2419">
    <p class='ocr_par' dir='ltr' id='par_1_21' title="bbox 393 2343 1976 2419">
     <span class='ocr_line' id='line_1_21' title="bbox 393 2343 1976 2419; baseline -0.004 -17"><span class='ocrx_word' id='word_1_139' title='bbox 393 2364 609 2419; x_wconf 84' lang='lat' dir='ltr'><strong>quoque</strong></span> <span class='ocrx_word' id='word_1_140' title='bbox 665 2347 1004 2401; x_wconf 88' lang='lat' dir='ltr'><strong>immundum</strong></span> <span class='ocrx_word' id='word_1_141' title='bbox 1035 2353 1120 2399; x_wconf 90' lang='lat' dir='ltr'><strong>est</strong></span> <span class='ocrx_word' id='word_1_142' title='bbox 1147 2343 1288 2414; x_wconf 92' lang='lat' dir='ltr'><strong>quod</strong></span> <span class='ocrx_word' id='word_1_143' title='bbox 1323 2343 1390 2396; x_wconf 92' lang='lat' dir='ltr'><strong>ab</strong></span> <span class='ocrx_word' id='word_1_144' title='bbox 1424 2344 1740 2398; x_wconf 81' lang='lat' dir='ltr'><strong>adversario</strong></span> <span class='ocrx_word' id='word_1_145' title='bbox 1788 2352 1976 2397; x_wconf 93' lang='lat' dir='ltr'><strong>nostro</strong></span> 
     </span>
    </p>
   </div>
   <div class='ocr_carea' id='block_1_22' title="bbox 392 2431 1974 2508">
    <p class='ocr_par' dir='ltr' id='par_1_22' title="bbox 392 2431 1974 2508">
     <span class='ocr_line' id='line_1_22' title="bbox 392 2431 1974 2508; baseline -0.005 -12"><span class='ocrx_word' id='word_1_146' title='bbox 392 2440 613 2496; x_wconf 87' lang='lat' dir='ltr'><strong>diabolo</strong></span> <span class='ocrx_word' id='word_1_147' title='bbox 636 2446 858 2508; x_wconf 89' lang='lat' dir='ltr'><strong>captum</strong></span> <span class='ocrx_word' id='word_1_148' title='bbox 885 2445 986 2490; x_wconf 90' lang='lat' dir='ltr'><strong>est.</strong></span> <span class='ocrx_word' id='word_1_149' title='bbox 1011 2431 1516 2489; x_wconf 78' lang='lat' dir='ltr'><strong>Pecoraimmunda</strong></span> <span class='ocrx_word' id='word_1_150' title='bbox 1548 2434 1749 2488; x_wconf 82' lang='lat' dir='ltr'><strong>fuerint</strong></span> <span class='ocrx_word' id='word_1_151' title='bbox 1781 2433 1852 2487; x_wconf 89' lang='lat' dir='ltr'><strong>illi</strong></span> <span class='ocrx_word' id='word_1_152' title='bbox 1884 2434 1974 2503; x_wconf 90' lang='lat' dir='ltr'><strong>qui</strong></span> 
     </span>
    </p>
   </div>
   <div class='ocr_carea' id='block_1_23' title="bbox 387 2526 1975 2602">
    <p class='ocr_par' dir='ltr' id='par_1_23' title="bbox 387 2526 1975 2602">
     <span class='ocr_line' id='line_1_23' title="bbox 387 2526 1975 2602; baseline -0.004 -16"><span class='ocrx_word' id='word_1_153' title='bbox 387 2535 758 2602; x_wconf 73' lang='lat' dir='ltr'><strong>iumentorum</strong></span> <span class='ocrx_word' id='word_1_154' title='bbox 795 2530 966 2582; x_wconf 89' lang='lat' dir='ltr'><strong>instar</strong></span> <span class='ocrx_word' id='word_1_155' title='bbox 1001 2527 1068 2581; x_wconf 87' lang='lat' dir='ltr'><strong>ad</strong></span> <span class='ocrx_word' id='word_1_156' title='bbox 1131 2527 1357 2581; x_wconf 85' lang='lat' dir='ltr'><strong>verbum</strong></span> <span class='ocrx_word' id='word_1_157' title='bbox 1397 2535 1768 2591; x_wconf 89' lang='lat' dir='ltr'><strong>accesserunt,</strong></span> <span class='ocrx_word' id='word_1_158' title='bbox 1825 2536 1879 2580; x_wconf 85' lang='lat' dir='ltr'><strong>et</strong></span> <span class='ocrx_word' id='word_1_159' title='bbox 1908 2526 1975 2580; x_wconf 90' lang='lat' dir='ltr'><strong>ad</strong></span> 
     </span>
    </p>
   </div>
   <div class='ocr_carea' id='block_1_24' title="bbox 395 2618 1971 2692">
    <p class='ocr_par' dir='ltr' id='par_1_24' title="bbox 395 2618 1971 2692">
     <span class='ocr_line' id='line_1_24' title="bbox 395 2618 1971 2692; baseline -0.004 -14"><span class='ocrx_word' id='word_1_160' title='bbox 395 2635 623 2679; x_wconf 88' lang='lat' dir='ltr'><strong>mortem</strong></span> <span class='ocrx_word' id='word_1_161' title='bbox 683 2632 1003 2692; x_wconf 87' lang='lat' dir='ltr'><strong>peccarunt,</strong></span> <span class='ocrx_word' id='word_1_162' title='bbox 1069 2634 1247 2689; x_wconf 86' lang='lat' dir='ltr'><strong>neque</strong></span> <span class='ocrx_word' id='word_1_163' title='bbox 1293 2620 1440 2689; x_wconf 78' lang='lat' dir='ltr'><strong>digni</strong></span> <span class='ocrx_word' id='word_1_164' title='bbox 1503 2618 1633 2673; x_wconf 77' lang='lat' dir='ltr'><strong>facti</strong></span> <span class='ocrx_word' id='word_1_165' title='bbox 1694 2630 1822 2674; x_wconf 87' lang='lat' dir='ltr'><strong>sunt</strong></span> <span class='ocrx_word' id='word_1_166' title='bbox 1880 2620 1971 2688; x_wconf 92' lang='lat' dir='ltr'><strong>qui</strong></span> 
     </span>
    </p>
   </div>
   <div class='ocr_carea' id='block_1_25' title="bbox 391 2714 1970 2783">
    <p class='ocr_par' dir='ltr' id='par_1_25' title="bbox 391 2714 1970 2783">
     <span class='ocr_line' id='line_1_25' title="bbox 391 2714 1970 2783; baseline -0.003 -11"><span class='ocrx_word' id='word_1_167' title='bbox 391 2720 738 2774; x_wconf 86' lang='lat' dir='ltr'><strong>salvarentur</strong></span> <span class='ocrx_word' id='word_1_168' title='bbox 790 2719 953 2771; x_wconf 87' lang='lat' dir='ltr'><strong>etiam</strong></span> <span class='ocrx_word' id='word_1_169' title='bbox 999 2731 1122 2771; x_wconf 93' lang='lat' dir='ltr'><strong>cum</strong></span> <span class='ocrx_word' id='word_1_170' title='bbox 1176 2714 1476 2783; x_wconf 77' lang='lat' dir='ltr'><strong>iumentis,</strong></span> <span class='ocrx_word' id='word_1_171' title='bbox 1530 2714 1686 2783; x_wconf 80' lang='lat' dir='ltr'><strong>juxta</strong></span> <span class='ocrx_word' id='word_1_172' title='bbox 1743 2714 1970 2768; x_wconf 82' lang='lat' dir='ltr'><strong>illud&#39;:</strong></span> 
     </span>
    </p>
   </div>
   <div class='ocr_carea' id='block_1_26' title="bbox 322 2808 1688 2884">
    <p class='ocr_par' dir='ltr' id='par_1_26' title="bbox 322 2808 1688 2884">
     <span class='ocr_line' id='line_1_26' title="bbox 322 2808 1688 2884; baseline -0.004 -19"><span class='ocrx_word' id='word_1_173' title='bbox 322 2876 338 2884; x_wconf 34' lang='grc' dir='ltr'><strong>ι</strong></span> <span class='ocrx_word' id='word_1_174' title='bbox 395 2832 414 2864; x_wconf 83' lang='grc' dir='ltr'><strong>ι</strong></span> <span class='ocrx_word' id='word_1_175' title='bbox 450 2814 704 2868; x_wconf 77' lang='lat' dir='ltr'><strong>llornines</strong></span> <span class='ocrx_word' id='word_1_176' title='bbox 737 2823 791 2867; x_wconf 89' lang='lat' dir='ltr'><strong>et</strong></span> <span class='ocrx_word' id='word_1_177' title='bbox 823 2813 1064 2882; x_wconf 86' lang='lat' dir='ltr'><strong>jnmenta</strong></span> <span class='ocrx_word' id='word_1_178' title='bbox 1097 2810 1356 2874; x_wconf 88' lang='lat' dir='ltr'><strong>salvabis,</strong></span> <span class='ocrx_word' id='word_1_179' title='bbox 1388 2808 1632 2862; x_wconf 90' lang='lat' dir='ltr'><strong>Domine.</strong></span> <span class='ocrx_word' id='word_1_180' title='bbox 1670 2825 1688 2859; x_wconf 83' lang='grc'>›</span> 
     </span>
    </p>
   </div>
   <div class='ocr_carea' id='block_1_27' title="bbox 464 2898 1970 2973">
    <p class='ocr_par' dir='ltr' id='par_1_27' title="bbox 464 2898 1970 2973">
     <span class='ocr_line' id='line_1_27' title="bbox 464 2898 1970 2973; baseline -0.005 -15"><span class='ocrx_word' id='word_1_181' title='bbox 464 2904 648 2959; x_wconf 87' lang='lat' dir='ltr'><strong>Omnis</strong></span> <span class='ocrx_word' id='word_1_182' title='bbox 673 2907 764 2973; x_wconf 88' lang='lat' dir='ltr'><strong>qui</strong></span> <span class='ocrx_word' id='word_1_183' title='bbox 798 2905 1024 2972; x_wconf 80' lang='lat' dir='ltr'><strong>tetigerit</strong></span> <span class='ocrx_word' id='word_1_184' title='bbox 1055 2919 1169 2966; x_wconf 86' lang='lat' dir='ltr'><strong>eas,</strong></span> <span class='ocrx_word' id='word_1_185' title='bbox 1215 2899 1640 2969; x_wconf 79' lang='lat' dir='ltr'><strong>sanctiﬁcabitur</strong></span> <span class='ocrx_word' id='word_1_186' title='bbox 1663 2899 1707 2956; x_wconf 88' lang='grc'>³.</span> <span class='ocrx_word' id='word_1_187' title='bbox 1739 2898 1970 2965; x_wconf 86' lang='lat' dir='ltr'><strong>Quidam</strong></span> 
     </span>
    </p>
   </div>
   <div class='ocr_carea' id='block_1_28' title="bbox 391 2990 1972 3064">
    <p class='ocr_par' dir='ltr' id='par_1_28' title="bbox 391 2990 1972 3064">
     <span class='ocr_line' id='line_1_28' title="bbox 391 2990 1972 3064; baseline -0.006 -12"><span class='ocrx_word' id='word_1_188' title='bbox 391 2999 556 3064; x_wconf 84' lang='lat' dir='ltr'><strong>illud,</strong></span> <span class='ocrx_word' id='word_1_189' title='bbox 596 3015 614 3047; x_wconf 76' lang='grc' dir='ltr'><strong>ι</strong></span> <span class='ocrx_word' id='word_1_190' title='bbox 654 2994 1115 3058; x_wconf 88' lang='lat' dir='ltr'><strong>sanctiﬁcabitur,</strong></span> <span class='ocrx_word' id='word_1_191' title='bbox 1158 3012 1177 3045; x_wconf 84' lang='grc'><strong>›</strong></span> <span class='ocrx_word' id='word_1_192' title='bbox 1213 3001 1533 3062; x_wconf 72' lang='lat' dir='ltr'><strong>exponunt,</strong></span> <span class='ocrx_word' id='word_1_193' title='bbox 1567 3009 1584 3042; x_wconf 83' lang='grc' dir='ltr'><strong>ι</strong></span> <span class='ocrx_word' id='word_1_194' title='bbox 1623 2990 1972 3045; x_wconf 80' lang='lat' dir='ltr'><strong>contandua-</strong></span> 
     </span>
    </p>
   </div>
   <div class='ocr_carea' id='block_1_29' title="bbox 387 3081 1965 3158">
    <p class='ocr_par' dir='ltr' id='par_1_29' title="bbox 387 3081 1965 3158">
     <span class='ocr_line' id='line_1_29' title="bbox 387 3081 1965 3158; baseline -0.01 -11"><span class='ocrx_word' id='word_1_195' title='bbox 387 3093 561 3158; x_wconf 84' lang='lat' dir='ltr'><strong>bitur,</strong></span> <span class='ocrx_word' id='word_1_196' title='bbox 595 3110 614 3143; x_wconf 74' lang='grc' dir='ltr'><strong>ι</strong></span> <span class='ocrx_word' id='word_1_197' title='bbox 639 3105 744 3144; x_wconf 90' lang='lat' dir='ltr'><strong>non</strong></span> <span class='ocrx_word' id='word_1_198' title='bbox 774 3089 1013 3158; x_wconf 80' lang='lat' dir='ltr'><strong>quidem,</strong></span> <span class='ocrx_word' id='word_1_199' title='bbox 1042 3095 1102 3140; x_wconf 86' lang='lat' dir='ltr'><strong>ut</strong></span> <span class='ocrx_word' id='word_1_200' title='bbox 1127 3087 1341 3155; x_wconf 88' lang='lat' dir='ltr'><strong>opinor,</strong></span> <span class='ocrx_word' id='word_1_201' title='bbox 1360 3092 1580 3153; x_wconf 88' lang='lat' dir='ltr'><strong>propter</strong></span> <span class='ocrx_word' id='word_1_202' title='bbox 1613 3081 1965 3146; x_wconf 88' lang='lat' dir='ltr'><strong>sacriﬁcium,</strong></span> 
     </span>
    </p>
   </div>
   <div class='ocr_carea' id='block_1_30' title="bbox 1784 386 2211 448">
    <p class='ocr_par' dir='ltr' id='par_1_30' title="bbox 1784 386 2211 448">
     <span class='ocr_line' id='line_1_30' title="bbox 1784 386 2211 448; baseline 0.009 -4"><span class='ocrx_word' id='word_1_203' title='bbox 1784 388 1875 445; x_wconf 72' lang='lat' dir='ltr'><strong>EX</strong></span> <span class='ocrx_word' id='word_1_204' title='bbox 1910 391 2068 446; x_wconf 63' lang='lat' dir='ltr'><strong>Oltlb&#39;</strong></span> <span class='ocrx_word' id='word_1_205' title='bbox 2080 386 2211 448; x_wconf 65' lang='grc' dir='ltr'><strong>ΕΜιί</strong></span> 
     </span>
    </p>
   </div>
   <div class='ocr_carea' id='block_1_31' title="bbox 477 507 2062 579">
    <p class='ocr_par' dir='ltr' id='par_1_31' title="bbox 477 507 2062 579">
     <span class='ocr_line' id='line_1_31' title="bbox 477 507 2062 579; baseline 0.006 -19"><span class='ocrx_word' id='word_1_206' title='bbox 477 507 538 560; x_wconf 84' lang='lat' dir='ltr'><strong>Si</strong></span> <span class='ocrx_word' id='word_1_207' title='bbox 572 517 743 560; x_wconf 82' lang='lat' dir='ltr'><strong>autem</strong></span> <span class='ocrx_word' id='word_1_208' title='bbox 781 507 958 560; x_wconf 79' lang='lat' dir='ltr'><strong>anima</strong></span> <span class='ocrx_word' id='word_1_209' title='bbox 989 525 1089 559; x_wconf 79' lang='lat' dir='ltr'><strong>una</strong></span> <span class='ocrx_word' id='word_1_210' title='bbox 1121 511 1412 574; x_wconf 76' lang='lat' dir='ltr'><strong>peccaverit</strong></span> <span class='ocrx_word' id='word_1_211' title='bbox 1444 527 1544 564; x_wconf 84' lang='lat' dir='ltr'><strong>non</strong></span> <span class='ocrx_word' id='word_1_212' title='bbox 1573 523 1754 579; x_wconf 79' lang='lat' dir='ltr'><strong>sponte</strong></span> <span class='ocrx_word' id='word_1_213' title='bbox 1771 516 1840 572; x_wconf 80' lang='grc'><strong>⁸⁷.</strong></span> <span class='ocrx_word' id='word_1_214' title='bbox 1867 513 1982 569; x_wconf 80' lang='lat' dir='ltr'><strong>Non</strong></span> <span class='ocrx_word' id='word_1_215' title='bbox 2015 517 2062 574; x_wconf 78' lang='grc' dir='ltr'><strong>Α</strong></span> 
     </span>
    </p>
   </div>
   <div class='ocr_carea' id='block_1_32' title="bbox 787 873 1987 936">
    <p class='ocr_par' dir='ltr' id='par_1_32' title="bbox 787 873 1987 936">
     <span class='ocr_line' id='line_1_32' title="bbox 787 873 1987 936; baseline 0.009 -11"><span class='ocrx_word' id='word_1_216' title='bbox 787 894 804 925; x_wconf 78' lang='grc' dir='ltr'><strong>ι</strong></span> <span class='ocrx_word' id='word_1_217' title='bbox 857 873 1120 930; x_wconf 87' lang='lat' dir='ltr'><strong>Umbram</strong></span> <span class='ocrx_word' id='word_1_218' title='bbox 1181 879 1326 932; x_wconf 90' lang='lat' dir='ltr'><strong>enim</strong></span> <span class='ocrx_word' id='word_1_219' title='bbox 1394 880 1581 932; x_wconf 86' lang='lat' dir='ltr'><strong>habuit</strong></span> <span class='ocrx_word' id='word_1_220' title='bbox 1628 881 1714 934; x_wconf 78' lang='lat' dir='ltr'><strong>lex</strong></span> <span class='ocrx_word' id='word_1_221' title='bbox 1772 884 1987 936; x_wconf 90' lang='lat' dir='ltr'><strong>l&#39;uturo-</strong></span> 
     </span>
    </p>
   </div>
   <div class='ocr_carea' id='block_1_33' title="bbox 3572 417 3678 471">
    <p class='ocr_par' dir='ltr' id='par_1_33' title="bbox 3572 417 3678 471">
     <span class='ocr_line' id='line_1_33' title="bbox 3572 417 3678 471; baseline 0.009 -3"><span class='ocrx_word' id='word_1_222' title='bbox 3572 417 3678 471; x_wconf 67' lang='lat'><strong>400</strong></span> 
     </span>
    </p>
   </div>
   <div class='ocr_carea' id='block_1_34' title="bbox 2173 517 3677 599">
    <p class='ocr_par' dir='ltr' id='par_1_34' title="bbox 2173 517 3677 599">
     <span class='ocr_line' id='line_1_34' title="bbox 2173 517 3677 599; baseline 0.011 -30"><span class='ocrx_word' id='word_1_223' title='bbox 2173 517 2314 570; x_wconf 81' lang='grc' dir='ltr'><em>Ἐὰν</em></span> <span class='ocrx_word' id='word_1_224' title='bbox 2340 518 2409 571; x_wconf 82' lang='grc' dir='ltr'>δὲ</span> <span class='ocrx_word' id='word_1_225' title='bbox 2441 521 2610 590; x_wconf 71' lang='grc' dir='ltr'>ψυχὴ</span> <span class='ocrx_word' id='word_1_226' title='bbox 2633 523 2743 591; x_wconf 85' lang='grc' dir='ltr'><strong>μία</strong></span> <span class='ocrx_word' id='word_1_227' title='bbox 2772 525 3003 595; x_wconf 75' lang='grc' dir='ltr'>ἁμάρτῃ</span> <span class='ocrx_word' id='word_1_228' title='bbox 3028 528 3352 599; x_wconf 80' lang='grc' dir='ltr'><strong>ἀκουσίως.</strong></span> <span class='ocrx_word' id='word_1_229' title='bbox 3395 529 3677 586; x_wconf 75' lang='grc' dir='ltr'>’Ᾱκούσιόν</span> 
     </span>
    </p>
   </div>
   <div class='ocr_carea' id='block_1_35' title="bbox 2089 607 3679 688">
    <p class='ocr_par' dir='ltr' id='par_1_35' title="bbox 2089 607 3679 688">
     <span class='ocr_line' id='line_1_35' title="bbox 2089 607 3679 688; baseline 0.011 -30"><span class='ocrx_word' id='word_1_230' title='bbox 2089 607 2235 660; x_wconf 86' lang='grc' dir='ltr'>ἐστιν</span> <span class='ocrx_word' id='word_1_231' title='bbox 2262 609 2398 680; x_wconf 80' lang='grc' dir='ltr'>ὅπερ</span> <span class='ocrx_word' id='word_1_232' title='bbox 2424 612 2488 665; x_wconf 80' lang='grc' dir='ltr'>ἄν</span> <span class='ocrx_word' id='word_1_233' title='bbox 2521 630 2604 676; x_wconf 88' lang='grc' dir='ltr'><strong>τις</strong></span> <span class='ocrx_word' id='word_1_234' title='bbox 2637 617 2763 685; x_wconf 85' lang='grc' dir='ltr'><strong>ποιῇ</strong></span> <span class='ocrx_word' id='word_1_235' title='bbox 2790 617 2977 670; x_wconf 89' lang='grc' dir='ltr'>κακόν.</span> <span class='ocrx_word' id='word_1_236' title='bbox 3006 619 3346 688; x_wconf 84' lang='grc' dir='ltr'>Σημειωτέον</span> <span class='ocrx_word' id='word_1_237' title='bbox 3404 618 3486 671; x_wconf 84' lang='grc' dir='ltr'><strong>ὅτι</strong></span> <span class='ocrx_word' id='word_1_238' title='bbox 3523 621 3582 673; x_wconf 84' lang='grc' dir='ltr'><strong>τὸ</strong></span> <span class='ocrx_word' id='word_1_239' title='bbox 3612 625 3679 676; x_wconf 86' lang='grc' dir='ltr'>ά-</span> 
     </span>
    </p>
   </div>
   <div class='ocr_carea' id='block_1_36' title="bbox 2083 695 3680 783">
    <p class='ocr_par' dir='ltr' id='par_1_36' title="bbox 2083 695 3680 783">
     <span class='ocr_line' id='line_1_36' title="bbox 2083 695 3680 783; baseline 0.013 -35"><span class='ocrx_word' id='word_1_240' title='bbox 2083 695 2298 766; x_wconf 80' lang='grc' dir='ltr'>γνόημα</span> <span class='ocrx_word' id='word_1_241' title='bbox 2315 701 2374 752; x_wconf 86' lang='grc' dir='ltr'><strong>τὸ</strong></span> <span class='ocrx_word' id='word_1_242' title='bbox 2417 701 2690 768; x_wconf 82' lang='grc' dir='ltr'>ἀκούσιον,</span> <span class='ocrx_word' id='word_1_243' title='bbox 2737 705 3012 776; x_wconf 75' lang='grc' dir='ltr'>ἁμαρτίαν</span> <span class='ocrx_word' id='word_1_244' title='bbox 3043 707 3200 781; x_wconf 54' lang='grc' dir='ltr'>κικὶεί</span> <span class='ocrx_word' id='word_1_245' title='bbox 3238 712 3270 780; x_wconf 82' lang='grc' dir='ltr'>ἡ</span> <span class='ocrx_word' id='word_1_246' title='bbox 3320 711 3534 783; x_wconf 83' lang='grc' dir='ltr'>Γραφή.</span> <span class='ocrx_word' id='word_1_247' title='bbox 3569 715 3680 768; x_wconf 75' lang='grc' dir='ltr'>Καὶ</span> 
     </span>
    </p>
   </div>
   <div class='ocr_carea' id='block_1_37' title="bbox 2087 788 3677 873">
    <p class='ocr_par' dir='ltr' id='par_1_37' title="bbox 2087 788 3677 873">
     <span class='ocr_line' id='line_1_37' title="bbox 2087 788 3677 873; baseline 0.013 -34"><span class='ocrx_word' id='word_1_248' title='bbox 2087 788 2261 842; x_wconf 84' lang='grc' dir='ltr'>ἄλλων</span> <span class='ocrx_word' id='word_1_249' title='bbox 2294 792 2454 845; x_wconf 91' lang='grc' dir='ltr'>τινῶν</span> <span class='ocrx_word' id='word_1_250' title='bbox 2496 795 2770 867; x_wconf 81' lang='grc' dir='ltr'>μέμνηται</span> <span class='ocrx_word' id='word_1_251' title='bbox 2806 800 2832 850; x_wconf 81' lang='grc' dir='ltr'><strong>ό</strong></span> <span class='ocrx_word' id='word_1_252' title='bbox 2863 799 3136 869; x_wconf 87' lang='grc' dir='ltr'>μακάριος</span> <span class='ocrx_word' id='word_1_253' title='bbox 3166 799 3378 866; x_wconf 79' lang='grc' dir='ltr'>Παῦλος</span> <span class='ocrx_word' id='word_1_254' title='bbox 3415 805 3677 873; x_wconf 84' lang='grc' dir='ltr'>φάσκων·</span> 
     </span>
    </p>
   </div>
   <div class='ocr_carea' id='block_1_38' title="bbox 2090 883 3426 960">
    <p class='ocr_par' dir='ltr' id='par_1_38' title="bbox 2090 883 3426 960">
     <span class='ocr_line' id='line_1_38' title="bbox 2090 883 3426 960; baseline 0.011 -27"><span class='ocrx_word' id='word_1_255' title='bbox 2090 883 2276 935; x_wconf 80' lang='grc' dir='ltr'>Σκιὰν</span> <span class='ocrx_word' id='word_1_256' title='bbox 2302 886 2413 953; x_wconf 78' lang='grc' dir='ltr'>γὰρ</span> <span class='ocrx_word' id='word_1_257' title='bbox 2449 883 2613 956; x_wconf 80' lang='grc' dir='ltr'>εἶχεν</span> <span class='ocrx_word' id='word_1_258' title='bbox 2645 892 2676 942; x_wconf 81' lang='grc' dir='ltr'>ό</span> <span class='ocrx_word' id='word_1_259' title='bbox 2699 893 2883 959; x_wconf 80' lang='grc' dir='ltr'>νόμος</span> <span class='ocrx_word' id='word_1_260' title='bbox 2921 889 3040 943; x_wconf 83' lang='grc' dir='ltr'>τῶν</span> <span class='ocrx_word' id='word_1_261' title='bbox 3054 894 3426 960; x_wconf 67' lang='grc' dir='ltr'>μελλόντων.</span> 
     </span>
    </p>
   </div>
   <div class='ocr_carea' id='block_1_39' title="bbox 2163 1054 3656 1151">
    <p class='ocr_par' dir='ltr' id='par_1_39' title="bbox 2163 1054 3656 1151">
     <span class='ocr_line' id='line_1_39' title="bbox 2163 1054 3656 1151; baseline 0.009 -31"><span class='ocrx_word' id='word_1_262' title='bbox 2163 1067 2271 1121; x_wconf 86' lang='grc' dir='ltr'><em>Τοῦ</em></span> <span class='ocrx_word' id='word_1_263' title='bbox 2299 1069 2502 1123; x_wconf 84' lang='grc' dir='ltr'>αὑτοῦ.</span> <span class='ocrx_word' id='word_1_264' title='bbox 2546 1090 2565 1122; x_wconf 79' lang='grc' dir='ltr'><strong>ι</strong></span> <span class='ocrx_word' id='word_1_265' title='bbox 2610 1071 2773 1144; x_wconf 79' lang='grc' dir='ltr'>Ψυχὴ</span> <span class='ocrx_word' id='word_1_266' title='bbox 2803 1072 2896 1126; x_wconf 78' lang='grc' dir='ltr'>ἐὰν</span> <span class='ocrx_word' id='word_1_267' title='bbox 2923 1054 3154 1147; x_wconf 78' lang='grc' dir='ltr'>ἀμάρτῇ</span> <span class='ocrx_word' id='word_1_268' title='bbox 3180 1075 3470 1142; x_wconf 80' lang='grc' dir='ltr'><strong>ἀκουσίως,</strong></span> <span class='ocrx_word' id='word_1_269' title='bbox 3500 1081 3656 1151; x_wconf 69' lang='grc' dir='ltr'>φησι,</span> 
     </span>
    </p>
   </div>
   <div class='ocr_carea' id='block_1_40' title="bbox 2083 1160 3662 1243">
    <p class='ocr_par' dir='ltr' id='par_1_40' title="bbox 2083 1160 3662 1243">
     <span class='ocr_line' id='line_1_40' title="bbox 2083 1160 3662 1243; baseline 0.007 -30"><span class='ocrx_word' id='word_1_270' title='bbox 2083 1160 2180 1213; x_wconf 73' lang='grc' dir='ltr'><strong>καὶ</strong></span> <span class='ocrx_word' id='word_1_271' title='bbox 2209 1161 2282 1232; x_wconf 83' lang='grc' dir='ltr'>μὴ</span> <span class='ocrx_word' id='word_1_272' title='bbox 2331 1165 2533 1237; x_wconf 80' lang='grc' dir='ltr'><strong>ποιήσῃ</strong></span> <span class='ocrx_word' id='word_1_273' title='bbox 2583 1165 2689 1218; x_wconf 82' lang='grc' dir='ltr'><strong>ἀπὸ</strong></span> <span class='ocrx_word' id='word_1_274' title='bbox 2722 1165 2912 1219; x_wconf 82' lang='grc' dir='ltr'>πασῶν</span> <span class='ocrx_word' id='word_1_275' title='bbox 2946 1167 3054 1220; x_wconf 85' lang='grc' dir='ltr'><strong>τῶν</strong></span> <span class='ocrx_word' id='word_1_276' title='bbox 3102 1169 3331 1223; x_wconf 77' lang='grc' dir='ltr'>ἐντολῶν</span> <span class='ocrx_word' id='word_1_277' title='bbox 3373 1171 3600 1243; x_wconf 87' lang='grc' dir='ltr'>Κυρίου,</span> <span class='ocrx_word' id='word_1_278' title='bbox 3643 1191 3662 1224; x_wconf 72' lang='grc' dir='ltr'><strong>ι</strong></span> 
     </span>
    </p>
   </div>
   <div class='ocr_carea' id='block_1_41' title="bbox 2084 1254 3669 1336">
    <p class='ocr_par' dir='ltr' id='par_1_41' title="bbox 2084 1254 3669 1336">
     <span class='ocr_line' id='line_1_41' title="bbox 2084 1254 3669 1336; baseline 0.01 -32"><span class='ocrx_word' id='word_1_279' title='bbox 2084 1254 2228 1306; x_wconf 77' lang='grc' dir='ltr'>κατὰ</span> <span class='ocrx_word' id='word_1_280' title='bbox 2261 1254 2422 1322; x_wconf 79' lang='grc' dir='ltr'>φύσιν</span> <span class='ocrx_word' id='word_1_281' title='bbox 2473 1257 2606 1327; x_wconf 77' lang='grc' dir='ltr'>ἔχει.</span> <span class='ocrx_word' id='word_1_282' title='bbox 2642 1257 2800 1311; x_wconf 83' lang='grc' dir='ltr'>Ἐστι</span> <span class='ocrx_word' id='word_1_283' title='bbox 2823 1259 2933 1329; x_wconf 84' lang='grc' dir='ltr'><strong>γάρ</strong></span> <span class='ocrx_word' id='word_1_284' title='bbox 2964 1259 3102 1330; x_wconf 87' lang='grc' dir='ltr'>τάχα</span> <span class='ocrx_word' id='word_1_285' title='bbox 3144 1261 3268 1314; x_wconf 86' lang='grc' dir='ltr'>τινὰ</span> <span class='ocrx_word' id='word_1_286' title='bbox 3311 1263 3407 1317; x_wconf 71' lang='grc' dir='ltr'><strong>καὶ</strong></span> <span class='ocrx_word' id='word_1_287' title='bbox 3441 1267 3669 1336; x_wconf 88' lang='grc' dir='ltr'>προστά-</span> 
     </span>
    </p>
   </div>
   <div class='ocr_carea' id='block_1_42' title="bbox 2081 1347 3668 1418">
    <p class='ocr_par' dir='ltr' id='par_1_42' title="bbox 2081 1347 3668 1418">
     <span class='ocr_line' id='line_1_42' title="bbox 2081 1347 3668 1418; baseline 0.01 -21"><span class='ocrx_word' id='word_1_288' title='bbox 2081 1357 2266 1415; x_wconf 79' lang='grc' dir='ltr'>γματα</span> <span class='ocrx_word' id='word_1_289' title='bbox 2312 1347 2538 1418; x_wconf 86' lang='grc' dir='ltr'>Κυρίου,</span> <span class='ocrx_word' id='word_1_290' title='bbox 2579 1348 2614 1403; x_wconf 83' lang='grc' dir='ltr'><strong>ἀ</strong></span> <span class='ocrx_word' id='word_1_291' title='bbox 2647 1351 2705 1402; x_wconf 79' lang='grc' dir='ltr'><strong>οὑ</strong></span> <span class='ocrx_word' id='word_1_292' title='bbox 2741 1350 2820 1403; x_wconf 98' lang='grc' dir='ltr'><strong>δεῖ</strong></span> <span class='ocrx_word' id='word_1_293' title='bbox 2875 1356 3048 1406; x_wconf 79' lang='grc' dir='ltr'>ποιεῖν</span> <span class='ocrx_word' id='word_1_294' title='bbox 3086 1354 3225 1408; x_wconf 86' lang='grc' dir='ltr'><strong>κατά</strong></span> <span class='ocrx_word' id='word_1_295' title='bbox 3273 1356 3365 1409; x_wconf 86' lang='grc' dir='ltr'><strong>τό·</strong></span> <span class='ocrx_word' id='word_1_296' title='bbox 3403 1375 3421 1407; x_wconf 78' lang='grc' dir='ltr'><strong>ι</strong></span> <span class='ocrx_word' id='word_1_297' title='bbox 3453 1358 3668 1413; x_wconf 86' lang='grc' dir='ltr'>Ἐδωκα</span> 
     </span>
    </p>
   </div>
   <div class='ocr_carea' id='block_1_43' title="bbox 2083 1436 3670 1519">
    <p class='ocr_par' dir='ltr' id='par_1_43' title="bbox 2083 1436 3670 1519">
     <span class='ocr_line' id='line_1_43' title="bbox 2083 1436 3670 1519; baseline 0.011 -34"><span class='ocrx_word' id='word_1_298' title='bbox 2083 1436 2266 1498; x_wconf 73' lang='grc' dir='ltr'>αὐτοῖς</span> <span class='ocrx_word' id='word_1_299' title='bbox 2299 1439 2700 1508; x_wconf 80' lang='grc' dir='ltr'>προστάγματα</span> <span class='ocrx_word' id='word_1_300' title='bbox 2731 1441 2792 1492; x_wconf 71' lang='grc' dir='ltr'>οὐ</span> <span class='ocrx_word' id='word_1_301' title='bbox 2836 1441 2993 1494; x_wconf 88' lang='grc' dir='ltr'>καλά.</span> <span class='ocrx_word' id='word_1_302' title='bbox 3039 1462 3057 1493; x_wconf 72' lang='grc' dir='ltr'><strong>ι</strong></span> <span class='ocrx_word' id='word_1_303' title='bbox 3093 1444 3254 1515; x_wconf 79' lang='grc' dir='ltr'>Ψυχὴ</span> <span class='ocrx_word' id='word_1_304' title='bbox 3299 1440 3392 1498; x_wconf 78' lang='grc' dir='ltr'>οὖν</span> <span class='ocrx_word' id='word_1_305' title='bbox 3420 1448 3670 1519; x_wconf 83' lang='grc' dir='ltr'>ἁμαρτά-</span> 
     </span>
    </p>
   </div>
   <div class='ocr_carea' id='block_1_44' title="bbox 2081 1527 3668 1608">
    <p class='ocr_par' dir='ltr' id='par_1_44' title="bbox 2081 1527 3668 1608">
     <span class='ocr_line' id='line_1_44' title="bbox 2081 1527 3668 1608; baseline 0.008 -28"><span class='ocrx_word' id='word_1_306' title='bbox 2081 1544 2162 1580; x_wconf 89' lang='grc' dir='ltr'><strong>νει</strong></span> <span class='ocrx_word' id='word_1_307' title='bbox 2213 1527 2502 1593; x_wconf 80' lang='grc' dir='ltr'><strong>ἀκουσίως,</strong></span> <span class='ocrx_word' id='word_1_308' title='bbox 2555 1531 2642 1582; x_wconf 79' lang='grc' dir='ltr'><strong>ὅτε</strong></span> <span class='ocrx_word' id='word_1_309' title='bbox 2701 1533 2972 1601; x_wconf 61' lang='grc' dir='ltr'>προφάσει</span> <span class='ocrx_word' id='word_1_310' title='bbox 3016 1534 3298 1599; x_wconf 75' lang='grc' dir='ltr'>εὐσεϐείας</span> <span class='ocrx_word' id='word_1_311' title='bbox 3342 1536 3404 1589; x_wconf 82' lang='grc' dir='ltr'>τὸ</span> <span class='ocrx_word' id='word_1_312' title='bbox 3438 1539 3511 1608; x_wconf 86' lang='grc' dir='ltr'>μὴ</span> <span class='ocrx_word' id='word_1_313' title='bbox 3550 1538 3668 1594; x_wconf 86' lang='grc' dir='ltr'>δέον</span> 
     </span>
    </p>
   </div>
   <div class='ocr_carea' id='block_1_45' title="bbox 2080 1622 3666 1702">
    <p class='ocr_par' dir='ltr' id='par_1_45' title="bbox 2080 1622 3666 1702">
     <span class='ocr_line' id='line_1_45' title="bbox 2080 1622 3666 1702; baseline 0.009 -31"><span class='ocrx_word' id='word_1_314' title='bbox 2080 1623 2254 1692; x_wconf 78' lang='grc' dir='ltr'>τηρεῖ.</span> <span class='ocrx_word' id='word_1_315' title='bbox 2317 1622 2425 1673; x_wconf 75' lang='lat' dir='ltr'><strong>Kal.</strong></span> <span class='ocrx_word' id='word_1_316' title='bbox 2471 1623 2639 1675; x_wconf 83' lang='grc' dir='ltr'>δεῖται</span> <span class='ocrx_word' id='word_1_317' title='bbox 2683 1622 2871 1688; x_wconf 80' lang='grc' dir='ltr'>θυσίας</span> <span class='ocrx_word' id='word_1_318' title='bbox 2930 1625 3066 1698; x_wconf 80' lang='grc' dir='ltr'>πρὸς</span> <span class='ocrx_word' id='word_1_319' title='bbox 3117 1628 3342 1697; x_wconf 74' lang='grc' dir='ltr'>ἄφεσιν·</span> <span class='ocrx_word' id='word_1_320' title='bbox 3381 1630 3442 1682; x_wconf 80' lang='grc' dir='ltr'><strong>οὐ</strong></span> <span class='ocrx_word' id='word_1_321' title='bbox 3473 1629 3666 1702; x_wconf 86' lang='grc' dir='ltr'>δεομέ-</span> 
     </span>
    </p>
   </div>
   <div class='ocr_carea' id='block_1_46' title="bbox 2083 1712 3664 1790">
    <p class='ocr_par' dir='ltr' id='par_1_46' title="bbox 2083 1712 3664 1790">
     <span class='ocr_line' id='line_1_46' title="bbox 2083 1712 3664 1790; baseline 0.007 -25"><span class='ocrx_word' id='word_1_322' title='bbox 2083 1731 2175 1765; x_wconf 88' lang='grc' dir='ltr'><strong>νου</strong></span> <span class='ocrx_word' id='word_1_323' title='bbox 2212 1712 2402 1776; x_wconf 82' lang='grc' dir='ltr'>θυσίας</span> <span class='ocrx_word' id='word_1_324' title='bbox 2444 1713 2535 1766; x_wconf 80' lang='grc' dir='ltr'>τοῦ</span> <span class='ocrx_word' id='word_1_325' title='bbox 2583 1714 2815 1784; x_wconf 85' lang='grc' dir='ltr'>δρῶντος</span> <span class='ocrx_word' id='word_1_326' title='bbox 2846 1718 3193 1788; x_wconf 77' lang='grc' dir='ltr'>ἐξεπίτηδες·</span> <span class='ocrx_word' id='word_1_327' title='bbox 3240 1719 3314 1783; x_wconf 86' lang='grc' dir='ltr'>ὡς</span> <span class='ocrx_word' id='word_1_328' title='bbox 3364 1722 3393 1772; x_wconf 87' lang='grc' dir='ltr'>ὀ</span> <span class='ocrx_word' id='word_1_329' title='bbox 3427 1722 3664 1790; x_wconf 84' lang='grc' dir='ltr'>γεγονὼς</span> 
     </span>
    </p>
   </div>
   <div class='ocr_carea' id='block_1_47' title="bbox 2095 1807 3665 1883">
    <p class='ocr_par' dir='ltr' id='par_1_47' title="bbox 2095 1807 3665 1883">
     <span class='ocr_line' id='line_1_47' title="bbox 2095 1807 3665 1883; baseline 0.007 -26"><span class='ocrx_word' id='word_1_330' title='bbox 2095 1807 2344 1868; x_wconf 84' lang='grc' dir='ltr'>Ἰουδαῖος</span> <span class='ocrx_word' id='word_1_331' title='bbox 2379 1807 2463 1858; x_wconf 87' lang='grc' dir='ltr'><strong>ἵνα</strong></span> <span class='ocrx_word' id='word_1_332' title='bbox 2502 1807 2787 1872; x_wconf 79' lang='grc' dir='ltr'>Ἰουδαίους</span> <span class='ocrx_word' id='word_1_333' title='bbox 2824 1809 3080 1883; x_wconf 79' lang='grc' dir='ltr'><strong>κερδήσῃ,</strong></span> <span class='ocrx_word' id='word_1_334' title='bbox 3114 1811 3209 1864; x_wconf 74' lang='grc' dir='ltr'>καὶ</span> <span class='ocrx_word' id='word_1_335' title='bbox 3233 1812 3542 1883; x_wconf 81' lang='grc' dir='ltr'>περιτεμὼν</span> <span class='ocrx_word' id='word_1_336' title='bbox 3575 1815 3665 1868; x_wconf 79' lang='grc' dir='ltr'><strong>τὸν</strong></span> 
     </span>
    </p>
   </div>
   <div class='ocr_carea' id='block_1_48' title="bbox 2083 1900 2361 1969">
    <p class='ocr_par' dir='ltr' id='par_1_48' title="bbox 2083 1900 2361 1969">
     <span class='ocr_line' id='line_1_48' title="bbox 2083 1900 2361 1969; baseline 0.007 -18"><span class='ocrx_word' id='word_1_337' title='bbox 2083 1900 2361 1969; x_wconf 82' lang='grc' dir='ltr'>Τιμόθεον.</span> 
     </span>
    </p>
   </div>
   <div class='ocr_carea' id='block_1_49' title="bbox 2166 1990 3665 2068">
    <p class='ocr_par' dir='ltr' id='par_1_49' title="bbox 2166 1990 3665 2068">
     <span class='ocr_line' id='line_1_49' title="bbox 2166 1990 3665 2068; baseline 0.008 -26"><span class='ocrx_word' id='word_1_338' title='bbox 2166 1990 2235 2044; x_wconf 86' lang='grc' dir='ltr'><strong>Ἦ</strong></span> <span class='ocrx_word' id='word_1_339' title='bbox 2269 1991 2437 2060; x_wconf 73' lang='grc' dir='ltr'>ψυχὴ</span> <span class='ocrx_word' id='word_1_340' title='bbox 2474 1993 2673 2061; x_wconf 76' lang='grc' dir='ltr'>ἐκείνη</span> <span class='ocrx_word' id='word_1_341' title='bbox 2706 1993 2837 2060; x_wconf 81' lang='grc' dir='ltr'>ἣτις</span> <span class='ocrx_word' id='word_1_342' title='bbox 2861 1995 2968 2048; x_wconf 79' lang='grc' dir='ltr'><strong>ἐὰν</strong></span> <span class='ocrx_word' id='word_1_343' title='bbox 3002 1997 3226 2065; x_wconf 68' lang='grc' dir='ltr'>ἅψηται</span> <span class='ocrx_word' id='word_1_344' title='bbox 3269 1999 3496 2065; x_wconf 76' lang='grc' dir='ltr'>παντὸς</span> <span class='ocrx_word' id='word_1_345' title='bbox 3521 1999 3665 2068; x_wconf 65' lang='grc' dir='ltr'>πράε</span> 
     </span>
    </p>
   </div>
   <div class='ocr_carea' id='block_1_50' title="bbox 2087 2083 3663 2161">
    <p class='ocr_par' dir='ltr' id='par_1_50' title="bbox 2087 2083 3663 2161">
     <span class='ocr_line' id='line_1_50' title="bbox 2087 2083 3663 2161; baseline 0.007 -27"><span class='ocrx_word' id='word_1_346' title='bbox 2087 2099 2307 2152; x_wconf 80' lang='grc' dir='ltr'>γματος</span> <span class='ocrx_word' id='word_1_347' title='bbox 2345 2083 2703 2151; x_wconf 67' lang='grc' dir='ltr'>ἀκαθάρτου,</span> <span class='ocrx_word' id='word_1_348' title='bbox 2738 2085 2776 2152; x_wconf 80' lang='grc' dir='ltr'>ἢ</span> <span class='ocrx_word' id='word_1_349' title='bbox 2809 2089 3188 2156; x_wconf 76' lang='grc' dir='ltr'>θνησιμαίου.</span> <span class='ocrx_word' id='word_1_350' title='bbox 3237 2088 3570 2161; x_wconf 83' lang='grc' dir='ltr'>Θνησιμαῖον</span> <span class='ocrx_word' id='word_1_351' title='bbox 3605 2091 3663 2145; x_wconf 66' lang='grc' dir='ltr'><strong>δέ</strong></span> 
     </span>
    </p>
   </div>
   <div class='ocr_carea' id='block_1_51' title="bbox 2081 2175 3663 2254">
    <p class='ocr_par' dir='ltr' id='par_1_51' title="bbox 2081 2175 3663 2254">
     <span class='ocr_line' id='line_1_51' title="bbox 2081 2175 3663 2254; baseline 0.007 -28"><span class='ocrx_word' id='word_1_352' title='bbox 2081 2193 2213 2245; x_wconf 82' lang='grc' dir='ltr'>φησι</span> <span class='ocrx_word' id='word_1_353' title='bbox 2241 2175 2329 2227; x_wconf 82' lang='grc' dir='ltr'><strong>τὸν</strong></span> <span class='ocrx_word' id='word_1_354' title='bbox 2355 2176 2692 2230; x_wconf 81' lang='grc' dir='ltr'>ἀποθανόντα</span> <span class='ocrx_word' id='word_1_355' title='bbox 2728 2177 2805 2248; x_wconf 79' lang='grc' dir='ltr'>τῷ</span> <span class='ocrx_word' id='word_1_356' title='bbox 2837 2178 2954 2249; x_wconf 80' lang='grc' dir='ltr'><strong>Θεῷ</strong></span> <span class='ocrx_word' id='word_1_357' title='bbox 2988 2179 3293 2251; x_wconf 80' lang='grc' dir='ltr'>ἄνθρωπον,</span> <span class='ocrx_word' id='word_1_358' title='bbox 3331 2176 3374 2250; x_wconf 82' lang='grc' dir='ltr'>ᾧ</span> <span class='ocrx_word' id='word_1_359' title='bbox 3395 2183 3496 2254; x_wconf 84' lang='grc' dir='ltr'>χρὴ</span> <span class='ocrx_word' id='word_1_360' title='bbox 3528 2183 3663 2254; x_wconf 73' lang='grc' dir='ltr'>μηδὲ</span> 
     </span>
    </p>
   </div>
   <div class='ocr_carea' id='block_1_52' title="bbox 2081 2268 3656 2345">
    <p class='ocr_par' dir='ltr' id='par_1_52' title="bbox 2081 2268 3656 2345">
     <span class='ocr_line' id='line_1_52' title="bbox 2081 2268 3656 2345; baseline 0.003 -24"><span class='ocrx_word' id='word_1_361' title='bbox 2081 2268 2399 2322; x_wconf 88' lang='grc' dir='ltr'>συνεσθίειν·</span> <span class='ocrx_word' id='word_1_362' title='bbox 2426 2271 2454 2320; x_wconf 87' lang='grc' dir='ltr'>ὁ</span> <span class='ocrx_word' id='word_1_363' title='bbox 2485 2269 2592 2341; x_wconf 83' lang='grc' dir='ltr'>γὰρ</span> <span class='ocrx_word' id='word_1_364' title='bbox 2626 2271 2929 2340; x_wconf 83' lang='grc' dir='ltr'>ἁπτόμενος</span> <span class='ocrx_word' id='word_1_365' title='bbox 2969 2273 3133 2325; x_wconf 76' lang='grc' dir='ltr'>αὑτοῦ</span> <span class='ocrx_word' id='word_1_366' title='bbox 3168 2273 3476 2345; x_wconf 78' lang='grc' dir='ltr'>ἀκάθαρτος</span> <span class='ocrx_word' id='word_1_367' title='bbox 3522 2277 3656 2328; x_wconf 84' lang='grc' dir='ltr'>ἐστι.</span> 
     </span>
    </p>
   </div>
   <div class='ocr_carea' id='block_1_53' title="bbox 2078 2359 3661 2433">
    <p class='ocr_par' dir='ltr' id='par_1_53' title="bbox 2078 2359 3661 2433">
     <span class='ocr_line' id='line_1_53' title="bbox 2078 2359 3661 2433; baseline 0.003 -22"><span class='ocrx_word' id='word_1_368' title='bbox 2078 2361 2187 2412; x_wconf 81' lang='grc' dir='ltr'>Καὶ</span> <span class='ocrx_word' id='word_1_369' title='bbox 2214 2359 2376 2412; x_wconf 78' lang='grc' dir='ltr'>τοῦτο</span> <span class='ocrx_word' id='word_1_370' title='bbox 2418 2360 2728 2432; x_wconf 75' lang='grc' dir='ltr'>ἀκάθαρτον</span> <span class='ocrx_word' id='word_1_371' title='bbox 2761 2362 2877 2414; x_wconf 87' lang='grc' dir='ltr'>ἐστι</span> <span class='ocrx_word' id='word_1_372' title='bbox 2920 2362 2979 2414; x_wconf 81' lang='grc' dir='ltr'><strong>τὸ</strong></span> <span class='ocrx_word' id='word_1_373' title='bbox 3010 2361 3272 2433; x_wconf 86' lang='grc' dir='ltr'>θηρευθέν</span> <span class='ocrx_word' id='word_1_374' title='bbox 3308 2363 3412 2414; x_wconf 84' lang='grc' dir='ltr'>ὑπὸ</span> <span class='ocrx_word' id='word_1_375' title='bbox 3443 2363 3535 2416; x_wconf 87' lang='grc' dir='ltr'>τοῦ</span> <span class='ocrx_word' id='word_1_376' title='bbox 3569 2363 3661 2416; x_wconf 74' lang='grc' dir='ltr'><strong>ἀν⁴</strong></span> 
     </span>
    </p>
   </div>
   <div class='ocr_carea' id='block_1_54' title="bbox 2075 2453 3659 2528">
    <p class='ocr_par' dir='ltr' id='par_1_54' title="bbox 2075 2453 3659 2528">
     <span class='ocr_line' id='line_1_54' title="bbox 2075 2453 3659 2528; baseline 0.003 -22"><span class='ocrx_word' id='word_1_377' title='bbox 2075 2454 2277 2506; x_wconf 88' lang='grc' dir='ltr'>τιδίκου</span> <span class='ocrx_word' id='word_1_378' title='bbox 2313 2453 2467 2524; x_wconf 76' lang='grc' dir='ltr'>ἡμῶν</span> <span class='ocrx_word' id='word_1_379' title='bbox 2509 2455 2774 2509; x_wconf 70' lang='grc' dir='ltr'>διαϐόλου.</span> <span class='ocrx_word' id='word_1_380' title='bbox 2822 2458 3006 2527; x_wconf 78' lang='grc' dir='ltr'>Κτήνη</span> <span class='ocrx_word' id='word_1_381' title='bbox 3055 2456 3341 2528; x_wconf 83' lang='grc' dir='ltr'>ἀκάθαρτα</span> <span class='ocrx_word' id='word_1_382' title='bbox 3372 2457 3457 2528; x_wconf 81' lang='grc' dir='ltr'><strong>εἴη</strong></span> <span class='ocrx_word' id='word_1_383' title='bbox 3491 2457 3577 2521; x_wconf 83' lang='grc' dir='ltr'><strong>ἂν,</strong></span> <span class='ocrx_word' id='word_1_384' title='bbox 3608 2459 3659 2512; x_wconf 80' lang='grc' dir='ltr'><strong>οί</strong></span> 
     </span>
    </p>
   </div>
   <div class='ocr_carea' id='block_1_55' title="bbox 2078 2544 3658 2620">
    <p class='ocr_par' dir='ltr' id='par_1_55' title="bbox 2078 2544 3658 2620">
     <span class='ocr_line' id='line_1_55' title="bbox 2078 2544 3658 2620; baseline 0.003 -22"><span class='ocrx_word' id='word_1_385' title='bbox 2078 2544 2464 2616; x_wconf 75' lang='grc' dir='ltr'>προσελθόντες</span> <span class='ocrx_word' id='word_1_386' title='bbox 2499 2546 2596 2616; x_wconf 80' lang='grc' dir='ltr'><strong>μὲν</strong></span> <span class='ocrx_word' id='word_1_387' title='bbox 2622 2546 2699 2617; x_wconf 79' lang='grc' dir='ltr'>τῷ</span> <span class='ocrx_word' id='word_1_388' title='bbox 2738 2548 2879 2617; x_wconf 79' lang='grc' dir='ltr'>λόγῳ</span> <span class='ocrx_word' id='word_1_389' title='bbox 2913 2548 3226 2616; x_wconf 71' lang='grc' dir='ltr'>κτηνώδεις,</span> <span class='ocrx_word' id='word_1_390' title='bbox 3265 2552 3402 2620; x_wconf 58' lang='grc' dir='ltr'>πρὸς</span> <span class='ocrx_word' id='word_1_391' title='bbox 3428 2549 3658 2604; x_wconf 86' lang='grc' dir='ltr'>θάνατον</span> 
     </span>
    </p>
   </div>
   <div class='ocr_carea' id='block_1_56' title="bbox 2074 2634 3656 2710">
    <p class='ocr_par' dir='ltr' id='par_1_56' title="bbox 2074 2634 3656 2710">
     <span class='ocr_line' id='line_1_56' title="bbox 2074 2634 3656 2710; baseline 0.005 -24"><span class='ocrx_word' id='word_1_392' title='bbox 2074 2634 2131 2688; x_wconf 80' lang='grc' dir='ltr'><strong>δὲ</strong></span> <span class='ocrx_word' id='word_1_393' title='bbox 2167 2635 2606 2705; x_wconf 81' lang='grc' dir='ltr'>ἁμαρτήσαντες,</span> <span class='ocrx_word' id='word_1_394' title='bbox 2645 2636 2739 2688; x_wconf 70' lang='grc' dir='ltr'><strong>καὶ</strong></span> <span class='ocrx_word' id='word_1_395' title='bbox 2793 2637 2866 2707; x_wconf 85' lang='grc' dir='ltr'>μὴ</span> <span class='ocrx_word' id='word_1_396' title='bbox 2910 2637 3190 2708; x_wconf 79' lang='grc' dir='ltr'>γενόμενοι</span> <span class='ocrx_word' id='word_1_397' title='bbox 3234 2638 3374 2702; x_wconf 74' lang='grc' dir='ltr'>ἄξιοι</span> <span class='ocrx_word' id='word_1_398' title='bbox 3421 2639 3656 2710; x_wconf 80' lang='grc' dir='ltr'>σωθῆναι</span> 
     </span>
    </p>
   </div>
   <div class='ocr_carea' id='block_1_57' title="bbox 2075 2728 3656 2804">
    <p class='ocr_par' dir='ltr' id='par_1_57' title="bbox 2075 2728 3656 2804">
     <span class='ocr_line' id='line_1_57' title="bbox 2075 2728 3656 2804; baseline 0.004 -22"><span class='ocrx_word' id='word_1_399' title='bbox 2075 2728 2180 2782; x_wconf 72' lang='grc' dir='ltr'>κᾶν</span> <span class='ocrx_word' id='word_1_400' title='bbox 2229 2729 2365 2799; x_wconf 73' lang='grc' dir='ltr'>μετὰ</span> <span class='ocrx_word' id='word_1_401' title='bbox 2411 2728 2645 2800; x_wconf 82' lang='grc' dir='ltr'>κτηνῶν,</span> <span class='ocrx_word' id='word_1_402' title='bbox 2678 2729 2816 2782; x_wconf 76' lang='grc' dir='ltr'>κατὰ</span> <span class='ocrx_word' id='word_1_403' title='bbox 2842 2731 2901 2782; x_wconf 85' lang='grc' dir='ltr'><strong>τὸ</strong></span> <span class='ocrx_word' id='word_1_404' title='bbox 2936 2731 3091 2798; x_wconf 89' lang='grc' dir='ltr'>λέγον</span> <span class='ocrx_word' id='word_1_405' title='bbox 3125 2733 3306 2802; x_wconf 78' lang='grc' dir='ltr'>ῥητόν·</span> <span class='ocrx_word' id='word_1_406' title='bbox 3351 2751 3369 2784; x_wconf 77' lang='grc' dir='ltr'><strong>ι</strong></span> <span class='ocrx_word' id='word_1_407' title='bbox 3424 2730 3656 2804; x_wconf 83' lang='grc' dir='ltr'>Ἀνθρὼ-</span> 
     </span>
    </p>
   </div>
   <div class='ocr_carea' id='block_1_58' title="bbox 2075 2821 3071 2894">
    <p class='ocr_par' dir='ltr' id='par_1_58' title="bbox 2075 2821 3071 2894">
     <span class='ocr_line' id='line_1_58' title="bbox 2075 2821 3071 2894; baseline 0.003 -20"><span class='ocrx_word' id='word_1_408' title='bbox 2075 2839 2209 2886; x_wconf 86' lang='grc' dir='ltr'>πους</span> <span class='ocrx_word' id='word_1_409' title='bbox 2235 2822 2328 2876; x_wconf 76' lang='grc' dir='ltr'><strong>καὶ</strong></span> <span class='ocrx_word' id='word_1_410' title='bbox 2366 2822 2538 2891; x_wconf 89' lang='grc' dir='ltr'>κτήνη</span> <span class='ocrx_word' id='word_1_411' title='bbox 2573 2821 2787 2887; x_wconf 85' lang='grc' dir='ltr'>σώσεις,</span> <span class='ocrx_word' id='word_1_412' title='bbox 2818 2822 3012 2894; x_wconf 72' lang='grc' dir='ltr'>Κύριε.</span> <span class='ocrx_word' id='word_1_413' title='bbox 3049 2842 3071 2877; x_wconf 74' lang='grc' dir='ltr'><strong>ι</strong></span> 
     </span>
    </p>
   </div>
   <div class='ocr_carea' id='block_1_59' title="bbox 2143 2913 3650 2986">
    <p class='ocr_par' dir='ltr' id='par_1_59' title="bbox 2143 2913 3650 2986">
     <span class='ocr_line' id='line_1_59' title="bbox 2143 2913 3650 2986; baseline 0.001 -20"><span class='ocrx_word' id='word_1_414' title='bbox 2143 2913 2265 2979; x_wconf 83' lang='grc' dir='ltr'><strong>Πᾶς</strong></span> <span class='ocrx_word' id='word_1_415' title='bbox 2301 2913 2368 2979; x_wconf 83' lang='grc' dir='ltr'>ὃς</span> <span class='ocrx_word' id='word_1_416' title='bbox 2398 2915 2506 2968; x_wconf 81' lang='grc' dir='ltr'><strong>ἐὰν</strong></span> <span class='ocrx_word' id='word_1_417' title='bbox 2537 2915 2760 2984; x_wconf 67' lang='grc' dir='ltr'>ἅψηται</span> <span class='ocrx_word' id='word_1_418' title='bbox 2797 2913 2993 2967; x_wconf 75' lang='grc' dir='ltr'>αὐτῶν</span> <span class='ocrx_word' id='word_1_419' title='bbox 3023 2914 3470 2986; x_wconf 65' lang='grc' dir='ltr'>ἀπωσθιὶσεται.</span> <span class='ocrx_word' id='word_1_420' title='bbox 3497 2913 3650 2976; x_wconf 67' lang='grc' dir='ltr'>Τινὲς,</span> 
     </span>
    </p>
   </div>
   <div class='ocr_carea' id='block_1_60' title="bbox 2072 3005 3652 3079">
    <p class='ocr_par' dir='ltr' id='par_1_60' title="bbox 2072 3005 3652 3079">
     <span class='ocr_line' id='line_1_60' title="bbox 2072 3005 3652 3079; baseline -0.002 -19"><span class='ocrx_word' id='word_1_421' title='bbox 2072 3007 2132 3060; x_wconf 83' lang='grc' dir='ltr'>τὸ</span> <span class='ocrx_word' id='word_1_422' title='bbox 2163 3025 2182 3059; x_wconf 79' lang='grc' dir='ltr'><strong>ι</strong></span> <span class='ocrx_word' id='word_1_423' title='bbox 2230 3009 2646 3079; x_wconf 86' lang='grc' dir='ltr'>ἁγιασθήσεται,</span> <span class='ocrx_word' id='word_1_424' title='bbox 2695 3027 2713 3060; x_wconf 73' lang='grc' dir='ltr'><strong>ι</strong></span> <span class='ocrx_word' id='word_1_425' title='bbox 2758 3006 3227 3076; x_wconf 77' lang='grc' dir='ltr'>μολυνθήσεται,</span> <span class='ocrx_word' id='word_1_426' title='bbox 3252 3007 3433 3074; x_wconf 69' lang='grc' dir='ltr'>φασιν,</span> <span class='ocrx_word' id='word_1_427' title='bbox 3481 3005 3538 3058; x_wconf 85' lang='grc' dir='ltr'><strong>οὐ</strong></span> <span class='ocrx_word' id='word_1_428' title='bbox 3564 3005 3652 3058; x_wconf 75' lang='grc' dir='ltr'>διὰ</span> 
     </span>
    </p>
   </div>
   <div class='ocr_carea' id='block_1_61' title="bbox 2070 3097 3657 3171">
    <p class='ocr_par' dir='ltr' id='par_1_61' title="bbox 2070 3097 3657 3171">
     <span class='ocr_line' id='line_1_61' title="bbox 2070 3097 3657 3171; baseline -0.001 -20"><span class='ocrx_word' id='word_1_429' title='bbox 2070 3099 2168 3171; x_wconf 82' lang='grc' dir='ltr'><strong>τὴν</strong></span> <span class='ocrx_word' id='word_1_430' title='bbox 2201 3099 2412 3165; x_wconf 85' lang='grc' dir='ltr'>θυσίαν,</span> <span class='ocrx_word' id='word_1_431' title='bbox 2431 3097 2603 3170; x_wconf 83' lang='grc' dir='ltr'>οἶμαι,</span> <span class='ocrx_word' id='word_1_432' title='bbox 2633 3099 2766 3153; x_wconf 84' lang='grc' dir='ltr'><strong>ἀλλά</strong></span> <span class='ocrx_word' id='word_1_433' title='bbox 2796 3099 2885 3151; x_wconf 83' lang='grc' dir='ltr'><strong>διὰ</strong></span> <span class='ocrx_word' id='word_1_434' title='bbox 2910 3099 2970 3152; x_wconf 81' lang='grc' dir='ltr'><strong>τὸ</strong></span> <span class='ocrx_word' id='word_1_435' title='bbox 3001 3097 3270 3169; x_wconf 80' lang='grc' dir='ltr'>τολμηρὸν</span> <span class='ocrx_word' id='word_1_436' title='bbox 3297 3097 3458 3150; x_wconf 77' lang='grc' dir='ltr'>αὐτοῦ</span> <span class='ocrx_word' id='word_1_437' title='bbox 3487 3099 3657 3151; x_wconf 67' lang='lat' dir='ltr'><strong>amo-</strong></span> 
     </span>
    </p>
   </div>
   <div class='ocr_carea' id='block_1_62' title="bbox 387 3173 1969 3263">
    <p class='ocr_par' dir='ltr' id='par_1_62' title="bbox 387 3173 1966 3253">
     <span class='ocr_line' id='line_1_62' title="bbox 387 3173 1966 3253; baseline -0.009 -13"><span class='ocrx_word' id='word_1_438' title='bbox 387 3184 483 3240; x_wconf 88' lang='lat' dir='ltr'><strong>sed</strong></span> <span class='ocrx_word' id='word_1_439' title='bbox 517 3190 740 3253; x_wconf 78' lang='lat' dir='ltr'><strong>propter</strong></span> <span class='ocrx_word' id='word_1_440' title='bbox 771 3180 1061 3234; x_wconf 86' lang='lat' dir='ltr'><strong>audaciam</strong></span> <span class='ocrx_word' id='word_1_441' title='bbox 1112 3176 1403 3246; x_wconf 76' lang='lat' dir='ltr'><strong>tangentis.</strong></span> <span class='ocrx_word' id='word_1_442' title='bbox 1434 3175 1664 3244; x_wconf 66' lang='lat' dir='ltr'><strong>Aggaaus</strong></span> <span class='ocrx_word' id='word_1_443' title='bbox 1703 3173 1849 3229; x_wconf 88' lang='lat' dir='ltr'><strong>enim</strong></span> <span class='ocrx_word' id='word_1_444' title='bbox 1881 3173 1966 3226; x_wconf 84' lang='lat' dir='ltr'><strong>di-</strong></span> 
     </span>
    </p>
   </div>
   <div class='ocr_carea' id='block_1_63' title="bbox 2072 3173 3650 3263">
    <p class='ocr_par' dir='ltr' id='par_1_63' title="bbox 2072 3190 3650 3263">
     <span class='ocr_line' id='line_1_63' title="bbox 2072 3190 3650 3263; baseline 0 -19"><span class='ocrx_word' id='word_1_445' title='bbox 2072 3191 2254 3262; x_wconf 81' lang='grc' dir='ltr'>μένου.</span> <span class='ocrx_word' id='word_1_446' title='bbox 2304 3193 2555 3261; x_wconf 80' lang='grc' dir='ltr'>Ἀγγαῖος</span> <span class='ocrx_word' id='word_1_447' title='bbox 2597 3192 2703 3263; x_wconf 85' lang='grc' dir='ltr'><strong>γάρ</strong></span> <span class='ocrx_word' id='word_1_448' title='bbox 2739 3208 2920 3262; x_wconf 77' lang='grc' dir='ltr'>φησιν’</span> <span class='ocrx_word' id='word_1_449' title='bbox 2965 3209 2984 3242; x_wconf 77' lang='grc' dir='ltr'><strong>ι</strong></span> <span class='ocrx_word' id='word_1_450' title='bbox 3021 3192 3115 3256; x_wconf 79' lang='grc' dir='ltr'><strong>’⁸ος</strong></span> <span class='ocrx_word' id='word_1_451' title='bbox 3138 3190 3202 3243; x_wconf 78' lang='grc' dir='ltr'><strong>ἂν</strong></span> <span class='ocrx_word' id='word_1_452' title='bbox 3234 3190 3456 3261; x_wconf 74' lang='grc' dir='ltr'>ἅψηται,</span> <span class='ocrx_word' id='word_1_453' title='bbox 3493 3205 3650 3260; x_wconf 86' lang='grc' dir='ltr'>μιαν·</span> 
     </span>
    </p>
   </div>
   <div class='ocr_carea' id='block_1_64' title="bbox 385 3271 1615 3344">
    <p class='ocr_par' dir='ltr' id='par_1_64' title="bbox 385 3271 1615 3344">
     <span class='ocr_line' id='line_1_64' title="bbox 385 3271 1615 3344; baseline -0.01 -10"><span class='ocrx_word' id='word_1_454' title='bbox 385 3281 505 3334; x_wconf 71' lang='grc' dir='ltr'>οἰι⁴</span> <span class='ocrx_word' id='word_1_455' title='bbox 537 3297 550 3332; x_wconf 87' lang='lat'><strong>:</strong></span> <span class='ocrx_word' id='word_1_456' title='bbox 590 3297 607 3328; x_wconf 81' lang='grc' dir='ltr'><strong>ι</strong></span> <span class='ocrx_word' id='word_1_457' title='bbox 649 3277 748 3344; x_wconf 89' lang='lat' dir='ltr'><strong>Qui</strong></span> <span class='ocrx_word' id='word_1_458' title='bbox 781 3275 1044 3344; x_wconf 79' lang='lat' dir='ltr'><strong>tetigerit,</strong></span> <span class='ocrx_word' id='word_1_459' title='bbox 1080 3271 1564 3328; x_wconf 87' lang='lat' dir='ltr'><strong>contaminabitur.</strong></span> <span class='ocrx_word' id='word_1_460' title='bbox 1596 3287 1615 3322; x_wconf 72' lang='grc' dir='ltr'><strong>ι</strong></span> 
     </span>
    </p>
   </div>
   <div class='ocr_carea' id='block_1_65' title="bbox 459 3358 1966 3436">
    <p class='ocr_par' dir='ltr' id='par_1_65' title="bbox 459 3358 1966 3436">
     <span class='ocr_line' id='line_1_65' title="bbox 459 3358 1966 3436; baseline -0.006 -15"><span class='ocrx_word' id='word_1_461' title='bbox 459 3365 732 3436; x_wconf 82' lang='lat' dir='ltr'><strong>Ejusdem.</strong></span> <span class='ocrx_word' id='word_1_462' title='bbox 787 3367 1023 3420; x_wconf 85' lang='lat' dir='ltr'><strong>Dicimus</strong></span> <span class='ocrx_word' id='word_1_463' title='bbox 1071 3361 1346 3418; x_wconf 89' lang='lat' dir='ltr'><strong>sacriﬁcia</strong></span> <span class='ocrx_word' id='word_1_464' title='bbox 1390 3358 1768 3415; x_wconf 72' lang='lat' dir='ltr'><strong>sacerdotibus</strong></span> <span class='ocrx_word' id='word_1_465' title='bbox 1797 3358 1966 3428; x_wconf 82' lang='lat' dir='ltr'><strong>magis</strong></span> 
     </span>
    </p>
   </div>
   <div class='ocr_carea' id='block_1_66' title="bbox 389 3453 1966 3525">
    <p class='ocr_par' dir='ltr' id='par_1_66' title="bbox 389 3453 1966 3525">
     <span class='ocr_line' id='line_1_66' title="bbox 389 3453 1966 3525; baseline -0.003 -11"><span class='ocrx_word' id='word_1_466' title='bbox 389 3459 556 3515; x_wconf 81' lang='lat' dir='ltr'><strong>fuisse</strong></span> <span class='ocrx_word' id='word_1_467' title='bbox 608 3459 995 3512; x_wconf 88' lang='lat' dir='ltr'><strong>alimentorum</strong></span> <span class='ocrx_word' id='word_1_468' title='bbox 1053 3457 1368 3521; x_wconf 89' lang='lat' dir='ltr'><strong>materiam,</strong></span> <span class='ocrx_word' id='word_1_469' title='bbox 1405 3464 1461 3510; x_wconf 87' lang='lat' dir='ltr'><strong>et</strong></span> <span class='ocrx_word' id='word_1_470' title='bbox 1513 3456 1761 3510; x_wconf 77' lang='lat' dir='ltr'><strong>umbraut</strong></span> <span class='ocrx_word' id='word_1_471' title='bbox 1808 3453 1966 3525; x_wconf 71' lang='lat'><strong>182</strong></span> 
     </span>
    </p>
   </div>
   <div class='ocr_carea' id='block_1_67' title="bbox 389 3546 1966 3624">
    <p class='ocr_par' dir='ltr' id='par_1_67' title="bbox 389 3546 1966 3624">
     <span class='ocr_line' id='line_1_67' title="bbox 389 3546 1966 3624; baseline -0.003 -18"><span class='ocrx_word' id='word_1_472' title='bbox 389 3552 631 3624; x_wconf 87' lang='lat' dir='ltr'><strong>pictatis.</strong></span> <span class='ocrx_word' id='word_1_473' title='bbox 669 3550 872 3620; x_wconf 81' lang='lat' dir='ltr'><strong>Duplex</strong></span> <span class='ocrx_word' id='word_1_474' title='bbox 930 3547 1112 3603; x_wconf 90' lang='lat' dir='ltr'><strong>oritur</strong></span> <span class='ocrx_word' id='word_1_475' title='bbox 1163 3546 1374 3602; x_wconf 90' lang='lat' dir='ltr'><strong>lucrum</strong></span> <span class='ocrx_word' id='word_1_476' title='bbox 1411 3561 1441 3602; x_wconf 90' lang='lat' dir='ltr'><strong>e</strong></span> <span class='ocrx_word' id='word_1_477' title='bbox 1481 3547 1803 3614; x_wconf 88' lang='lat' dir='ltr'><strong>sacriﬁciis;</strong></span> <span class='ocrx_word' id='word_1_478' title='bbox 1851 3549 1966 3617; x_wconf 88' lang='lat' dir='ltr'><strong>pri-</strong></span> 
     </span>
    </p>
   </div>
   <div class='ocr_carea' id='block_1_68' title="bbox 386 3638 1965 3713">
    <p class='ocr_par' dir='ltr' id='par_1_68' title="bbox 386 3638 1965 3713">
     <span class='ocr_line' id='line_1_68' title="bbox 386 3638 1965 3713; baseline -0.003 -15"><span class='ocrx_word' id='word_1_479' title='bbox 386 3661 560 3711; x_wconf 87' lang='lat' dir='ltr'><strong>mtun,</strong></span> <span class='ocrx_word' id='word_1_480' title='bbox 593 3643 736 3713; x_wconf 87' lang='lat' dir='ltr'><strong>quod</strong></span> <span class='ocrx_word' id='word_1_481' title='bbox 769 3643 892 3696; x_wconf 90' lang='lat' dir='ltr'><strong>inde</strong></span> <span class='ocrx_word' id='word_1_482' title='bbox 927 3640 1070 3694; x_wconf 88' lang='lat' dir='ltr'><strong>Deus</strong></span> <span class='ocrx_word' id='word_1_483' title='bbox 1113 3638 1445 3703; x_wconf 79' lang='lat' dir='ltr'><strong>lionoretur;</strong></span> <span class='ocrx_word' id='word_1_484' title='bbox 1472 3639 1788 3705; x_wconf 90' lang='lat' dir='ltr'><strong>secundum,</strong></span> <span class='ocrx_word' id='word_1_485' title='bbox 1821 3639 1965 3709; x_wconf 86' lang='lat' dir='ltr'><strong>quod</strong></span> 
     </span>
    </p>
   </div>
   <div class='ocr_carea' id='block_1_69' title="bbox 383 3729 1963 3808">
    <p class='ocr_par' dir='ltr' id='par_1_69' title="bbox 383 3729 1963 3808">
     <span class='ocr_line' id='line_1_69' title="bbox 383 3729 1963 3808; baseline -0.003 -20"><span class='ocrx_word' id='word_1_486' title='bbox 383 3751 505 3808; x_wconf 63' lang='lat' dir='ltr'><strong>quae</strong></span> <span class='ocrx_word' id='word_1_487' title='bbox 552 3735 821 3806; x_wconf 87' lang='lat' dir='ltr'><strong>quispiam</strong></span> <span class='ocrx_word' id='word_1_488' title='bbox 870 3731 1192 3797; x_wconf 88' lang='lat' dir='ltr'><strong>immolarit,</strong></span> <span class='ocrx_word' id='word_1_489' title='bbox 1229 3745 1294 3806; x_wconf 78' lang='lat' dir='ltr'><strong>ea</strong></span> <span class='ocrx_word' id='word_1_490' title='bbox 1334 3744 1439 3784; x_wconf 87' lang='lat' dir='ltr'><strong>non</strong></span> <span class='ocrx_word' id='word_1_491' title='bbox 1477 3729 1640 3785; x_wconf 82' lang='lat' dir='ltr'><strong>facile</strong></span> <span class='ocrx_word' id='word_1_492' title='bbox 1686 3731 1963 3798; x_wconf 88' lang='lat' dir='ltr'><strong>adorabit,</strong></span> 
     </span>
    </p>
   </div>
   <div class='ocr_carea' id='block_1_70' title="bbox 384 3823 1170 3896">
    <p class='ocr_par' dir='ltr' id='par_1_70' title="bbox 384 3823 1170 3896">
     <span class='ocr_line' id='line_1_70' title="bbox 384 3823 1170 3896; baseline -0.009 -14"><span class='ocrx_word' id='word_1_493' title='bbox 384 3842 560 3896; x_wconf 87' lang='lat' dir='ltr'><strong>neque</strong></span> <span class='ocrx_word' id='word_1_494' title='bbox 592 3829 758 3881; x_wconf 89' lang='lat' dir='ltr'><strong>Deum</strong></span> <span class='ocrx_word' id='word_1_495' title='bbox 786 3840 906 3880; x_wconf 86' lang='lat' dir='ltr'><strong>esse</strong></span> <span class='ocrx_word' id='word_1_496' title='bbox 935 3823 1170 3894; x_wconf 86' lang='lat' dir='ltr'><strong>putabit.</strong></span> 
     </span>
    </p>
   </div>
   <div class='ocr_carea' id='block_1_71' title="bbox 457 3913 1962 3973">
    <p class='ocr_par' dir='ltr' id='par_1_71' title="bbox 457 3913 1962 3973">
     <span class='ocr_line' id='line_1_71' title="bbox 457 3913 1962 3973; baseline -0.003 0"><span class='ocrx_word' id='word_1_497' title='bbox 457 3919 522 3973; x_wconf 80' lang='lat' dir='ltr'><strong>Et</strong></span> <span class='ocrx_word' id='word_1_498' title='bbox 556 3935 659 3972; x_wconf 86' lang='lat' dir='ltr'><strong>non</strong></span> <span class='ocrx_word' id='word_1_499' title='bbox 704 3918 1001 3970; x_wconf 85' lang='lat' dir='ltr'><strong>moriemini</strong></span> <span class='ocrx_word' id='word_1_500' title='bbox 1028 3917 1069 3970; x_wconf 83' lang='lat'><strong>&#39;.</strong></span> <span class='ocrx_word' id='word_1_501' title='bbox 1105 3915 1334 3970; x_wconf 82' lang='lat' dir='ltr'><strong>Mortem</strong></span> <span class='ocrx_word' id='word_1_502' title='bbox 1386 3914 1500 3970; x_wconf 65' lang='lat' dir='ltr'><strong>haec</strong></span> <span class='ocrx_word' id='word_1_503' title='bbox 1549 3914 1710 3970; x_wconf 79' lang='lat' dir='ltr'><strong>verba</strong></span> <span class='ocrx_word' id='word_1_504' title='bbox 1765 3913 1962 3969; x_wconf 89' lang='lat' dir='ltr'><strong>minari</strong></span> 
     </span>
    </p>
   </div>
   <div class='ocr_carea' id='block_1_72' title="bbox 382 4008 1961 4074">
    <p class='ocr_par' dir='ltr' id='par_1_72' title="bbox 382 4008 1961 4074">
     <span class='ocr_line' id='line_1_72' title="bbox 382 4008 1961 4074; baseline -0.004 -6"><span class='ocrx_word' id='word_1_505' title='bbox 382 4013 637 4068; x_wconf 82' lang='lat' dir='ltr'><strong>videntur</strong></span> <span class='ocrx_word' id='word_1_506' title='bbox 661 4011 1034 4067; x_wconf 89' lang='lat' dir='ltr'><strong>sacerdotibus</strong></span> <span class='ocrx_word' id='word_1_507' title='bbox 1064 4011 1248 4065; x_wconf 85' lang='lat' dir='ltr'><strong>vinum</strong></span> <span class='ocrx_word' id='word_1_508' title='bbox 1279 4019 1335 4065; x_wconf 89' lang='lat' dir='ltr'><strong>et</strong></span> <span class='ocrx_word' id='word_1_509' title='bbox 1367 4008 1600 4064; x_wconf 86' lang='lat' dir='ltr'><strong>siceram</strong></span> <span class='ocrx_word' id='word_1_510' title='bbox 1629 4008 1961 4074; x_wconf 87' lang='lat' dir='ltr'><strong>bibentibus,</strong></span> 
     </span>
    </p>
   </div>
   <div class='ocr_carea' id='block_1_73' title="bbox 381 4101 1960 4174">
    <p class='ocr_par' dir='ltr' id='par_1_73' title="bbox 381 4101 1960 4174">
     <span class='ocr_line' id='line_1_73' title="bbox 381 4101 1960 4174; baseline -0.006 -12"><span class='ocrx_word' id='word_1_511' title='bbox 381 4123 504 4162; x_wconf 87' lang='lat' dir='ltr'><strong>cum</strong></span> <span class='ocrx_word' id='word_1_512' title='bbox 546 4107 599 4161; x_wconf 90' lang='lat' dir='ltr'><strong>in</strong></span> <span class='ocrx_word' id='word_1_513' title='bbox 634 4105 1048 4162; x_wconf 86' lang='lat' dir='ltr'><strong>tabernaculum</strong></span> <span class='ocrx_word' id='word_1_514' title='bbox 1096 4104 1498 4174; x_wconf 72' lang='lat' dir='ltr'><strong>ingrediuntur.</strong></span> <span class='ocrx_word' id='word_1_515' title='bbox 1546 4101 1773 4172; x_wconf 86' lang='lat' dir='ltr'><strong>Oportet</strong></span> <span class='ocrx_word' id='word_1_516' title='bbox 1815 4101 1960 4156; x_wconf 85' lang='lat' dir='ltr'><strong>enim</strong></span> 
     </span>
    </p>
   </div>
   <div class='ocr_carea' id='block_1_74' title="bbox 380 4192 1962 4270">
    <p class='ocr_par' dir='ltr' id='par_1_74' title="bbox 380 4192 1962 4270">
     <span class='ocr_line' id='line_1_74' title="bbox 380 4192 1962 4270; baseline -0.006 -16"><span class='ocrx_word' id='word_1_517' title='bbox 380 4202 663 4270; x_wconf 88' lang='lat' dir='ltr'><strong>episcopos</strong></span> <span class='ocrx_word' id='word_1_518' title='bbox 690 4199 785 4269; x_wconf 89' lang='lat' dir='ltr'><strong>qui</strong></span> <span class='ocrx_word' id='word_1_519' title='bbox 820 4210 979 4254; x_wconf 88' lang='lat' dir='ltr'><strong>orant</strong></span> <span class='ocrx_word' id='word_1_520' title='bbox 1011 4213 1110 4268; x_wconf 93' lang='lat' dir='ltr'><strong>pro</strong></span> <span class='ocrx_word' id='word_1_521' title='bbox 1156 4197 1378 4268; x_wconf 89' lang='lat' dir='ltr'><strong>populo,</strong></span> <span class='ocrx_word' id='word_1_522' title='bbox 1410 4211 1516 4250; x_wconf 93' lang='lat' dir='ltr'><strong>non</strong></span> <span class='ocrx_word' id='word_1_523' title='bbox 1547 4196 1721 4250; x_wconf 90' lang='lat' dir='ltr'><strong>solum</strong></span> <span class='ocrx_word' id='word_1_524' title='bbox 1775 4192 1962 4263; x_wconf 84' lang='lat' dir='ltr'><strong>fugere</strong></span> 
     </span>
    </p>
   </div>
   <div class='ocr_carea' id='block_1_75' title="bbox 379 4289 1960 4362">
    <p class='ocr_par' dir='ltr' id='par_1_75' title="bbox 379 4289 1960 4362">
     <span class='ocr_line' id='line_1_75' title="bbox 379 4289 1960 4362; baseline -0.006 -17"><span class='ocrx_word' id='word_1_525' title='bbox 379 4295 700 4348; x_wconf 87' lang='lat' dir='ltr'><strong>ebrietatem</strong></span> <span class='ocrx_word' id='word_1_526' title='bbox 735 4307 857 4362; x_wconf 67' lang='lat' dir='ltr'><strong>qute</strong></span> <span class='ocrx_word' id='word_1_527' title='bbox 897 4307 925 4345; x_wconf 92' lang='lat' dir='ltr'><strong>a</strong></span> <span class='ocrx_word' id='word_1_528' title='bbox 972 4294 1096 4346; x_wconf 80' lang='lat' dir='ltr'><strong>vino</strong></span> <span class='ocrx_word' id='word_1_529' title='bbox 1137 4290 1342 4356; x_wconf 89' lang='lat' dir='ltr'><strong>oritur,</strong></span> <span class='ocrx_word' id='word_1_530' title='bbox 1393 4289 1490 4344; x_wconf 90' lang='lat' dir='ltr'><strong>sed</strong></span> <span class='ocrx_word' id='word_1_531' title='bbox 1529 4298 1585 4342; x_wconf 86' lang='lat' dir='ltr'><strong>et</strong></span> <span class='ocrx_word' id='word_1_532' title='bbox 1618 4301 1738 4342; x_wconf 91' lang='lat' dir='ltr'><strong>eam</strong></span> <span class='ocrx_word' id='word_1_533' title='bbox 1779 4300 1898 4354; x_wconf 75' lang='lat' dir='ltr'><strong>qua:</strong></span> <span class='ocrx_word' id='word_1_534' title='bbox 1930 4299 1960 4336; x_wconf 87' lang='lat' dir='ltr'><strong>a</strong></span> 
     </span>
    </p>
   </div>
   <div class='ocr_carea' id='block_1_76' title="bbox 378 4378 1956 4450">
    <p class='ocr_par' dir='ltr' id='par_1_76' title="bbox 378 4378 1956 4450">
     <span class='ocr_line' id='line_1_76' title="bbox 378 4378 1956 4450; baseline -0.007 -10"><span class='ocrx_word' id='word_1_535' title='bbox 378 4390 540 4441; x_wconf 83' lang='lat' dir='ltr'><strong>rebus</strong></span> <span class='ocrx_word' id='word_1_536' title='bbox 597 4396 653 4442; x_wconf 88' lang='lat' dir='ltr'><strong>et</strong></span> <span class='ocrx_word' id='word_1_537' title='bbox 701 4386 1214 4440; x_wconf 82' lang='lat' dir='ltr'><strong>ratiocinationibus</strong></span> <span class='ocrx_word' id='word_1_538' title='bbox 1264 4382 1520 4438; x_wconf 85' lang='lat' dir='ltr'><strong>humanis</strong></span> <span class='ocrx_word' id='word_1_539' title='bbox 1575 4378 1956 4450; x_wconf 83' lang='lat' dir='ltr'><strong>proﬁciscitur.</strong></span> 
     </span>
    </p>
   </div>
   <div class='ocr_carea' id='block_1_77' title="bbox 379 4471 1959 4542">
    <p class='ocr_par' dir='ltr' id='par_1_77' title="bbox 379 4471 1959 4542">
     <span class='ocr_line' id='line_1_77' title="bbox 379 4471 1959 4542; baseline -0.004 -13"><span class='ocrx_word' id='word_1_540' title='bbox 379 4478 488 4531; x_wconf 68' lang='lat' dir='ltr'><strong>Nec</strong></span> <span class='ocrx_word' id='word_1_541' title='bbox 517 4477 754 4530; x_wconf 86' lang='lat' dir='ltr'><strong>absurde</strong></span> <span class='ocrx_word' id='word_1_542' title='bbox 784 4475 912 4528; x_wconf 92' lang='lat' dir='ltr'><strong>illud</strong></span> <span class='ocrx_word' id='word_1_543' title='bbox 947 4484 1118 4541; x_wconf 89' lang='lat' dir='ltr'><strong>vetat,</strong></span> <span class='ocrx_word' id='word_1_544' title='bbox 1151 4472 1245 4526; x_wconf 85' lang='lat' dir='ltr'><strong>sed</strong></span> <span class='ocrx_word' id='word_1_545' title='bbox 1283 4472 1426 4542; x_wconf 89' lang='lat' dir='ltr'><strong>quod</strong></span> <span class='ocrx_word' id='word_1_546' title='bbox 1474 4472 1642 4526; x_wconf 89' lang='lat' dir='ltr'><strong>sciret</strong></span> <span class='ocrx_word' id='word_1_547' title='bbox 1688 4471 1959 4538; x_wconf 88' lang='lat' dir='ltr'><strong>impoten-</strong></span> 
     </span>
    </p>
   </div>
   <div class='ocr_carea' id='block_1_78' title="bbox 2070 3283 2381 3356">
    <p class='ocr_par' dir='ltr' id='par_1_78' title="bbox 2070 3283 2381 3356">
     <span class='ocr_line' id='line_1_78' title="bbox 2070 3283 2381 3356; baseline 0.003 -20"><span class='ocrx_word' id='word_1_548' title='bbox 2070 3283 2312 3356; x_wconf 74' lang='grc' dir='ltr'>θήσεται.</span> <span class='ocrx_word' id='word_1_549' title='bbox 2363 3303 2381 3336; x_wconf 74' lang='grc' dir='ltr'><strong>ι</strong></span> 
     </span>
    </p>
   </div>
   <div class='ocr_carea' id='block_1_79' title="bbox 2146 3370 3644 3444">
    <p class='ocr_par' dir='ltr' id='par_1_79' title="bbox 2146 3370 3644 3444">
     <span class='ocr_line' id='line_1_79' title="bbox 2146 3370 3644 3444; baseline -0.005 -15"><span class='ocrx_word' id='word_1_550' title='bbox 2146 3375 2258 3429; x_wconf 85' lang='grc' dir='ltr'><strong>Τοῦ</strong></span> <span class='ocrx_word' id='word_1_551' title='bbox 2309 3374 2516 3429; x_wconf 81' lang='grc' dir='ltr'>αὐτοῦ.</span> <span class='ocrx_word' id='word_1_552' title='bbox 2552 3374 2795 3444; x_wconf 85' lang='grc' dir='ltr'>Λέγομεν</span> <span class='ocrx_word' id='word_1_553' title='bbox 2829 3373 2903 3435; x_wconf 81' lang='grc' dir='ltr'>ὡς</span> <span class='ocrx_word' id='word_1_554' title='bbox 2935 3372 3228 3443; x_wconf 77' lang='grc' dir='ltr'>διατροφῆς</span> <span class='ocrx_word' id='word_1_555' title='bbox 3259 3370 3480 3442; x_wconf 83' lang='grc' dir='ltr'>ἀφορμὴ</span> <span class='ocrx_word' id='word_1_556' title='bbox 3517 3371 3644 3440; x_wconf 85' lang='grc' dir='ltr'><strong>μᾶλ-</strong></span> 
     </span>
    </p>
   </div>
   <div class='ocr_carea' id='block_1_80' title="bbox 2067 3459 3651 3534">
    <p class='ocr_par' dir='ltr' id='par_1_80' title="bbox 2067 3459 3651 3534">
     <span class='ocr_line' id='line_1_80' title="bbox 2067 3459 3651 3534; baseline -0.003 -18"><span class='ocrx_word' id='word_1_557' title='bbox 2067 3464 2157 3517; x_wconf 82' lang='grc' dir='ltr'><strong>λον</strong></span> <span class='ocrx_word' id='word_1_558' title='bbox 2197 3467 2308 3526; x_wconf 87' lang='grc' dir='ltr'>τοῖς</span> <span class='ocrx_word' id='word_1_559' title='bbox 2369 3463 2601 3534; x_wconf 81' lang='grc' dir='ltr'>ἱερεῦσιν</span> <span class='ocrx_word' id='word_1_560' title='bbox 2643 3459 2782 3533; x_wconf 77' lang='grc' dir='ltr'>ἦσαν</span> <span class='ocrx_word' id='word_1_561' title='bbox 2815 3463 2871 3514; x_wconf 88' lang='lat' dir='ltr'><strong>al</strong></span> <span class='ocrx_word' id='word_1_562' title='bbox 2915 3460 3096 3513; x_wconf 83' lang='grc' dir='ltr'>θυσίαι</span> <span class='ocrx_word' id='word_1_563' title='bbox 3130 3461 3222 3512; x_wconf 72' lang='grc' dir='ltr'><strong>καὶ</strong></span> <span class='ocrx_word' id='word_1_564' title='bbox 3259 3459 3388 3512; x_wconf 83' lang='grc' dir='ltr'>σκιὰ</span> <span class='ocrx_word' id='word_1_565' title='bbox 3431 3461 3528 3530; x_wconf 82' lang='grc' dir='ltr'><strong>τῆς</strong></span> <span class='ocrx_word' id='word_1_566' title='bbox 3561 3461 3651 3512; x_wconf 71' lang='grc' dir='ltr'><strong>εὖ·</strong></span> 
     </span>
    </p>
   </div>
   <div class='ocr_carea' id='block_1_81' title="bbox 2070 3551 3647 3620">
    <p class='ocr_par' dir='ltr' id='par_1_81' title="bbox 2070 3551 3647 3620">
     <span class='ocr_line' id='line_1_81' title="bbox 2070 3551 3647 3620; baseline -0.003 -12"><span class='ocrx_word' id='word_1_567' title='bbox 2070 3555 2303 3618; x_wconf 74' lang='grc' dir='ltr'>σεϐείας.</span> <span class='ocrx_word' id='word_1_568' title='bbox 2339 3553 2568 3608; x_wconf 79' lang='grc' dir='ltr'>Διπλοῦν</span> <span class='ocrx_word' id='word_1_569' title='bbox 2597 3554 2652 3606; x_wconf 89' lang='grc' dir='ltr'><strong>δέ</strong></span> <span class='ocrx_word' id='word_1_570' title='bbox 2679 3555 2795 3605; x_wconf 83' lang='grc' dir='ltr'>ἐστι</span> <span class='ocrx_word' id='word_1_571' title='bbox 2825 3551 2883 3604; x_wconf 78' lang='grc' dir='ltr'><strong>τὸ</strong></span> <span class='ocrx_word' id='word_1_572' title='bbox 2912 3551 3098 3620; x_wconf 78' lang='grc' dir='ltr'>κέρδος</span> <span class='ocrx_word' id='word_1_573' title='bbox 3121 3551 3180 3603; x_wconf 84' lang='grc' dir='ltr'>τὸ</span> <span class='ocrx_word' id='word_1_574' title='bbox 3208 3551 3317 3605; x_wconf 80' lang='grc' dir='ltr'>ἀπὸ</span> <span class='ocrx_word' id='word_1_575' title='bbox 3347 3551 3440 3604; x_wconf 86' lang='grc' dir='ltr'>τοῦ</span> <span class='ocrx_word' id='word_1_576' title='bbox 3480 3551 3647 3604; x_wconf 82' lang='grc' dir='ltr'>θύειν’</span> 
     </span>
    </p>
   </div>
   <div class='ocr_carea' id='block_1_82' title="bbox 2070 3643 3648 3717">
    <p class='ocr_par' dir='ltr' id='par_1_82' title="bbox 2070 3643 3648 3717">
     <span class='ocr_line' id='line_1_82' title="bbox 2070 3643 3648 3717; baseline -0.004 -15"><span class='ocrx_word' id='word_1_577' title='bbox 2070 3649 2165 3702; x_wconf 68' lang='grc' dir='ltr'>καὶ</span> <span class='ocrx_word' id='word_1_578' title='bbox 2219 3649 2302 3701; x_wconf 84' lang='grc' dir='ltr'>ὅτι</span> <span class='ocrx_word' id='word_1_579' title='bbox 2357 3646 2474 3717; x_wconf 83' lang='grc' dir='ltr'>Θεῷ</span> <span class='ocrx_word' id='word_1_580' title='bbox 2521 3647 2858 3717; x_wconf 82' lang='grc' dir='ltr'>προσάγεται</span> <span class='ocrx_word' id='word_1_581' title='bbox 2924 3644 3096 3714; x_wconf 82' lang='grc' dir='ltr'>τιμὴ,</span> <span class='ocrx_word' id='word_1_582' title='bbox 3151 3643 3245 3696; x_wconf 68' lang='grc' dir='ltr'>καὶ</span> <span class='ocrx_word' id='word_1_583' title='bbox 3291 3644 3374 3696; x_wconf 80' lang='grc' dir='ltr'>ὅτι</span> <span class='ocrx_word' id='word_1_584' title='bbox 3432 3643 3468 3696; x_wconf 78' lang='grc' dir='ltr'>ἃ</span> <span class='ocrx_word' id='word_1_585' title='bbox 3531 3643 3648 3696; x_wconf 76' lang='grc' dir='ltr'>θύει</span> 
     </span>
    </p>
   </div>
   <div class='ocr_carea' id='block_1_83' title="bbox 2067 3734 3650 3810">
    <p class='ocr_par' dir='ltr' id='par_1_83' title="bbox 2067 3734 3650 3810">
     <span class='ocr_line' id='line_1_83' title="bbox 2067 3734 3650 3810; baseline -0.004 -16"><span class='ocrx_word' id='word_1_586' title='bbox 2067 3759 2151 3805; x_wconf 86' lang='grc' dir='ltr'><strong>τις</strong></span> <span class='ocrx_word' id='word_1_587' title='bbox 2207 3742 2305 3794; x_wconf 80' lang='grc' dir='ltr'><strong>οὐκ</strong></span> <span class='ocrx_word' id='word_1_588' title='bbox 2357 3739 2424 3794; x_wconf 82' lang='grc' dir='ltr'>ἂν</span> <span class='ocrx_word' id='word_1_589' title='bbox 2478 3739 2925 3810; x_wconf 74' lang='grc' dir='ltr'>προσκυνήσειεν,</span> <span class='ocrx_word' id='word_1_590' title='bbox 2955 3737 3075 3789; x_wconf 73' lang='grc' dir='ltr'>οὒδέ</span> <span class='ocrx_word' id='word_1_591' title='bbox 3127 3735 3193 3789; x_wconf 85' lang='grc' dir='ltr'><strong>ἂν</strong></span> <span class='ocrx_word' id='word_1_592' title='bbox 3247 3734 3455 3806; x_wconf 78' lang='grc' dir='ltr'>οἰηθείη</span> <span class='ocrx_word' id='word_1_593' title='bbox 3517 3735 3650 3787; x_wconf 83' lang='grc' dir='ltr'>Θεὸν</span> 
     </span>
    </p>
   </div>
   <div class='ocr_carea' id='block_1_84' title="bbox 2069 3831 2228 3887">
    <p class='ocr_par' dir='ltr' id='par_1_84' title="bbox 2069 3831 2228 3887">
     <span class='ocr_line' id='line_1_84' title="bbox 2069 3831 2228 3887; baseline -0.006 0"><span class='ocrx_word' id='word_1_594' title='bbox 2069 3831 2228 3887; x_wconf 80' lang='grc' dir='ltr'>εἶναι.</span> 
     </span>
    </p>
   </div>
   <div class='ocr_carea' id='block_1_85' title="bbox 2138 3916 3648 3995">
    <p class='ocr_par' dir='ltr' id='par_1_85' title="bbox 2138 3916 3648 3995">
     <span class='ocr_line' id='line_1_85' title="bbox 2138 3916 3648 3995; baseline -0.009 -14"><span class='ocrx_word' id='word_1_595' title='bbox 2138 3927 2249 3980; x_wconf 81' lang='lat' dir='ltr'><strong>Kal</strong></span> <span class='ocrx_word' id='word_1_596' title='bbox 2283 3929 2355 3980; x_wconf 89' lang='grc' dir='ltr'>οὐ</span> <span class='ocrx_word' id='word_1_597' title='bbox 2388 3925 2473 3995; x_wconf 78' lang='grc' dir='ltr'>μὴ</span> <span class='ocrx_word' id='word_1_598' title='bbox 2526 3922 2886 3991; x_wconf 77' lang='grc' dir='ltr'>ἀποθάνητε.</span> <span class='ocrx_word' id='word_1_599' title='bbox 2931 3919 3237 3973; x_wconf 72' lang='grc' dir='ltr'>Θάνατον-ὁ</span> <span class='ocrx_word' id='word_1_600' title='bbox 3269 3918 3425 3986; x_wconf 80' lang='grc' dir='ltr'>λόγος</span> <span class='ocrx_word' id='word_1_601' title='bbox 3471 3916 3648 3970; x_wconf 74' lang='grc' dir='ltr'>ἔοικεν</span> 
     </span>
    </p>
   </div>
   <div class='ocr_carea' id='block_1_86' title="bbox 2065 4010 3647 4089">
    <p class='ocr_par' dir='ltr' id='par_1_86' title="bbox 2065 4010 3647 4089">
     <span class='ocr_line' id='line_1_86' title="bbox 2065 4010 3647 4089; baseline -0.008 -15"><span class='ocrx_word' id='word_1_602' title='bbox 2065 4019 2308 4074; x_wconf 83' lang='grc' dir='ltr'>ἀπειλεῖν</span> <span class='ocrx_word' id='word_1_603' title='bbox 2343 4018 2597 4089; x_wconf 77' lang='grc' dir='ltr'>ἱερεῦσιν,</span> <span class='ocrx_word' id='word_1_604' title='bbox 2629 4010 2769 4068; x_wconf 79' lang='grc' dir='ltr'>οἶνον</span> <span class='ocrx_word' id='word_1_605' title='bbox 2813 4013 2908 4067; x_wconf 71' lang='grc' dir='ltr'><strong>καὶ</strong></span> <span class='ocrx_word' id='word_1_606' title='bbox 2957 4012 3146 4084; x_wconf 89' lang='grc' dir='ltr'>σίκερα</span> <span class='ocrx_word' id='word_1_607' title='bbox 3187 4013 3448 4076; x_wconf 84' lang='grc' dir='ltr'>πίνουσιν,</span> <span class='ocrx_word' id='word_1_608' title='bbox 3484 4011 3647 4081; x_wconf 76' lang='grc' dir='ltr'>ἡνίκα</span> 
     </span>
    </p>
   </div>
   <div class='ocr_carea' id='block_1_87' title="bbox 2065 4102 3650 4182">
    <p class='ocr_par' dir='ltr' id='par_1_87' title="bbox 2065 4102 3650 4182">
     <span class='ocr_line' id='line_1_87' title="bbox 2065 4102 3650 4182; baseline -0.008 -17"><span class='ocrx_word' id='word_1_609' title='bbox 2065 4111 2131 4165; x_wconf 84' lang='grc' dir='ltr'><strong>ἂν</strong></span> <span class='ocrx_word' id='word_1_610' title='bbox 2164 4113 2242 4174; x_wconf 79' lang='grc' dir='ltr'><strong>εἰς</strong></span> <span class='ocrx_word' id='word_1_611' title='bbox 2267 4110 2366 4182; x_wconf 82' lang='grc' dir='ltr'><strong>τὴν</strong></span> <span class='ocrx_word' id='word_1_612' title='bbox 2395 4107 2596 4180; x_wconf 85' lang='grc' dir='ltr'>σκηνὴν</span> <span class='ocrx_word' id='word_1_613' title='bbox 2625 4104 3069 4178; x_wconf 79' lang='grc' dir='ltr'>εἰσπορεύωνται.</span> <span class='ocrx_word' id='word_1_614' title='bbox 3096 4107 3188 4156; x_wconf 89' lang='grc' dir='ltr'>Δεῖ</span> <span class='ocrx_word' id='word_1_615' title='bbox 3207 4103 3316 4174; x_wconf 81' lang='grc' dir='ltr'>γὰρ</span> <span class='ocrx_word' id='word_1_616' title='bbox 3349 4103 3473 4166; x_wconf 79' lang='grc' dir='ltr'>τοὺς</span> <span class='ocrx_word' id='word_1_617' title='bbox 3505 4102 3650 4172; x_wconf 82' lang='grc' dir='ltr'>ὑπὲρ</span> 
     </span>
    </p>
   </div>
   <div class='ocr_carea' id='block_1_88' title="bbox 2064 4194 3645 4271">
    <p class='ocr_par' dir='ltr' id='par_1_88' title="bbox 2064 4194 3645 4271">
     <span class='ocr_line' id='line_1_88' title="bbox 2064 4194 3645 4271; baseline -0.008 -15"><span class='ocrx_word' id='word_1_618' title='bbox 2064 4203 2159 4257; x_wconf 74' lang='grc' dir='ltr'>τοῦ</span> <span class='ocrx_word' id='word_1_619' title='bbox 2186 4202 2316 4255; x_wconf 80' lang='grc' dir='ltr'>λαοῦ</span> <span class='ocrx_word' id='word_1_620' title='bbox 2353 4201 2678 4271; x_wconf 81' lang='grc' dir='ltr'>εὐχομένους</span> <span class='ocrx_word' id='word_1_621' title='bbox 2704 4199 3034 4262; x_wconf 73' lang='grc' dir='ltr'>ἐπισκόπους</span> <span class='ocrx_word' id='word_1_622' title='bbox 3069 4194 3508 4266; x_wconf 84' lang='grc' dir='ltr'>ἀποστρέφεσθαι</span> <span class='ocrx_word' id='word_1_623' title='bbox 3536 4194 3645 4246; x_wconf 85' lang='grc' dir='ltr'><strong>ἀπὸ</strong></span> 
     </span>
    </p>
   </div>
   <div class='ocr_carea' id='block_1_89' title="bbox 2069 4285 3642 4368">
    <p class='ocr_par' dir='ltr' id='par_1_89' title="bbox 2069 4285 3642 4368">
     <span class='ocr_line' id='line_1_89' title="bbox 2069 4285 3642 4368; baseline -0.011 -17"><span class='ocrx_word' id='word_1_624' title='bbox 2069 4297 2260 4368; x_wconf 88' lang='grc' dir='ltr'>μέθης,</span> <span class='ocrx_word' id='word_1_625' title='bbox 2309 4296 2367 4347; x_wconf 79' lang='grc' dir='ltr'><strong>οὐ</strong></span> <span class='ocrx_word' id='word_1_626' title='bbox 2421 4295 2579 4365; x_wconf 88' lang='grc' dir='ltr'>μόνον</span> <span class='ocrx_word' id='word_1_627' title='bbox 2624 4293 2723 4364; x_wconf 84' lang='grc' dir='ltr'>τῆς</span> <span class='ocrx_word' id='word_1_628' title='bbox 2772 4291 2880 4345; x_wconf 87' lang='grc' dir='ltr'><strong>ἀπὺ</strong></span> <span class='ocrx_word' id='word_1_629' title='bbox 2911 4291 3074 4352; x_wconf 77' lang='grc' dir='ltr'>οἴνου,</span> <span class='ocrx_word' id='word_1_630' title='bbox 3112 4288 3247 4341; x_wconf 81' lang='grc' dir='ltr'>ἀλλὰ</span> <span class='ocrx_word' id='word_1_631' title='bbox 3288 4286 3382 4338; x_wconf 72' lang='grc' dir='ltr'>καὶ</span> <span class='ocrx_word' id='word_1_632' title='bbox 3409 4287 3507 4354; x_wconf 89' lang='grc' dir='ltr'>τῆς</span> <span class='ocrx_word' id='word_1_633' title='bbox 3533 4285 3642 4338; x_wconf 81' lang='grc' dir='ltr'><strong>τῶν</strong></span> 
     </span>
    </p>
   </div>
   <div class='ocr_carea' id='block_1_90' title="bbox 2065 4374 3641 4459">
    <p class='ocr_par' dir='ltr' id='par_1_90' title="bbox 2065 4374 3641 4459">
     <span class='ocr_line' id='line_1_90' title="bbox 2065 4374 3641 4459; baseline -0.009 -19"><span class='ocrx_word' id='word_1_634' title='bbox 2065 4388 2426 4459; x_wconf 85' lang='grc' dir='ltr'>πραγμάτων,</span> <span class='ocrx_word' id='word_1_635' title='bbox 2463 4387 2557 4440; x_wconf 75' lang='grc' dir='ltr'>καὶ</span> <span class='ocrx_word' id='word_1_636' title='bbox 2605 4382 2971 4453; x_wconf 89' lang='grc' dir='ltr'>διαλογισμῶν</span> <span class='ocrx_word' id='word_1_637' title='bbox 3019 4379 3391 4451; x_wconf 86' lang='grc' dir='ltr'>ἀνθρωπίνων.</span> <span class='ocrx_word' id='word_1_638' title='bbox 3430 4376 3541 4445; x_wconf 84' lang='grc' dir='ltr'><strong>Οὐχ</strong></span> <span class='ocrx_word' id='word_1_639' title='bbox 3565 4374 3641 4436; x_wconf 83' lang='grc' dir='ltr'>ὡς</span> 
     </span>
    </p>
   </div>
   <div class='ocr_carea' id='block_1_91' title="bbox 2064 4467 3639 4548">
    <p class='ocr_par' dir='ltr' id='par_1_91' title="bbox 2064 4467 3639 4548">
     <span class='ocr_line' id='line_1_91' title="bbox 2064 4467 3639 4548; baseline -0.01 -16"><span class='ocrx_word' id='word_1_640' title='bbox 2064 4480 2260 4532; x_wconf 82' lang='grc' dir='ltr'>ἄτοπον</span> <span class='ocrx_word' id='word_1_641' title='bbox 2290 4478 2346 4530; x_wconf 79' lang='grc' dir='ltr'><strong>δὲ</strong></span> <span class='ocrx_word' id='word_1_642' title='bbox 2390 4475 2730 4548; x_wconf 85' lang='grc' dir='ltr'>ἀπαγορεύει</span> <span class='ocrx_word' id='word_1_643' title='bbox 2765 4473 2941 4536; x_wconf 82' lang='grc' dir='ltr'>τοῦτο,</span> <span class='ocrx_word' id='word_1_644' title='bbox 2967 4471 3085 4524; x_wconf 77' lang='grc' dir='ltr'>ἀλλ’</span> <span class='ocrx_word' id='word_1_645' title='bbox 3110 4473 3190 4523; x_wconf 80' lang='grc' dir='ltr'><strong>ὅτι</strong></span> <span class='ocrx_word' id='word_1_646' title='bbox 3226 4469 3338 4539; x_wconf 74' lang='grc' dir='ltr'>ᾔδει</span> <span class='ocrx_word' id='word_1_647' title='bbox 3372 4468 3431 4520; x_wconf 83' lang='grc' dir='ltr'><strong>τὸ</strong></span> <span class='ocrx_word' id='word_1_648' title='bbox 3462 4467 3639 4536; x_wconf 84' lang='grc' dir='ltr'>ἀκρα-</span> 
     </span>
    </p>
   </div>
   <div class='ocr_carea' id='block_1_92' title="bbox 380 4544 1969 4639">
    <p class='ocr_par' dir='ltr' id='par_1_92' title="bbox 380 4563 1953 4632">
     <span class='ocr_line' id='line_1_92' title="bbox 380 4563 1953 4632; baseline -0.003 -14"><span class='ocrx_word' id='word_1_649' title='bbox 380 4577 465 4623; x_wconf 63' lang='lat' dir='ltr'><strong>tes</strong></span> <span class='ocrx_word' id='word_1_650' title='bbox 501 4567 670 4621; x_wconf 89' lang='lat' dir='ltr'><strong>animi</strong></span> <span class='ocrx_word' id='word_1_651' title='bbox 705 4567 981 4621; x_wconf 85' lang='lat' dir='ltr'><strong>lsraelitas</strong></span> <span class='ocrx_word' id='word_1_652' title='bbox 1009 4565 1060 4618; x_wconf 91' lang='lat' dir='ltr'><strong>in</strong></span> <span class='ocrx_word' id='word_1_653' title='bbox 1094 4564 1148 4618; x_wconf 90' lang='lat' dir='ltr'><strong>id</strong></span> <span class='ocrx_word' id='word_1_654' title='bbox 1199 4563 1561 4631; x_wconf 83' lang='lat' dir='ltr'><strong>quodcunque</strong></span> <span class='ocrx_word' id='word_1_655' title='bbox 1597 4563 1953 4632; x_wconf 73' lang='lat' dir='ltr'><strong>aggrederen-</strong></span> 
     </span>
    </p>
   </div>
   <div class='ocr_carea' id='block_1_93' title="bbox 2072 4544 3639 4639">
    <p class='ocr_par' dir='ltr' id='par_1_93' title="bbox 2072 4544 3639 4639">
     <span class='ocr_line' id='line_1_93' title="bbox 2072 4544 3639 4639; baseline -0.01 -15"><span class='ocrx_word' id='word_1_656' title='bbox 2072 4573 2150 4634; x_wconf 69' lang='grc' dir='ltr'><strong>ιὲς</strong></span> <span class='ocrx_word' id='word_1_657' title='bbox 2181 4569 2289 4622; x_wconf 89' lang='grc' dir='ltr'><strong>τῶν</strong></span> <span class='ocrx_word' id='word_1_658' title='bbox 2335 4544 2706 4639; x_wconf 81' lang='grc' dir='ltr'>Ἰσραηλιτῶν,</span> <span class='ocrx_word' id='word_1_659' title='bbox 2751 4567 2834 4618; x_wconf 82' lang='grc' dir='ltr'><strong>ὅτι</strong></span> <span class='ocrx_word' id='word_1_660' title='bbox 2873 4564 3074 4616; x_wconf 80' lang='grc' dir='ltr'>ὁπόταν</span> <span class='ocrx_word' id='word_1_661' title='bbox 3109 4561 3347 4630; x_wconf 59' lang='grc' dir='ltr'>ἅψοιντο,</span> <span class='ocrx_word' id='word_1_662' title='bbox 3395 4561 3473 4621; x_wconf 73' lang='grc' dir='ltr'><strong>εἰς</strong></span> <span class='ocrx_word' id='word_1_663' title='bbox 3505 4560 3639 4628; x_wconf 87' lang='grc' dir='ltr'>ἁμε-</span> 
     </span>
    </p>
   </div>
   <div class='ocr_carea' id='block_1_94' title="bbox 380 4652 1953 4726">
    <p class='ocr_par' dir='ltr' id='par_1_94' title="bbox 380 4652 1953 4726">
     <span class='ocr_line' id='line_1_94' title="bbox 380 4652 1953 4726; baseline -0.005 -13"><span class='ocrx_word' id='word_1_664' title='bbox 380 4670 484 4726; x_wconf 74' lang='lat' dir='ltr'><strong>!ur,</strong></span> <span class='ocrx_word' id='word_1_665' title='bbox 516 4659 806 4714; x_wconf 90' lang='lat' dir='ltr'><strong>immodice</strong></span> <span class='ocrx_word' id='word_1_666' title='bbox 836 4657 987 4712; x_wconf 90' lang='lat' dir='ltr'><strong>ferri.</strong></span> <span class='ocrx_word' id='word_1_667' title='bbox 1021 4656 1091 4712; x_wconf 90' lang='lat' dir='ltr'><strong>Ut</strong></span> <span class='ocrx_word' id='word_1_668' title='bbox 1115 4670 1236 4710; x_wconf 93' lang='lat' dir='ltr'><strong>cum</strong></span> <span class='ocrx_word' id='word_1_669' title='bbox 1273 4655 1326 4708; x_wconf 92' lang='lat' dir='ltr'><strong>in</strong></span> <span class='ocrx_word' id='word_1_670' title='bbox 1363 4660 1552 4708; x_wconf 90' lang='lat' dir='ltr'><strong>sancta</strong></span> <span class='ocrx_word' id='word_1_671' title='bbox 1598 4652 1953 4720; x_wconf 80' lang='lat' dir='ltr'><strong>ingrederen-</strong></span> 
     </span>
    </p>
   </div>
   <div class='ocr_carea' id='block_1_95' title="bbox 380 4749 1951 4822">
    <p class='ocr_par' dir='ltr' id='par_1_95' title="bbox 380 4749 1951 4822">
     <span class='ocr_line' id='line_1_95' title="bbox 380 4749 1951 4822; baseline -0.005 -11"><span class='ocrx_word' id='word_1_672' title='bbox 380 4769 490 4822; x_wconf 90' lang='lat' dir='ltr'><strong>tur,</strong></span> <span class='ocrx_word' id='word_1_673' title='bbox 527 4756 766 4811; x_wconf 88' lang='lat' dir='ltr'><strong>sobrium</strong></span> <span class='ocrx_word' id='word_1_674' title='bbox 803 4755 1071 4810; x_wconf 85' lang='lat' dir='ltr'><strong>haberent</strong></span> <span class='ocrx_word' id='word_1_675' title='bbox 1113 4750 1309 4808; x_wconf 89' lang='lat' dir='ltr'><strong>mentis</strong></span> <span class='ocrx_word' id='word_1_676' title='bbox 1359 4765 1610 4817; x_wconf 82' lang='lat' dir='ltr'><strong>sensum,</strong></span> <span class='ocrx_word' id='word_1_677' title='bbox 1645 4759 1699 4805; x_wconf 91' lang='lat' dir='ltr'><strong>et</strong></span> <span class='ocrx_word' id='word_1_678' title='bbox 1736 4749 1951 4804; x_wconf 90' lang='lat' dir='ltr'><strong>facilem</strong></span> 
     </span>
    </p>
   </div>
   <div class='ocr_carea' id='block_1_96' title="bbox 376 4848 967 4902">
    <p class='ocr_par' dir='ltr' id='par_1_96' title="bbox 376 4848 967 4902">
     <span class='ocr_line' id='line_1_96' title="bbox 376 4848 967 4902; baseline -0.002 -1"><span class='ocrx_word' id='word_1_679' title='bbox 376 4848 467 4902; x_wconf 91' lang='lat' dir='ltr'><strong>Dei</strong></span> <span class='ocrx_word' id='word_1_680' title='bbox 503 4848 967 4902; x_wconf 89' lang='lat' dir='ltr'><strong>recordationem.</strong></span> 
     </span>
    </p>
   </div>
   <div class='ocr_carea' id='block_1_97' title="bbox 447 4936 1951 5008">
    <p class='ocr_par' dir='ltr' id='par_1_97' title="bbox 447 4936 1951 5008">
     <span class='ocr_line' id='line_1_97' title="bbox 447 4936 1951 5008; baseline -0.003 -16"><span class='ocrx_word' id='word_1_681' title='bbox 447 4939 626 5005; x_wconf 82' lang='lat' dir='ltr'><strong>Quare</strong></span> <span class='ocrx_word' id='word_1_682' title='bbox 679 4957 779 4992; x_wconf 87' lang='lat' dir='ltr'><strong>non</strong></span> <span class='ocrx_word' id='word_1_683' title='bbox 832 4939 1105 4993; x_wconf 76' lang='lat' dir='ltr'><strong>comeditis</strong></span> <span class='ocrx_word' id='word_1_684' title='bbox 1164 4937 1303 4991; x_wconf 85' lang='lat' dir='ltr'><strong>illud</strong></span> <span class='ocrx_word' id='word_1_685' title='bbox 1351 4937 1492 5008; x_wconf 84' lang='lat' dir='ltr'><strong>quod</strong></span> <span class='ocrx_word' id='word_1_686' title='bbox 1534 4936 1636 5005; x_wconf 80' lang='lat' dir='ltr'><strong>fuit</strong></span> <span class='ocrx_word' id='word_1_687' title='bbox 1686 4951 1780 5006; x_wconf 82' lang='lat' dir='ltr'><strong>pro</strong></span> <span class='ocrx_word' id='word_1_688' title='bbox 1831 4952 1951 5005; x_wconf 84' lang='lat' dir='ltr'><strong>pec-</strong></span> 
     </span>
    </p>
   </div>
   <div class='ocr_carea' id='block_1_98' title="bbox 373 5033 1950 5089">
    <p class='ocr_par' dir='ltr' id='par_1_98' title="bbox 373 5033 1950 5089">
     <span class='ocr_line' id='line_1_98' title="bbox 373 5033 1950 5089; baseline -0.003 -1"><span class='ocrx_word' id='word_1_689' title='bbox 373 5045 493 5088; x_wconf 70' lang='grc' dir='ltr'>ια’.)</span> <span class='ocrx_word' id='word_1_690' title='bbox 514 5034 564 5086; x_wconf 86' lang='lat' dir='ltr'><strong>in</strong></span> <span class='ocrx_word' id='word_1_691' title='bbox 589 5033 704 5086; x_wconf 79' lang='lat' dir='ltr'><strong>loco</strong></span> <span class='ocrx_word' id='word_1_692' title='bbox 725 5045 906 5087; x_wconf 83' lang='lat' dir='ltr'><strong>sancto</strong></span> <span class='ocrx_word' id='word_1_693' title='bbox 925 5035 965 5088; x_wconf 76' lang='grc'>⁸.</span> <span class='ocrx_word' id='word_1_694' title='bbox 988 5033 1234 5089; x_wconf 90' lang='lat' dir='ltr'><strong>Ostendit</strong></span> <span class='ocrx_word' id='word_1_695' title='bbox 1265 5033 1641 5088; x_wconf 88' lang='lat' dir='ltr'><strong>sacerdotibus</strong></span> <span class='ocrx_word' id='word_1_696' title='bbox 1663 5047 1767 5086; x_wconf 92' lang='lat' dir='ltr'><strong>non</strong></span> <span class='ocrx_word' id='word_1_697' title='bbox 1799 5046 1950 5086; x_wconf 87' lang='lat' dir='ltr'><strong>com-</strong></span> 
     </span>
    </p>
   </div>
   <div class='ocr_carea' id='block_1_99' title="bbox 372 5123 1949 5194">
    <p class='ocr_par' dir='ltr' id='par_1_99' title="bbox 372 5123 1949 5194">
     <span class='ocr_line' id='line_1_99' title="bbox 372 5123 1949 5194; baseline -0.003 -14"><span class='ocrx_word' id='word_1_698' title='bbox 372 5127 682 5189; x_wconf 84' lang='lat' dir='ltr'><strong>edentibus,</strong></span> <span class='ocrx_word' id='word_1_699' title='bbox 743 5125 1118 5194; x_wconf 83' lang='lat' dir='ltr'><strong>imperfectum</strong></span> <span class='ocrx_word' id='word_1_700' title='bbox 1153 5140 1276 5179; x_wconf 86' lang='lat' dir='ltr'><strong>esse</strong></span> <span class='ocrx_word' id='word_1_701' title='bbox 1318 5123 1674 5188; x_wconf 83' lang='lat' dir='ltr'><strong>sacriﬁcium,</strong></span> <span class='ocrx_word' id='word_1_702' title='bbox 1728 5132 1782 5177; x_wconf 90' lang='lat' dir='ltr'><strong>et</strong></span> <span class='ocrx_word' id='word_1_703' title='bbox 1824 5137 1949 5193; x_wconf 90' lang='lat' dir='ltr'><strong>pec-</strong></span> 
     </span>
    </p>
   </div>
   <div class='ocr_carea' id='block_1_100' title="bbox 373 5215 1950 5286">
    <p class='ocr_par' dir='ltr' id='par_1_100' title="bbox 373 5215 1950 5286">
     <span class='ocr_line' id='line_1_100' title="bbox 373 5215 1950 5286; baseline -0.001 -15"><span class='ocrx_word' id='word_1_704' title='bbox 373 5227 551 5271; x_wconf 89' lang='lat' dir='ltr'><strong>catum</strong></span> <span class='ocrx_word' id='word_1_705' title='bbox 595 5231 837 5270; x_wconf 89' lang='lat' dir='ltr'><strong>manere.</strong></span> <span class='ocrx_word' id='word_1_706' title='bbox 865 5216 1157 5286; x_wconf 87' lang='lat' dir='ltr'><strong>Oportebat</strong></span> <span class='ocrx_word' id='word_1_707' title='bbox 1193 5215 1335 5270; x_wconf 88' lang='lat' dir='ltr'><strong>enim</strong></span> <span class='ocrx_word' id='word_1_708' title='bbox 1385 5225 1444 5270; x_wconf 92' lang='lat' dir='ltr'><strong>ut</strong></span> <span class='ocrx_word' id='word_1_709' title='bbox 1488 5225 1543 5270; x_wconf 89' lang='lat' dir='ltr'><strong>et</strong></span> <span class='ocrx_word' id='word_1_710' title='bbox 1578 5217 1646 5268; x_wconf 85' lang='lat' dir='ltr'><strong>de</strong></span> <span class='ocrx_word' id='word_1_711' title='bbox 1685 5215 1950 5285; x_wconf 76' lang='lat' dir='ltr'><strong>sanguine</strong></span> 
     </span>
    </p>
   </div>
   <div class='ocr_carea' id='block_1_101' title="bbox 372 5307 1302 5376">
    <p class='ocr_par' dir='ltr' id='par_1_101' title="bbox 372 5307 1302 5376">
     <span class='ocr_line' id='line_1_101' title="bbox 372 5307 1302 5376; baseline -0.001 -14"><span class='ocrx_word' id='word_1_712' title='bbox 372 5307 684 5367; x_wconf 82' lang='lat' dir='ltr'><strong>inferretur,</strong></span> <span class='ocrx_word' id='word_1_713' title='bbox 714 5317 765 5362; x_wconf 88' lang='lat' dir='ltr'><strong>et</strong></span> <span class='ocrx_word' id='word_1_714' title='bbox 803 5308 901 5376; x_wconf 90' lang='lat' dir='ltr'><strong>ipsi</strong></span> <span class='ocrx_word' id='word_1_715' title='bbox 935 5309 1302 5361; x_wconf 89' lang='lat' dir='ltr'><strong>comederent.</strong></span> 
     </span>
    </p>
   </div>
   <div class='ocr_carea' id='block_1_102' title="bbox 445 5397 1943 5468">
    <p class='ocr_par' dir='ltr' id='par_1_102' title="bbox 445 5397 1943 5468">
     <span class='ocr_line' id='line_1_102' title="bbox 445 5397 1943 5468; baseline -0.002 -15"><span class='ocrx_word' id='word_1_716' title='bbox 445 5398 504 5453; x_wconf 86' lang='lat' dir='ltr'><strong>Si</strong></span> <span class='ocrx_word' id='word_1_717' title='bbox 533 5401 684 5452; x_wconf 79' lang='lat' dir='ltr'><strong>hodie</strong></span> <span class='ocrx_word' id='word_1_718' title='bbox 706 5399 998 5452; x_wconf 85' lang='lat' dir='ltr'><strong>obtulerunt</strong></span> <span class='ocrx_word' id='word_1_719' title='bbox 1028 5415 1144 5467; x_wconf 77' lang='lat' dir='ltr'><strong>qua:</strong></span> <span class='ocrx_word' id='word_1_720' title='bbox 1169 5415 1263 5466; x_wconf 84' lang='lat' dir='ltr'><strong>pro</strong></span> <span class='ocrx_word' id='word_1_721' title='bbox 1287 5409 1501 5468; x_wconf 77' lang='lat' dir='ltr'><strong>peccato</strong></span> <span class='ocrx_word' id='word_1_722' title='bbox 1527 5397 1737 5451; x_wconf 78' lang='lat' dir='ltr'><strong>illorum</strong></span> <span class='ocrx_word' id='word_1_723' title='bbox 1766 5397 1943 5450; x_wconf 80' lang='lat' dir='ltr'><strong>snnt&#39;.</strong></span> 
     </span>
    </p>
   </div>
   <div class='ocr_carea' id='block_1_103' title="bbox 371 5491 1942 5561">
    <p class='ocr_par' dir='ltr' id='par_1_103' title="bbox 371 5491 1942 5561">
     <span class='ocr_line' id='line_1_103' title="bbox 371 5491 1942 5561; baseline 0.001 -21"><span class='ocrx_word' id='word_1_724' title='bbox 371 5492 842 5561; x_wconf 82' lang='lat' dir='ltr'><strong>Quandoquidem,</strong></span> <span class='ocrx_word' id='word_1_725' title='bbox 875 5494 1070 5560; x_wconf 79' lang='lat' dir='ltr'><strong>inquit,</strong></span> <span class='ocrx_word' id='word_1_726' title='bbox 1107 5491 1293 5545; x_wconf 86' lang='lat' dir='ltr'><strong>Nadab</strong></span> <span class='ocrx_word' id='word_1_727' title='bbox 1326 5503 1380 5546; x_wconf 85' lang='lat' dir='ltr'><strong>et</strong></span> <span class='ocrx_word' id='word_1_728' title='bbox 1417 5492 1591 5544; x_wconf 79' lang='lat' dir='ltr'><strong>Abiud</strong></span> <span class='ocrx_word' id='word_1_729' title='bbox 1625 5492 1715 5559; x_wconf 86' lang='lat' dir='ltr'><strong>qui</strong></span> <span class='ocrx_word' id='word_1_730' title='bbox 1777 5491 1942 5544; x_wconf 86' lang='lat' dir='ltr'><strong>Deum</strong></span> 
     </span>
    </p>
   </div>
   <div class='ocr_carea' id='block_1_104' title="bbox 369 5584 1946 5656">
    <p class='ocr_par' dir='ltr' id='par_1_104' title="bbox 369 5584 1946 5656">
     <span class='ocr_line' id='line_1_104' title="bbox 369 5584 1946 5656; baseline -0.003 -16"><span class='ocrx_word' id='word_1_731' title='bbox 369 5584 732 5652; x_wconf 71' lang='lat' dir='ltr'><strong>ollenderant,</strong></span> <span class='ocrx_word' id='word_1_732' title='bbox 766 5589 960 5642; x_wconf 90' lang='lat' dir='ltr'><strong>mortui</strong></span> <span class='ocrx_word' id='word_1_733' title='bbox 997 5596 1142 5654; x_wconf 88' lang='lat' dir='ltr'><strong>sunt,</strong></span> <span class='ocrx_word' id='word_1_734' title='bbox 1163 5587 1378 5656; x_wconf 85' lang='lat' dir='ltr'><strong>quando</strong></span> <span class='ocrx_word' id='word_1_735' title='bbox 1410 5596 1621 5655; x_wconf 85' lang='lat' dir='ltr'><strong>tempus</strong></span> <span class='ocrx_word' id='word_1_736' title='bbox 1642 5592 1760 5637; x_wconf 85' lang='lat' dir='ltr'><strong>erat</strong></span> <span class='ocrx_word' id='word_1_737' title='bbox 1789 5599 1946 5637; x_wconf 89' lang='lat' dir='ltr'><strong>com-</strong></span> 
     </span>
    </p>
   </div>
   <div class='ocr_carea' id='block_1_105' title="bbox 433 5775 1402 5835">
    <p class='ocr_par' dir='ltr' id='par_1_105' title="bbox 433 5775 1402 5835">
     <span class='ocr_line' id='line_1_105' title="bbox 433 5775 1402 5835; baseline 0.022 -24"><span class='ocrx_word' id='word_1_738' title='bbox 433 5775 474 5804; x_wconf 68' lang='grc' dir='ltr'><strong>δ’</strong></span> <span class='ocrx_word' id='word_1_739' title='bbox 535 5775 707 5829; x_wconf 64' lang='grc' dir='ltr'>ιρι-ξι,</span> <span class='ocrx_word' id='word_1_740' title='bbox 734 5776 915 5835; x_wconf 70' lang='grc' dir='ltr'>ιν,27.</span> <span class='ocrx_word' id='word_1_741' title='bbox 992 5779 1037 5809; x_wconf 63' lang='grc'><strong>³⁸</strong></span> <span class='ocrx_word' id='word_1_742' title='bbox 1066 5777 1226 5832; x_wconf 86' lang='lat' dir='ltr'><strong>llcbr.</strong></span> <span class='ocrx_word' id='word_1_743' title='bbox 1264 5791 1317 5834; x_wconf 75' lang='lat' dir='ltr'><strong>it.</strong></span> <span class='ocrx_word' id='word_1_744' title='bbox 1359 5775 1402 5828; x_wconf 83' lang='grc' dir='ltr'>Ι.</span> 
     </span>
    </p>
   </div>
   <div class='ocr_carea' id='block_1_106' title="bbox 370 5843 1650 5918">
    <p class='ocr_par' dir='ltr' id='par_1_106' title="bbox 370 5843 1650 5918">
     <span class='ocr_line' id='line_1_106' title="bbox 370 5843 1650 5918; baseline -0.006 -16"><span class='ocrx_word' id='word_1_745' title='bbox 370 5844 549 5918; x_wconf 67' lang='grc' dir='ltr'>ιΑςε.</span> <span class='ocrx_word' id='word_1_746' title='bbox 580 5863 637 5913; x_wconf 87' lang='grc' dir='ltr'><strong>ιι,</strong></span> <span class='ocrx_word' id='word_1_747' title='bbox 676 5848 761 5901; x_wconf 74' lang='grc' dir='ltr'>ιδ.</span> <span class='ocrx_word' id='word_1_748' title='bbox 841 5848 859 5878; x_wconf 74' lang='grc' dir='ltr'><strong>δ</strong></span> <span class='ocrx_word' id='word_1_749' title='bbox 899 5846 1076 5901; x_wconf 80' lang='lat' dir='ltr'><strong>Levit.</strong></span> <span class='ocrx_word' id='word_1_750' title='bbox 1115 5849 1245 5916; x_wconf 71' lang='lat' dir='ltr'><strong>x,9.</strong></span> <span class='ocrx_word' id='word_1_751' title='bbox 1323 5843 1523 5907; x_wconf 66' lang='lat' dir='ltr'><strong>‘ibid.,</strong></span> <span class='ocrx_word' id='word_1_752' title='bbox 1566 5844 1650 5895; x_wconf 79' lang='lat'><strong>17.</strong></span> 
     </span>
    </p>
   </div>
   <div class='ocr_carea' id='block_1_107' title="bbox 1481 5768 2024 5895">
    <p class='ocr_par' dir='ltr' id='par_1_107' title="bbox 1481 5768 2024 5895">
     <span class='ocr_line' id='line_1_107' title="bbox 1481 5768 2014 5831; baseline -0.008 -7"><span class='ocrx_word' id='word_1_753' title='bbox 1481 5774 1524 5804; x_wconf 68' lang='lat'><strong>9°</strong></span> <span class='ocrx_word' id='word_1_754' title='bbox 1555 5771 1753 5825; x_wconf 81' lang='lat' dir='ltr'><strong>Ezecli.</strong></span> <span class='ocrx_word' id='word_1_755' title='bbox 1797 5786 1885 5831; x_wconf 73' lang='lat' dir='ltr'><strong>xx,</strong></span> <span class='ocrx_word' id='word_1_756' title='bbox 1921 5768 2014 5822; x_wconf 67' lang='lat'><strong>25.</strong></span> 
     </span>
     <span class='ocr_line' id='line_1_108' title="bbox 1487 5838 2024 5895; baseline -0.004 0"><span class='ocrx_word' id='word_1_757' title='bbox 1487 5882 1523 5895; x_wconf 94' lang='lat'><strong>..</strong></span> <span class='ocrx_word' id='word_1_758' title='bbox 1566 5844 1650 5895; x_wconf 87' lang='lat' dir='ltr'><strong>l7.</strong></span> <span class='ocrx_word' id='word_1_759' title='bbox 1729 5838 2024 5895; x_wconf 71' lang='lat' dir='ltr'><strong>7ibid..19</strong></span> 
     </span>
    </p>
   </div>
   <div class='ocr_carea' id='block_1_108' title="bbox 1775 5858 2090 5911">
    <p class='ocr_par' dir='ltr' id='par_1_108' title="bbox 1775 5858 2090 5911">
     <span class='ocr_line' id='line_1_109' title="bbox 1775 5858 2090 5911; baseline -0.003 -17"><span class='ocrx_word' id='word_1_760' title='bbox 1775 5858 1930 5906; x_wconf 83' lang='lat' dir='ltr'><strong>ibtu.,</strong></span> <span class='ocrx_word' id='word_1_761' title='bbox 1959 5858 2044 5900; x_wconf 72' lang='grc' dir='ltr'><strong>ιν,</strong></span> <span class='ocrx_word' id='word_1_762' title='bbox 2075 5880 2090 5911; x_wconf 90' lang='lat'><strong>_.</strong></span> 
     </span>
    </p>
   </div>
   <div class='ocr_carea' id='block_1_109' title="bbox 2057 4654 3638 4737">
    <p class='ocr_par' dir='ltr' id='par_1_109' title="bbox 2057 4654 3638 4737">
     <span class='ocr_line' id='line_1_110' title="bbox 2057 4654 3638 4737; baseline -0.008 -20"><span class='ocrx_word' id='word_1_763' title='bbox 2057 4665 2212 4737; x_wconf 82' lang='grc' dir='ltr'>τρίαν</span> <span class='ocrx_word' id='word_1_764' title='bbox 2253 4661 2509 4732; x_wconf 88' lang='grc' dir='ltr'>ἐχώρουν.</span> <span class='ocrx_word' id='word_1_765' title='bbox 2558 4659 2654 4712; x_wconf 81' lang='grc' dir='ltr'><strong>Ἵν’</strong></span> <span class='ocrx_word' id='word_1_766' title='bbox 2700 4659 2787 4710; x_wconf 79' lang='grc' dir='ltr'><strong>ὅτε</strong></span> <span class='ocrx_word' id='word_1_767' title='bbox 2822 4655 2900 4719; x_wconf 84' lang='grc' dir='ltr'><strong>είς</strong></span> <span class='ocrx_word' id='word_1_768' title='bbox 2940 4654 3007 4707; x_wconf 84' lang='grc' dir='ltr'>τὰ</span> <span class='ocrx_word' id='word_1_769' title='bbox 3058 4654 3189 4722; x_wconf 82' lang='grc' dir='ltr'>ἆγισ.</span> <span class='ocrx_word' id='word_1_770' title='bbox 3209 4654 3638 4726; x_wconf 81' lang='grc' dir='ltr'>εἰσπορεύονται,</span> 
     </span>
    </p>
   </div>
   <div class='ocr_carea' id='block_1_110' title="bbox 2059 4739 3636 4828">
    <p class='ocr_par' dir='ltr' id='par_1_110' title="bbox 2059 4739 3636 4828">
     <span class='ocr_line' id='line_1_111' title="bbox 2059 4739 3636 4828; baseline -0.013 -17"><span class='ocrx_word' id='word_1_771' title='bbox 2059 4756 2315 4828; x_wconf 79' lang='grc' dir='ltr'>νηφάλιον</span> <span class='ocrx_word' id='word_1_772' title='bbox 2349 4753 2408 4805; x_wconf 86' lang='grc' dir='ltr'><strong>τὸ</strong></span> <span class='ocrx_word' id='word_1_773' title='bbox 2453 4752 2552 4823; x_wconf 82' lang='grc' dir='ltr'><strong>τῆς</strong></span> <span class='ocrx_word' id='word_1_774' title='bbox 2599 4749 2780 4821; x_wconf 72' lang='grc' dir='ltr'>ψυχῆς</span> <span class='ocrx_word' id='word_1_775' title='bbox 2815 4747 3039 4820; x_wconf 78' lang='grc' dir='ltr'>ἀκριϐὲς</span> <span class='ocrx_word' id='word_1_776' title='bbox 3079 4745 3263 4816; x_wconf 80' lang='grc' dir='ltr'>ἔχωσι,</span> <span class='ocrx_word' id='word_1_777' title='bbox 3309 4744 3404 4796; x_wconf 75' lang='grc' dir='ltr'><strong>καὶ</strong></span> <span class='ocrx_word' id='word_1_778' title='bbox 3441 4739 3636 4793; x_wconf 85' lang='grc' dir='ltr'>λεπτὸν</span> 
     </span>
    </p>
   </div>
   <div class='ocr_carea' id='block_1_111' title="bbox 2057 4845 2716 4916">
    <p class='ocr_par' dir='ltr' id='par_1_111' title="bbox 2057 4845 2716 4916">
     <span class='ocr_line' id='line_1_112' title="bbox 2057 4845 2716 4916; baseline -0.009 -15"><span class='ocrx_word' id='word_1_779' title='bbox 2057 4847 2149 4901; x_wconf 81' lang='grc' dir='ltr'>τοῦ</span> <span class='ocrx_word' id='word_1_780' title='bbox 2183 4846 2315 4900; x_wconf 78' lang='grc' dir='ltr'>Θεοῦ</span> <span class='ocrx_word' id='word_1_781' title='bbox 2351 4845 2716 4916; x_wconf 75' lang='grc' dir='ltr'>μνημόσυνον.</span> 
     </span>
    </p>
   </div>
   <div class='ocr_carea' id='block_1_112' title="bbox 2126 4925 3636 5005">
    <p class='ocr_par' dir='ltr' id='par_1_112' title="bbox 2126 4925 3636 5005">
     <span class='ocr_line' id='line_1_113' title="bbox 2126 4925 3636 5005; baseline -0.01 -12"><span class='ocrx_word' id='word_1_782' title='bbox 2126 4939 2228 4993; x_wconf 86' lang='grc' dir='ltr'><strong>Διὰ</strong></span> <span class='ocrx_word' id='word_1_783' title='bbox 2278 4939 2334 4993; x_wconf 87' lang='grc' dir='ltr'><strong>τί</strong></span> <span class='ocrx_word' id='word_1_784' title='bbox 2368 4939 2479 4991; x_wconf 82' lang='grc' dir='ltr'>οὐκ</span> <span class='ocrx_word' id='word_1_785' title='bbox 2510 4936 2758 5005; x_wconf 68' lang='grc' dir='ltr'>ἐφάγετε</span> <span class='ocrx_word' id='word_1_786' title='bbox 2801 4933 2866 4988; x_wconf 87' lang='grc' dir='ltr'>τὸ</span> <span class='ocrx_word' id='word_1_787' title='bbox 2906 4933 3041 5001; x_wconf 80' lang='grc' dir='ltr'>περὶ</span> <span class='ocrx_word' id='word_1_788' title='bbox 3077 4930 3186 4998; x_wconf 83' lang='grc' dir='ltr'>τῆς</span> <span class='ocrx_word' id='word_1_789' title='bbox 3225 4927 3517 4998; x_wconf 77' lang='grc' dir='ltr'>ἁμαρτίας</span> <span class='ocrx_word' id='word_1_790' title='bbox 3565 4925 3636 4978; x_wconf 83' lang='grc' dir='ltr'>ἐν</span> 
     </span>
    </p>
   </div>
   <div class='ocr_carea' id='block_1_113' title="bbox 2054 5018 3635 5099">
    <p class='ocr_par' dir='ltr' id='par_1_113' title="bbox 2054 5018 3635 5099">
     <span class='ocr_line' id='line_1_114' title="bbox 2054 5018 3635 5099; baseline -0.009 -15"><span class='ocrx_word' id='word_1_791' title='bbox 2054 5035 2214 5094; x_wconf 82' lang='grc' dir='ltr'>τόπῳ</span> <span class='ocrx_word' id='word_1_792' title='bbox 2245 5031 2419 5099; x_wconf 78' lang='grc' dir='ltr'>ἁγίῳ;</span> <span class='ocrx_word' id='word_1_793' title='bbox 2463 5029 2714 5082; x_wconf 79' lang='grc' dir='ltr'>Δείκνυσι</span> <span class='ocrx_word' id='word_1_794' title='bbox 2747 5028 2802 5080; x_wconf 86' lang='grc' dir='ltr'>δὲ</span> <span class='ocrx_word' id='word_1_795' title='bbox 2831 5028 2912 5080; x_wconf 84' lang='grc' dir='ltr'>ὅτι</span> <span class='ocrx_word' id='word_1_796' title='bbox 2949 5027 3022 5097; x_wconf 84' lang='grc' dir='ltr'>μὴ</span> <span class='ocrx_word' id='word_1_797' title='bbox 3055 5024 3163 5077; x_wconf 86' lang='grc' dir='ltr'><strong>τῶν</strong></span> <span class='ocrx_word' id='word_1_798' title='bbox 3212 5021 3400 5093; x_wconf 82' lang='grc' dir='ltr'>ἱερέων</span> <span class='ocrx_word' id='word_1_799' title='bbox 3429 5018 3635 5072; x_wconf 75' lang='grc' dir='ltr'>ἐσθιόν-</span> 
     </span>
    </p>
   </div>
   <div class='ocr_carea' id='block_1_114' title="bbox 2052 5110 3633 5191">
    <p class='ocr_par' dir='ltr' id='par_1_114' title="bbox 2052 5110 3633 5191">
     <span class='ocr_line' id='line_1_115' title="bbox 2052 5110 3633 5191; baseline -0.01 -17"><span class='ocrx_word' id='word_1_800' title='bbox 2052 5139 2182 5185; x_wconf 85' lang='grc' dir='ltr'>των,</span> <span class='ocrx_word' id='word_1_801' title='bbox 2211 5121 2550 5191; x_wconf 82' lang='grc' dir='ltr'>ἀτέλεστοςή</span> <span class='ocrx_word' id='word_1_802' title='bbox 2585 5119 2765 5184; x_wconf 87' lang='grc' dir='ltr'>θυσία,</span> <span class='ocrx_word' id='word_1_803' title='bbox 2809 5119 2959 5188; x_wconf 77' lang='grc' dir='ltr'>καὶὴ</span> <span class='ocrx_word' id='word_1_804' title='bbox 2992 5115 3233 5187; x_wconf 88' lang='grc' dir='ltr'>ἁμαρτία</span> <span class='ocrx_word' id='word_1_805' title='bbox 3265 5113 3432 5184; x_wconf 88' lang='grc' dir='ltr'>μένει·</span> <span class='ocrx_word' id='word_1_806' title='bbox 3468 5110 3633 5180; x_wconf 79' lang='grc' dir='ltr'>ἐχρῆν</span> 
     </span>
    </p>
   </div>
   <div class='ocr_carea' id='block_1_115' title="bbox 2053 5203 3632 5286">
    <p class='ocr_par' dir='ltr' id='par_1_115' title="bbox 2053 5203 3632 5286">
     <span class='ocr_line' id='line_1_116' title="bbox 2053 5203 3632 5286; baseline -0.008 -20"><span class='ocrx_word' id='word_1_807' title='bbox 2053 5214 2162 5286; x_wconf 85' lang='grc' dir='ltr'>γὰρ</span> <span class='ocrx_word' id='word_1_808' title='bbox 2215 5213 2312 5266; x_wconf 74' lang='grc' dir='ltr'><strong>καὶ</strong></span> <span class='ocrx_word' id='word_1_809' title='bbox 2353 5214 2416 5268; x_wconf 87' lang='grc' dir='ltr'><strong>ἐκ</strong></span> <span class='ocrx_word' id='word_1_810' title='bbox 2461 5211 2554 5266; x_wconf 76' lang='grc' dir='ltr'>τοῦ</span> <span class='ocrx_word' id='word_1_811' title='bbox 2602 5212 2830 5282; x_wconf 81' lang='grc' dir='ltr'>αἵματος</span> <span class='ocrx_word' id='word_1_812' title='bbox 2868 5208 3257 5277; x_wconf 76' lang='grc' dir='ltr'>εἰσενεχθῆναι,</span> <span class='ocrx_word' id='word_1_813' title='bbox 3302 5205 3398 5258; x_wconf 70' lang='grc' dir='ltr'>καὶ</span> <span class='ocrx_word' id='word_1_814' title='bbox 3438 5203 3632 5264; x_wconf 77' lang='grc' dir='ltr'>αὐτοὺς</span> 
     </span>
    </p>
   </div>
   <div class='ocr_carea' id='block_1_116' title="bbox 2055 5309 2269 5376">
    <p class='ocr_par' dir='ltr' id='par_1_116' title="bbox 2055 5309 2269 5376">
     <span class='ocr_line' id='line_1_117' title="bbox 2055 5309 2269 5376; baseline 0 -18"><span class='ocrx_word' id='word_1_815' title='bbox 2055 5309 2269 5376; x_wconf 79' lang='grc' dir='ltr'>φαγεῖν.</span> 
     </span>
    </p>
   </div>
   <div class='ocr_carea' id='block_1_117' title="bbox 2126 5386 3628 5466">
    <p class='ocr_par' dir='ltr' id='par_1_117' title="bbox 2126 5386 3628 5466">
     <span class='ocr_line' id='line_1_118' title="bbox 2126 5386 3628 5466; baseline -0.011 -15"><span class='ocrx_word' id='word_1_816' title='bbox 2126 5401 2195 5451; x_wconf 80' lang='lat' dir='ltr'><strong>El</strong></span> <span class='ocrx_word' id='word_1_817' title='bbox 2227 5398 2493 5466; x_wconf 75' lang='grc' dir='ltr'>σήμερον</span> <span class='ocrx_word' id='word_1_818' title='bbox 2540 5397 2994 5465; x_wconf 70' lang='grc' dir='ltr'>προσαγηόχασι</span> <span class='ocrx_word' id='word_1_819' title='bbox 3029 5391 3100 5444; x_wconf 81' lang='grc' dir='ltr'>τὰ</span> <span class='ocrx_word' id='word_1_820' title='bbox 3130 5390 3259 5457; x_wconf 78' lang='grc' dir='ltr'>περὶ</span> <span class='ocrx_word' id='word_1_821' title='bbox 3298 5387 3409 5454; x_wconf 81' lang='grc' dir='ltr'>τῆς</span> <span class='ocrx_word' id='word_1_822' title='bbox 3444 5386 3628 5454; x_wconf 83' lang='grc' dir='ltr'>ἁμαρ-</span> 
     </span>
    </p>
   </div>
   <div class='ocr_carea' id='block_1_118' title="bbox 2052 5473 3631 5556">
    <p class='ocr_par' dir='ltr' id='par_1_118' title="bbox 2052 5473 3631 5556">
     <span class='ocr_line' id='line_1_119' title="bbox 2052 5473 3631 5556; baseline -0.011 -13"><span class='ocrx_word' id='word_1_823' title='bbox 2052 5492 2179 5556; x_wconf 75' lang='grc' dir='ltr'>τίας</span> <span class='ocrx_word' id='word_1_824' title='bbox 2223 5490 2440 5542; x_wconf 76' lang='grc' dir='ltr'>αὐτῶν.</span> <span class='ocrx_word' id='word_1_825' title='bbox 2491 5490 2641 5541; x_wconf 72' lang='grc' dir='ltr'>Ἐπεὶ</span> <span class='ocrx_word' id='word_1_826' title='bbox 2679 5486 2896 5556; x_wconf 76' lang='grc' dir='ltr'>συνέϐη,</span> <span class='ocrx_word' id='word_1_827' title='bbox 2933 5485 3085 5555; x_wconf 57' lang='grc' dir='ltr'>φησι,</span> <span class='ocrx_word' id='word_1_828' title='bbox 3122 5485 3232 5545; x_wconf 83' lang='grc' dir='ltr'>τοῖς</span> <span class='ocrx_word' id='word_1_829' title='bbox 3284 5480 3412 5550; x_wconf 65' lang='grc' dir='ltr'><strong>περ)⁸</strong></span> <span class='ocrx_word' id='word_1_830' title='bbox 3444 5473 3631 5528; x_wconf 76' lang='grc' dir='ltr'>Ναδάὗ</span> 
     </span>
    </p>
   </div>
   <div class='ocr_carea' id='block_1_119' title="bbox 2053 5567 3630 5654">
    <p class='ocr_par' dir='ltr' id='par_1_119' title="bbox 2053 5567 3630 5654">
     <span class='ocr_line' id='line_1_120' title="bbox 2053 5567 3630 5654; baseline -0.012 -17"><span class='ocrx_word' id='word_1_831' title='bbox 2053 5585 2147 5637; x_wconf 70' lang='grc' dir='ltr'><strong>καὶ</strong></span> <span class='ocrx_word' id='word_1_832' title='bbox 2192 5584 2403 5637; x_wconf 68' lang='grc' dir='ltr'>Ἀὗιοὺδ</span> <span class='ocrx_word' id='word_1_833' title='bbox 2447 5580 2853 5654; x_wconf 77' lang='grc' dir='ltr'>προσκρούσασι</span> <span class='ocrx_word' id='word_1_834' title='bbox 2907 5577 2985 5648; x_wconf 83' lang='grc' dir='ltr'>τῷ</span> <span class='ocrx_word' id='word_1_835' title='bbox 3035 5575 3151 5646; x_wconf 81' lang='grc' dir='ltr'><strong>Θεῷ</strong></span> <span class='ocrx_word' id='word_1_836' title='bbox 3192 5572 3502 5634; x_wconf 84' lang='grc' dir='ltr'>ἀποθανεῖν,</span> <span class='ocrx_word' id='word_1_837' title='bbox 3538 5567 3630 5620; x_wconf 81' lang='grc' dir='ltr'>ὅτε</span> 
     </span>
    </p>
   </div>
   <div class='ocr_carea' id='block_1_120' title="bbox 3179 5748 3626 5816">
    <p class='ocr_par' dir='ltr' id='par_1_120' title="bbox 3179 5748 3626 5816">
     <span class='ocr_line' id='line_1_121' title="bbox 3179 5748 3626 5816; baseline -0.02 -5"><span class='ocrx_word' id='word_1_838' title='bbox 3179 5757 3198 5788; x_wconf 85' lang='grc'><em>³</em></span> <span class='ocrx_word' id='word_1_839' title='bbox 3222 5755 3395 5810; x_wconf 73' lang='lat' dir='ltr'><strong>Levrt.</strong></span> <span class='ocrx_word' id='word_1_840' title='bbox 3429 5766 3504 5816; x_wconf 64' lang='grc' dir='ltr'>γι,</span> <span class='ocrx_word' id='word_1_841' title='bbox 3541 5748 3626 5804; x_wconf 82' lang='lat' dir='ltr'><strong>l8.</strong></span> 
     </span>
    </p>
   </div>
   <div class='ocr_carea' id='block_1_121' title="bbox 2116 5758 3078 5835">
    <p class='ocr_par' dir='ltr' id='par_1_121' title="bbox 2116 5758 3078 5835">
     <span class='ocr_line' id='line_1_122' title="bbox 2116 5758 3078 5835; baseline -0.011 -12"><span class='ocrx_word' id='word_1_842' title='bbox 2116 5772 2131 5801; x_wconf 86' lang='grc'>¹</span> <span class='ocrx_word' id='word_1_843' title='bbox 2165 5769 2340 5824; x_wconf 78' lang='lat' dir='ltr'><strong>Lcrit.</strong></span> <span class='ocrx_word' id='word_1_844' title='bbox 2378 5783 2430 5835; x_wconf 68' lang='grc' dir='ltr'><strong>γ,</strong></span> <span class='ocrx_word' id='word_1_845' title='bbox 2460 5767 2516 5824; x_wconf 70' lang='lat'><strong>2.</strong></span> <span class='ocrx_word' id='word_1_846' title='bbox 2595 5767 2613 5797; x_wconf 82' lang='grc'>¹</span> <span class='ocrx_word' id='word_1_847' title='bbox 2645 5763 2786 5819; x_wconf 82' lang='lat' dir='ltr'><strong>Psal.</strong></span> <span class='ocrx_word' id='word_1_848' title='bbox 2825 5776 2993 5826; x_wconf 67' lang='lat' dir='ltr'><strong>xxxv,</strong></span> <span class='ocrx_word' id='word_1_849' title='bbox 3025 5758 3078 5812; x_wconf 87' lang='lat'><strong>7.</strong></span> 
     </span>
    </p>
   </div>
  </div>
