4110 6414
437 398 528 452 iftl
728 400 735 405 ’
1603 395 1912 452 SELECTA
1948 397 2013 450 IN
2055 395 2451 451 LEVITICUM.

3585 396 3692 449 4οὶ

438 512 625 574 καιρὸς
657 506 725 582 ἦν
755 513 945 581 φαγεῖν
972 510 1167 574 αὐτοὺς
1197 510 1255 562 τὸ
1287 512 1413 581 περὶ
1455 513 1728 583 ἁμαρτίας
1755 515 1849 567 τοῦ
1887 515 2006 569 λαοῦ

2121 518 2283 570 edere
2341 515 2464 570 illos
2517 514 2659 583 quod
2691 512 2912 583 fuitpro
2945 522 3169 584 peccato
3197 511 3377 581 populi
3421 522 3478 564 ut
3506 515 3692 565 remit-

437 595 528 654 τοῦ
561 603 828 672 ἀφεθῆναι
859 603 894 656 ἃ.
923 605 1159 673 ἥμαρτε,
1192 603 1307 666 πῶς
1347 604 1395 655 οἱ
1424 603 1480 654 ὲν
1510 604 1807 675 ἁμαρτίαις
1854 608 2012 677 ἡμεῖς

438 693 676 763 σήμερον
734 693 1080 763 ἐλεγχθέντες
1133 691 1221 744 διὰ
1276 692 1369 744 τοῦ
1413 695 1607 760 φαγεῖν
1663 695 1760 764 τὴν
1820 693 2012 762 ἄφεσιν

435 784 876 856 προξενήσομεν;
921 784 1039 856 Χρὴ
1077 784 1186 856 γὰρ
1236 784 1326 837 τὸν
1379 784 1525 855 ἱερέα
1580 786 1839 856 πρότερον
1885 788 2012 860 περὶ

434 872 598 927 αὑτοῦ
620 872 985 938 ἐξιλάσασθαι.

512 963 704 1017 Ταῦτα
729 965 798 1017 τὰ
826 963 1014 1033 κτήνη
1056 964 1094 1018 εἰ
1135 964 1418 1034 φάγεσθε.
1443 965 1618 1036 Θηρία
1647 968 1743 1038 μὲν
1775 963 1867 1022 οῦν
1918 968 2011 1021 οὐ·

431 1055 619 1126 δαμῶς
649 1056 764 1109 ἐστι
789 1056 1027 1128 καθαρά·
1067 1057 1244 1110 πάντα
1272 1056 1381 1127 γὰρ
1404 1058 1690 1129 ἀκάθαρτα
1735 1059 1878 1114 κατά
1918 1061 2019 1128 τὸν⁴

433 1148 657 1201 εἰπόντα
699 1148 884 1218 νόμονο
923 1169 941 1200 ‹
984 1150 1099 1201 Πᾶν
1144 1149 1173 1201 ὃ
1213 1148 1309 1201 ἐὰν
1347 1149 1643 1219 πορεύηται
1692 1153 1782 1204 ἐπὶ
1816 1153 2011 1223 χειρῶν

432 1238 599 1293 αὑτοῦ
625 1241 682 1291 ὲν
713 1242 845 1294 πᾶσι
870 1244 984 1303 τοῖς
1011 1240 1241 1312 θηρίοις,
1284 1239 1570 1310 ἀκάθαρτα
1601 1240 1754 1295 ἔσται
1797 1243 1943 1313 ὑμῖν.
1987 1260 2005 1294 ι

433 1329 533 1402 Είη
573 1330 617 1382 δ’
651 1329 718 1384 ἂν
747 1332 976 1399 γενικῶς
998 1332 1159 1402 θηρία
1185 1330 1384 1396 πάντες
1411 1334 1456 1384 οἰ
1486 1333 1755 1403 ὠμότατοι
1785 1333 1892 1385 τῶν
1919 1335 2012 1386 ἀν-

433 1420 688 1492 θρώπιον,
721 1423 846 1493 περί
881 1424 958 1476 ὠν
993 1440 1156 1493 φησιν
1189 1425 1217 1476 ὁ
1240 1421 1552 1495 Προφήτης·
1588 1443 1605 1474 ι
1646 1425 1734 1477 Ἐν
1762 1424 1838 1494 τῷ
1859 1424 2008 1492 ἐγγί-

433 1515 545 1578 ζειν
571 1515 660 1567 ἐπ’
681 1513 782 1582 ἐμὲ
809 1512 1114 1577 κακοῦντας
1135 1513 1230 1566 τοῦ
1255 1517 1446 1584 φαγεῖν
1473 1513 1570 1576 τὰς
1603 1515 1811 1586 σάρκας
1841 1532 1940 1585 μου
1957 1533 2004 1567 ο)

432 1607 528 1658 καὶ
563 1606 629 1658 τὰ
662 1604 810 1675 ἑξῆς.

502 1696 630 1750 Πᾶν
658 1696 877 1765 κτῆνος
905 1697 1198 1765 δικηλοῦν
1241 1698 1460 1764 ὁπλήν.
1503 1698 1704 1770 Δικηλῆ
1731 1698 1818 1752 τὸν
1852 1700 2008 1752 εύσεη

430 1786 540 1851 σῶς
571 1789 628 1840 ὲν
663 1786 740 1858 τῷ
784 1787 939 1840 αἰῶνι
986 1789 1161 1859 τούτῳ
1196 1789 1608 1858 πολιτευόμενον
1650 1791 1744 1843 καὶ
1791 1789 1878 1843 διὰ
1918 1791 2008 1844 τὸν

2121 616 2363 661 terentur
2389 607 2435 660 ei
2470 615 2714 675 peccata,
2739 621 2844 673 quo
2867 617 3022 673 pacto
3049 620 3146 658 nos
3170 605 3260 673 qui
3286 604 3446 657 hodie
3481 605 3532 656 in
3568 619 3694 672 pec-

2117 699 2253 751 catis
2288 711 2406 750 esse
2433 697 2831 759 convincimur,
2873 695 3206 749 comedeudo
3238 695 3449 748 veniam
3472 709 3687 763 promed

2117 789 2636 858 rebimur?0porlet
2658 789 2800 843 enim
2829 789 3165 843 sacerdotem
3194 787 3342 856 prius
3365 803 3464 857 pro
3495 803 3552 841 se
3577 788 3692 856 ipso

2114 883 2333 953 placare
2357 882 2667 937 Dominum.

2188 973 2318 1026 ch
2357 984 2476 1026 sunt
2523 989 2710 1043 pecora
2737 989 2852 1042 qua:
2888 972 3171 1026 comedetis
3207 974 3250 1028 ⁸.
3296 967 3492 1026 Bellus:
3529 974 3690 1041 igitur

2115 1045 2456 1134 nequaquam
2477 1075 2603 1118 sunt
2621 1065 2831 1118 mundae
2849 1083 2860 1115 :
2881 1079 3070 1118 omnes
3089 1066 3230 1117 enim
3256 1073 3382 1117 sunt
3402 1065 3690 1117 immundae

2110 1155 2266 1226 juxta
2321 1157 2490 1227 legem
2543 1158 2816 1211 dicentem
2849 1159 2869 1190 °
2911 1171 2926 1208 :
2974 1175 2990 1207 ι
3032 1157 3203 1211 Omne
3247 1157 3498 1225 gradiens
3529 1173 3690 1223 super

2116 1264 2327 1312 manus,
2356 1250 2407 1302 in
2439 1251 2694 1302 omnibus
2727 1249 2938 1310 bestiis,
2983 1249 3256 1303 immunda
3292 1258 3456 1302 erunt
3484 1250 3686 1302 vobis.»

2115 1339 2428 1394 Generatim
2463 1341 2651 1394 bestiae
2689 1339 2893 1393 fuerint
2937 1341 3190 1394 homines
3231 1339 3600 1393 crudelissimi
3625 1342 3691 1389 de

2113 1431 2311 1500 quibus
2348 1431 2482 1484 dicit
2510 1431 2782 1498 Propheta
2819 1431 2904 1510 ‘°_:
2951 1451 2968 1482 ι
3002 1431 3136 1485 Dum
3179 1429 3504 1498 appropiant
3533 1443 3693 1499 SUpCI’

2114 1537 2201 1578 me
2227 1533 2509 1589 nocentes,
2535 1535 2593 1578 ut
2615 1525 2780 1579 edant
2803 1538 3000 1580 carnes
3031 1539 3202 1588 meas,
3245 1543 3262 1575 ι
3297 1531 3404 1578 etc.

2149 1759 2156 1774 ⁸
2187 1697 2353 1752 Omne
2383 1713 2538 1766 pecus
2587 1697 2726 1767 quod
2753 1697 3005 1767 ungulam
3029 1697 3215 1750 dividit
3249 1698 3312 1750 “.
3337 1697 3566 1752 Bifidum
3601 1713 3694 1751 vo-

2113 1799 2203 1844 cat
2233 1803 2356 1843 eum
2383 1788 2474 1856 qui
2513 1788 2598 1855 pie
2621 1787 2674 1840 in
2705 1787 2806 1841 hoc
2834 1786 3034 1840 sarculo
3069 1788 3222 1852 vivit,
3249 1796 3304 1842 et
3337 1795 3450 1841 toto
3481 1789 3691 1841 deside-

434 1876 697 1947 μέλλοντα
727 1877 899 1931 αἰῶνα
932 1879 1018 1932 ἐπ’
1054 1881 1258 1934 ἐκεῖνον
1290 1881 1609 1938 σπεύδοντα·
1658 1881 1795 1954 πρὸς
1843 1882 1898 1934 δὲ
1950 1884 2006 1936 τὸ

2117 1882 2198 1936 rio
2225 1881 2290 1934 ad
2319 1881 2561 1933 futurum
2597 1879 2898 1942 contendit,
2938 1880 3139 1948 quique
3167 1887 3225 1933 ιιι
3257 1879 3512 1949 ungulam
3551 1879 3692 1931 divi-

431 1968 666 2040 διχηλεῖν
712 1969 804 2022 καὶ
845 1970 1208 2042 ὀνυχιστῆρας
1254 1972 1520 2043 ὀνυχίζειν
1553 1973 2007 2044 περιαιρούμενον

429 2060 496 2116 τὰ
540 2060 770 2132 περιττὰ
801 2061 894 2114 καὶ
939 2063 1128 2134 νεκρὰ,
1176 2063 1282 2118 ἀπὸ
1313 2064 1420 2116 τῶν
1456 2063 1675 2135 χειρῶν,
1719 2064 1864 2117 τοῦτ’
1894 2064 2008 2118 ἐστι

429 2150 704 2223 πράξεων
753 2154 846 2208 καὶ
895 2154 1090 2219 ποδῶν,
1137 2155 1382 2208 τουτέστι
1427 2156 1524 2225 τῆς
1573 2154 1814 2226 πορείας.
1867 2155 2010 2227 Πρὸς

427 2242 638 2308 τούτοις
667 2244 763 2300 καὶ
792 2244 894 2298 ἀνὰ
930 2247 1274 2318 μηρμυκισμὸν
1305 2248 1406 2300 οὐκ
1427 2247 1813 2318 ἀποτιθέμενον
1850 2248 2009 2317 μόνον

428 2336 528 2408 τὴν
554 2337 928 2408 πνευματικὴν
972 2338 1198 2409 τροφὴν,
1229 2338 1363 2391 ἀλλὰ
1401 2340 1497 2411 καὶ
1525 2339 2010 2410 ἀναμιμνησκόμεφ

428 2443 519 2486 νον
543 2427 638 2481 καὶ
668 2427 906 2497 συνεχῶς
942 2427 1115 2498 αὐτὴν
1149 2427 1476 2497 μελετῶντα.

491 2537 684 2606 Οὗτος
717 2543 750 2594 ό
780 2541 966 2609 νόμος
996 2540 1131 2610 περί
1169 2541 1289 2594 τῶν
1329 2540 1568 2607 κτηνῶν
1614 2543 1712 2596 καὶ
1748 2541 1867 2595 τῶν
1908 2555 2008 2595 πε-

432 2631 644 2686 τεινῶν
655 2631 757 2686 καὶ
778 2631 982 2700 πάσης
998 2631 1224 2701 ψυχῆς.
1259 2633 1432 2687 Πολῦν
1452 2635 1684 2687 ποιεῖται
1707 2635 1861 2704 λόγον
1882 2636 2008 2705 περὶ

431 2725 670 2797 καθαροῦ
690 2726 784 2780 καὶ
806 2725 1134 2798 ἀκαθάρτου·
1158 2725 1368 2798 πρῶτον
1387 2728 1545 2796 ἁγίαν
1563 2724 1698 2781 εἷναι
1719 2727 1816 2798 τὴν
1830 2727 2008 2798 ψυχὴν

433 2818 762 2872 ὲκπαιδεύει.
802 2819 864 2871 Εἰ
884 2818 992 2888 γὰρ
1010 2819 1068 2871 τὸ
1098 2819 1322 2887 φυσικὸν
1348 2819 1585 2872 τοιοῦτον
1613 2814 1724 2872 οἷον
1749 2822 1812 2873 ὲκ
1840 2837 2006 2892 προσ-

429 2912 708 2982 τᾲγματος
745 2911 880 2968 Θεοῦ
906 2911 1148 2979 γέγονεν,
1179 2911 1502 2982 ἀκάθαρτον,
1535 2912 1683 2981 πόσῳ
1711 2913 1907 2983 μᾶλλον
1947 2913 2012 2968 τὸ

432 3003 541 3062 ἀπὸ
579 3003 858 3074 μοχθηρᾶς
884 3002 1278 3072 προαιρέσεως,
1313 3003 1407 3054 καὶ
1439 3004 1539 3054 οὐκ
1560 3005 1624 3054 ὲκ
1654 3005 2009 3073 προστάγμα-

434 3110 524 3157 τος
551 3094 684 3149 Θεοῦ
720 3091 975 3161 γεγονός;
1021 3093 1083 3143 Εἰ
1115 3091 1175 3142 τὸ
1214 3086 1274 3143 οῦ
1322 3091 1454 3154 Θεὸς
1494 3094 1724 3162 ποιητὴς
1771 3094 2010 3165 ἀκάθαρ-

2116 1977 2228 2036 dat,
2261 1983 2317 2027 et
2350 1972 2518 2027 ﬁndat
2546 1972 2787 2038 fissuras,
2821 1982 3068 2027 removet
3099 1988 3129 2026 a
3164 1972 3432 2037 manibus,
3461 1973 3562 2026 hoc
3584 1982 3690 2036 est,

2115 2068 2183 2120 ab
2208 2066 2467 2136 operibus
2499 2064 2769 2132 superﬂua
2808 2073 2861 2119 et
2896 2073 3110 2120 mortua
3134 2106 3148 2131 ,
3193 2065 3321 2118 item
3360 2081 3390 2117 a
3429 2065 3689 2132 pedibus,

2117 2161 2220 2214 hoc
2255 2166 2358 2216 est.
2385 2157 2451 2211 ab
2475 2156 2670 2210 itinere
2703 2171 2834 2220 suo;
2867 2164 2922 2210 et
2963 2156 3054 2225 qui
3092 2157 3310 2225 insuper
3369 2158 3691 2210 ruminando

2118 2266 2222 2305 non
2250 2249 2420 2304 solum
2447 2263 2551 2302 non
2573 2248 2759 2318 abjicit
2782 2248 3080 2317 spiritalem
3106 2247 3283 2301 cibum
3340 2249 3436 2302 sed
3463 2259 3518 2303 et
3539 2248 3688 2302 illum

2115 2352 2452 2402 rememorat
2477 2353 2531 2397 et
2555 2342 2770 2398 assidue
2796 2350 3108 2412 pertractat.

2188 2545 2319 2599 Ηιεε
2346 2553 2423 2598 est
2462 2542 2546 2597 (ea:
2578 2542 2641 2596 de
2693 2539 2973 2610 pecoribus
3018 2547 3065 2592 et
3117 2535 3415 2591 volatilibus
3459 2549 3504 2590 et
3551 2542 3693 2594 omni

2115 2639 2294 2692 anima
2320 2639 2384 2689 ι’.
2444 2634 2668 2688 Multum
2720 2633 2882 2688 liabet
2915 2645 3228 2685 sermonem
3271 2630 3338 2684 de
3397 2633 3595 2685 mundo
3636 2644 3691 2688 et

2116 2730 2413 2784 immundo.
2459 2727 2724 2790 Primum,
2769 2734 3017 2780 sanctam
3067 2737 3188 2778 esse
3231 2724 3469 2778 animam
3513 2724 3692 2781 docet.

2117 2820 2174 2875 Si
2213 2822 2359 2875 enim
2397 2818 2661 2886 ejusmodi
2698 2824 2888 2870 natura
2920 2829 3040 2884 qua:
3081 2812 3233 2882 jussu
3279 2813 3371 2869 Dei
3416 2812 3562 2870 facta
3583 2824 3692 2884 est,

2117 2911 2394 2966 immunda
2425 2919 2529 2976 est,
2564 2919 2766 2979 quanto
2805 2909 2980 2976 magis
3016 2906 3067 2958 id
3103 2907 3244 2973 quod
3273 2923 3301 2960 a
3333 2909 3474 2961 mala
3507 2910 3696 2963 volun-

2119 3013 2229 3057 tate
2266 3014 2320 3057 et
2349 3017 2454 3056 non
2482 3003 2633 3070 jussu
2670 3002 2761 3054 Dei
2797 3001 2996 3052 factum
3030 2997 3149 3051 e51?
3190 2997 3245 3051 Si
3281 2997 3331 3050 id
3378 3002 3520 3070 quod
3554 3001 3694 3055 Deus

2118 3092 2264 3158 fecit,
2325 3094 2660 3145 immundum
2697 3092 2853 3160 183
2885 3107 3003 3144 esse
3039 3095 3306 3160 quispiam
3336 3094 3690 3146 existimave-

429 3203 519 3239 τον
550 3183 690 3238 εἶναι
715 3183 926 3254 νομίζοι
955 3201 1058 3245 τις,
1089 3183 1240 3252 πόσῳ
1273 3182 1472 3252 μᾶλλον
1505 3183 1566 3234 τὸ
1589 3185 1847 3247 ἐναντίως
1889 3184 2006 3255 ἔχον

2119 3182 2214 3244 rit,
2244 3189 2448 3248 quanto
2483 3177 2654 3247 magis
2689 3180 2738 3230 id
2767 3179 2908 3245 quod
2942 3179 3201 3233 voluntati
3230 3181 3321 3235 Dei
3349 3183 3690 3246 adversatur,

436 3275 569 3344 πρὸς
602 3273 662 3325 τὸ
693 3271 786 3324 τοῦ
837 3270 971 3324 Θεοῦ
1015 3270 1282 3341 βούλημα,
1325 3272 1418 3326 καὶ
1460 3270 1646 3325 ποιοῦν
1697 3273 1834 3343 ὅπερ
1871 3273 2006 3344 ἁπη-

2114 3282 2170 3326 et
2198 3269 2325 3324 facit
2353 3270 2493 3338 quod
2528 3269 2839 3338 prohibuit?

433 3365 692 3433 γόρευσεν
719 3387 734 3436 ;

516 3475 819 3543 Ἄνθρῶπφ
856 3476 965 3530 ἐάν
992 3494 1105 3530 τινι
1139 3477 1379 3546 γένηται
1417 3479 1487 3533 ἐν
1512 3478 1750 3548 δέρματι
1784 3480 2012 3550 χρωτὸς

427 3567 620 3621 αὐτοῦ
674 3569 850 3634 obsiti.
908 3569 1191 3637 τΑνάγεται
1235 3569 1410 3623 ταῦτα
1451 3572 1542 3623 ἐπί
1586 3588 1737 3634 τινας
1786 3572 2010 3642 μώμους

431 3659 530 3730 τῆς
561 3659 757 3731 ψυχῆς.
788 3662 897 3713 Καὶ
940 3660 1128 3734 ὥσπερ
1156 3663 1248 3715 ἐπὶ
1292 3663 1399 3716 τῶν
1435 3662 1526 3716 τοῦ
1573 3663 1821 3734 σώματος
1847 3683 2012 3738 τραυ-

433 3751 617 3822 μάτων
656 3752 792 3822 μετὰ
845 3753 944 3824 τὴν
983 3753 1279 3824 θεραπείαν
1315 3753 1428 3806 ἐσθ’
1471 3755 1559 3806 ὅτε
1603 3755 1746 3825 ἴχνος
1792 3756 1885 3809 τοῦ
1917 3775 2012 3809 πε-

429 3839 683 3895 πονθέναι
716 3843 841 3906 τοὺς
881 3843 1079 3907 τόπους
1115 3844 1501 3897 καταλείπεται
1524 3848 1580 3898 ἐν
1610 3849 1674 3916 τῇ
1702 3847 2008 3920 καλουμένῃ

427 3933 556 4003 ούλῇ
579 3950 591 3962 ·
628 3933 718 3986 τὸν
749 3936 910 3988 αὐτὸν
941 3937 1141 4005 τρόπον
1165 3938 1198 4006 ἡ
1229 3936 1469 3990 λαϐοῦσα
1491 3937 1711 4008 τραῦμα
1737 3941 2009 4012 ἁμαρτίας

425 4024 593 4095 ψυχὴ,
627 4024 731 4078 κᾶν
767 4024 904 4096 τύχῃ
936 4026 1248 4096 θεραπείας,
1281 4029 1443 4080 οἰονεί
1476 4030 1636 4101 ούλὴν
1676 4031 1846 4083 ἐνίοτε
1894 4031 2006 4102 ἔχει

426 4113 920 4185 καταλειπομένην.
976 4118 1068 4167 Δεῖ
1109 4116 1166 4168 δὲ
1223 4116 1318 4169 καὶ
1374 4117 1464 4170 τὸν
1528 4120 1728 4190 τρόπον
1771 4121 1865 4174 τοῦ
1913 4124 2007 4175 ἀπ’

421 4207 601 4277 αὐτῆς
631 4207 974 4278 καθαρισμοῦ
1015 4209 1046 4279 ἢ
1084 4210 1144 4261 οὐ
1178 4208 1524 4279 καθαρισμοῦ
1565 4211 1969 4274 ἐξεπίστασθαι.

512 4319 698 4386 Ἄνδρί
730 4319 771 4391 ἣ
804 4322 1036 4390 γυναικί
1073 4313 1120 4386 ᾧ
1156 4322 1265 4376 ἐὰν
1290 4323 1532 4393 γένηται
1563 4324 1724 4390 αὐτῷ
1911 4325 2009 4380 λέ-

426 4427 602 4480 πρας.
631 4414 1054 4484 Παρατηρητέον
1080 4415 1166 4482 ἐφ’
1197 4407 1271 4468 ὧν
1304 4416 1400 4487 μὲν
1425 4415 1641 4485 λέγεται
1669 4417 1967 4488 ἀνθρώπων
1989 4438 2004 4453 ο

2186 3472 2407 3526 Homini
2439 3475 2484 3525 si
2515 3473 2600 3525 cui
2646 3471 2792 3540 facta
2838 3472 2996 3540 fuerit
3038 3474 3090 3526 in
3145 3483 3263 3527 cute
3310 3477 3544 3542 corporis
3573 3477 3690 3546 ejus

2113 3567 2339 3619 cicatrix
2360 3565 2424 3619 ³³.
2455 3565 2577 3619 [hcc
2603 3565 2918 3619 referuntur
2937 3567 3000 3618 ad
3021 3567 3281 3633 quasdam
3304 3567 3498 3619 animm
3517 3566 3689 3621 labes.

2114 3656 2178 3710 Et
2203 3657 2656 3725 quemmhnodum
2693 3655 2744 3708 in
2789 3655 3034 3723 corporis
3071 3656 3389 3711 vulneribus
3415 3658 3690 3712 interdum

2113 3756 2236 3816 post
2259 3749 2547 3801 sanitatem
2581 3749 2875 3819 vestigium
2908 3747 3122 3802 afﬂicta:
3147 3748 3322 3816 partis
3353 3749 3405 3803 in
3436 3750 3694 3805 cicatrice

2113 3837 2466 3906 relinquitur,
2504 3840 2584 3894 sic
2620 3841 2800 3893 anima
2840 3855 2958 3909 qua:
2990 3843 3200 3910 peccati
3230 3842 3426 3895 vulnus
3461 3857 3693 3908 accepe-

2113 3931 2202 3997 rit,
2246 3930 2374 3985 licet
2413 3933 2703 3985 sanitatem
2763 3945 3156 4001 consequatur,
3201 3935 3493 4003 quamdam
3525 3935 3691 3989 veluti

2110 4021 2422 4075 cicatricem
2465 4023 2741 4076 residuam
2782 4023 2968 4078 habet.
3014 4024 3080 4078 Et
3109 4025 3318 4079 discere
3345 4035 3560 4095 oportet
3585 4041 3692 4095 quo

2112 4124 2274 4180 pacto
2310 4113 2623 4181 mundetur,
2666 4115 2749 4170 vel
2783 4131 2890 4170 non
2921 4117 3229 4172 mandetur.

2191 4330 2318 4385 Viro
2363 4341 2414 4385 et
2451 4333 2660 4386 mulieri
2702 4335 2749 4387 si
2794 4335 2956 4403 fuerit
3004 4336 3057 4388 in
3097 4335 3171 4388 eis
3217 4345 3388 4389 lactus
3425 4335 3581 4397 lepra»
3620 4338 3685 4395 “.

2109 4421 2523 4477 Observandum
2564 4433 2647 4478 est
2680 4425 2746 4479 de
2781 4425 2978 4495 quibus
3023 4426 3236 4480 dicatur
3272 4445 3284 4480 :
3326 4446 3345 4479 ι
3385 4427 3599 4481 ilomiui
3641 4431 3685 4483 si

430 4519 454 4554 ι
494 4503 617 4556 Ἐάν
653 4521 758 4556 τινι
783 4504 1010 4575 γένηται
1041 4507 1097 4558 ὲν
1129 4505 1353 4577 δέρματι
1387 4509 1595 4580 χρωτὸς
1633 4508 1820 4561 αὐτοῦ*
1863 4529 1880 4561 ι
1917 4511 1950 4582 ἦ
1979 4529 1992 4541 ·

477 4593 524 4610 τι
578 4595 600 4610 ει
637 4595 647 4610 ι
681 4593 702 4610 Α
767 4609 770 4610 ,
932 4595 945 4610 ι
997 4587 1024 4610 1'
1086 4598 1099 4610 ι
1121 4596 1132 4610 ι
1255 4598 1267 4610 ι
1466 4602 1478 4610 ι
1597 4600 1610 4610 ι
1682 4603 1704 4610 -
1775 4602 1787 4610 .
1847 4601 1857 4610 ι
1909 4601 1924 4610 ι
1955 4602 1965 4610 .

2114 4518 2198 4570 cui
2229 4516 2370 4568 facta
2399 4515 2560 4575 fuerit
2594 4517 2646 4569 in
2672 4527 2797 4573 cute
2823 4519 3071 4587 corporis
3106 4517 3255 4586 ejus;
3293 4538 3311 4570 ι
3349 4520 3430 4572 vel
3463 4513 3526 4574 τ’(
3561 4518 3688 4573 Viro

434 4612 454 4644 ι
477 4593 708 4666 Ἀνδρὶῆ
735 4587 1034 4662 γυναικί,ᾧ
1083 4596 1176 4650 ἐὰν
1206 4598 1428 4670 γένηται
1462 4602 1520 4653 ὲν
1550 4600 1733 4662 αὐτοῖς
1765 4601 1874 4672 ἁφὴ
1909 4601 1998 4654 λέ-

425 4701 590 4754 πραςο
623 4704 640 4734 ι
673 4686 755 4752 ἐφ’
786 4679 860 4737 ὧν
897 4686 954 4739 δέ
979 4705 992 4717 ·
1033 4705 1051 4738 ο
1085 4688 1248 4759 Σὰρξ,
1283 4691 1378 4742 ἐὰν
1415 4691 1640 4761 γένηται
1669 4694 1725 4745 έν
1757 4693 1835 4762 τῷ
1877 4693 2001 4763 δέρ-

430 4790 560 4844 ματι
611 4774 776 4828 αὑτοῦ
825 4776 1114 4849 ἕλκοςοιῆ·
1149 4798 1167 4829 ι
1217 4780 1362 4852 Σὲιρξ
1408 4782 1501 4835 ἐὰν
1542 4783 1764 4852 γένηται
1816 4787 1872 4837 ἐν
1924 4785 2002 4854 τῷ

423 4864 654 4935 δέρματι
688 4866 853 4919 αὑτοῦ
886 4869 1214 4940 κατάκαυμα
1239 4872 1429 4943 πυρός.
1458 4893 1476 4924 ι
1502 4873 1684 4927 Ταῦτα
1701 4875 1756 4927 δὲ
1782 4876 1916 4947 θραῦ
1927 4877 2003 4946 μά

421 4959 592 5013 ἐστιν.

504 5070 580 5123 Τὰ
640 5072 839 5140 ἱμάτια
890 5074 1077 5127 αὑτοῦ
1148 5074 1319 5132 ἔσται
1371 5076 1853 5144 παραλελιψένα.
1905 5076 2004 5129 Διὰ

421 5157 630 5213 τούτων
659 5163 950 5216 αἰνίττεται
989 5163 1061 5234 μὴ
1106 5164 1214 5218 δεῖν
1249 5167 1617 5236 συγκρύπτειν
1656 5167 1723 5218 τὰ
1757 5167 2004 5236 ἁμαρτή-

425 5265 596 5321 ματα,
645 5254 740 5306 καὶ
788 5255 1081 5318 σκεπάζειν
1113 5256 1250 5308 αὐτὰ
1284 5258 1374 5309 τὸν
1403 5256 1499 5327 τὴν
1528 5256 1704 5326 ψυχὴν
1731 5257 2002 5330 λελεπρω-

424 5343 606 5415 μένον.
652 5345 857 5417 Ὥσπερ
916 5347 1010 5398 τοῦ
1064 5347 1507 5417 παραλελυμένοι)
1573 5348 1641 5401 τὰ
1694 5347 1884 5417 ἱμάτια
1939 5342 2000 5401 οὗ

420 5431 570 5506 [οὐκ]
606 5435 936 5488 ἐσκέπασται
965 5438 997 5506 ἡ
1028 5437 1398 5508 ἀσχημοσύνη·
1431 5437 1600 5500 οὕτως
1637 5437 1880 5507 βούλεται
1908 5440 2004 5490 πᾶ-

421 5541 510 5578 σιν
540 5525 817 5578 ἐκκεῖσθαι
863 5526 937 5596 μὴ
973 5526 1260 5598 γενόμενον
1298 5530 1464 5597 τάφον
1497 5528 1894 5598 κεκονιαμένον.
1923 5529 1995 5582 Τὸ

2109 4617 2163 4660 et
2192 4607 2404 4661 mulieri
2431 4608 2472 4662 si
2504 4607 2670 4662 fuerit
2708 4611 2758 4664 in
2789 4611 2870 4665 eis
2899 4622 3072 4667 tactus
3109 4613 3303 4682 leprae;
3335 4631 3352 4663 ›
3386 4615 3451 4668 de
3486 4615 3688 4682 quibus

2108 4712 2238 4755 vero
2263 4697 2476 4751 dicatur
2507 4700 2548 4730 ¹⁵
2578 4719 2591 4752 :
2633 4719 2650 4750 ι
2682 4699 2843 4765 Caro,
2871 4701 2916 4756 si
2942 4701 3084 4756 facta
3123 4703 3286 4757 fuerit
3327 4704 3377 4757 in
3408 4715 3533 4759 cute
3568 4705 3685 4774 ejus

2110 4791 2295 4850 ulcus:
2325 4811 2342 4842 ι
2380 4791 2462 4845 vel
2493 4793 2538 4822 ¹⁶
2575 4809 2588 4845 :
2619 4809 2636 4842 ι
2670 4792 2806 4845 Caro
2834 4793 2876 4846 si
2920 4794 3062 4848 facta
3103 4794 3268 4850 fuerit
3302 4796 3354 4848 in
3402 4806 3528 4852 cute
3562 4796 3682 4865 ejus

2111 4877 2416 4932 combustio
2443 4878 2602 4948 ignis.
2633 4897 2652 4929 ι
2686 4877 2813 4933 Ηωο
2837 4891 3016 4935 autem
3042 4893 3168 4938 sunt
3201 4884 3418 4941 vulnus.

2193 5073 2509 5133 Vestimenta
2527 5097 2640 5148 ejus
2663 5083 2866 5136 dissuta
2883 5095 3034 5138 erunt
3053 5085 3114 5138 ¹⁷.
3142 5085 3245 5140 His.
3268 5087 3472 5142 indicat
3503 5089 3684 5145 animo

2106 5161 2379 5231 leprosum
2425 5183 2532 5222 non
2564 5170 2760 5226 debere
2790 5175 3066 5230 occultare
3111 5186 3166 5230 et
3209 5179 3389 5234 celare
3433 5193 3680 5247 peccata.

2107 5254 2578 5320 Quemadmodum.
2627 5265 2952 5320 vestimenta
3013 5267 3218 5321 dissuta
3269 5285 3373 5321 non
3429 5273 3682 5337 operiunt

2107 5349 2524 5418 turpitudinem,
2558 5355 2636 5408 sic
2655 5356 2923 5424 leprosum
2943 5361 3194 5413 omnibus
3214 5371 3398 5430 patere
3416 5363 3550 5424 vult,
3584 5379 3682 5418 nec

2111 5453 2231 5494 esse
2259 5443 2566 5512 sepulcrum
2585 5447 2918 5508 dealbatum.
2949 5451 3104 5506 Circa
3143 5467 3204 5505 os
3230 5460 3407 5503 autem
3441 5456 3680 5524 contegi,

2103 5538 2189 5584 est
2233 5549 2340 5588 non
2401 5535 2601 5593 habere
2645 5538 2959 5596 facultatem
3013 5541 3287 5611 aperiendi
3332 5544 3485 5610 oris;
3531 5548 3682 5601 exire

500 5727 889 5813 ξίλςνίιέλχιβ..
916 5732 1148 5813 λίμνη...
1172 5734 1278 5813 97...
1305 5733 1709 5813 l_’sal-._Ixxvl,_
1731 5737 1785 5794 2.
1848 5739 1882 5770 “
1912 5738 2006 5796 Lm

2117 5755 2191 5808 ιι,
2219 5741 2270 5797 5'.
2351 5743 2396 5774 ¹¹
2425 5742 2582 5810 ibid.,
2618 5744 2708 5799 46.
2790 5745 2831 5776 ¹³
2860 5743 3028 5798 Levit.
3057 5758 3174 5810 xui,
3195 5744 3251 5798 ‘2.
3331 5744 3373 5776 ’δ
3395 5744 3555 5813 ibid.,
3581 5746 3673 5804 29.

425 5797 471 5834 ⁵³
497 5799 650 5867 ibid.,
685 5801 769 5858 18.
807 5797 812 5799 γ
849 5803 890 5833 ¹⁰
915 5802 1040 5857 ibid.
1072 5804 1159 5858 24.
1239 5805 1278 5834 ”
1303 5804 1408 5859 ibid
1439 5843 1455 5871 ,
1491 5805 1578 5861 45.
