4110 6406
421 348 528 404 405

1867 337 2188 394 ORIGENIS

3575 340 3682 395 404

430 502 559 541 vero
593 503 623 541 e
655 485 877 550 castris,
906 492 990 540 est
1037 497 1144 538 non
1182 481 1417 553 amplius
1457 480 1744 537 admisceri
1779 491 1992 535 sancto-

2095 459 2150 510 δέ
2179 475 2240 527 γε
2263 456 2686 528 περιϐεϐλῆσθαι
2709 457 2768 510 τὸ
2791 457 2985 528 στόμα,
3017 455 3134 511 ἐστὶ
3161 458 3220 509 τὸ
3256 457 3330 530 μὴ
3359 457 3502 527 ἔχειν
3527 464 3670 530 παῤ·

423 593 542 634 ram
577 576 766 634 ctetui.

1139 673 1178 700 ν,

499 870 564 922 Et
587 869 904 939 jugulabunt
937 869 1198 922 avicutam
1231 885 1390 922 unam
1425 870 1480 920 in
1529 885 1648 922 vase
1685 867 1993 921 testaceo”.

425 961 696 1016 Mactatur
725 961 932 1015 avicula
979 961 1029 1014 in
1067 976 1195 1015 vase
1223 970 1462 1015 testaceo
1507 961 1558 1014 in
1599 961 1766 1040 quod.
1795 959 1996 1026 injecta
2033 1007 2052 1020 ._

425 1064 510 1107 est
549 1068 688 1121 aqua
715 1053 928 1119 vivens,
953 1063 1008 1106 ut
1033 1053 1123 1108 ﬁat
1147 1053 1424 1106 mundatio
1459 1067 1595 1122 aqua
1621 1061 1676 1106 et
1709 1051 1990 1120 sanguine,

422 1159 543 1212 quae
559 1144 814 1198 exierunt
837 1159 868 1198 e
899 1143 1066 1198 latere
1098 1145 1416 1200 Salvatoris.
1452 1144 1680 1214 Lignum
1715 1145 1994 1198 cedi-ilium

424 1246 585 1290 vocat
613 1237 810 1291 salutis
836 1247 1036 1290 nostra:
1071 1237 1294 1306 lignum.
1326 1237 1560 1292 Coccum
1597 1247 1795 1290 tortutn
1837 1245 1995 1304 typus

422 1339 542 1382 erat
567 1329 792 1397 pretiosi
817 1329 1098 1397 sanguinis
1137 1345 1232 1397 per
1261 1345 1420 1398 quem
1457 1329 1752 1383 mundatnr
1781 1327 1996 1380 univer-

429 1435 524 1474 sus
584 1418 753 1474 orbis.
813 1418 1067 1474 Arbitror
1129 1430 1308 1474 autem
1345 1421 1598 1490 hyssopo,
1641 1421 1866 1490 spiritus
1903 1437 1996 1477 ca-

425 1513 622 1576 lorem;
661 1512 748 1566 ﬁlo
783 1527 910 1567 vero
947 1513 1202 1568 coccineo
1229 1512 1390 1568 Verbi
1433 1515 1498 1568 ad
1523 1529 1746 1570 carnem
1773 1518 1996 1572 descen-

425 1620 542 1658 sum
576 1604 893 1674 signiﬁcari.

495 1883 661 1950 Caput
701 1877 856 1938 suum
899 1896 946 1938 et
979 1887 1194 1940 barbam
1242 1887 1462 1942 rademr
1485 1889 1548 1943 ".
1574 1890 1750 1960 Caput
1785 1891 1994 1945 raditur

417 1977 564 2029 circa
587 1977 836 2046 dogmata
868 1981 1102 2034 maxime
1125 1981 1374 2050 capitalia
1401 2000 1415 2050 ;
1441 1984 1664 2037 barbam
1693 1997 1814 2050 qua:
1846 1997 1994 2052 sym-

419 2069 600 2122 bolum
629 2079 711 2124 est
735 2072 862 2138 viri,
898 2087 1019 2126 cum
1055 2073 1154 2127 viri
1209 2075 1471 2144 relinquit
1505 2084 1764 2144 peccata;
1802 2091 1994 2142 super-

419 2159 570 2225 cilia,
622 2175 744 2214 cum
796 2161 1021 2230 fastum,
1063 2173 1140 2230 et,
1182 2173 1240 2219 ut
1273 2165 1346 2219 ita
1387 2167 1592 2230 dicam,
1641 2167 1991 2235 supercilium

419 2252 662 2320 deponit.
701 2253 1013 2323 Symbolum
1061 2265 1240 2309 autem
1289 2265 1447 2311 vocat
1485 2257 1602 2310 litec
1634 2273 1754 2327 quae
1801 2258 1995 2311 anima:

419 2341 814 2406 adhmrescunt,
848 2351 902 2396 et
937 2343 1075 2397 male
1107 2344 1158 2396 in
1191 2359 1252 2398 ea
1285 2345 1570 2414 pullulant,
1598 2361 1826 2416 qumque
1851 2361 1996 2399 moro

420 2431 647 2488 talitatis
670 2433 847 2501 capilli
881 2433 1250 2488 nominantur.

489 2707 672 2762 Sumat
700 2707 832 2762 duos
855 2725 1018 2777 agnos
1050 2711 1162 2764 sine
1186 2711 1392 2764 macula
1421 2712 1692 2765 anniculos
1716 2714 1782 2768 ’°.
1807 2711 1862 2764 In
1889 2715 1990 2767 tria

420 2797 607 2854 dividit
667 2813 848 2852 sermo
901 2815 1024 2868 quae
1067 2799 1388 2854 oﬂernntur.
1437 2802 1620 2856 Altero
1651 2804 1992 2872 signiﬁcatur

419 2889 665 2944 remissio
697 2900 1080 2959 peccatorum;
1118 2892 1312 2955 altero,
1363 2902 1532 2946 totum
1577 2895 1848 2948 hominem
1881 2895 1991 2949 Deo

416 2982 688 3035 addictum
722 2997 841 3036 esse
871 2983 1099 3048 debere;
1129 2985 1345 3036 tertium
1372 3001 1500 3039 vero
1527 2986 1753 3049 indicat,
1781 2987 1828 3039 id
1849 2989 1992 3054 quod

417 3071 643 3128 oﬁ‘ertur
677 3075 744 3128 ad
782 3074 957 3144 ipsum
985 3075 1256 3142 pertinere
1281 3077 1372 3144 qui
1399 3079 1692 3130 inundatur
1719 3084 1788 3132 ab
1813 3081 1991 3147 operi-

2101 551 2294 621 ρησίαν
2321 548 2524 614 ἀνοῖξαι
2559 551 2618 602 τὸ
2653 551 2844 620 στόμα·
2875 550 2935 602 τὸ
2963 549 3018 602 δὲ
3040 550 3137 620 τῆς
3165 566 3302 620 παρε
3314 549 3514 621 μϐολῆς
3546 551 3679 614 ἐξοί-

2099 643 2309 712 χεσθαι,
2361 643 2420 696 τὸ
2475 643 2670 714 μηκέτι
2701 646 2814 708 τοῖς
2855 641 2964 696 τῶν
3011 641 3180 710 ἁγίων
3225 642 3390 697 αὐτὸν
3431 645 3676 696 συναυλίη

2099 733 2284 798 ζεσθαι
2307 737 2508 803 χοροῖς.

2169 846 2280 901 Καὶ
2318 845 2628 914 σφάξουσι
2675 846 2739 898 τὸ
2785 847 3048 913 ὀρνίθιον
3087 845 3152 900 τὸ
3194 846 3263 899 ἓν
3304 848 3392 913 ε’ίς
3439 848 3679 917 ἀγγεῖον

2097 937 2474 1006 ὀστράκινον.
2511 937 2706 991 Θύεται
2739 937 2799 990 τὸ
2827 938 3059 1008 ὀρνίθιον
3101 940 3182 1002 είς
3216 941 3432 1009 ἀγγεῖον
3477 931 3674 1011 ὀστρά-

2098 1045 2264 1092 κινον,
2299 1027 2768 1099 προεμδληθέντος
2807 1031 2886 1093 είς
2925 1029 3056 1082 αὐτὸ
3105 1029 3296 1093 ὓδατος
3329 1031 3549 1098 ζῶντος,
3590 1033 3672 1084 ἵνα

2096 1122 2320 1192 γένηται
2347 1123 2374 1174 ό
2407 1121 2746 1192 καθαρισμὺς
2777 1121 2930 1174 ὕδατι
2976 1122 3068 1174 καὶ
3097 1123 3308 1193 αἵματι,
3355 1125 3498 1194 ειπερ
3523 1122 3672 1193 ἐξῆλ-

2097 1212 2187 1264 θεν
2217 1211 2323 1264 ἀπὸ
2353 1211 2451 1281 τῆς
2487 1211 2724 1282 πλευρᾶς
2758 1211 2850 1264 τοῦ
2875 1211 3152 1283 Σωτῆρος.
3201 1211 3368 1264 Ξύλον
3397 1213 3452 1265 δὲ
3499 1212 3676 1283 κέδρι-

2096 1305 2184 1356 νόν
2211 1321 2341 1374 φησι
2363 1303 2423 1356 τὸ
2453 1304 2550 1372 τῆς
2583 1303 2852 1374 σωτηρίας
2877 1303 3032 1374 ἡμῶν
3053 1303 3228 1366 ξύλον.
3263 1305 3334 1356 Τὸ
3381 1305 3437 1358 δὲ
3476 1306 3675 1360 κεκλω-

2097 1397 2292 1466 σμένον
2324 1397 2572 1448 κόκκινον
2602 1396 2770 1459 τύπος
2799 1393 2866 1468 ἦν
2898 1396 2994 1450 τοῦ
3023 1399 3201 1468 τιμίου
3244 1399 3491 1470 αἵματος,
3523 1401 3590 1453 δι’
3611 1393 3674 1454 οὗ

2097 1488 2415 1558 καθαίρεται
2443 1489 2472 1540 ὁ
2539 1487 2743 1558 κόσμος
2785 1488 2926 1552 ὅλος.
2959 1485 3126 1558 Οἶμαι
3177 1491 3234 1542 δὲ
3279 1491 3367 1543 τὸν
3403 1492 3673 1557 ὕσσωπον,

2095 1579 2191 1650 τὴν
2241 1579 2327 1634 διὰ
2366 1578 2458 1632 τοῦ
2505 1579 2814 1650 πνεύματος
2846 1579 3155 1652 θερμότητα
3177 1599 3192 1611 ³
3222 1583 3282 1635 τὸ
3321 1583 3376 1636 δὲ
3411 1585 3673 1654 σπαρτίον

2099 1671 2159 1724 τὸ
2195 1671 2444 1724 κόκκινον
2495 1671 2593 1741 τὴν
2637 1671 2773 1742 πρὸς
2817 1673 2995 1744 σάρκα
3043 1673 3312 1745 σύμϐασιν
3361 1674 3454 1728 τοῦ
3499 1675 3671 1743 Λόγου

2095 1762 2310 1834 δηλοῦν.

2167 1871 2288 1940 Τὴν
2317 1872 2594 1941 κεφαλὴν
2626 1875 2812 1928 αὑτοῦ
2853 1876 2951 1928 καὶ
2999 1878 3108 1930 τὸν
3139 1877 3388 1948 πώγωνα
3427 1878 3674 1946 ξυρηθοὶ-

2093 1979 2282 2018 σεται.
2316 1964 2558 2035 Ξυρᾶται
2593 1965 2690 2037 τὴν
2735 1967 2996 2038 κεφαλὴν,
3032 1968 3170 2020 κατὰ
3205 1969 3273 2022 τὰ
3309 1969 3674 2038 κεφαλαιωδέ-

2097 2073 2262 2128 στερα
2303 2057 2400 2109 καὶ
2444 2057 2794 2130 ἀρχικώτερα
2843 2060 2951 2112 τῶν
2985 2059 3074 2128 δογ
3087 2059 3290 2129 μάτωψ
3323 2061 3466 2114 κατὰ
3491 2062 3547 2126 δὲ
3581 2061 3672 2114 τὸν

2095 2145 2352 2214 πώγωνα,
2384 2149 2522 2217 ὅπερ
2576 2147 2846 2218 σύμϐολόν
2880 2152 2996 2202 ἐστι
3037 2149 3130 2204 τοῦ
3167 2151 3382 2221 ἀνδρὸς,
3419 2151 3672 2204 ἀποτιθέ-

2097 2253 2255 2306 μενος
2279 2235 2346 2290 τὰ
2373 2235 2468 2288 τοῦ
2493 2237 2684 2306 ἀνδρὸς
2705 2239 3076 2309 ἁμαρτήματα
3090 2254 3104 2268 ·
3136 2239 3278 2294 κατὰ
3291 2239 3348 2292 δὲ
3363 2240 3459 2302 τὰς
3479 2240 3672 2310 ὀφρῦς,

2095 2329 2272 2380 πᾶσαν
2298 2329 2494 2398 οἴησιν,
2535 2329 2628 2382 καὶ
2657 2329 2719 2382 ἵν’
2744 2329 2916 2392 οὕτως
2943 2330 3214 2400 ὀνομάσω,
3237 2332 3514 2403 όφρύωσιν
3537 2332 3672 2383 ἀπο-

2094 2419 2392 2490 τιθέμενος.
2443 2420 2714 2490 Σύμϐολον
2753 2421 2808 2472 δέ
2859 2439 2989 2492 φησι
3035 2423 3206 2476 ταῦτα
3239 2422 3551 2494 προσφύντα
3580 2423 3672 2474 καὶ

2094 2509 2464 2582 ὲξανθήσαντα
2509 2515 2572 2582 τῇ
2618 2511 2785 2584 ψυχῇ,
2825 2513 3146 2585 νεκρότητος
3189 2513 3370 2586 τρίχες
3403 2512 3672 2585 ὀνομαζό-

2097 2617 2254 2670 μενοι.

2163 2711 2432 2780 Λήψεται
2488 2715 2596 2766 δύο
2650 2714 2880 2782 ὀμνοὺς
2931 2713 3208 2783 ἀμώμους
3239 2715 3668 2780 ἑνιαινσιαιόινς.

2093 2803 2187 2866 Et;
2215 2806 2342 2875 τρία
2361 2809 2389 2858 ὁ
2415 2806 2569 2874 λόγος
2607 2807 2802 2876 διαιρεῖ
2827 2805 2896 2858 τὰ
2918 2807 3314 2875 ἀναφερόμενα·
3344 2805 3399 2856 ἓν
3431 2807 3527 2875 μὲν
3573 2805 3672 2874 τὴν

2093 2895 2244 2950 λύσιν
2285 2897 2394 2949 τῶν
2431 2896 2966 2968 προημαρτημένων·
3015 2895 3072 2946 ἓν
3099 2895 3174 2958 δὲ,
3207 2895 3267 2948 τὸ
3305 2895 3424 2948 ὅλον
3467 2895 3673 2963 ἀναφέ-

2095 2988 2283 3058 ρεσθαι
2326 2989 2402 3058 τῷ
2431 2989 2576 3058 Θεῷ·
2612 2989 2798 3059 ἕτερον
2825 2989 2901 3052 δὲ,
2936 2989 2996 3042 τὸ
3028 2987 3432 3058 ἀναφερόμενον
3465 2989 3550 3040 ἐπ’
3579 2989 3677 3038 αὐ-

2093 3080 2183 3134 τὸν
2227 3079 2317 3132 τὸν
2366 3079 2793 3151 καθαριζόμενον
2839 3079 2944 3132 τῶν
2992 3080 3082 3130 ὑπ’
3137 3077 3297 3130 αὐτοῦ
3351 3079 3670 3147 γινομένων.

418 3167 516 3226 lius
539 3169 674 3222 suis.
700 3167 973 3224 Fortassis
1010 3168 1170 3245 185
1199 3183 1378 3228 autem
1415 3182 1524 3228 tres
1546 3175 1736 3228 similae
1771 3175 1990 3228 dcciuue

2095 3173 2246 3242 Τάχα
2271 3172 2326 3226 δὲ
2348 3172 2439 3224 καὶ
2461 3171 2529 3224 τὰ
2553 3171 2676 3240 τρία
2701 3171 2799 3240 τῆς
2821 3170 3148 3241 σεμιδάλεως
3169 3169 3367 3222 δέκατα
3385 3169 3676 3239 παραλαμ-

416 3269 792 3326 assumuntur,
827 3271 885 3315 ut
915 3278 1016 3315 una
1040 3264 1259 3332 quidem
1295 3280 1418 3318 cum
1449 3275 1686 3320 mactato
1725 3281 1864 3334 agno
1895 3266 1986 3332 sit,

416 3351 652 3404 secunda
692 3367 816 3404 cum
851 3351 1044 3418 altero,
1072 3355 1232 3407 tertia
1261 3370 1390 3408 vero
1419 3371 1544 3410 cum
1572 3371 1691 3410 ove.
1746 3355 1863 3410 .lam
1893 3357 1993 3424 igi-

421 3451 508 3494 tur
531 3440 584 3494 in
617 3441 808 3510 quinta
845 3441 1228 3509 puriﬁcatione
1273 3445 1434 3500 habet
1475 3460 1578 3498 non
1609 3445 1864 3510 farinam,
1897 3445 1988 3498 sed

417 3531 652 3586 similam
701 3549 825 3604 qua:
867 3535 1108 3590 materia:
1148 3535 1304 3604 panis
1333 3536 1522 3589 mundi
1555 3535 1856 3606 symbolum
1885 3547 1988 3602 est,

416 3639 647 3692 eamque
685 3626 736 3678 in
783 3624 903 3680 oleo
941 3640 1318 3697 conspersum.
1357 3626 1512 3693 Quod
1551 3628 1769 3697 quidem
1811 3629 1988 3682 oleum

417 3728 600 3788 utpote
630 3720 880 3774 nutriens
910 3720 1110 3786 lucem,
1135 3722 1431 3778 assumitur
1460 3721 1528 3776 ad
1555 3737 1680 3776 eum
1701 3737 1860 3788 quem
1887 3722 1989 3776 mi-

417 3809 612 3864 nistrat
638 3809 798 3875 lucis,
822 3827 926 3866 non
949 3811 1088 3882 ignis
1118 3827 1296 3868 usum.
1321 3813 1540 3883 Absque
1565 3829 1630 3868 eo
1653 3823 1826 3866 autem
1847 3815 1990 3882 quod

418 3901 485 3954 ad
535 3903 978 3972 COltSpei‘SiOItem
1033 3904 1226 3960 simila:
1275 3906 1592 3968 assumitur,
1639 3905 1778 3968 oleo.
1829 3905 1992 3958 habet.

419 3994 561 4048 aliud
581 3994 756 4049 oleum
782 3996 924 4064 quod
958 4011 1054 4066 per
1077 3999 1422 4054 sacerdotem
1453 3998 1743 4052 adducitur
1767 3999 1818 4050 in
1839 4013 1990 4050 men-

415 4101 544 4138 sura
573 4087 783 4156 cotylae.
819 4086 882 4140 Et
925 4087 1150 4143 omnino
1183 4089 1398 4144 videtur
1429 4089 1558 4142 mihi
1591 4086 1876 4143 sacerdote
1910 4087 1989 4138 in-

415 4176 602 4246 digere
635 4178 758 4233 illud
785 4179 872 4232 “:
917 4199 936 4230 α
985 4177 1152 4233 Sistet
1193 4180 1451 4235 sacerdos
1495 4179 1766 4234 mundatis
1811 4177 1988 4231 homi-

416 4283 538 4326 nem
573 4270 664 4342 qui
696 4270 1009 4338 mundatur,
1042 4280 1095 4326 et
1121 4271 1236 4328 haec
1272 4281 1400 4328 ante
1430 4273 1738 4334 Dominum.
1773 4290 1790 4322 ι

483 4469 549 4522 Et
575 4471 735 4523 veniet
765 4471 918 4540 cujus
941 4481 1013 4524 est
1045 4471 1208 4540 ipsius
1231 4471 1438 4535 domus,
1465 4479 1512 4523 et
1549 4469 1880 4524 annuntiabit
1900 4485 1988 4522 sa.

2097 3263 2337 3326 ϐἀνεται,
2370 3263 2433 3316 ἶν’
2465 3263 2522 3314 ἓν
2549 3263 2645 3332 μὲν
2666 3262 2774 3314 τῶν
2799 3262 3038 3316 δεκάτων
3065 3261 3142 3332 τῷ
3165 3260 3490 3330 σφαζομένῳ
3516 3259 3675 3330 ἀμνῷ

2097 3352 2358 3424 συναχθῇ,
2391 3353 2486 3403 καὶ
2515 3352 2576 3404 τὺ
2605 3351 2856 3422 δεύτερον
2905 3351 2982 3421 τῷ
3026 3351 3218 3420 λοιπῷ,
3271 3351 3364 3402 καὶ
3403 3349 3464 3403 τὸ
3491 3350 3672 3420 τρίτον

2092 3438 2168 3509 τῷ
2213 3439 2488 3510 προϐάτῳ.
2521 3439 2660 3510 Ἤδη
2709 3440 2888 3490 τοίνυν
2949 3441 3042 3491 ἐπὶ
3091 3439 3167 3508 τῷ
3217 3439 3450 3509 πέμπτῳ
3505 3438 3672 3492 καθα-

2097 3531 2276 3606 ρισμῷ
2310 3532 2420 3602 ἔχει
2445 3532 2564 3600 οὑχί
2598 3531 2844 3602 ἄλευρον,
2871 3531 3008 3586 ἀλλὰ
3037 3532 3334 3603 σεμίδαλιν,
3369 3535 3504 3604 ὅπερ
3533 3533 3672 3601 σύμ-

2093 3621 2245 3674 ϐολόν
2288 3624 2431 3675 ἐστιν
2476 3622 2606 3692 ὕλης
2654 3621 2816 3692 ἄρτου
2853 3623 3115 3693 καθαροῦ,
3143 3626 3236 3684 καὶ
3272 3625 3474 3694 ταύτην
3509 3624 3670 3692 ἐλαίῳ

2095 3713 2504 3784 πεφυραμένην·
2556 3714 2692 3783 ὅπερ
2747 3713 2824 3776 ὡς
2868 3716 3065 3785 τρέφον
3107 3717 3242 3786 φῶς,
3287 3717 3461 3783 φωτὸς
3488 3715 3671 3787 χρείαν

2091 3805 2186 3856 καὶ
2221 3807 2282 3858 οὐ
2331 3806 2503 3876 πυρὺς
2538 3805 2824 3860 ἐπιτελοῦν
2865 3807 3375 3878 παραλαμϐάνεται.
3425 3809 3575 3876 Ἔχει
3615 3807 3670 3860 δὲ

2091 3899 2210 3951 καθ’
2235 3899 2392 3952 ἑαυτὸ
2421 3900 2588 3969 χωρὶς
2615 3901 2708 3954 τοῦ
2736 3902 2814 3964 είς
2837 3901 3070 3972 φύρασιν
3091 3903 3187 3973 τῆς
3215 3903 3545 3972 σεμιδάλεως
3573 3917 3672 3952 πα-

2095 3989 2572 4060 ραλαμϐανομένου
2604 3993 2804 4052 ἐλαίου,
2839 3991 3016 4046 ἔλαιον
3045 3994 3073 4047 δ
3096 3995 3184 4048 διὰ
3201 3997 3295 4048 τοῦ
3324 3995 3510 4064 ἱερέως
3543 3994 3670 4046 ἁνα-

2091 4079 2314 4149 φέρεται
2347 4081 2544 4152 μέτρου
2581 4083 2812 4152 κοτύλης
2855 4085 3138 4154 τυγχάνον.
3208 4087 3318 4138 Καὶ
3352 4083 3490 4135 πάνυ
3526 4081 3672 4136 δοκεῖ

2095 4189 2182 4244 μοι
2220 4172 2406 4239 ἱερέως
2433 4171 2647 4226 δέεσθαι
2675 4175 2735 4227 τό
2757 4192 2769 4204 ·
2797 4193 2814 4224 ι
2835 4176 3030 4246 Στήσει
3061 4178 3089 4228 ὁ
3113 4177 3288 4246 ἱερεὺς
3313 4177 3342 4226 ὁ
3360 4169 3666 4242 καθαρίζων

2092 4265 2180 4318 τὸν
2223 4263 2505 4334 ἄνθρωπον
2547 4265 2636 4318 τὸν
2679 4265 3128 4338 καθαριξόμενον,
3162 4265 3254 4318 καὶ
3286 4265 3454 4318 ταῦτα
3491 4263 3668 4315 ἔναντι

2092 4356 2319 4428 Κυρίου.
2369 4375 2387 4408 ι

2163 4470 2274 4524 Καὶ
2329 4469 2460 4538 ἥξει
2497 4472 2659 4536 τίνος
2694 4469 2880 4524 αὐτοῦ
2909 4471 2946 4536 ἡ
2987 4469 3164 4534 οἰκία,
3203 4471 3300 4522 καὶ
3349 4470 3674 4538 ἀναγγελεῖ

416 4561 616 4616 cerdoti
642 4561 913 4632 “.Neque
953 4561 1182 4617 dicimus
1218 4562 1580 4630 legislaturem
1615 4559 1906 4628 praecipere
1931 4569 1989 4612 tit

2092 4561 2171 4626 τῷ
2208 4561 2365 4629 ἱερεῖ.
2426 4563 2533 4614 Καὶ
2569 4561 2821 4614 οὐδέποτέ
2861 4577 3040 4631 φαμεν
3077 4563 3520 4633 κατηγορήσοντα
3569 4563 3670 4630 τῆς

418 4653 687 4726 quispiam
719 4653 786 4706 ad
818 4653 1158 4708 sacerdotem
1185 4651 1366 4706 veniat
1386 4660 1742 4706 accusaturus
1768 4652 1984 4702 dotnutn

415 4763 606 4812 suam,
651 4746 746 4800 sed
787 4744 965 4814 potius
1011 4752 1268 4812 tanquam
1312 4759 1376 4797 ex
1425 4741 1635 4795 medico
1687 4739 1985 4793 remedium

417 4839 546 4893 mali
573 4839 858 4906 petiturus.
889 4834 1130 4889 Dicimus
1159 4836 1342 4906 itaque
1397 4833 1704 4889 Judazorum
1744 4830 1988 4902 Synago-

416 4947 536 5000 gain
573 4930 719 4997 lepra
755 4927 1004 4981 infectant
1053 4927 1240 4980 fuisse.
1287 4922 1679 4977 Annuntiantis
1733 4935 1986 4989 persona,

417 5033 500 5076 est
552 5029 864 5076 sanctorum
913 5018 1298 5088 prophetarum
1355 5015 1593 5078 chorus,
1633 5012 1722 5082 qui
1776 5027 1990 5065 summo

418 5111 682 5166 sacerdoti
710 5119 831 5162 ante
861 5107 1284 5177 indignationem
1305 5105 1629 5156 annuntiant
1651 5103 1988 5171 desperatio-

419 5209 506 5262 nis
527 5203 834 5260 .Iudatorum
867 5203 1035 5266 mala,
1064 5217 1170 5254 non
1201 5200 1358 5265 odio,
1397 5213 1575 5267 neque
1611 5197 1748 5250 mala
1792 5195 1984 5248 volun-

415 5308 549 5366 tate,
603 5298 697 5352 sed
751 5293 1081 5350 verecundia
1133 5306 1261 5359 erga
1297 5289 1623 5352 beneﬁcum,
1671 5286 1990 5341 conﬁtentes

423 5393 632 5459 quidem
667 5390 880 5444 illorum
912 5395 1156 5456 peccata,
1193 5383 1288 5438 sed
1323 5381 1759 5437 misericordiam
1789 5377 1988 5432 nihiloa

419 5485 596 5538 minus
629 5497 727 5553 pro
753 5483 832 5536 eis
871 5477 1228 5550 postulantes.

489 5746 944 5812 "chit.xw,5.
1024 5743 1322 5810 "ibid.,9.
1407 5738 1764 5808 ’°ihid.,10.

1862 5739 1904 5768 “
1939 5736 2093 5800 ibid.,
2135 5738 2216 5790 Η.

2091 4653 2268 4714 οἰκίας
2289 4652 2387 4722 τῆς
2413 4653 2601 4705 ἑαυτοῦ
2637 4653 2746 4704 δεῖν
2779 4652 2912 4703 ἰέναι
2941 4650 3062 4705 τινὰ
3103 4652 3239 4723 πρὸς
3263 4653 3352 4704 τὸν
3383 4653 3548 4722 ἱερέα,
3577 4655 3668 4706 τὸν

2085 4742 2383 4814 νομοθέτην
2418 4745 2611 4796 εἰπεῖν·
2653 4742 2765 4796 ἀλλ’
2809 4740 2998 4812 ὥσπερ
3039 4742 3102 4814 δὴ
3141 4741 3338 4814 μᾶλλον
3377 4741 3436 4807 ἐξ
3481 4744 3664 4814 ἰατροῦ

2085 4835 2161 4906 τῷ
2203 4835 2568 4906 συμϐεϐηκότι
2617 4837 2909 4907 φάρμακον
2951 4833 3326 4907 ὲξαιτήσοντα.
3377 4837 3667 4908 Λελεπρῶ-

2087 4928 2209 4980 σθαι
2241 4927 2304 4998 δὴ
2333 4923 2424 4979 οὖν
2449 4945 2627 4997 φαμεν
2657 4927 2755 4998 τὴν
2780 4928 2888 4981 τῶν
2919 4927 3189 4981 Ἰουδαίων
3216 4931 3554 5000 συναγωγήν.
3595 4930 3669 4984 Τὸ

2051 5015 2139 5067 -δὲ
2183 5013 2277 5066 τοῦ
2321 5015 2745 5082 ἁναγγέλλοντός
2787 5019 2899 5072 ἐστι
2945 5017 3256 5088 πρόσωπον,
3299 5020 3327 5072 ὁ
3361 5019 3468 5071 τῶν
3497 5020 3668 5088 ἁγίων

2085 5105 2378 5178 προφητῶν
2419 5107 2596 5176 χορός
2638 5107 2686 5159 οἳ
2735 5109 2830 5161 καὶ
2872 5105 3284 5176 ἐξαγγέλλονται
3323 5110 3400 5180 τῷ
3445 5113 3668 5182 μεγάλῳ

2086 5199 2354 5268 ἀρχιερεῖ,
2381 5197 2624 5250 τουτέστι
2649 5197 2752 5270 πρὸ
2789 5197 2888 5270 τῆς
2929 5199 3374 5270 ἀγανακτήσεως,
3405 5199 3505 5270 τῆς
3533 5203 3667 5260 dirae
3749 5227 3754 5232 ι

2083 5286 2234 5348 νοίας
2275 5285 2379 5337 τῶν
2417 5285 2683 5339 Ἰουδαίων
2718 5287 2785 5340 τὰ
2831 5287 3000 5360 πάθη,
3032 5290 3092 5341 οὐ
3138 5291 3304 5359 μίσει,
3344 5289 3462 5343 οὐδὲ
3503 5292 3642 5360 ᾁπεχ

2085 5373 2224 5443 θείᾳ,
2267 5373 2380 5426 ἀλλ’
2415 5375 2551 5427 αἰδοῖ
2581 5377 2648 5444 τῇ
2689 5379 2815 5448 περὶ
2868 5379 2960 5432 τὸν
3000 5378 3297 5449 εὐεργέτην
3385 5379 3667 5447 συνομολο-

2083 5463 2304 5533 γοῦντες
2335 5467 2430 5536 μὲν
2461 5466 2528 5518 τὰ
2556 5468 2778 5520 ἐκείνων
2819 5467 3284 5541 πλημμελήματα,
3317 5467 3583 5522 ἐλεεῖσθαι
3607 5467 3665 5520 δ’

2084 5555 2176 5612 οὖν
2209 5559 2358 5628 ὅμως
2392 5558 2864 5630 παρακαλοῦντες,

2294 5739 2338 5767 υ
2375 5737 2526 5804 ibid,
2553 5739 2644 5794 τε.
