4110 6414
389 353 500 408 .505

1563 355 1632 410 ΙΝ
1669 358 2043 416 LEVITICUM
2080 360 2356 416 llOMllJA
2400 362 2438 418 1..

3542 371 3645 425 ωδ

1088 711 1625 830 ORIGEN
1645 716 1767 828 IS
1849 719 1996 828 IN
2087 715 2878 834 LEVITICUM
2906 797 2936 826 .

829 1085 1106 1144 llOMlLIA
1149 1089 1363 1145 PRIMA
1397 1090 1531 1164 (95).

464 1176 516 1231 l.
547 1177 701 1232 Sicut
735 1178 786 1232 in
825 1180 1138 1237 novissimis
1162 1181 1352 1238 diebus
1382 1181 1621 1237 Verbum
1651 1183 1744 1239 Dei
1767 1198 1835 1239 ert
1857 1182 1970 1238 Ma-

387 1268 472 1322 ria
505 1283 670 1324 carne
701 1269 958 1324 vestitum
984 1271 1099 1343 (94)
1134 1274 1397 1341 processit
1430 1275 1481 1327 in
1509 1276 1653 1329 hunc
1683 1275 1963 1340 mundum,

384 1370 441 1413 et
475 1360 621 1414 aliud
666 1362 883 1431 quidem
924 1358 1042 1417 erat
1088 1365 1232 1433 quod
1273 1366 1560 1420 videbatur
1593 1370 1646 1421 in
1691 1383 1788 1433 eo,
1821 1369 1964 1421 aliud

386 1450 536 1518 quod
569 1451 1008 1522 intelligebatur;
1040 1455 1245 1522 (carnis
1277 1473 1511 1526 namque
1543 1469 1796 1527 aspectus
1823 1460 1873 1513 in
1902 1475 1968 1513 eo

384 1541 610 1609 patebat
645 1546 920 1608 omnibus,
959 1548 1147 1615 paucis
1170 1563 1297 1604 vero
1320 1562 1374 1605 et
1403 1551 1593 1605 electis
1629 1551 1859 1605 dabatur
1883 1553 1966 1606 di-

383 1632 634 1688 vinitatis
663 1637 865 1704 agnitio
886 1638 924 1704 ;)
975 1639 1047 1690 ila
1076 1647 1280 1693 etcum
1324 1657 1415 1710 per
1463 1642 1751 1710 prophetas
1783 1644 1863 1696 vel
1898 1644 1968 1698 le-

387 1722 706 1790 gislatorcm
732 1729 956 1779 verbum
993 1729 1084 1781 Dei
1116 1730 1392 1797 profertur
1425 1734 1491 1784 ad
1544 1733 1811 1800 homines,
1859 1751 1962 1790 non

383 1812 593 1882 absque
655 1814 1091 1882 competentibus
1127 1817 1404 1883 profertur
1440 1818 1788 1873 indumentis.
1832 1821 1962 1874 Nam

386 1903 532 1957 sicut
563 1904 636 1957 ibi
668 1906 870 1972 carnis,
903 1907 976 1958 ita
1005 1906 1092 1960 hic
1119 1907 1314 1962 litterae
1345 1909 1610 1963 velamine
1647 1913 1875 1982 tegitur:
1909 1925 1964 1965 ut

393 1992 570 2046 littera
603 1995 823 2062 quidem
861 1997 1157 2065 aspiciatur
1183 2007 1434 2068 tanquam
1467 2016 1613 2065 caro,
1641 2003 1812 2058 latens
1837 2019 1964 2069 vero

387 2083 716 2138 intrinsecus
749 2086 1015 2154 Spiritalis
1042 2102 1234 2143 sensus
1260 2099 1515 2159 tanquam
1554 2093 1809 2148 divinitas
1835 2109 1961 2148 sen-

387 2170 712 2229 tiatur.Tale
745 2191 874 2245 ergo
900 2185 984 2232 est
1015 2181 1158 2248 quod
1189 2189 1240 2233 et
1265 2197 1410 2236 nunc
1438 2185 1741 2239 invenimus
1769 2185 1961 2240 librum

383 2261 612 2319 Levitiei
659 2268 1028 2336 revolventes,
1067 2272 1252 2342 inquo
1285 2275 1678 2330 sacrificiorum
1715 2279 1869 2345 ritus,
1911 2290 1964 2334 et

380 2354 682 2409 hostiarum
712 2359 1018 2426 diversitas,
1048 2378 1111 2417 ac
1142 2366 1486 2420 sacerdotum
1528 2367 1833 2425 ministeria
1861 2373 1954 2424 tle--

1998 1095 2048 1154 Α
2083 1108 2102 1142 ι
2139 1091 2282 1147 Mors
2315 1090 2447 1146 mihi
2485 1090 2712 1158 eritpsi
2766 1100 2947 1145 autem
2995 1107 3098 1146 non
3155 1107 3646 1159 consensero,mon

2068 1182 2317 1253 effugiam
2377 1197 2568 1240 manus
2601 1193 2832 1238 vestras.
2867 1182 2971 1236 Sed
3030 1183 3222 1238 melius
3268 1196 3349 1239 est
3397 1200 3481 1239 me
3532 1187 3648 1239 sine

2069 1275 2177 1328 ullo
2220 1284 2372 1343 gestu
2412 1274 2524 1344 (98)
2573 1275 2810 1328 incidere
2861 1275 2912 1327 in
2963 1290 3155 1329 manus
3207 1286 3432 1341 vestras,
3486 1259 3647 1346 quam

2069 1379 2295 1434 peccare
2321 1365 2371 1417 in
2415 1373 2706 1431 conspectu
2754 1361 2968 1416 Domini
2992 1362 3057 1415 ³³.
3102 1381 3119 1413 ι
3159 1362 3466 1416 lncidamus
3519 1378 3649 1431 ergo

2068 1466 2120 1514 et
2151 1473 2272 1521 nos,
2301 1457 2344 1511 si
2377 1457 2447 1510 ita
2477 1470 2700 1510 necesse
2731 1464 2837 1519 est,
2868 1456 2919 1508 in
2960 1455 3387 1514 obtrectationes
3417 1466 3646 1520 vestras.

2071 1557 2274 1602 mutum
2307 1559 2365 1603 ut
2402 1547 2682 1602 veritatem
2714 1547 2862 1601 verbi
2896 1548 2990 1600 Dei
3033 1549 3133 1600 sub
3185 1548 3379 1602 littera:
3417 1549 3649 1618 tegmine

2069 1650 2378 1708 coOpertam
2441 1640 2508 1694 ad
2548 1640 2822 1694 Christum
2871 1637 2982 1705 jam
3047 1639 3336 1693 Dominum
3384 1655 3647 1693 conversa

2068 1740 2359 1800 cognoscat
2406 1731 2646 1785 Ecclesia
2697 1749 2709 1784 :
2758 1730 2835 1785 sic
2885 1729 3028 1781 enim
3073 1729 3206 1784 dicit
3251 1731 3542 1799 Apostolus
3579 1735 3645 1793 ",

2068 1825 2190 1892 quia
2227 1843 2247 1873 ι
2281 1824 2324 1877 si
2356 1839 2651 1878 conversus
2682 1825 2802 1893 quis
2839 1824 3000 1876 fuerit
3041 1824 3108 1877 ad
3156 1823 3465 1885 Dominum,
3495 1823 3648 1875 aufe-

2069 1926 2216 1968 retur
2250 1913 2534 1968 velamen:
2581 1915 2668 1969 ubi
2720 1917 2865 1969 enim
2913 1917 3135 1985 spiritus
3188 1916 3422 1980 Domini,
3473 1917 3544 1970 ibi
3580 1918 3646 1969 li-

2069 2010 2270 2064 bertas.
2311 2027 2328 2059 ι
2368 2009 2484 2076 Ipse
2530 2007 2697 2077 igitur
2738 2008 2893 2060 nobis
2938 2006 3232 2071 Dominus,
3283 2009 3396 2076 ipse
3429 2018 3649 2062 sanctus

2067 2098 2301 2168 Spiritus
2354 2099 2726 2162 deprecaudus
2791 2109 2896 2163 est,
2953 2109 3012 2151 ut
3083 2115 3300 2153 omnem
3336 2100 3643 2162 incbulam,

2066 2209 2388 2262 omnemque
2414 2193 2700 2262 caliginem
2725 2208 2844 2260 qua:
2873 2200 3216 2260 peccatorum
3243 2191 3495 2245 sordibus
3517 2206 3648 2243 cou-

2066 2293 2212 2335 creta
2250 2285 2424 2335 visum
2460 2282 2634 2336 nostri
2666 2282 2847 2336 cordis
2881 2284 3167 2346 obscurat,
3200 2279 3415 2334 auferre
3455 2280 3645 2347 digne-

2070 2386 2175 2441 tur,
2209 2386 2264 2428 ut
2295 2377 2564 2444 possimus
2589 2375 2719 2443 legis
2745 2372 2860 2440 ejus
2891 2373 3305 2442 intelligentiam
3339 2371 3642 2442 Spiritalem

383 2443 701 2498 scribuntur
731 2447 871 2518 (95).
907 2448 1013 2504 Sed
1051 2452 1163 2505 hate
1205 2454 1498 2507 secundum
1535 2454 1792 2522 litteram,
1838 2474 1958 2527 qme
1996 2439 2038 2494 Β
2064 2478 2117 2520 et
2145 2439 2442 2520 mirabilem
2479 2439 3089 2527 contueri,secundum
3120 2480 3241 2517 eum
3269 2465 3360 2533 qui
3393 2464 3528 2517 dixit
3563 2461 3641 2515 ":

381 2542 643 2606 tanquam
677 2553 806 2592 caro
834 2539 996 2594 Verbi
1032 2543 1122 2595 Dei
1162 2552 1244 2598 est
1273 2553 1329 2596 et
1362 2545 1738 2602 indumentum
1767 2550 1962 2604 divini-

384 2628 511 2682 tatis
543 2629 683 2697 ejus,
719 2629 862 2700 digni
900 2633 1145 2690 fortassis
1181 2636 1264 2690 vel
1293 2637 1584 2705 aspiciant,
1613 2639 1696 2693 vel
1738 2644 1963 2698 audiant

381 2727 438 2772 et
473 2718 701 2788 indigni.
729 2720 831 2776 Sed
866 2733 915 2778 et
952 2725 1092 2780 beati
1123 2738 1246 2783 sunt
1275 2730 1347 2783 illi
1373 2730 1538 2795 oculi,
1563 2733 1654 2801 qui
1691 2734 1961 2791 velamine

387 2809 579 2864 litterae
615 2811 888 2867 obtectum
923 2816 1253 2874 intrinsecus
1296 2820 1541 2875 divinum
1581 2823 1844 2892 Spiritum
1879 2829 1958 2881 vi-

383 2899 512 2954 dent
542 2901 654 2972 (91')
680 2919 693 2968 ;
723 2913 777 2957 et
808 2905 949 2959 beati
977 2916 1101 2960 sunt
1131 2909 1222 2977 qui
1253 2911 1320 2963 ad
1351 2912 1463 2966 haec
1495 2915 1764 2969 audienda
1799 2936 1957 2973 mttu-

385 2990 482 3045 das
523 3009 688 3048 aures
725 2994 1005 3049 interioris
1079 2997 1318 3052 hominis
1372 3002 1645 3057 deferunt.
1701 3006 1956 3077 Alioquin

382 3097 568 3152 aperte
594 3088 646 3139 in
679 3086 762 3139 his
802 3087 1148 3142 sermonibus
1181 3090 1518 3145 occidentem
1564 3094 1799 3150 litteram
1832 3116 1957 3154 sen-

384 3174 539 3230 tient.
574 3175 632 3230 Si
665 3175 810 3228 enim
839 3176 1132 3230 secundum
1167 3180 1429 3246 quosdam
1454 3182 1621 3236 etiam
1647 3197 1956 3244 nostrorum

381 3266 720 3319 intellectmn
758 3265 1058 3334 simplicem
1093 3283 1312 3336 sequar,
1365 3282 1417 3325 et
1473 3273 1679 3344 absque
1727 3278 1867 3342 ulla,
1902 3292 1961 3336 ut

383 3357 482 3423 ipsi
537 3356 720 3409 ridere
758 3371 854 3412 nos
889 3357 1083 3426 solent,
1140 3363 1361 3432 stropha
1399 3365 1548 3419 verbi
1597 3378 1652 3422 et
1688 3371 1959 3441 allegoria:

388 3443 545 3514 185
574 3445 758 3500 nubilo
791 3463 975 3502 vocem
1019 3449 1341 3518 legislatoris
1389 3457 1680 3526 excipiam,
1721 3477 1822 3531 ego
1867 3481 1960 3521 ec-

380 3535 714 3591 clesiasticus
745 3531 845 3594 sub
875 3538 978 3594 fide
1004 3540 1203 3597 Christi
1237 3544 1442 3613 vivens,
1470 3558 1523 3603 et
1557 3551 1610 3604 in
1647 3557 1825 3609 medio
1855 3557 1958 3611 Ec-

378 3626 557 3680 clesiae
600 3627 828 3696 positus,
872 3630 939 3684 ad
987 3631 1405 3690 sacrificandum
1453 3639 1656 3697 vitulos
1682 3654 1735 3698 et
1764 3663 1952 3717 agnos,

377 3727 432 3771 et
467 3717 532 3771 ad
564 3717 894 3776 offerendam
937 3721 1169 3777 similam
1199 3740 1320 3779 cum
1352 3729 1508 3784 thure
1538 3741 1591 3786 et
1633 3735 1754 3790 oleo
1784 3740 1951 3796 divini
1982 3770 2022 3826 ρ
2061 3763 2174 3800 rmn
2209 3749 2352 3818 leges
2375 3761 2428 3804 et
2457 3717 2767 3815 munerum:
2787 3763 2840 3806 et
2867 3754 2942 3806 ait
2964 3757 3007 3787 ⁸⁷

376 3810 630 3878 praecepti
677 3814 1000 3867 auctoritate
1053 3817 1371 3884 compellor.
1417 3820 1528 3875 Hoc
1577 3824 1718 3878 enim
1765 3843 1949 3899 agunt,

377 3902 467 3969 qui
497 3902 770 3956 deservire
801 3919 900 3957 nos
929 3905 1195 3970 historiae,
1219 3915 1272 3960 et
1299 3923 1519 3965 servare
1557 3913 1691 3983 legis
1715 3916 1950 3976 litteram

375 4001 594 4062 cogunt.
627 3992 733 4047 Sed
759 4003 968 4062 tempus
996 4007 1079 4050 est
1108 4011 1205 4052 nos
1231 3998 1490 4057 adversus
1521 4004 1794 4075 improbos
1828 4026 1951 4078 pre-

373 4086 621 4156 sbyteros
647 4088 722 4139 uti
747 4095 948 4142 sanctae
976 4088 1241 4143 Susanna)
1277 4093 1520 4159 vocibus,
1549 4112 1683 4164 quas
1715 4101 1788 4154 illi
1822 4105 1948 4172 qui-

372 4180 495 4233 dem
529 4180 900 4248 repudiantes,
949 4181 1230 4237 historiam
1280 4182 1548 4242 Susanme
1589 4193 1656 4246 de
1700 4195 1948 4266 catalogo

371 4269 681 4324 divinorum
730 4271 1060 4324 voluminum
1106 4273 1446 4331 desecaruut.
1503 4279 1613 4336 Nos
1661 4293 1838 4338 autem
1895 4298 1948 4343 et

369 4360 694 4428 suscipimus
733 4370 790 4414 et
815 4371 1121 4430 opportune
1168 4376 1358 4420 contra
1397 4369 1538 4437 2psos
1593 4375 1944 4447 proferimus,

369 4452 658 4506 dicentes:
696 4470 714 4502 ι
749 4453 1023 4523 Angustias
1047 4455 1176 4509 mihi
1218 4459 1455 4527 undique
1492 4459 1625 4529 (97).
1652 4479 1668 4508 ι
1707 4468 1762 4521 Si
1803 4471 1944 4526 enim

369 4544 473 4598 hoc
519 4558 845 4600 consensere
887 4547 1075 4612 vobis,
1168 4557 1224 4602 ut
1278 4549 1412 4619 legis
1446 4554 1680 4610 litteram
1721 4575 1941 4630 sequar,

439 4659 484 4739 ξδ
510 4659 642 4739 Dan.
675 4675 797 4739 χιιι,
837 4661 926 4729 22,
967 4661 1055 4718 25.
1160 4666 1271 4721 “ll
1309 4667 1439 4723 Cor.
1471 4686 1552 4739 Ill,
1600 4673 1685 4727 16.

364 4730 410 4762 ’⁸
434 4727 608 4784 Levit.
632 4745 694 4796 ιι,
722 4730 776 4784 4.

439 4847 556 4933 (95)
591 4847 814 4904 Collatus
841 4855 1080 4933 sunthoc
1116 4855 1349 4933 homiliaa
1379 4872 1502 4913 cum
1530 4834 1930 4933 quatuor'mss,
1968 4876 2014 4931 D

357 4940 389 4975 ιι
405 4933 486 4998 no.
523 4917 994 5000 Sangermanensi
1032 4926 1404 5000 vetustissimo
1455 4917 1611 5000 cujits
1649 4917 1936 4995 εῆάτᾴἒῖἑῦ

355 4987 736 5073 ιιιιείιιΙίειιςξξβ
761 4991 933 5073 a_lt_ero
951 4992 1314 5073 gemeticensi
1342 5013 1356 5062 ;
1392 4987 1555 5055 tertib
1578 4987 1940 5073 Βεὲὲἑέιέἷξῐιί

351 5071 466 5142 qua
481 5067 564 5112 rto
593 5058 929 5116 bibliotheca:
951 5061 1016 5116 Β.
1033 5061 1096 5118 P.
1121 5058 1613 5126 Franciscanorum
1629 5058 1939 5135 ea'diniiéiil

453 5142 526 5180 ιιι.

349 5145 556 5275 sm(94)_
700 5198 878 5255 Maria
898 5213 1062 5258 ’σαι-ηε
1082 5204 1345 5275 vestitum.
1383 5206 1476 5263 Sic
1504 5211 1704 5269 habent
1748 5233 1936 5275 omnes

360 5279 494 5388 mals.
533 5267 679 5324 Libri
710 5285 839 5326 vero
871 5282 1031 5328 antea
1060 5274 1226 5341 editi,
1267 5295 1286 5329 ι
1325 5292 1394 5332 ex
1433 5267 1933 5344 Mariaacarnev'e:

359 5349 388 5388 s
415 5351 428 5387 ι
459 5351 568 5389 um.
603 5356 623 5389 ι
1312 5369 1314 5371 ν

433 5405 780 5494 (ρὸξιοιιιιιθε
836 5426 1046 5494 mss.,:
1070 5413 1509 5494 describuntur;
1549 5443 1566 5472 ι
1607 5423 1735 5479 libb.
1775 5426 1930 5494 editi,

365 5477 821 5554 13_scribuutu_r._3
843 5481 980 5535 Infra
1011 5484 1169 5538 iidem
1193 5485 1325 5540 libb.
1354 5477 1508 5554 editi,
1543 5511 1560 5542 ι
1602 5477 1732 5549 caro

362 5545 454 5636 Dei
485 5556 596 5636 est,
635 5551 1093 5636 etlindumentum
1143 5555 1442 5636 divinitatis
1468 5545 1793 5636 e'jrus,vdigui

365 5624 528 5681 tasse,
570 5636 589 5668 ι
627 5620 720 5673 sed
761 5635 892 5675 mss.
930 5631 988 5675 ut
1023 5623 1072 5676 in
1107 5635 1292 5679 nostro
1328 5620 1496 5684 textu.

363 5770 384 5808 ‘
427 5685 774 5813 (ξᾶἱέηὲοξιθχ
829 5690 1337 5762 Sangermanensis,
1382 5715 1400 5750 ι
1440 5701 1679 5757 videant.
1741 5723 1758 5756 ι
1800 5706 1926 5775 Alii,

1800 4680 1844 4712 "
1882 4681 2036 4748 Psal._
2065 4703 2250 4755 cxvm,
2300 4691 2385 4744 18.

2069 2579 2086 2612 ι
2127 2560 2324 2615 Revela
2357 2560 2543 2614 oculos
2579 2575 2749 2626 meos,
2786 2569 2840 2612 et
2881 2557 3243 2614 considerabo
3274 2556 3540 2610 mirabilia
3577 2558 3644 2608 de

2065 2648 2177 2719 lege
2213 2658 2320 2701 tua.
2362 2668 2379 2701 ι
2430 2649 2594 2717 Igitur
2639 2664 2800 2718 quam
2846 2662 3133 2717 possumus
3179 2647 3415 2700 breviter
3472 2662 3640 2714 pauca
3685 2640 3688 2643 ’

2063 2742 2492 2810 perstringamus
2512 2756 2576 2793 ex
2617 2740 2821 2800 multis,
2857 2755 2962 2793 non
3007 2750 3113 2792 tam
3141 2739 3476 2808 singulorum
3517 2753 3642 2791 ver-

2064 2833 2254 2886 borum
2284 2832 2648 2900 explanationi
2682 2832 2964 2886 studentes
2991 2833 3121 2902 (hoc
3155 2831 3302 2885 enim
3329 2826 3512 2884 feriere
3549 2845 3648 2898 per

2061 2927 2229 2980 otium
2273 2925 2561 2981 scribentis
2615 2928 2744 2994 est),
2796 2925 2889 2978 sed
2940 2942 3059 2994 qua:
3111 2926 3177 2980 ad
3227 2926 3643 2980 mdiﬂcationem

2062 3018 2322 3072 Ecclesia:
2355 3019 2645 3086 pertinent,
2675 3016 3010 3084 proferentes
3041 3033 3056 3069 :
3097 3027 3152 3069 ut
3183 3019 3502 3072 occasiones
3537 3033 3638 3085 po-

2062 3107 2169 3159 tius
2201 3107 2570 3171 intelligentiaa
2603 3108 2940 3160 auditoribus
2967 3108 3183 3172 demus,
3231 3123 3389 3175 quam
3427 3111 3637 3175 exposi-

2065 3197 2267 3250 tionum
2320 3198 2654 3250 latitudinem
2711 3213 3106 3266 persequamur
3153 3198 3287 3269 (99),
3336 3203 3632 3253 secundum

2063 3287 2189 3340 illud
2240 3288 2378 3357 quod
2425 3289 2684 3356 scriptum
2734 3297 2816 3343 est
2855 3288 2900 3318 "
2933 3305 2944 3339 :
2985 3308 3003 3340 ι
3057 3289 3127 3342 Da
3159 3290 3504 3345 occasionem
3539 3307 3632 3346 sa-

2061 3379 2304 3447 pienti.et
2342 3380 2642 3449 sapientior
2668 3381 2792 3434 erit.
2827 3400 2843 3431 ο

2127 3472 2181 3524 2.
2237 3472 2563 3540 Principium
2617 3488 2745 3542 ergo
2801 3472 3020 3526 Levitici
3047 3474 3197 3539 dicit,
3250 3476 3376 3544 quia
3423 3477 3638 3532 vocavit

2059 3563 2317 3618 Dominus
2348 3564 2604 3635 Moysem,
2640 3576 2692 3619 et
2721 3567 2935 3620 locutus
2959 3575 3040 3618 est
3071 3565 3140 3618 illi
3179 3569 3244 3622 de
3286 3571 3636 3625 tabernaculo

2060 3657 2375 3723 teSIimonii,
2409 3667 2467 3710 ut
2524 3658 2896 3729 pronmlgaret
2951 3659 3076 3712 filiis
3117 3661 3282 3716 Israel
3329 3664 3631 3717 sacrificio-

3043 3771 3056 3807 :
3099 3775 3116 3807 ι
3160 3756 3214 3809 Si
3247 3757 3407 3810 homo
3437 3774 3633 3810 munus

2059 3839 2247 3894 ofleret
2273 3841 2349 3912 (1)
2376 3839 2619 3904 Domino,
2649 3843 2840 3898 oll‘eret
2865 3860 2930 3899 ex
2966 3846 3138 3902 bobus
3161 3849 3241 3900 vel
3269 3848 3576 3915 pecoribus,
3607 3865 3626 3898 ι

2059 3931 2110 3984 id
2134 3943 2216 3986 cst
2239 3932 2392 4001 agnis
2419 3933 2499 3986 vel
2529 3935 2719 3988 haedis.
2761 3953 2779 3985 ι
2814 3934 2870 3989 Si
2903 3951 3032 3991 vero
3062 3951 3126 3990 ex
3151 3938 3360 4002 avibus,
3396 3949 3632 3992 turtures

2060 4021 2140 4074 vel
2173 4022 2345 4090 pullos
2403 4023 2796 4077 columbarum.
2840 4043 2858 4076 ›
2893 4025 2948 4079 Si
2985 4043 3113 4081 vero
3161 4040 3263 4081 non
3321 4029 3502 4088 homo,
3533 4031 3631 4082 sed

2058 4113 2237 4164 anima
2268 4111 2460 4165 oﬁ'erat
2498 4130 2694 4168 omnus
2721 4115 2851 4180 Deo,
2876 4131 2940 4168 ex
2972 4117 3166 4181 simila,
3201 4120 3371 4188 inquit
3405 4121 3470 4184 ³⁸,
3497 4119 3630 4174 olfe-

2061 4213 2144 4258 rat
2166 4223 2329 4275 panes
2364 4223 2585 4276 azymos
2615 4218 2798 4263 coctos
2827 4210 2877 4262 in
2914 4211 3150 4273 clibano,
3185 4213 3267 4265 vel
3303 4226 3450 4269 certe
3479 4217 3632 4268 simi-

2058 4296 2162 4348 lam
2191 4311 2254 4350 ex
2286 4300 2557 4364 sartagine
2586 4299 2637 4350 in
2668 4297 2786 4352 oleo
2821 4315 3191 4368 consparsam,
3247 4313 3340 4356 aut
3370 4321 3436 4358 ex
3465 4308 3630 4359 crati-

2053 4389 2172 4442 cula
2206 4389 2256 4441 in
2281 4388 2398 4442 oleo
2426 4388 2500 4457 ('2)
2535 4389 2889 4444 nihilominus
2922 4394 3224 4448 subactam.
3264 4395 3400 4449 Tum
3434 4398 3627 4452 deinde

2053 4482 2339 4536 edocemur
2367 4482 2491 4549 quia
2539 4480 2921 4536 fermentatum
2981 4483 3113 4537 nihil
3159 4489 3380 4544 on'mino
3411 4499 3626 4556 oportet

2053 4570 2232 4626 efferri
2273 4572 2339 4626 ad
2370 4573 2541 4627 altare
2577 4571 2691 4634 Dei.
2721 4589 2894 4644 neque
2927 4575 3030 4629 mel
3066 4591 3287 4646 nsquam
3318 4579 3394 4649 (5)
3417 4581 3626 4634 saeviti-

2500 4690 2545 4721 ²⁶
2579 4689 2735 4744 Prov.
2767 4706 2842 4754 ιιι,
2882 4692 2934 4746 9.
3053 4695 3098 4726 ⁸⁷
3147 4694 3320 4752 chit.
3363 4715 3400 4763 ι,
3433 4699 3488 4764 2,
3536 4701 3619 4755 l4.

2114 4874 2227 4945 (97)
2276 4874 2499 4929 Veteres
2559 4874 2878 4945 editiones:
2921 4895 2938 4926 ι
2981 4878 3263 4944 Augustis:
3311 4882 3442 4936 mihi
3492 4899 3620 4941 sunt

2042 4944 2304 5014 undique,
2345 4964 2363 4995 ι
2400 4945 2494 4999 sed
2528 4947 2694 4999 codex
2749 4944 3241 5015 Sangermaneusis
3261 4955 3466 5008 omittit
3499 4973 3618 5011 vcr-

2041 5015 2164 5068 bum
2203 5035 2221 5067 ι
2255 5025 2402 5067 sunt.
2441 5032 2460 5064 ι

2109 5085 2221 5152 (98)
2255 5083 2425 5158 codd.
2458 5081 2857 5158 Gemeticensis
2887 5095 2939 5140 et
2965 5089 3343 5158 tiadomensis,
3389 5112 3409 5146 ι
3471 5098 3617 5155 nuilo

2038 5164 2217 5229 gesto;
2259 5155 2823 5229 i__Sangertttattetisis,
2864 5174 2882 5206 ι
2912 5158 3067 5229 pullo
3095 5172 3270 5229 gestu.
3308 5182 3328 5214 ι

2109 5224 2222 5293 (99)
2286 5225 2414 5305 ltiss.
2467 5224 2750 5292 Sangerm.
2797 5237 2852 5282 et
2899 5224 3188 5298 Gemetie.,
3242 5252 3262 5282 ι
3318 5249 3609 5305 persequa-

2037 5310 2190 5360 mur;
2229 5315 2244 5346 ι
2284 5295 2439 5355 alias,
2471 5312 2490 5345 ι
2526 5310 2935 5365 prosequamur.
2981 5319 2998 5350 ι

2109 5365 2197 5434 (ι).
2232 5366 2432 5434 Omnes
2481 5379 2635 5429 mss.,
2688 5384 2707 5416 ι
2748 5368 2956 5423 otfere‘t.
3000 5389 3017 5420 ι
3051 5370 3226 5434 Alias,
3275 5390 3294 5422 ι
3337 5371 3546 5428 offerat.
3588 5394 3605 5428 ι

2039 5433 2161 5488 Mox
2196 5436 2354 5490 codd.
2389 5433 2741 5491 Cadomensis
2767 5448 2820 5492 et
2848 5433 3260 5504 Gemelieensis,
3292 5459 3311 5490 ι
3344 5457 3411 5496 ex
3438 5442 3610 5498 bobus

2035 5515 2089 5558 et
2117 5507 2431 5572 pecudibus.
2475 5522 2494 5555 ι

2107 5576 2184 5645 (2)
2217 5575 2418 5631 Omnes
2457 5589 2608 5638 mss.,
2644 5594 2662 5625 ι
2699 5575 2750 5628 in
2785 5576 2925 5645 oleo.
2963 5596 2980 5629 ι
3017 5577 3165 5630 Alias
3196 5579 3361 5641 deest.
3402 5597 3421 5633 ι
3463 5581 3536 5634 in.
3581 5601 3604 5638 ε

2108 5645 2183 5716 (5)
2213 5645 2694 5719 C0dd._Sauger_m.
2719 5655 2772 5711 et
2799 5644 3087 5712 Gemetic.,
3118 5667 3134 5697 ι
3166 5647 3267 5700 mel
3301 5666 3546 5719 usquam.
3575 5670 3602 5710 ι»

2033 5715 2202 5784 Alias,
2251 5735 2267 5769 ι
2306 5716 2477 5770 mellis
2505 5715 2818 5784 quidquiuu.
2858 5735 2878 5768 ι
