4110 6396
457 312 560 362 45}?

1919 277 2240 378 onicsxzs

3615 345 3720 400 483

457 431 556 482 ciis
587 429 896 497 admisceri,
931 437 1022 490 sed
1059 437 1171 491 saie
1212 440 1360 492 saliri
1387 455 1547 495 nume
1584 442 1913 496 sacriﬁcium
1944 447 2023 498 vel
2056 447 2102 502 Α
2135 444 2493 500 triarcharum
2543 451 2893 516 generatione
2963 456 3288 511 venientem.
3361 459 3475 513 Erit
3535 474 3714 519 autem

459 538 678 577 munus.
729 525 980 581 Secundo
1032 530 1083 581 in
1131 531 1250 586 loco
1288 533 1357 587 de
1390 536 1748 602 primitiarmn
1773 545 2034 610 praecepit

457 615 761 679 sacriﬁciis,
809 634 927 686 qure
962 624 1203 676 recentia
1255 634 1392 681 tosta
1442 643 1505 682 ac
1535 631 1670 685 bene
1699 642 1923 703 purgata
1950 634 2032 687 of-

457 704 586 761 ferri
623 709 846 761 Domino
875 710 1048 777 jubet.
1080 713 1326 772 Posthzec
1358 719 1460 773 sub
1486 723 1676 776 eadem
1727 729 1858 791 legis
1904 741 2032 780 con-

459 796 682 850 tinentia
721 801 785 854 de
820 805 1108 860 sacriﬁciis
1141 809 1470 866 salutaribus
1501 813 1815 885 injnngitur,
1856 819 2033 886 primo

454 901 521 937 ex
555 887 746 951 bobus,
776 893 1014 947 secundo
1039 911 1101 949 ex
1143 898 1355 962 ovibus,
1411 901 1461 955 in
1495 904 1691 971 quibus
1748 915 1926 961 tamen
1962 909 2029 962 li-

452 987 596 1043 ceat,
627 981 742 1035 sive
790 986 839 1036 in
873 987 1047 1056 agnis,
1091 990 1208 1044 sive
1261 993 1312 1044 in
1364 993 1540 1049 hcedis
1574 997 1656 1050 vel
1689 997 1919 1052 feminas
1947 1001 2030 1056 of-

455 1068 614 1131 t‘erre,
646 1073 730 1125 vi:l
763 1090 957 1139 mares,
1005 1087 1058 1132 et
1101 1081 1232 1134 nihil
1270 1093 1464 1150 praeter
1494 1088 1607 1142 haec
1641 1091 1890 1144 animalia
1930 1092 2029 1152 de-

453 1161 625 1216 cernit
653 1163 704 1216 in
741 1169 1029 1226 sacriﬁciis
1060 1173 1386 1229 salutaribus
1417 1179 1778 1238 oﬁ'erendum.
1812 1187 1916 1238 Sed
1945 1201 2031 1241 re-

453 1260 698 1311 petamus
748 1259 1063 1328 panlulmn,
1136 1274 1191 1318 et
1239 1269 1520 1325 videamus
1563 1273 1737 1342 primo
1784 1276 2027 1330 omnimn

451 1343 581 1410 quid
613 1352 862 1417 estquod
887 1354 1015 1408 dicit
1044 1371 1057 1407 :
1098 1375 1116 1407 ι
1150 1356 1322 1414 Ποιηο
1347 1376 1412 1416 ex
1445 1365 1596 1420 vobis
1619 1368 1661 1421 si
1695 1367 1884 1421 oﬁ‘erat
1914 1385 2029 1422 mu-

452 1450 575 1500 nus,
611 1456 629 1488 ι
673 1443 827 1506 quasi
861 1459 987 1500 vero
1016 1450 1183 1515 possit
1215 1453 1352 1507 alius
1387 1455 1584 1525 aliquis
1633 1460 1832 1514 offerre
1863 1477 2023 1530 quam

454 1529 635 1584 homo.
672 1533 732 1586 Et
765 1536 949 1606 utique
976 1540 1277 1599 suffecisset
1307 1549 1512 1617 dicere,
1543 1551 1586 1606 si
1621 1553 1741 1622 quis
1774 1570 1843 1608 ex
1873 1553 2028 1610 vobis

450 1622 640 1677 oﬂ'erat
665 1642 858 1681 munus
896 1647 910 1684 :
946 1633 1037 1684 sed
1071 1651 1212 1689 mme
1259 1637 1387 1694 dicit
1421 1657 1434 1692 :
1470 1660 1489 1691 ι
1528 1642 1584 1696 Si
1637 1645 1800 1701 homo
1825 1663 1892 1701 ex
1927 1663 2027 1702 vo-

453 1715 534 1768 bis
569 1716 762 1770 oﬁ'erat
798 1737 1011 1775 n'mnus.
1057 1742 1074 1774 ι
1111 1725 1164 1777 In
1194 1734 1657 1800 consequentibus
1689 1751 1819 1790 vero
1850 1738 2023 1794 dicit:

453 1823 470 1855 ι
503 1804 558 1859 Si
586 1818 762 1860 autem
792 1810 968 1864 anima
1022 1801 1210 1879 oderat
1239 1834 1454 1875 munus.
1489 1841 1508 1874 ι
1547 1823 1602 1877 1η
1635 1829 2026 1894 posterioribus

449 1912 630 1963 porro,
663 1915 785 1953 cum
811 1905 1049 1959 secundo
1080 1906 1189 1974 jam
1223 1909 1459 1980 loquitur
1489 1915 1746 1972 Dominus
1779 1922 1843 1974 ad
1873 1921 2024 1996 Moy-

446 2004 580 2053 sem,
601 2001 653 2044 et
681 1995 902 2048 mandat
927 1997 994 2050 de
1017 2001 1300 2057 sacriﬁciis
1332 2020 1429 2072 pro
1457 2018 1681 2074 peccato
1709 1995 2023 2081 oﬂerendis,

448 2081 521 2134 ita
547 2082 677 2136 dicit
705 2102 718 2138 :
749 2104 765 2136 ι
818 2085 872 2139 Si
915 2090 1159 2156 pontifex
1211 2099 1541 2163 peccaverit,
1571 2101 1762 2156 oﬂ‘erat
1811 2104 1941 2159 illud
1971 2115 2027 2160 et

449 2172 577 2228 illud
611 2175 675 2227 ”.
721 2195 739 2227 ι
783 2177 878 2230 Vel
905 2181 950 2234 si
979 2184 1153 2237 omnis
1188 2184 1468 2257 Synagoga
1501 2194 1825 2259 peccaverit,
1861 2195 1944 2250 vel
1979 2199 2022 2252 si

446 2266 700 2336 princeps
741 2274 1044 2336 peccaverit
1084 2272 1182 2344 (ι),
1215 2277 1298 2330 vel
1327 2279 1371 2332 si
1407 2281 1586 2334 anima
1627 2300 1729 2336 una
1763 2301 2024 2352 peccave-

449 2359 520 2411 tit
558 2375 572 2412 :
605 2365 894 2414 mandatur
917 2363 1146 2433 singulis
1190 2370 1491 2440 quibusque
1536 2375 1664 2443 quid
1692 2376 1927 2435 oﬂ'erant
1953 2382 2018 2434 ‘9.

443 2450 583 2516 Quid
609 2456 776 2518 ergo!
812 2455 1028 2509 inanem
1061 2468 1313 2526 putamus
1335 2477 1455 2518 esse
1481 2466 1639 2520 istam
1663 2485 2019 2538 personarum

445 2544 871 2610 distinctionem,
915 2559 973 2602 ut
1002 2550 1144 2603 aliud
1176 2553 1394 2621 quidem
1429 2555 1764 2614 offerendum
1796 2564 1894 2618 sub
1925 2565 2022 2620 ho-

445 2637 607 2690 minis
668 2640 1050 2709 appellatione,
1100 2645 1243 2700 aliud
1279 2649 1378 2704 sub
1432 2651 1660 2718 animm,
1711 2655 1858 2711 aliud
1920 2659 2020 2712 sub

445 2729 736 2795 pontiﬁcis,
790 2733 932 2788 aliud
978 2751 1107 2790 vero
1154 2739 1254 2792 sub
1303 2755 1608 2812 synagoga},
1653 2745 1800 2801 aliud
1849 2751 2017 2803 etiam

442 2821 541 2872 sub
574 2825 861 2893 principis,
889 2826 972 2880 vel
1004 2828 1105 2881 sub
1132 2831 1291 2885 unius
1319 2833 1515 2888 anima:
1542 2839 2019 2907 cognominatione

442 2913 763 2966 mandetur?
789 2915 900 2983 Ego
930 2917 1146 2972 interim
1176 2935 1271 2986 pro
1323 2924 1620 2994 exiguitate
1665 2944 1858 2985 sensus
1889 2935 2017 2998 mei,

442 3005 542 3069 hoc
577 3005 628 3057 in
671 3005 790 3060 loco
823 3007 1090 3063 hominem
1117 3027 1279 3080 quem
1328 3016 1646 3084 appellavit,
1693 3031 1747 3074 et
1783 3023 2016 3091 primum

2137 541 2410 591 masculus
2437 541 2554 595 sine
2584 542 2815 596 macula.
2844 544 3119 601 Masculus
3160 565 3286 603 vere
3321 551 3481 621 186
3502 565 3714 624 est,qul

2134 640 2418 698 peccatum
2449 633 2590 700 quod
2623 640 2706 691 est
2730 635 2976 691 feminea:
3002 637 3314 709 fragilitatis
3341 643 3574 710 ignorat.
3610 646 3713 701 So-

2135 719 2220 772 lus
2254 736 2384 790 ergo
2413 721 2500 774 ille
2533 725 2825 792 masculus,
2877 727 3026 782 solus
3067 730 3184 783 sine
3226 733 3433 785 macula
3463 743 3567 796 est,
3620 740 3713 805 qui

2134 825 2413 879 peccatmn
2456 830 2561 868 non
2604 814 2752 883 fecit,
2785 833 2884 872 nec
2925 819 3081 874 dolus
3116 821 3368 877 inventus
3399 835 3481 878 est
3525 828 3577 879 in
3621 844 3718 883 ore

2133 907 2248 974 ejus
2281 909 2346 974 ³¹,
2377 921 2430 962 et
2461 910 2552 978 qui
2587 921 2839 979 acceptus
2866 923 3055 966 contra
3083 913 3365 969 Dominum
3392 916 3620 974 oﬂ‘ertur
3647 923 3712 974 ad

2133 1001 2331 1053 ostium
2365 1001 2724 1068 tabernaculi.
2757 1005 2839 1070 Ad
2879 1007 3080 1068 ostium
3126 1010 3457 1071 tabernaculi
3484 1030 3588 1067 non
3631 1024 3715 1068 est

2133 1091 2270 1162 intra
2311 1093 2534 1162 ostium,
2566 1095 2661 1149 sed
2699 1106 2849 1152 extra
2890 1099 3110 1153 ostium.
3166 1101 3331 1155 Extra
3369 1107 3566 1168 ostium
3598 1118 3716 1161 ete-

2134 1185 2244 1238 nim
2274 1185 2372 1237 fuit.
2403 1183 2584 1248 Jesus,
2619 1188 2744 1255 quia
2781 1207 2800 1237 ι
2849 1189 2900 1242 in
2948 1205 3045 1243 sua
3080 1193 3298 1261 propria
3349 1196 3518 1259 venit,
3548 1205 3601 1250 et
3625 1199 3712 1252 sui

2133 1291 2254 1330 eum
2294 1293 2396 1330 non
2429 1281 2749 1346 receperunt
2795 1280 2860 1331 ³³.
2905 1299 2924 1331 ι
2967 1280 3083 1334 Νοιι
3126 1291 3209 1336 est
3255 1298 3383 1353 ergo
3435 1286 3711 1355 ingressus

2135 1367 2539 1422 tabernaculum
2571 1369 2720 1431 illud,
2762 1371 2827 1422 ad
2854 1372 2996 1438 quod
3023 1382 3270 1436 venerat,
3304 1376 3397 1431 sed
3419 1378 3485 1429 ad
3512 1381 3708 1433 ostium

2131 1460 2246 1529 ejus
2276 1460 2488 1515 oblatus
2527 1470 2612 1514 est
2647 1462 2696 1514 in
2732 1461 3144 1528 holocaustum,
3182 1467 3304 1532 quia
3338 1477 3490 1521 extra
3527 1481 3708 1532 castra

2131 1569 2324 1623 passus
2350 1565 2451 1608 est.
2481 1552 2612 1605 Nam
2638 1563 2692 1607 et
2725 1553 2796 1606 illi
2837 1553 2959 1607 mali
2994 1555 3171 1609 coloni
3204 1558 3504 1612 venientem
3541 1561 3706 1614 ﬁlium

2129 1642 2541 1696 Patrisfamilias
2571 1640 2850 1714 ejecerunt
2877 1644 3021 1698 foras
3055 1659 3208 1699 extra
3242 1648 3486 1714 vineam,
3517 1660 3570 1704 et
3606 1669 3700 1706 oc-

2131 1737 2380 1790 ciderunt
2414 1735 2478 1790 ³³.
2535 1734 2644 1790 1-100
2691 1745 2926 1804 estergo
2971 1739 3114 1805 quod
3155 1737 3383 1793 offertur
3409 1743 3474 1794 ad
3507 1746 3703 1798 ostium

2134 1829 2464 1893 tabernaculi
2497 1838 2776 1899 acceptum
2801 1839 2989 1886 contra
3009 1831 3293 1884 Dominum
3318 1852 3331 1899 ;
3361 1845 3414 1888 et
3444 1837 3570 1904 quid
3597 1847 3705 1892 tam

2131 1929 2413 1992 acceptum
2447 1937 2610 1992 quam
2642 1922 2813 1976 hostia
2844 1922 3068 1988 Christi,
3094 1924 3182 1992 qui
3221 1925 3460 1994 seipsum
3511 1929 3709 1986 obtulit

2128 2011 2273 2065 Deo?

2201 2105 2254 2157 5.
2303 2104 2368 2159 Ει
2421 2115 2604 2160 tamen
2649 2125 2668 2158 ι
2718 2109 2957 2176 imponet
3005 2107 3087 2180 (ﬁ)
3137 2124 3352 2163 manum
3393 2099 3708 2178 suam,'in—

2127 2199 2242 2266 quit
2274 2197 2341 2262 ³⁸,
2371 2214 2533 2267 super
2561 2210 2722 2267 caput
2767 2201 2976 2267 hostiae,
3009 2212 3061 2254 et
3107 2201 3432 2270 jugulahunt
3477 2203 3702 2262 vitulum

2127 2300 2319 2343 contra
2351 2289 2658 2355 Dominum,
2694 2299 2750 2345 et
2774 2288 3003 2345 offerent
3034 2293 3127 2345 ﬁlii
3171 2295 3348 2348 Aaron
3407 2297 3710 2360 sacerdotis.

2127 2385 2463 2453 sanguinem,
2511 2393 2566 2436 et
2614 2381 2892 2438 effundent
2942 2385 3262 2451 sanguinem
3308 2387 3373 2438 ad
3433 2387 3607 2440 altare
3647 2387 3700 2440 in

2125 2476 2380 2542 circuitu,
2419 2479 2560 2546 quod
2589 2487 2673 2531 est
2720 2479 2784 2531 ad
2823 2480 3022 2531 osﬁum
3071 2477 3411 2532 tabernaculi
3461 2481 3708 2535 testimo-.

2125 2571 2222 2638 nii.
2266 2590 2283 2621 ι
2318 2570 2502 2624 Potest
2527 2571 2742 2639 quidem
2777 2572 2946 2623 videri
2983 2572 3050 2623 ob
3079 2573 3180 2624 hoc
3219 2572 3440 2637 dictum,
3471 2573 3612 2640 quod
3638 2576 3708 2626 de

2127 2660 2254 2715 ﬁliis
2277 2661 2456 2716 Aaron
2485 2673 2640 2714 erant
2662 2662 2846 2713 Annas
2873 2671 2922 2713 et
2946 2660 3203 2729 Caiphas,
3229 2673 3281 2718 et
3307 2662 3489 2717 caeteri
3513 2678 3708 2722 omnes

2123 2755 2218 2826 qui
2245 2753 2530 2814 consilium
2563 2765 2786 2821 agentes
2817 2755 3100 2808 adversum
3129 2757 3208 2824 (7)
3237 2755 3420 2810 Jesum
3463 2772 3702 2824 pronun-

2126 2848 2393 2906 liaverunt.
2417 2863 2538 2900 eum
2561 2863 2708 2900 reum
2737 2849 2946 2907 mortis,
2973 2859 3026 2902 et
3053 2848 3355 2902 effuderunt
3383 2851 3696 2918 sanguinem

2123 2939 2240 3009 ejus
2271 2941 2414 2993 circa
2456 2939 2627 2994 basim
2661 2940 2850 3004 altaris
2887 2940 3221 2995 tabernaculi
3269 2941 3580 2995 testimonii.
3623 2943 3698 2993 lbi

2123 3031 2266 3083 enim
2313 3030 2604 3085 effunditur
2651 3032 2890 3101 sanguis,
2943 3033 3030 3085 ubi
3093 3044 3206 3086 erat
3259 3034 3428 3087 altare
3472 3042 3524 3087 et
3557 3035 3703 3085 basis

438 3097 489 3148 in
521 3099 774 3152 omnibus
821 3103 999 3170 posuit
1039 3106 1104 3156 ad
1147 3104 1482 3166 oﬁ'erendum
1528 3129 1722 3169 munus
1768 3116 1902 3182 Deo,
1938 3120 2016 3172 iu-
2044 3122 2087 3178 C
2121 3122 2264 3188 ejus,
2305 3123 2447 3176 sicut
2480 3123 2597 3191 ipse
2625 3123 2884 3175 Dominus
2911 3124 3047 3176 dixit
3075 3123 3120 3153 "
3158 3143 3168 3177 :
3202 3141 3219 3171 ι
3253 3124 3394 3189 Quia
3445 3140 3550 3176 non
3606 3140 3701 3176 ea-

435 3189 786 3259 telligendum
836 3209 957 3250 esse
1011 3213 1173 3251 omne
1215 3200 1510 3256 humanmn
1546 3208 1784 3263 arbitror
1822 3227 2014 3280 genus,

433 3293 488 3335 et
519 3284 691 3352 ipsum
719 3287 823 3340 dici
859 3287 1130 3342 hominem
1163 3292 1252 3358 qni
1299 3294 1673 3352 holocaustum
1706 3301 1902 3358 oﬁ'erat
1937 3307 2016 3359 vi-

435 3376 604 3449 tulum
656 3395 721 3432 ex
781 3382 954 3436 bobus
1000 3385 1116 3437 sine
1161 3386 1392 3439 macula.
1464 3387 1567 3446 Iste
1605 3406 1784 3448 autem
1817 3400 2015 3454 vitulus

434 3471 550 3524 sine
580 3475 813 3538 macula,
840 3478 960 3530 vide
992 3481 1036 3532 si
1079 3499 1180 3536 ιιοιι
1235 3485 1323 3538 ille
1363 3488 1641 3555 saginatus
1686 3503 1768 3547 est
1815 3495 2015 3550 vitulus
2055 3553 2059 3557 ,

435 3577 596 3630 quem
625 3574 778 3631 pater
817 3584 913 3636 pro
955 3587 1206 3638 regresso
1241 3578 1320 3644 (ὅ)
1378 3594 1443 3632 ae
1483 3583 1736 3636 restituto
1783 3585 1881 3638 sibi
1926 3588 2015 3640 illo

433 3659 525 3724 qui
556 3658 789 3725 perierat
825 3662 954 3723 ﬁlio.
986 3667 1186 3735 quique
1230 3685 1444 3733 oniiiem
1500 3675 1615 3742 ejus
1649 3677 2011 3732 substantiam

435 3747 1150 3823 dilapidaverat,jugulavit,
1174 3770 1226 3812 et
1252 3761 1379 3815 fecit
1405 3766 1708 3820 convivium
1736 3786 2010 3840 magnum,

431 3849 490 3894 et
521 3842 760 3897 ltetitiam
805 3847 998 3901 habuit
1038 3850 1105 3913 ³ο,
1155 3852 1225 3904 ita
1271 3863 1330 3907 ut
1379 3855 1698 3913 l:etarentur
1744 3864 1915 3930 angeli
1959 3865 2009 3917 in

435 3933 574 3987 coelo
597 3949 760 4000 super
785 3953 890 3990 uno
923 3951 1206 4007 peccatore
1240 3947 1617 4014 paenitentiam
1645 3966 1856 4022 agente.
1901 3957 2011 4011 llo-

435 4041 523 4079 ιιιο
561 4043 692 4096 ergo
734 4031 833 4083 iste
863 4033 953 4101 qui
986 4034 1220 4101 perierat
1245 4047 1298 4090 et
1331 4039 1582 4096 inventus
1623 4056 1725 4108 est,
1757 4050 2008 4115 quoniam

433 4118 571 4173 nihil
602 4121 792 4176 habuit
820 4127 1050 4194 propria:
1072 4118 1400 4185 substantiae
1427 4136 1568 4200 quod
1596 4137 1836 4205 offerret,
1879 4157 2013 4196 cnn-

432 4224 517 4267 cta
560 4229 791 4284 namque
823 4216 1219 4286 dilapidaverat
1251 4222 1438 4276 vivens
1467 4223 1764 4292 luxuriose,
1801 4229 2009 4286 invenit

433 4308 596 4362 istum
626 4310 849 4376 vitulum
887 4311 1103 4366 caelitus
1143 4314 1362 4380 quidem
1410 4318 1656 4386 missum,
1695 4324 1786 4376 sed
1831 4338 1893 4377 ex
1929 4341 2012 4393 pas

433 4398 791 4454 triarcharum
819 4403 1031 4468 ordine,
1065 4414 1119 4457 et
1149 4407 1414 4462 connexis
1439 4425 1507 4464 ex
1539 4412 1812 4467 Abraham
1843 4433 2006 4483 gene-

430 4489 701 4543 rationum
729 4497 1170 4554 successionibus
1203 4503 1530 4565 venientem,
1581 4515 1634 4555 et
1668 4505 1868 4560 ideirco
1901 4524 2004 4562 non

430 4579 569 4632 dixit
608 4582 840 4636 vitulum
867 4595 922 4654 et
945 4587 1113 4654 siluit,
1147 4600 1206 4642 ut
1245 4592 1496 4645 videatur
1537 4595 1735 4649 vitulus
1774 4601 2007 4667 quicun-

429 4688 536 4742 que
564 4678 880 4743 mandatus,
912 4679 1007 4733 sed
1039 4679 1262 4735 vitulum
1288 4700 1353 4737 ex
1379 4683 1574 4750 bobus,
1606 4688 1656 4741 id
1687 4701 1788 4757 est,
1819 4708 1882 4746 ex
1915 4710 2006 4755 pa-

499 4868 543 4899 ”
570 4865 745 4923 Levit.
768 4884 840 4924 tv.
916 4870 961 4900 ³ο
988 4869 1120 4934 Luc.
1149 4886 1240 4926 xv.
1345 4873 1387 4904 ³¹
1418 4874 1518 4929 lsa.
1546 4879 1721 4934 LIII.9.

428 4937 664 5000 xut.55.
739 4938 786 4970 ³⁸
825 4939 1024 5009 Ephes.
1070 4955 1110 5004 ι,
1135 4941 1228 4994 22.
1304 4943 1346 4973 ³⁷
1371 4942 1547 5000 Levit.
1583 4963 1620 5011 ι,
1653 4949 1705 5002 5.

499 5062 575 5134 (4)
605 5064 770 5143 Iidem
818 5079 976 5128 mss.,
1039 5083 1071 5143 t_
1097 5065 1348 5137 princeps
1397 5073 1732 5138 peccaverit;
1781 5093 1799 5126 ι
1849 5077 2004 5143 alias,

430 5154 448 5185 ι
489 5135 762 5204 principes
792 5137 1158 5204 peccaverint.
1203 5157 1222 5188 ι

496 5207 640 5284 (ὗλί
672 5206 794 5284 ΡΠ),
820 5221 1086 5273 νθὲτεεδο·
1142 5226 1161 5258 ι
1219 5207 1308 5284 δίς
1350 5212 1516 5284 codex
1569 5212 2004 5284 Sangermanen-

425 5278 522 5329 sis.
561 5277 709 5330 Alias
764 5279 975 5349 deerat,
1011 5296 1028 5326 ι
1068 5292 1188 5344 pro.
1230 5298 1248 5328 ι
1283 5281 1426 5333 Infra
1474 5285 1615 5336 idem
1673 5277 1800 5349 51s.,
1840 5307 1858 5337 ι
1904 5291 2011 5342 erit

424 5357 604 5400 autem
641 5347 914 5402 masculus
941 5349 1057 5400 sine
1089 5351 1323 5413 macula,
1369 5355 1643 5408 masculus
1683 5347 1811 5411 vere
1843 5368 1944 5410 est.
1987 5378 2004 5409 ι

424 5418 574 5470 Aiias
613 5418 825 5485 iegitur,
860 5435 878 5467 ι
916 5427 998 5472 est
1035 5437 1053 5469 ι
1087 5434 1185 5488 pro
1217 5439 1233 5469 ι
1273 5424 1398 5485 erit,
1445 5441 1463 5473 ι
1498 5433 1574 5488 et,
1615 5445 1633 5476 ι
1669 5441 1800 5480 vero
1853 5447 1870 5478 ι
1907 5445 2008 5497 pro

429 5503 449 5534 ί
484 5502 631 5542 vere.
665 5505 686 5538 ι

498 5556 577 5623 (6)
610 5558 778 5612 Codd.
806 5558 1074 5635 Gemetic.
1116 5570 1169 5613 et
1191 5559 1574 5635 _C_adomensis,
1609 5582 1628 5613 ι
1685 5568 1946 5635 imponet.
1985 5588 2003 5620 ι

428 5624 739 5704 διιιιερςιιις,
774 5647 789 5677 ι
820 5629 1076 5704 imponit.
1122 5649 1140 5679 ι
1179 5631 1346 5704 Alias,
1384 5651 1402 5682 ι
1441 5624 1739 5704 imponent.
1763 5624 1800 5688 ἰ

499 5694 576 5766 (7)
604 5697 784 5750 Codex
818 5694 1126 5766 διιιιςυιειιιη
1167 5720 1183 5750 ι
1220 5694 1532 5756 adversum:
1565 5724 1581 5755 ι
1618 5707 1790 5775 Alias,
1825 5727 1842 5758 ι
1884 5724 2011 5762 con-

427 5778 526 5818 ll‘tt.
580 5788 597 5816 ι

1830 4881 1874 4912 ³²
1898 4882 2058 4938 Joan.
2099 4903 2137 4946 ι,
2173 4881 2260 4936 Η.

1782 4951 1826 4981 ³⁸
1849 4954 2007 5019 ibid.,
2041 4957 2072 5014 5

2125 3215 2203 3282 pit
2244 3216 2422 3282 perire
2472 3215 2789 3284 prephetam
2841 3227 2994 3269 extra
3048 3216 3407 3269 Hierusalem.
3441 3235 3459 3266 ι
3516 3216 3701 3269 Posuit

2124 3321 2251 3375 ergo
2291 3320 2344 3360 et
2389 3322 2607 3358 manum
2641 3322 2792 3358 suam
2841 3322 3004 3376 super
3041 3317 3196 3376 caput
3252 3309 3400 3360 vituli
3446 3330 3456 3361 :
3489 3308 3588 3361 hoc
3617 3317 3700 3360 est

2123 3408 2343 3470 peccata
2390 3399 2608 3466 generis
2654 3399 2876 3451 humani
2922 3399 3178 3466 imposuit
3218 3415 3380 3468 super
3425 3410 3588 3467 caput
3623 3398 3699 3467 (8)

2121 3508 2298 3559 suum.
2332 3489 2449 3558 Ipse
2469 3499 2548 3545 est.
2581 3492 2722 3544 enim
2756 3498 2917 3558 caput
2943 3493 3192 3559 corporis
3219 3493 3470 3548 Ecclesia)
3497 3508 3606 3544 sum
3628 3492 3694 3548 ³⁸.

2123 3587 2226 3639 Sed
2263 3595 2313 3637 et
2357 3587 2454 3638 hoc
2497 3584 2730 3638 fortasse
2777 3599 2881 3637 non
2916 3582 3032 3636 sine
3068 3597 3227 3636 causa
3263 3586 3342 3643 lit.
3396 3586 3537 3652 quod
3573 3601 3693 3637 cum

2118 3678 2368 3746 Superius
2416 3677 2666 3739 dixisset,
2707 3695 2725 3726 ι
2759 3677 3056 3745 applicabit
3096 3694 3216 3731 eum
3264 3679 3328 3728 ad
3382 3679 3580 3732 ostium
3617 3687 3697 3727 ta-

2117 3769 2392 3822 bernaculi
2425 3771 2718 3825 testimonii
2745 3771 2809 3836 ³⁷,
2848 3791 2865 3823 ι
2907 3772 2955 3825 in
2991 3770 3378 3840 posterioribus
3406 3771 3616 3836 repetit,
3643 3777 3699 3820 ct

2118 3861 2312 3915 iterum
2364 3861 2521 3922 dicit,
2566 3879 2583 3911 ι
2632 3862 2696 3913 ad
2745 3861 2920 3916 altare
2958 3864 3096 3928 quod
3137 3871 3218 3916 est
3256 3863 3321 3915 ad
3366 3862 3566 3914 ostium
3617 3871 3696 3910 ta-

2116 3954 2394 4008 bernaculi
2433 3953 2725 4008 testimonii
2759 3954 2826 4019 ³⁸,
2863 3974 2880 4006 ι
2915 3955 3068 4023 quasi
3102 3971 3206 4009 non
3243 3957 3489 4008 emndem
3521 3955 3693 4006 locum

2116 4048 2216 4101 sub
2247 4048 2434 4100 eadem
2485 4048 2797 4101 narratione
2843 4045 3009 4099 semel
3057 4045 3370 4112 designasse
3399 4045 3692 4099 suffererit.

2117 4139 2227 4193 Nisi
2260 4141 2385 4209 quia
2416 4139 2553 4194 forte
2591 4141 2692 4195 hoc
2723 4139 2947 4210 intelligi
2978 4141 3170 4204 voluit,
3201 4141 3342 4210 quod
3371 4139 3592 4206 sanguis
3612 4136 3698 4191 Je-

2116 4249 2178 4288 su
2212 4250 2316 4287 non
2357 4233 2527 4287 solum
2551 4233 2602 4286 in
2635 4231 2936 4287 Jerusalem
2966 4235 3170 4288 effusus
3197 4243 3278 4292 est
3301 4273 3314 4295 ,
3350 4232 3437 4284 ubi
3469 4241 3588 4284 erat
3614 4231 3693 4282 al-

2118 4339 2256 4391 tare,
2289 4337 2338 4379 et
2369 4325 2517 4380 basis
2557 4325 2693 4391 eius,
2720 4335 2773 4379 et
2809 4327 3215 4378 tabernaculum
3251 4323 3574 4383 testimonii,
3597 4325 3692 4375 sed

2117 4421 2335 4488 etquod
2367 4433 2660 4488 supernum
2714 4417 2884 4469 altare
2911 4417 3055 4481 quod
3105 4425 3186 4467 est
3223 4415 3273 4466 in
3309 4412 3482 4475 caelis,
3512 4412 3600 4463 ubi
3640 4422 3694 4465 et

2120 4510 2359 4565 Ecclesia
2389 4509 2786 4577 primitivorum
2815 4515 2917 4565 est,
2947 4505 3086 4556 idem
3123 4505 3234 4572 ipse
3264 4502 3483 4572 sanguis
3507 4518 3692 4570 asper-

2119 4604 2253 4658 serit
2280 4601 2380 4671 (9),
2422 4601 2563 4652 sicut
2588 4607 2645 4651 et
2675 4595 2964 4664 Apostolus
2996 4595 3146 4652 dicit,
3176 4597 3299 4661 quia
3332 4613 3350 4644 ι
3383 4593 3694 4662 paciﬁcavit

2119 4711 2217 4765 per
2249 4691 2570 4764 sanguinem
2601 4689 2781 4744 crucis
2809 4702 2940 4750 suae,
2968 4687 3080 4740 sive
3112 4701 3231 4754 qua:
3274 4689 3324 4737 in
3369 4695 3508 4738 terra
3539 4694 3689 4748 sunt,

2942 4871 2986 4903 3"
3014 4870 3188 4926 Levit.
3228 4871 3324 4938 ιβ,
3357 4871 3410 4925 5.

2331 4878 2381 4909 ³³
2409 4875 2599 4940 Matth.
2630 4889 2743 4941 xxr,
2771 4872 2860 4926 39.
2942 4871 2986 4903 3"
3014 4871 3188 4926 Levit.
3228 4871 3324 4938 ιβ,
3357 4871 3410 4925 5.
3488 4872 3531 4902 ³⁵
3560 4871 3689 4929 Luc.

2183 5074 2259 5143 (8)
2294 5073 2495 5126 Omnes
2527 5085 2678 5143 mss.,
2713 5087 2728 5118 ι
2764 5082 2979 5143 corpus.
3027 5085 3044 5116 ι
3088 5066 3192 5119 Sed
3247 5075 3507 5130 prmstare
3543 5067 3690 5127 vide-

2115 5138 2203 5202 tur
2229 5138 2467 5215 priorum
2503 5141 2796 5216 editionum
2832 5138 2992 5191 lectio
3033 5155 3050 5186 ι
3089 5146 3275 5216 caput.
3308 5157 3325 5188 ι

2186 5207 2264 5284 (Si)
2299 5215 2517 5284 Priores
2563 5210 2902 5284 editioncsLt
2938 5223 3096 5284 super
3152 5207 3283 5284 i!l_ud_
3319 5207 3496 5284 altare
3547 5209 3693 5276 quod.

2112 5277 2198 5342 εει
2242 5277 2293 5338 in
2349 5283 2524 5344 malis,
2579 5279 2668 5332 ubi
2719 5291 2772 5332 et
2830 5277 3080 5355 Ecclesia
3131 5279 3526 5355 primitivorum
3581 5288 3684 5355 est,

2115 5361 2253 5412 idem
2283 5357 2395 5423 ipse
2421 5353 2643 5417 sanguis
2667 5363 2951 5426 _aspersus
3005 5349 3139 5426 erit,
3167 5346 3358 5426 ulline
3410 5349 3603 5426 iterum
3637 5347 3685 5396 in

2115 5415 2469 5495 sequentibus
2498 5415 2712 5495 saeculis
2759 5415 3059 5495 passurum
3083 5417 3358 5495 Christum
3406 5415 3689 5493 videbatur

2117 5489 2311 5552 Ηιιέιίο
2337 5494 2595 5562 Origenes
2627 5489 2916 5562 aﬂirmare,
2969 5493 3060 5541 scd
3093 5505 3212 5562 cum
3259 5489 3414 5562 aliain
3444 5489 3688 5558 omnino,

2118 5585 2236 5622 eam
2266 5554 2458 5631 nempe
2496 5577 2659 5630 quam
2693 5561 2993 5634 sequimur,
3046 5559 3337 5634 exhibeant.
3399 5554 3686 5634 Ισξιιιιυιιυιιι

2119 5652 2308 5690 οιιιιιεςι
2347 5630 2566 5686 codices
2608 5630 2990 5698 manuscripti,
3045 5630 3096 5682 id
3147 5643 3311 5679 unian
3352 5630 3598 5692 sequitur
3621 5638 3686 5677 ex

2120 5711 2221 5761 hoc
2260 5709 2374 5759 loco
2403 5703 2640 5755 sensisse
2675 5697 3292 5777 Adaumntium,_(lhristi
3331 5706 3557 5777 mortem
3601 5709 3688 5777 se:

2121 5779 2222 5832 mel
2275 5777 2477 5831 ululant
2532 5776 2582 5826 in
2637 5771 2820 5836 terris,
2854 5787 2956 5825 non
3014 5771 3188 5824 solum
3236 5767 3562 5829 hominibus,
3601 5768 3690 5818 scd
