4110 6470
392 451 495 507 4θο

1557 441 1623 494 ΙΝ
1667 438 2038 495 LEYlTiCC-M
2083 436 2369 492 HOMILIA
2401 437 2455 491 l.‘

3551 435 3655 492 410

389 572 507 622 sive
549 581 664 638 quae
692 566 742 618 in
785 565 939 619 eatlis
979 565 1041 618 ³³.
1086 582 1102 613 ›
1147 562 1316 616 Recte
1345 578 1473 631 ergo
1511 565 1746 619 secundo
1801 563 1968 616 noini-
1999 565 2044 620 Λ
2074 561 2128 615 in
2162 561 2265 615 ﬁde
2291 558 2519 622 Christi,
2544 559 2646 613 alia
2673 569 2848 614 autem
2878 562 2980 615 illis
3003 562 3092 629 qui
3115 561 3228 628 jam
3268 561 3496 630 perfecti
3529 572 3655 615 sunt

391 669 486 714 nat
516 659 707 724 altare,
739 657 880 725 quod
911 665 992 709 est
1023 656 1087 708 ad
1129 655 1327 708 ostium
1365 655 1699 708 tabernaculi
1727 656 1971 709 testimo-

388 751 493 808 nii,
516 748 640 816 quia
675 764 778 801 non
813 747 983 800 solmn
1011 760 1110 814 pro
1139 748 1512 812 terrestribus,
1555 747 1646 800 sed
1677 749 1839 800 etiam
1872 763 1970 815 pro

390 840 710 896 cwlestibus
739 840 956 892 oblatus
986 847 1066 891 est
1093 838 1264 890 hostia
1299 835 1482 899 .lesus,
1524 847 1578 890 et
1617 838 1704 891 hic
1747 840 1967 906 quidem

389 948 488 1002 pro
520 929 832 983 hominibus
863 932 1030 999 ipsam
1068 928 1404 996 corporalem
1439 929 1725 982 materiam
1753 932 1969 999 sangui-

387 1016 584 1079 nis'sni
615 1025 771 1086 fudit,
815 1025 866 1078 in
915 1023 1225 1077 cmlestibus
1257 1035 1386 1076 vero
1423 1022 1876 1082 n'tiuistrautibus,
1923 1023 1966 1077 si

383 1114 478 1182 qui
525 1113 601 1166 illi
657 1113 786 1168 inibi
822 1123 972 1176 sunt,
1019 1111 1423 1171 sacerdotibus,
1471 1111 1686 1170 vitalem
1723 1115 1968 1181 corporis

383 1208 470 1259 sui
515 1208 790 1268 virtutem,
837 1206 983 1258 velut
1037 1205 1283 1274 spiritale
1331 1207 1604 1273 quoddam
1637 1207 1965 1261 sacriﬁcium

384 1296 711 1352 immolavit.
764 1295 857 1350 Vis
896 1306 1074 1350 autem
1118 1300 1258 1352 scire
1301 1298 1423 1365 quia
1455 1298 1650 1365 duplex
1700 1299 1875 1351 hostia
1912 1299 1964 1352 in

382 1405 454 1443 eo
493 1388 612 1446 fuit.
673 1389 1010 1443 conveniens
1059 1389 1436 1454 terrestribus,
1487 1399 1540 1443 et
1577 1400 1700 1457 apta
1729 1391 1966 1446 cmlesti-

384 1479 529 1532 bus?
557 1479 846 1546 Apostolus
873 1467 1226 1534 adilcbrmos
1255 1479 1508 1534 scribens
1539 1482 1672 1535 dicit
1699 1482 1780 1536 "°:
1814 1501 1830 1536 ι
1864 1481 1968 1535 Per

384 1571 659 1634 velamen,
693 1571 744 1623 id
782 1581 863 1626 est
897 1588 1116 1628 carnem
1147 1591 1322 1632 suam.
1361 1595 1379 1631 ι
1419 1576 1483 1630 Ει
1515 1575 1709 1628 iterum
1740 1574 1966 1628 interius

384 1660 633 1714 velamen
673 1662 1063 1730 interpretatur
1098 1665 1316 1728 coelum,
1360 1665 1503 1734 quod
1543 1665 1847 1739 penetravit
1877 1663 1968 1718 Je-

384 1770 500 1819 sus,
546 1765 605 1809 ut
640 1757 862 1811 assistat
889 1774 1032 1813 nunc
1073 1760 1241 1814 vultui
1279 1759 1370 1812 Dei
1411 1773 1510 1826 pro
1555 1759 1731 1821 nobis,
1769 1777 1788 1809 ‹
1819 1773 1964 1812 sem-

385 1861 501 1924 per,
535 1848 708 1913 inquit
738 1847 804 1910 ⁸³,
838 1847 1027 1902 vivens
1059 1850 1125 1902 ad
1167 1847 1618 1915 interpellandum
1663 1864 1761 1917 pro
1812 1849 1917 1903 his.
1939 1867 1958 1898 ι

2075 655 2128 705 in
2169 652 2392 706 scientia
2429 661 2483 706 et
2510 652 2778 705 charitate
2823 651 2959 718 ejus,
2999 664 3208 720 aptare,
3241 653 3341 705 hoc
3369 660 3452 705 est
3483 667 3654 703 mem-

2072 743 2270 797 bratim
2302 741 2461 811 187
2494 741 2719 794 vitulum
2768 740 3040 795 divisisse.
3097 744 3204 794 Sed
3259 753 3310 796 et
3367 742 3455 809 qui
3503 743 3652 795 novit

2073 835 2361 890 omendere
2395 850 2512 903 quae
2548 834 2750 887 fuerint
2785 835 2917 903 legis
2962 834 3244 901 principia,
3272 835 3362 903 qui
3397 835 3560 887 etiam
3595 836 3650 887 in

2073 927 2348 996 prophetis
2390 928 2666 994 profec'us
2701 927 3020 988 accesserit,
3048 941 3167 993 qua:
3204 942 3328 978 vero
3375 926 3428 978 in
3474 927 3652 978 Evan-

2027 1021 2030 1024 ’
2072 1018 2224 1087 geliis
2258 1018 2540 1085 plenitudo
2569 1018 2917 1085 perfertionis
2954 1019 3254 1076 habeatur;
3281 1018 3367 1070 vel
3403 1020 3493 1084 qui
3543 1020 3648 1072 do-

2074 1124 2199 1162 cere
2229 1118 2429 1178 potest,
2467 1124 2574 1175 quo
2619 1109 2768 1163 verbi
2818 1110 2958 1163 lacte
2992 1109 3170 1162 alendi
3209 1109 3316 1160 sint
3347 1109 3553 1176 parvuli
3595 1111 3645 1160 in

2073 1200 2312 1264 Christo,
2343 1210 2395 1254 et
2427 1216 2534 1270 quo
2575 1201 2729 1254 verbi
2775 1201 2918 1256 olere
2969 1201 3244 1254 reficiendi
3275 1198 3386 1271 (ll)
3417 1201 3527 1253 sint
3556 1202 3645 1269 qui

2072 1290 2418 1344 infirmantur
2443 1291 2496 1344 in
2531 1290 2658 1353 ﬁde,
2696 1290 2821 1360 quis
2857 1290 3020 1343 etiam
3060 1291 3133 1343 sit
3174 1291 3326 1342 cibus
3368 1289 3569 1342 solidus
3596 1300 3650 1342 et

2069 1380 2252 1446 fortis,
2309 1397 2418 1450 quo
2467 1382 2843 1452 impinguandi
2882 1382 2992 1435 sint
3025 1381 3246 1436 athletae
3276 1381 3514 1443 Christi;
3551 1382 3646 1449 qui

2068 1473 2184 1528 haec
2212 1474 2423 1540 singula
2452 1475 2602 1528 novit
2631 1475 2865 1542 spiritali
2902 1475 3117 1529 ratione
3155 1474 3420 1538 dividere,
3459 1485 3644 1543 potest

2068 1565 2374 1633 hujusmodi
2406 1565 2596 1617 doctor
2625 1565 2715 1617 ille
2744 1566 3002 1618 sacerdos
3045 1564 3237 1628 videri,
3275 1564 3366 1634 qui
3417 1565 3650 1634 imponit

2068 1668 2232 1722 super
2259 1652 2434 1705 altare
2454 1652 2828 1706 holocaustum
2847 1669 2944 1722 per
2973 1654 3216 1708 membra
3248 1655 3504 1710 divisum.
3539 1656 3650 1709 Ad-

2066 1745 2145 1799 dit
2173 1755 2229 1798 et
2263 1744 2407 1813 ligna
2440 1743 2624 1802 altari,
2658 1759 2766 1812 quo
2794 1746 2934 1813 iguis
2959 1746 3232 1799 animetur
3264 1756 3319 1799 et
3353 1748 3567 1812 ardeat,
3602 1749 3648 1803 is

2067 1851 2096 1899 β
2121 1852 2228 1905 quo
2251 1853 2360 1890 non
2391 1838 2564 1891 solum
2586 1839 2651 1892 de
2682 1839 3058 1906 corporalibus
3092 1839 3388 1891 virtutibus
3415 1837 3640 1904 Christi,

389 1915 448 1996 Si
470 1953 600 2006 ergo
634 1939 740 1992 duo
778 1938 1154 2008 intelliguntur
1189 1939 1480 2001 velamina,
1511 1954 1632 2008 qua:
1663 1915 1806 1994 velut
1832 1956 1962 2009 pon-
1995 1915 2039 1974 Β
2067 1933 2161 1986 sed
2209 1931 2372 1985 etiam
2410 1932 2478 1986 de
2508 1932 2792 1985 divinitate
2834 1931 2951 1998 ejus
2999 1947 3183 1986 sermo
3219 1932 3500 1987 miscetur.
3537 1933 3643 1988 De-

394 2026 514 2078 tifex
566 2026 844 2094 ingressus
895 2038 980 2080 est
1017 2025 1195 2090 Jcsus,
1241 2037 1639 2096 consequenter
1669 2036 1722 2081 et
1752 2029 1962 2087 sacrifi-

382 2121 528 2172 cium
563 2119 760 2184 duplex
803 2119 1218 2188 intelligcndum
1259 2128 1364 2184 est,
1396 2135 1492 2187 per
1533 2123 1672 2188 quod
1701 2131 1755 2175 et
1788 2133 1961 2178 terre-

380 2209 515 2266 stria
544 2208 837 2263 salvaverit
863 2216 918 2262 et
959 2207 1224 2262 ctelestia.
1283 2209 1530 2277 Denique
1553 2220 1607 2262 et
1631 2223 1692 2263 ea
1727 2225 1848 2278 qua:
1877 2225 1962 2264 se-

382 2311 650 2370 quuntur,
685 2303 804 2369 plus
844 2300 1053 2357 emlesti
1091 2303 1364 2357 sacrilicio
1420 2317 1580 2370 quam
1624 2312 1839 2367 terreno
1882 2303 1964 2359 vis

379 2395 578 2447 dentur
616 2394 870 2460 aptanda.

451 2485 506 2537 Δ.
540 2503 556 2534 ι
595 2483 658 2537 Ει
687 2485 1050 2550 deeoriantes,
1090 2485 1262 2554 inquit
1296 2486 1362 2550 δ’,
1400 2485 1774 2541 holocaustum
1824 2488 1962 2543 divi-.

379 2575 512 2629 dent
553 2574 680 2629 illud
713 2578 1080 2643 membratim,
1129 2587 1183 2631 et
1220 2577 1502 2647 imponent
1544 2579 1637 2632 lilii
1663 2582 1840 2635 Aaron
1879 2595 1962 2636 sa-

379 2673 618 2730 cerdotis
653 2673 830 2742 ignem
878 2688 1040 2742 super
1073 2673 1267 2736 altare,
1330 2682 1384 2727 et
1409 2675 1794 2743 constipabunt
1819 2674 1958 2743 ligna

381 2765 438 2821 in
475 2765 674 2834 ignem,
719 2774 772 2819 et
805 2767 1077 2835 imponent
1115 2765 1206 2818 lilii
1230 2767 1410 2819 Aaron
1456 2769 1756 2822 sacerdotis
1784 2767 1957 2822 divisa

379 2860 646 2920 membra,
679 2865 732 2910 et
760 2867 942 2926 caput,
976 2866 1030 2910 et
1058 2858 1268 2924 adipes,
1309 2868 1362 2910 et
1392 2857 1531 2925 ligna
1568 2874 1687 2927 quae
1715 2870 1841 2912 sunt
1868 2875 1960 2913 su-

380 2962 477 3016 per
517 2947 706 3007 altare.
745 2948 1024 3011 Interauea
1059 2963 1189 3000 vero
1218 2957 1272 2999 et
1301 2947 1464 3014 pedes
1497 2949 1756 3005 lavabunt
1797 2967 1956 3018 aqua,

379 3048 436 3090 et
461 3038 699 3105 imponet
722 3039 977 3090 sacerdos
1007 3037 1187 3088 omnia
1230 3053 1395 3103 super
1439 3037 1637 3100 altare,
1671 3041 1842 3092 hostia
1875 3050 1960 3094 est

378 3139 434 3182 et
463 3129 789 3182 sacriﬁcium
822 3128 956 3180 odor
991 3128 1279 3180 Suavitatis
1324 3129 1573 3182 Domino.
1629 3148 1648 3179 ι
1678 3128 1958 3194 Quomodo

381 3221 696 3274 deeorielur
743 3233 873 3270 caro
901 3217 1049 3269 verbi
1084 3217 1196 3277 Dei,
1241 3219 1383 3285 quod
1434 3218 1521 3270 hic
1565 3219 1764 3273 vitulus
1791 3222 1958 3272 nomi-

380 3321 570 3372 natur,
602 3316 655 3361 et
700 3310 973 3375 quomodo
1019 3306 1360 3359 membratim
1404 3308 1676 3361 dividatur
1710 3326 1736 3362 a
1778 3327 1956 3365 sacer-

383 3399 620 3458 dotibus,
664 3413 842 3466 opera:
893 3401 1124 3465 pretium
1175 3408 1258 3452 est
1300 3401 1604 3455 advertere.
1665 3403 1775 3467 Ego
1821 3416 1952 3471 puto

382 3493 522 3558 quod
553 3490 646 3543 ille
682 3491 942 3544 sacerdos
975 3491 1214 3543 detrahit
1263 3491 1468 3544 corium
1525 3493 1675 3546 vituli
1706 3495 1870 3548 oblati
1906 3497 1954 3549 iu

381 3581 782 3648 holocaustum,
827 3589 880 3635 et
913 3582 1126 3634 deducit
1161 3581 1353 3648 pellem
1401 3597 1504 3650 qua
1562 3585 1810 3638 mcutbra
1837 3585 1956 3653 ejus

379 3683 757 3744 conteguntur,
807 3675 898 3744 qui
933 3679 1000 3728 de
1031 3676 1196 3730 verbo
1247 3677 1338 3729 Dei
1382 3679 1650 3732 abstrahit
1709 3684 1952 3737 velamen

371 3761 595 3828 litteras,
626 3777 680 3819 et
732 3767 941 3820 interna
989 3767 1106 3835 ejus
1131 3785 1250 3836 quze
1289 3781 1418 3824 sunt
1454 3772 1718 3838 spiritalis
1755 3773 1952 3828 intelli-

377 3858 570 3924 gentiae
634 3858 899 3921 membra,
943 3860 1182 3912 denudat
1237 3877 1250 3914 :
1295 3872 1347 3914 et
1386 3863 1500 3923 lucc
1528 3866 1770 3917 membra
1803 3867 1950 3920 verbi

374 3948 657 4006 interioris
683 3953 944 4014 scientim,
971 3966 1077 4004 non
1107 3953 1157 4004 in
1189 3951 1378 4004 humili
1420 3954 1600 4022 aliquo
1632 3957 1750 4011 loco
1778 3959 1950 4025 ponit,

373 4039 469 4096 sed
505 4041 558 4093 in
585 4043 692 4095 alto
721 4052 777 4099 et
803 4053 1012 4103 saneto,
1045 4043 1094 4094 id
1123 4052 1226 4107 est,
1258 4058 1420 4110 super
1451 4045 1625 4100 altare
1661 4047 1898 4102 collocat
1935 4063 1947 4099 :

373 4145 498 4186 cum
534 4148 637 4185 uon
675 4133 910 4201 indignis
941 4133 1274 4194 hominibus,
1309 4147 1359 4188 et
1392 4137 1649 4190 humilem
1684 4140 1852 4192 vitam
1887 4156 1951 4195 ac

376 4233 648 4278 terrenam
680 4225 1001 4278 ducentibus
1029 4225 1214 4292 pandit
1239 4226 1419 4280 divina
1455 4229 1736 4298 mysteria,
1765 4232 1858 4284 scd
1887 4233 1952 4284 il-

372 4313 442 4368 lis
466 4317 554 4384 qui
589 4316 764 4369 altare
804 4315 895 4369 Dei
935 4325 1080 4396 sunt,
1115 4316 1165 4368 in
1201 4317 1396 4385 quibus
1428 4335 1640 4388 semper
1678 4324 1831 4376 ardet
1862 4324 1950 4377 di-

373 4407 534 4462 vinus
561 4408 718 4474 ignis.
761 4417 815 4462 et
840 4423 1053 4476 semper
1084 4412 1425 4464 consumitur
1455 4429 1605 4468 caro.
1643 4414 1817 4483 Super
1851 4417 1950 4469 hos

371 4512 503 4567 ergo
537 4499 670 4550 tales
701 4499 1040 4551 membratim
1076 4500 1282 4554 divisus
1311 4501 1414 4557 iste
1475 4503 1773 4557 holocausti
1817 4507 1951 4559 vitu-

2070 2037 2290 2076 sursnm
2341 2023 2484 2076 enim
2520 2031 2603 2076 est
2643 2022 2900 2074 divinitas
2946 2021 3177 2085 Christi,
3219 2038 3326 2092 quo
3359 2024 3497 2092 ignis
3540 2023 3647 2079 iste

2066 2113 2310 2167 festinat.
2345 2113 2751 2168 Convenienter
2782 2128 2916 2181 ergo
2937 2115 3118 2166 omnia
3143 2115 3261 2168 haec
3291 2115 3487 2182 quae‘in
3517 2129 3645 2168 eor-

2066 2221 2200 2275 pore
2234 2222 2262 2258 a
2306 2206 2588 2261 Salvatore
2614 2217 2764 2275 gesta
2794 2215 2946 2271 sunt,
2986 2208 3226 2262 caelestis
3260 2209 3398 2277 ignis
3425 2209 3646 2262 absum-

2067 2297 2196 2363 psit,
2218 2307 2270 2350 et
2298 2298 2363 2350 ad
2384 2298 2685 2352 divinitatis
2713 2298 2828 2367 ejus
2854 2307 3111 2351 naturam
3162 2309 3359 2353 cuneta
3390 2301 3642 2354 restituit.

2065 2389 2251 2459 Liguis
2275 2397 2456 2444 tamen
2483 2391 2743 2444 adhibitis
2772 2391 2913 2460 ignis
2941 2392 3044 2444 iste
3065 2392 3434 2445 succenditur.
3464 2391 3646 2459 Usque

2065 2481 2130 2534 ad
2189 2482 2394 2550 lignum
2445 2483 2591 2534 enim
2644 2482 2696 2534 in
2734 2496 2900 2534 carne
2924 2481 3038 2552 (1‘2)
3069 2483 3248 2549 passio
3287 2482 3384 2535 fuit
3418 2481 3643 2537 Christi.

2069 2573 2167 2628 Ubi
2204 2584 2384 2627 autem
2419 2587 2714 2641 suspensus
2755 2574 2808 2625 in
2842 2572 2989 2642 ligno
3019 2582 3124 2637 est,
3151 2573 3490 2642 dispensatio
3514 2589 3644 2628 car-

2066 2665 2149 2719 nis
2208 2666 2357 2717 finita
2387 2674 2490 2720 est.
2528 2666 2839 2732 Resurgens
2883 2665 3028 2717 enim
3058 2679 3086 2716 a
3123 2667 3354 2720 mortuis
3401 2667 3646 2720 ascendit

2066 2753 2117 2806 in
2155 2755 2372 2820 malum,
2408 2771 2516 2824 quo
2550 2757 2654 2809 iter
2688 2755 2803 2823 ejus
2831 2763 3027 2807 natura
3068 2755 3208 2823 ignis
3242 2757 3501 2810 05tendit.
3531 2757 3646 2812 Un-

2063 2850 2128 2902 de
2151 2859 2201 2902 et
2230 2849 2522 2918 Apostolus
2559 2849 2859 2915 dicebat“,
2894 2849 3020 2917 quia
3058 2866 3076 2899 ι
3107 2859 3156 2903 et
3196 2851 3238 2903 si
3289 2850 3646 2920 cognovimus

2061 2941 2344 2994 Christum
2395 2942 2692 2993 secundum
2732 2955 2978 3002 earnen't,
3020 2941 3114 2992 sed
3179 2957 3322 2994 nunc
3373 2941 3484 3010 jam
3533 2957 3638 2995 non

2062 3033 2330 3088 novimus.
2365 3051 2382 3081 ι
2422 3029 2806 3084 ilolocaustum
2834 3049 3070 3102 namque
3097 3033 3278 3086 carnis
3299 3032 3416 3099 ejus
3465 3028 3558 3102 per
3581 3035 3648 3088 li-

2062 3141 2224 3194 gnum
2255 3128 2432 3180 erm-is
2456 3128 2721 3188 oblatmn,
2755 3136 2968 3179 terrena
3001 3127 3338 3191 coelestibus,
3363 3137 3417 3180 et
3445 3129 3642 3182 divinis

2063 3219 2296 3270 humana
2324 3218 2573 3270 sociavit.
2606 3217 2886 3269 lnteranea
2922 3231 3054 3269 sane
3080 3232 3200 3269 cum
3229 3219 3452 3287 pedibus
3498 3235 3640 3289 aqua

2063 3308 2192 3362 dilui
2224 3308 2378 3374 jubet
2412 3323 2592 3361 sermo
2616 3309 2896 3375 pratrepti,
2927 3319 3331 3362 sacramentum
3383 3312 3640 3380 baptismi

2060 3411 2158 3455 suo
2194 3399 2403 3468 ligurali
2447 3402 2833 3469 pratdieatione
2869 3401 3224 3457 denuntians.
3259 3402 3390 3456 Nam
3427 3405 3640 3458 intera-

2061 3510 2160 3548 nea
2209 3495 2386 3556 diluit,
2417 3495 2508 3562 qui
2543 3496 2937 3548 conscientiam
2977 3508 3196 3564 purgat.
3234 3495 3409 3551 Pedes
3448 3497 3638 3559 abluit.

2058 3586 2150 3654 qui
2190 3589 2720 3641 consummationem
2769 3589 2994 3658 suscipit
3044 3590 3399 3656 sacramenti,
3446 3601 3500 3643 et
3536 3593 3642 3646 scit

2057 3678 2185 3746 quia
2243 3681 2333 3747 qui
2391 3681 2623 3734 mundus
2668 3689 2773 3744 est,
2827 3696 2932 3735 non
2998 3683 3199 3750 indiget
3244 3683 3348 3736 nisi
3388 3695 3444 3735 ut
3475 3683 3641 3752 pedes

2055 3770 2280 3835 lavet“,
2309 3782 2360 3826 et
2401 3773 2525 3841 quia
2557 3777 2902 3842 partemquis
2939 3775 3142 3828 habere
3176 3792 3280 3828 non
3306 3784 3485 3844 potest
3511 3791 3635 3829 cum

2053 3861 2201 3927 Jesu,
2227 3864 2327 3917 nisi
2365 3864 2556 3916 laverit
2580 3865 2741 3932 pcdcs
2768 3865 2907 3933 ejus.

2127 3957 2180 4010 5.
2227 3954 2423 4008 Verum
2454 3957 2496 4009 si
2523 3957 2637 4009 hare
2659 3957 2824 4009 etiam
2856 3959 2922 4009 ad
2953 3957 3217 4012 moralem
3269 3958 3446 4026 locum
3480 3955 3637 4009 ineli-

2056 4063 2187 4101 narc
2237 4048 2394 4110 velis,
2427 4050 2598 4101 habes
2626 4059 2680 4101 et
2733 4059 2784 4102 tu
2821 4049 3074 4113 vitulum,
3109 4066 3266 4118 quem
3317 4048 3515 4102 nﬂ‘erre
3539 4049 3636 4101 de-

2055 4139 2208 4192 beas.
2239 4139 2451 4192 Vitulus
2499 4149 2600 4196 est,
2636 4149 2687 4192 et
2719 4141 2937 4206 quidem
2986 4141 3139 4194 valde
3171 4144 3461 4209 superbus,
3504 4157 3636 4194 caro

2056 4237 2143 4281 tua
2185 4245 2199 4280 :
2240 4245 2400 4295 quam
2441 4229 2483 4281 si
2540 4229 2619 4281 vis
2665 4245 2859 4282 munus
2906 4231 3134 4286 Domino
3178 4232 3395 4294 olferre,
3429 4243 3485 4283 ut
3511 4247 3631 4283 eam

2053 4330 2256 4373 castam
2289 4320 2649 4388 pudicamque
2669 4320 3151 4381 custodias,adduc
3183 4338 3300 4374 eam
3334 4323 3398 4372 ad
3430 4322 3630 4374 ostium

2057 4410 2412 4471 tabernaculi,
2449 4410 2499 4462 id
2541 4419 2646 4470 est,
2679 4411 2766 4462 ubi
2799 4411 3105 4462 divinormu
3152 4412 3416 4464 librarum
3459 4413 3634 4464 susci-

2055 4516 2181 4570 pere
2211 4501 2378 4570 possit
2413 4501 2680 4554 auditum.
2710 4501 3076 4554 Maseulinum
3108 4502 3181 4556 sit
3210 4518 3405 4554 munus
3455 4513 3627 4567 tuum,

372 4587 458 4641 lus
485 4588 802 4642 collocatur.
833 4589 1028 4644 Dividit
1064 4607 1295 4660 namque
1327 4595 1667 4648 membratim
1697 4597 1946 4662 vitulum,
1983 4606 2025 4659 υ
2057 4593 2310 4647 feminam
2350 4593 2577 4654 nesciat,
2603 4591 3106 4660 concupiscentiam
3151 4603 3390 4660 respuat,
3426 4593 3630 4661 fragili-

371 4679 465 4748 qui
517 4681 807 4748 explanare
843 4696 936 4747 per
981 4683 1232 4735 ordinem
1289 4693 1485 4751 potest,
1531 4694 1585 4738 et
1617 4691 1943 4756 competenti

370 4767 719 4822 distinctione
783 4770 1073 4835 disserere,
1124 4775 1214 4839 qui
1261 4774 1333 4826 sit
1381 4775 1698 4841 profectus,
1739 4777 1940 4834 Christi

372 4860 646 4915 ﬁmbriam
694 4861 1021 4931 contigisse;
1074 4864 1166 4931 qui
1200 4879 1352 4930 vero,
1400 4866 1563 4934 pedes
1603 4867 1720 4936 ejus
1748 4869 1942 4926 lavisse

367 4959 651 5029 lacrymis,
693 4969 747 5012 et
776 4959 985 5027 capillis
1016 4960 1210 5028 capitis
1247 4963 1574 5030 extersisse;
1612 4977 1820 5035 quanto
1845 4983 1942 5022 au-

370 5059 478 5101 tem
507 5050 572 5102 iis
596 5050 774 5117 potius
801 5050 871 5104 sit
901 5061 1059 5118 caput
1084 5052 1200 5118 ejus
1224 5053 1443 5106 unxisse
1471 5069 1624 5124 myro
1656 5057 1768 5126 (10)
1805 5075 1818 5109 :
1845 5059 1937 5112 sed

365 5148 422 5192 et
445 5139 496 5191 in
530 5149 746 5208 pectore
763 5137 880 5206 ejus
906 5141 1216 5194 recubuisse
1243 5141 1370 5210 quid
1398 5143 1937 5205 habeateminentite.

366 5230 570 5283 llorum
601 5245 732 5300 ergo
757 5247 761 5251 λ
786 5231 1121 5300 singulorum
1159 5249 1352 5288 causas
1385 5235 1674 5298 disserere,
1736 5253 1789 5292 et
1835 5242 1939 5296 alia

363 5321 582 5388 quidem
611 5321 1016 5389 incipientibus,
1037 5323 1140 5376 alia
1171 5339 1296 5377 vero
1321 5325 1386 5379 iis
1405 5328 1494 5393 qui
1514 5327 1624 5395 jam
1647 5332 1942 5396 prolieiunt

435 5410 480 5442 “
514 5411 721 5484 Coloss.
747 5429 786 5473 ι,
817 5413 905 5484 2t).
981 5413 1026 5446 ⁸ο
1058 5416 1221 5473 llebr.
1255 5435 1310 5484 ιι,
1348 5419 1436 5472 ΞΟ.

363 5495 486 5546 xm,
518 5481 572 5534 8.
677 5481 722 5513 ⁴⁵
754 5484 768 5534 I
805 5483 928 5542 Cor.
962 5485 1038 5551 ix,
1063 5485 1152 5539 27.

361 5573 526 5660 etiam
578 5575 888 5660 apgclisuet
939 5578 1414 5660 aliislcmlestibus
1463 5585 1754 5643 virtutibus
1807 5607 1939 5660 pro-

360 5641 555 5767 auiae.
610 5641 738 5699 Vide
779 5646 870 5700 lib.
917 5661 953 5698 ll
989 5645 1330 5716 0rigenian.,
1370 5664 1562 5720 quaist.
1605 5658 1659 5724 3,
1690 5641 1938 5715 ηὺηῆεο

363 5783 546 5905 mito}
570 5783 747 5840 Codex
803 5787 1111 5858 Sangerm.,
1168 5810 1186 5842 ε
1233 5807 1404 5865 myro.
1457 5815 1476 5849 ›
1515 5795 1682 5864 Alias,
1725 5818 1741 5850 ι
1784 5817 1930 5871 tttyr-

1515 5420 1556 5451 ιι
1589 5420 1755 5477 Hebr.
1793 5441 1884 5491 vn,
1913 5428 2002 5482 25.

2057 4696 2225 4740 latent
2253 4683 2508 4754 refugiat,
2530 4684 2663 4738 nihil
2693 4684 3017 4738 dissolutum
3054 4685 3293 4754 requirat
3319 4697 3413 4740 aut
3444 4686 3627 4742 molle.

2053 4783 2272 4848 Impone
2322 4780 2485 4833 etiam
2539 4796 2755 4831 manum
2801 4788 2946 4832 tuam
2982 4794 3146 4847 super
3189 4781 3419 4833 hostiam
3456 4794 3628 4846 tuam,

2049 4882 2111 4926 ut
2142 4875 2213 4926 sit
2238 4881 2454 4939 accepta
2483 4871 2730 4931 Domino,
2758 4878 2811 4923 et
2833 4867 3020 4937 jugula
3053 4871 3200 4922 illam
3229 4885 3415 4925 contra
3443 4872 3640 4926 Domi—

2052 4980 2202 5028 num,
2241 4963 2342 5016 hoc
2370 4972 2472 5025 est,
2522 4963 2740 5030 impone
2785 4961 2834 5014 ei
2895 4964 3244 5016 continentia:
3289 4964 3528 5027 fremun,
3570 4975 3625 5017 et

2050 5073 2268 5112 manum
2297 5056 2596 5124 disciplina:
2636 5069 2700 5107 ne
2736 5057 2958 5110 auferas
2992 5057 3059 5109 ab
3086 5071 3170 5119 ea,
3204 5058 3340 5109 sicut
3373 5059 3625 5125 imposuit

2050 5163 2268 5203 manum
2293 5147 2441 5200 carni
2473 5161 2583 5198 suae
2615 5147 2703 5199 ille
2728 5149 2819 5215 qui
2865 5148 3138 5202 dicebat“
3167 5166 3180 5202 :
3217 5167 3234 5199 ι
3269 5149 3483 5203 Macero
3511 5168 3627 5203 cor-

2051 5255 2150 5309 pus
2179 5253 2356 5292 meum
2392 5248 2447 5291 et
2476 5239 2726 5292 servituti
2771 5237 3023 5304 subjicio,
3055 5256 3121 5294 ne
3168 5241 3309 5296 forte
3343 5258 3464 5295 eum
3503 5242 3626 5295 aliis

2048 5331 2437 5401 praedicavero,
2460 5331 2572 5398 ipse
2604 5331 2866 5398 reprobus
2892 5332 3118 5386 elliciar.
3146 5353 3164 5384 ι
3202 5335 3263 5386 Ει
3291 5332 3474 5402 jugula
3501 5350 3622 5386 eam

2080 5428 2125 5458 ⁸³
2148 5425 2331 5479 ,Levit.
2363 5441 2474 5489 xvi,
2506 5426 2559 5488 7,
2593 5425 2647 5491 8,
2675 5425 2730 5480 9.
2837 5423 2882 5458 ⁸³
2906 5424 2950 5478 ΙΙ
2975 5426 3099 5480 Cor.
3132 5441 3183 5490 v,
3220 5434 3306 5482 to.
3385 5425 3432 5456 “
3459 5425 3616 5481 Joan.

2123 5591 2404 5662 (ll)-Cod.
2439 5592 2752 5660 S:mgerm.,
2793 5609 2812 5641 ί
2841 5589 3185 5662 reﬁciendi.)
3241 5588 3396 5662 Libb.
3459 5587 3614 5662 editi,

2053 5679 2071 5710 ι
2098 5659 2398 5744 rt.-l_'o'veudi.
2424 5683 2444 5716 ι
2474 5659 2648 5718 Codd.
2693 5661 2954 5716 Gemetic.
2984 5670 3036 5711 et
3067 5659 3444 5722 Cadomeusis,
3500 5679 3513 5708 ι
3541 5661 3618 5710 l'o-

2046 5731 2222 5881 vfilid‘ii
2253 5751 2459 5859 Comes
2485 5818 2640 5870 mss.,
2682 5819 2700 5852 σ
2721 5801 2771 5856 iu
2802 5811 2988 5854 carne.
3011 5815 3030 5850 ι
3068 5796 3222 5852 Libb.
3258 5797 3412 5863 editi,
3443 5814 3463 5852 ι
3493 5813 3616 5857 car-

2040 5887 2144 5925 1115.
2174 5892 2192 5924 ι
