4110 6406
497 328 592 381 Ill
640 349 673 367 τι
844 351 881 368 Α·

496 542 582 586 Wa
615 546 740 601 ειυω
765 557 891 602 sunt
913 565 1077 618 super
1095 559 1316 606 terram.
1349 551 1454 606 Sed
1480 562 1536 608 et
1561 553 1654 606 ﬁlii
1685 557 1865 608 Aaron
1891 569 2076 608 sacer-

488 625 631 680 ἀοίῖε
683 640 917 696 oﬁ'eranl
959 645 1280 712 sanguinem
1324 647 1462 716 ejus.
1513 646 1781 706 Sacerdos
1806 648 1860 703 in
1888 658 1938 704 te
1966 659 2070 715 est,

485 730 537 770 et
567 717 658 773 ﬁlii
689 732 826 801 ejus,
866 740 1021 792 mens
1059 752 1181 806 quae
1226 740 1277 792 in
1327 751 1380 794 te
1406 752 1488 798 est
1515 750 1570 798 et
1592 757 1788 797 sensus
1815 741 1952 810 ejus,
1976 745 2068 812 qui

485 809 683 864 ῐηθτίιο
709 825 987 889 sacerdos,
1011 837 1066 881 et
1100 827 1191 882 ﬁlii
1217 832 1523 888 sacerdotis
1548 832 1899 902 appellantur
1925 854 1938 890 :
1965 834 2067 890 soli

480 901 626 953 ευίιη
669 925 798 970 sunt
849 917 941 986 qui
973 919 1280 988 intelligunt
1336 921 1527 987 Delum,
1571 901 1625 978 et
1667 939 1896 994 capaces
1937 937 2066 982 sunt

480 989 730 1064 “lentia:
776 1007 891 1064 Dei.
926 1009 1053 1065 Vult
1095 1026 1227 1081 ergo
1253 1028 1435 1068 sermo
1466 1015 1704 1081 divinus,
1732 1027 1789 1072 ut
1819 1020 2058 1074 rationa-

483 1097 576 1155 bili
627 1115 790 1155 sensu
843 1117 1062 1158 carnem
1127 1113 1278 1160 tuam
1319 1106 1372 1159 in
1403 1109 1661 1164 castitate
1696 1110 1896 1167 offeras
1927 1113 2059 1181 Deo,

480 1192 782 1246 secundum
826 1195 969 1262 quod
1010 1195 1306 1263 Apostolus
1355 1197 1588 1252 dicit“:
1627 1219 1645 1251 ι
1677 1201 1920 1260 llostiam
1981 1207 2062 1259 vi-

480 1296 625 1346 vam,
681 1291 951 1348 sanctam,
995 1285 1298 1354 placentem
1348 1287 1479 1353 Deo,
1532 1293 1856 1350 rationabile
1901 1297 2058 1352 obse~

477 1372 664 1440 quium
717 1385 982 1430 vestrum.
1015 1395 1034 1428 ι
1070 1378 1135 1432 Et
1178 1379 1282 1435 hoc
1323 1393 1406 1435 est
1447 1397 1544 1452 per
1585 1388 1926 1443 sacerdotem
1971 1391 2054 1446 vel

479 1460 616 1518 ﬁlios
645 1464 952 1524 sacerdotis
1004 1467 1204 1524 oﬁ’erre
1237 1473 1564 1541 sanguinem
1598 1477 1665 1530 ad
1692 1479 1888 1544 altare,
1928 1498 2050 1538 cum

474 1562 530 1606 et
571 1568 804 1624 corpore
846 1567 902 1612 et
948 1559 1143 1628 spiritu
1205 1564 1324 1631 quis
1374 1575 1562 1621 castus
1609 1568 1861 1628 eﬁicitur.
1913 1574 2052 1632 Sunt

473 1643 619 1698 enim
647 1654 702 1699 et
734 1646 847 1713 alii,
877 1648 968 1716 qui
997 1647 1235 1706 oﬁ‘eruut
1269 1655 1487 1722 quidem
1512 1656 1888 1718 holocaustum
1923 1681 2047 1721 car-

471 1749 596 1793 nem
645 1751 827 1803 suam,
869 1741 964 1795 sed
1013 1757 1121 1797 non
1163 1761 1260 1813 per
1305 1748 1669 1807 ministerium
1722 1760 2042 1816 sacerdotis.

1978 343 2314 418 ORIGENIS}

450 441 451 444 ﬁ
491 453 683 497 00M”
743 459 1053 525 Dominum,
1085 462 1422 518 mortiﬁcaus
1463 465 1582 518 sine
1620 464 1788 520 dubio
1833 464 2072 520 membra
2105 472 2150 527 Α

3659 356 3763 411 412

2256 465 2577 537 Synagogm,
2617 469 2693 521 rct
2742 482 2835 539 pro
2873 466 3052 519 am'md
3102 483 3218 534 qua:
3271 484 3336 522 ex
3367 472 3559 539 poputo
3607 484 3763 531 terra:

2253 536 2537 602 peccat-erit
2576 554 2678 589 non
2710 536 2996 589 voluntate.

2251 629 2300 682 'l.
2345 629 2610 696 Superior
2651 629 2868 697 quidem
2918 628 2985 682 de
3019 629 3288 698 principio
3316 631 3544 687 chitici
3574 637 3752 706 dispu-

2178 721 2312 774 tatio
2347 722 2563 774 edocuit
2612 736 2711 794 nos
2767 721 2936 785 legem
2975 721 3400 786 sacriﬁciorum,
3437 725 3600 796 188
3633 743 3758 796 qute

2178 827 2402 867 munera
2433 813 2800 882 appellantur,
2829 821 2884 864 ut
2911 812 2952 865 si
2991 811 3157 865 homo
3184 830 3381 868 munus
3415 815 3658 884 oﬂ'erret,
3689 835 3754 874 ex

2169 903 2498 958 anin'talibtts
2531 903 2580 956 id
2612 902 2851 961 oﬁ'crrct,
2904 899 3005 954 hoc
3055 913 3140 954 est
3185 917 3248 956 ex
3304 904 3641 976 bobus(l8),
3669 913 3753 965 vel

2166 992 2378 1054 ovibus,
2411 991 2494 1046 vel
2530 991 2694 1045 etiam
2724 989 2944 1058 capris;
2971 991 3014 1043 si
3051 1007 3182 1047 vero
3226 1009 3293 1048 ex
3333 995 3549 1060 avibus,
3575 1007 3750 1052 turtu-

2167 1097 2284 1134 rum
2323 1097 2442 1152 par,
2478 1091 2573 1137 aut
2601 1083 2738 1136 duos
2763 1084 2938 1150 pullos
2963 1084 3307 1141 columbinos
3343 1089 3654 1145 adhiberet.
3687 1090 3749 1146 Si

2163 1186 2291 1226 vero
2318 1174 2499 1226 anima
2533 1175 2729 1227 oil'erat
2756 1189 2972 1234 munus,
3012 1177 3254 1230 similam
3279 1177 3501 1235 oﬁ'erret
3547 1197 3610 1234 ex
3647 1182 3749 1236 cli-

2160 1264 2324 1329 bauo,
2364 1265 2415 1319 id
2444 1273 2530 1319 est
2565 1279 2732 1335 panes
2769 1281 2832 1320 ex
2888 1267 3068 1320 simila
3115 1284 3358 1339 azymos,
3385 1282 3478 1325 aut
3511 1275 3742 1330 similam

2157 1354 2281 1408 oleo
2321 1370 2672 1424 conspersam
2720 1371 2784 1410 ex
2833 1358 3113 1426 sartagine
3141 1360 3227 1413 vel
3256 1363 3418 1414 etiam
3449 1364 3739 1419 craticula.

2157 1443 2216 1496 Si
2248 1454 2432 1498 autem
2469 1444 2804 1499 sacriﬁcium
2857 1444 3050 1499 offerat
3099 1449 3486 1519 primitiarum,
3529 1457 3594 1508 de
3631 1459 3742 1525 pri-

2155 1536 2325 1590 mitiis
2360 1537 2574 1606 frugum
2603 1537 2743 1606 (l9),
2781 1546 2840 1590 ut
2880 1539 3058 1592 simila
3087 1541 3156 1594 sit
3201 1557 3411 1608 recens,
3455 1545 3505 1598 id
3537 1557 3620 1600 est
3643 1563 3741 1601 no-

2154 1642 2242 1692 va,
2280 1628 2390 1697 igni
2424 1644 2642 1700 quoque
2668 1645 2788 1682 eam
2818 1631 3009 1683 torreri
3042 1631 3174 1695 vult,
3208 1643 3261 1686 et
3289 1635 3468 1689 medio
3504 1636 3732 1692 fractam

2149 1731 2290 1784 esse,
2322 1733 2392 1772 ne
2420 1720 2651 1774 multum
2679 1720 3007 1774 minutatum
3035 1723 3132 1786 sit,
3164 1726 3288 1793 quia
3313 1726 3565 1796 primitias
3582 1741 3730 1801 sunt,

466 1823 584 1879 Non
619 1828 764 1884 enim
799 1830 1038 1887 scienter
1066 1809 1205 1906 (l5),
1235 1853 1334 1893 nec
1360 1843 1659 1900 secundum
1707 1809 2044 1920 ιεεὲῆιῖιὶὲῖέ
2079 1818 2118 1872 Β
2149 1818 2202 1863 ει
2225 1809 2361 1864 bene
2390 1821 2619 1880 purgata
2647 1813 2738 1867 δὴ
2766 1812 3208 1920 ΟΙΘΪΨῘῙΠΟἯΙΕ
3237 1827 3288 1871 θ.
3320 1820 3444 1920 “mi
3465 1833 3522 1876 ω
3556 1825 3730 1920 ἱωνοέ

464 1916 519 1973 in
566 1933 664 1974 ore
706 1922 1013 1979 sacerdotis
1055 1935 1138 1984 est
1182 1917 1440 1998 oﬁ‘erunt,
1495 1935 1592 1991 sed
1640 1949 1771 1993 sunt
1819 1916 2042 2009 quidem

461 2012 601 2066 casti
635 2026 886 2084 corpore,
928 2020 1112 2077 animo
1179 2034 1360 2080 autem
1421 2030 1780 2090 inveniuntur
1825 2038 2038 2098 incesti.

462 2101 575 2158 Aut
611 2103 760 2160 enim
804 2105 993 2175 gloria:
1043 2111 1290 2170 humanae
1341 2122 1788 2192 concupiscentia
1853 2144 2040 2184 macu-

461 2187 664 2258 lantur,
685 2205 779 2249 aut
807 2199 1103 2268 cupiditate
1132 2209 1380 2264 avaritiae
1403 2187 1743 2282 polluuntur,
1774 2229 1870 2274 aut
1900 2221 2039 2278 invi-

456 2280 561 2337 dia:
593 2300 658 2340 ac
699 2287 886 2345 livoris
931 2292 1252 2354 infelicitate
1289 2303 1637 2374 sordescunt,
1679 2309 1763 2365 vel
1799 2310 2036 2370 furentis

452 2375 566 2432 odii
608 2385 662 2434 et
709 2379 803 2437 irae
838 2383 1180 2446 immanitate
1230 2404 1520 2450 vexantur.
1549 2399 1872 2472 Quicunque
1903 2421 2034 2477 ergo

454 2465 591 2524 tales
612 2479 761 2535 sunt,
797 2473 926 2530 licet
957 2492 1185 2550 corpore
1216 2483 1353 2540 casti
1381 2485 1512 2553 sint,
1542 2500 1722 2548 tamen
1764 2512 1867 2570 non
1901 2465 2034 2555 atie-

453 2569 582 2614 runt
611 2559 925 2622 holocausta
953 2583 1050 2624 sua
1085 2587 1182 2640 per
1209 2593 1400 2635 manus
1434 2594 1488 2638 et
1515 2567 1879 2643 ministerium
1914 2591 2026 2662 (l4)

449 2649 777 2710 sacerdotis.
812 2655 930 2711 Non
967 2669 1052 2715 est
1077 2664 1229 2719 enim
1271 2669 1322 2722 in
1353 2671 1432 2726 eis
1467 2675 1778 2741 consilium,
1814 2688 1869 2733 et
1895 2697 2026 2748 pru-

448 2737 655 2808 dentia,
700 2761 823 2816 quae
869 2754 1179 2813 sacerdotio
1218 2758 1465 2831 fungitur
1494 2770 1632 2834 apud
1683 2737 1850 2824 Deum
1885 2737 1907 2824 ι·
1928 2774 2024 2827 sed

446 2843 571 2889 sunt
600 2850 666 2890 ex
713 2839 821 2896 illis
857 2845 1100 2917 quinque
1140 2850 1446 2923 virginibus
1472 2859 1676 2926 stultis,
1707 2878 1830 2932 qua:
1858 2865 2025 2935 virgi-

442 2935 540 2977 nes
584 2928 804 2995 quidem
849 2931 1091 3002 l'uerunt,
1119 2949 1175 2995 et
1204 2943 1511 3000 castitatem
1548 2928 1794 3019 corporis
1831 2969 2018 3010 serva-

441 3028 656 3083 verunt,
689 3021 867 3081 oleum
912 3040 1092 3088 autem
1143 3035 1452 3104 charitatis,
1480 3053 1535 3098 et
1571 3047 1744 3111 pacis,
1785 3058 1840 3102 et
1891 3053 2022 3106 reli-

437 3121 669 3176 quarum
693 3116 977 3185 virtutum,
1008 3124 1060 3178 in
1083 3129 1231 3184 vasis
1257 3131 1371 3186 suis
1405 3136 1640 3192 condere
1677 3143 1988 3200 nescierunt

436 3211 494 3254 et
528 3203 728 3264 idcirco
759 3213 993 3271 exclusa;
1033 3230 1162 3275 sunt
1201 3239 1229 3276 a
1265 3226 1504 3284 thalamo
1549 3234 1736 3300 sponsi
1756 3235 1800 3265 "
1829 3253 1841 3290 :
1875 3251 2014 3306 quo-

433 3291 576 3348 niam
621 3299 738 3356 sola
768 3305 954 3361 carnis
980 3312 1319 3370 continentia
1357 3320 1425 3376 ad
1463 3321 1638 3378 altare
1670 3325 2010 3384 Dominicum

432 3397 539 3438 non
585 3397 766 3454 potest
813 3399 1124 3466 pervenire,
1159 3405 1202 3458 si
1237 3407 1463 3476 reliquis
1502 3413 1798 3474 virtutibus
1831 3429 1886 3474 et
1924 3436 2013 3477 sa-

429 3476 804 3538 cerdotalibus
837 3488 1150 3550 ministeriis
1185 3496 1491 3557 deseratur.
1524 3503 1587 3557 Et
1619 3506 1740 3562 ideo
1779 3511 1870 3578 qui
1896 3476 2010 3568 tunc

427 3565 653 3638 legimus
691 3573 775 3630 vel
806 3579 1084 3646 audimus,
1113 3585 1166 3638 in
1203 3597 1494 3662 utramque
1528 3607 1742 3664 partem
1782 3565 2004 3672 operam

425 3656 617 3722 demus
637 3660 772 3734 (l5),
806 3669 942 3722 casti
972 3685 1093 3728 esse
1123 3692 1374 3747 corpore,
1405 3656 1537 3742 recti
1577 3698 1776 3757 mente,
1819 3656 2005 3752 inundi

423 3749 612 3814 corde,
646 3757 891 3814 moribus
942 3767 1234 3831 emendati,
1291 3774 1557 3843 proﬁcere
1613 3779 1667 3834 in
1721 3785 2002 3852 operibus,

420 3840 651 3910 vigilare
691 3847 746 3901 in
781 3850 1032 3920 scientia,
1065 3857 1190 3924 ﬁde,
1221 3840 1558 3934 etiactibus,
1590 3840 1783 3939 gestis,
1830 3885 1884 3930 et
1919 3878 2003 3933 in-

423 3933 729 3994 tellectibus
762 3954 884 3995 esse
910 3947 1165 4017 perfecti,
1187 3962 1245 4007 ut
1274 3955 1342 4010 ad
1367 3933 1780 4018 similitudinem
1807 3965 2000 4025 hostiae

418 4022 620 4080 Christi
651 4030 981 4090 conformari
1009 4053 1337 4111 mereamur,
1373 4062 1471 4115 per
1495 4049 1671 4119 ipsum
1700 4052 1991 4112 Dominum

417 4124 664 4176 nostrum
689 4120 873 4178 Jesum
902 4125 1177 4186 Christum
1209 4135 1343 4210 (l6),
1378 4152 1475 4207 per
1509 4155 1667 4209 quem
1701 4143 1810 4200 Deo
1841 4144 1990 4204 Patri

414 4210 769 4281 omnipotenti
798 4232 922 4274 cum
954 4221 1161 4292 Spiritu
1202 4239 1393 4284 sancto
1419 4241 1506 4286 est
1531 4233 1701 4303 gloria
1734 4248 1789 4292 et
1821 4239 1992 4311 impe-

412 4298 552 4359 rium
579 4303 633 4360 in
662 4309 860 4366 saecula
891 4317 1237 4374 saeculorum.
1263 4323 1461 4381 Amen.

1007 4447 1289 4506 HOMlLlA
1328 4454 1393 4510 ll.

299 4599 308 4608 .
405 4544 482 4605 De
507 4550 893 4689 sacriﬁciorum
919 4559 1048 4626 ritu,
1074 4564 1175 4616 hoc
1196 4575 1275 4618 est
1306 4569 1371 4621 de
1394 4576 1698 4630 muneribus
1724 4589 1772 4631 et
1808 4585 1978 4635 sacri-

470 4617 606 4689 ﬁciis
663 4622 746 4689 ΓΙ)
777 4630 1124 4689 salutaribus.
1148 4645 1197 4686 et
1224 4652 1316 4689 nro
1343 4645 1567 4689 vacantis
1589 4662 1607 4689 _-
1638 4658 1684 4689 ρι
1714 4655 1975 4689 ηηηιυηΑη

470 4617 746 4717 ﬁgis'ﬂ'l)
775 4617 1124 4717 sqlutart'bus,
1148 4617 1567 4706 etipror
1583 4617 1697 4710 '53;
1714 4617 1975 4717 quomodo

473 4687 902 4761 offer-(pontifex
935 4714 1031 4766 pro
1067 4687 1302 4770 perculta,
1331 4687 1566 4776 “et.
1588 4687 1972 4786 'pFUEELZZ

2149 1910 2348 1955 nantur
2393 1917 2555 1972 super
2608 1918 2771 1970 eam,
2836 1914 2890 1959 et
2942 1904 3027 1959 sic
3083 1907 3361 1966 olleratur.
3413 1913 3480 1966 At
3526 1930 3654 1970 vero
3684 1919 3728 1971 si

2145 1993 2266 2060 quis
2297 1992 2411 2063 (20)
2441 1994 2636 2050 oﬁerat
2657 1995 2996 2050 sacrificium
3043 2002 3302 2069 salutare,
3339 2020 3402 2058 ex
3442 2005 3616 2061 bobus
3645 2009 3728 2075 jn-

2144 2085 2302 2138 betur
2330 2085 2553 2154 otterre,
2592 2089 2675 2142 vel
2731 2089 2892 2143 etiam
2931 2105 2997 2142 ex
3040 2094 3233 2147 ovibus
3275 2096 3390 2150 sive
3439 2101 3641 2167 capris.
3672 2110 3724 2153 et

2140 2176 2384 2245 exceptis
2416 2178 2500 2231 his
2533 2178 2737 2233 nullum
2770 2171 2917 2235 aliud
2951 2184 3210 2238 sacriﬁcii
3242 2201 3412 2254 genus
3434 2189 3722 2244 substitui-

2143 2277 2232 2320 tur
2276 2266 2328 2320 in
2380 2267 2706 2324 salutaribus
2755 2272 2970 2328 hostiis.
3008 2274 3144 2328 Nam
3185 2292 3283 2344 pro
3331 2283 3572 2346 peccatis
3608 2298 3716 2335 non

2075 2407 2081 2412 .
2136 2357 2463 2411 voluntariis
2496 2359 2631 2430 (2t),
2664 2362 2996 2431 generaliter
3037 2367 3256 2433 quidem
3285 2370 3466 2422 anima
3491 2372 3714 2440 jubetur

2137 2447 2358 2513 offerre,
2390 2460 2446 2505 et
2486 2459 2606 2520 post
2650 2452 2768 2508 haec
2820 2469 2920 2524 per
2965 2456 3210 2512 diversas
3254 2461 3381 2526 itur,
3418 2466 3709 2536 variasque

2132 2555 2514 2611 personaszet
2566 2547 2813 2617 jubetur,
2861 2550 2907 2604 si
2955 2551 3176 2620 quidem
3225 2556 3474 2624 pontifex
3503 2560 3575 2613 sit
3614 2562 3706 2629 qui

2131 2634 2380 2706 deliquit,
2410 2647 2462 2692 et
2494 2637 2653 2693 oﬁ'ert
2685 2640 3017 2696 sacriﬁcium
3063 2659 3164 2713 pro
3207 2660 3450 2716 peccato,
3480 2662 3538 2706 ut
3572 2653 3712 2706 vitu-

2131 2726 2240 2780 lum
2290 2729 2342 2782 in
2398 2729 2778 2786 holocaustum
2811 2731 3027 2800 oﬁ'erat,
3061 2737 3155 2791 sed
3189 2753 3294 2793 non
3343 2757 3408 2795 eo
3439 2745 3571 2809 ritu,
3599 2761 3711 2814 quo

2127 2819 2279 2873 illum
2314 2836 2412 2889 pro
2442 2838 2667 2878 munere
2689 2826 2903 2880 obtulit.
2925 2828 2997 2883 De
3026 2829 3130 2884 hoe
3162 2832 3306 2884 enim
3343 2841 3547 2887 tantum
3584 2837 3702 2888 adi-

2129 2921 2246 2975 pes,
2281 2921 2336 2962 et
2373 2909 2510 2965 duos
2560 2927 2717 2967 renes
2750 2929 2874 2968 cum
2939 2917 3187 2986 adipibus
3226 2921 3360 2987 suis,
3401 2934 3453 2975 et
3488 2924 3704 2993 adipem

2123 3001 2212 3066 qui
2243 3001 2376 3070 tegit
2406 3003 2691 3069 interiora,
2719 3005 2958 3076 imponet
2998 3024 3165 3078 super
3215 3012 3385 3069 altare
3439 3015 3700 3070 holocau~

2121 3099 2353 3146 storum.
2410 3093 2484 3149 De
2528 3098 2807 3166 sanguine
2835 3114 3054 3168 quoque
3102 3101 3220 3168 ejus
3259 3105 3534 3176 intingens
3560 3108 3702 3180 digi-

2636 3154 2666 3166 υ
2851 3154 2869 3168 .
2965 3154 2978 3168 .
3113 3154 3216 3168 τη
3259 3154 3534 3176 "mro-..—
3563 3154 3669 3180 ωδ.

1995 3192 2012 3212 ’
2042 3154 2085 3212 C
2120 3189 2233 3237 tum
2282 3198 2461 3250 suum,
2519 3190 2784 3261 respergit
2832 3191 3036 3258 septies
3082 3204 3270 3248 contra
3307 3197 3615 3264 Dominum,
3643 3212 3699 3254 et

2117 3271 2239 3325 linit
2275 3288 2339 3327 es
2373 3288 2440 3327 eo
2475 3291 2680 3330 cornua
2720 3277 2912 3334 altaris
2966 3283 3196 3338 incensi.
3227 3284 3469 3341 Caeteras
3517 3302 3696 3344 autent

2117 3377 2314 3417 carnes
2349 3380 2470 3418 cum
2515 3365 2686 3432 corio,
2712 3379 2766 3422 et
2808 3371 3125 3434 interaneis,
3153 3385 3208 3430 et
3247 3386 3490 3432 stercore
3536 3394 3692 3451 extra

2115 3466 2296 3509 castra
2325 3457 2436 3526 igni
2459 3461 2695 3513 cremari
2715 3461 2871 3529 jubet
2909 3464 2960 3516 in
2990 3467 3108 3522 loco
3133 3471 3352 3524 mundo.
3380 3470 3692 3526 Observan-

2111 3545 2240 3599 dum
2267 3560 2397 3602 sane
2428 3558 2533 3617 est,
2563 3551 2708 3619 quod
2746 3552 2797 3604 in
2834 3567 3057 3621 peccato
3089 3561 3362 3627 pontilicis
3393 3580 3496 3617 non
3531 3565 3687 3618 addi-

2110 3636 2188 3689 dit
2217 3637 2513 3708 legislator,
2546 3644 2670 3710 quia
2696 3660 2792 3714 per
2817 3646 3205 3715 ignorantiam,
3241 3663 3336 3707 aut
3360 3670 3464 3708 non
3497 3657 3684 3711 volun-

2109 3736 2222 3781 tate
2253 3732 2587 3797 peccaverit.
2623 3733 2808 3804 Neque
2840 3739 2986 3792 enim
3012 3741 3211 3797 cadere
3245 3744 3556 3811 ignorantia
3586 3763 3680 3817 po-

2111 3828 2215 3873 test
2247 3821 2361 3891 (22)
2396 3822 2448 3876 in
2496 3839 2642 3890 enin,
2684 3827 2774 3894 qui
2819 3837 2874 3880 ut
2929 3840 3156 3887 caeteros
3214 3838 3455 3900 doceret,
3496 3856 3687 3908 prove-

2115 3917 2234 3964 ctus
2260 3921 2362 3965 est.
2393 3913 2447 3967 Si
2480 3924 2660 3970 autem
2697 3917 2864 3970 totius
2914 3917 3216 3993 Synagogae
3246 3939 3533 3994 peccatum
3570 3929 3684 3985 ﬁte-

2101 4001 2191 4065 rit,
2223 4003 2452 4058 vitulum
2480 4006 2836 4063 nihilominus
2869 4010 2921 4063 in
2969 4013 3346 4072 holocaustum
3389 4018 3676 4091 Synagoga

2089 4089 2314 4157 jubetur
2337 4092 2559 4148 oﬁerre.
2588 4095 2693 4152 Sed
2727 4099 2778 4151 in
2807 4111 3028 4169 peccato
3052 4105 3353 4178 Syuagogze
3375 4089 3572 4164 dicitur
3586 4089 3634 4142 δέ
3660 4151 3675 4164 .

2099 4200 2117 4233 ι
2144 4181 2200 4236 Si
2235 4184 2591 4253 ignoraverit,
2617 4199 2670 4243 et
2702 4191 2925 4246 latuerit
2957 4196 3182 4252 verbum
3207 4201 3275 4254 ab
3306 4201 3481 4254 oculis
3506 4201 3676 4274 Syna-

2090 4287 2262 4344 εοεαε,
2297 4283 2351 4329 et
2382 4276 2574 4334 fecerit
2599 4298 2767 4338 ttnum
2803 4282 2872 4338 ab
2902 4289 3160 4343 erunibus
3191 4292 3463 4347 mandatis
3495 4295 3678 4349 Domi-

2091 4365 2168 4428 Ιιίν
2204 4368 2352 4435 quod
2395 4384 2504 4424 non
2554 4372 2666 4430 ﬁet.
2701 4395 2721 4428 ι
2773 4377 2926 4434 Unde
2965 4391 3191 4449 apparet
3235 4384 3396 4435 etiam
3452 4400 3672 4438 omnem

2092 4453 2433 4530 Synagogam
2457 4477 2615 4531 posse
2646 4467 2963 4537 delinquere
2984 4486 3079 4540 per
3107 4472 3495 4540 ignorantiam.
3519 4476 3674 4541 Quod

2088 4555 2142 4600 et
2186 4547 2448 4606 Dominus
2489 4555 2778 4610 conﬁrmat
2810 4560 2861 4612 in
2894 4559 3206 4630 Evangeliis
3240 4577 3363 4616 cum
3408 4564 3540 4618 dicit
3572 4564 3616 4598 ‘9
3649 4583 3663 4619 :

2090 4653 2109 4686 ‹
2131 4637 2312 4705 Pater,
2333 4643 2548 4698 remitte
2572 4645 2699 4710 illis,
2722 4664 2826 4702 non
2855 4652 3002 4706 enim
3027 4652 3212 4708 sciunt
3240 4655 3371 4724 quid
3398 4655 3662 4710 faciunt.»

2083 4726 2236 4794 Quod
2264 4731 2307 4786 si
2342 4733 2595 4806 princeps
2626 4737 2794 4794 fuerit
2823 4742 2916 4812 qui
2945 4741 3107 4798 offert
3143 4744 3381 4802 hostiam
3415 4763 3515 4819 pro
3547 4765 3670 4820 peo-

466 4864 510 4911 -.“
541 4865 696 4924 Rom.
734 4886 833 4936 xu,
864 4875 918 4929 l.
986 4877 1030 4910 ⁵⁷
1058 4877 1252 4937 Matth.
1282 4900 1411 4940 xxv.
1483 4888 1530 4922 "'
1555 4891 1733 4949 Levit.
1769 4913 1851 4961 ιν,
1882 4899 1939 4954 5.
2015 4904 2029 4938 ⁴

2119 4921 2218 4961 .uc.
2245 4922 2410 4974 xxiii,
2438 4911 2529 4968 54.

796 5049 1108 5122 Sangerm.,
1174 5062 1526 5122 «scienter.»
1585 5067 1743 5128 Libb.
1808 5077 1966 5142 editi,

388 5131 409 5167 ι
431 5128 687 5174 serentes.
716 5138 734 5170 ι

388 5185 752 5280 κιῇῌὲξᾼῌειιι
775 5206 904 5258 ms.,
938 5212 958 5247 ι
981 5197 1370 5264 ministerium.
1399 5225 1418 5258 ι
1455 5207 1609 5265 Libb.
1637 5213 1790 5280 editi,
1816 5233 1834 5266 ι
1859 5217 1962 5270 ιιιί-

383 5265 630 5312 nisteria.
653 5277 673 5312 ι

398 5392 414 5403 _
452 5326 570 5403 μδ)
593 5329 801 5386 Omnes
841 5347 1002 5403 mss.,

381 5392 572 5451 debent
583 5414 666 5454 us.
692 5419 711 5452 ι

595 5468 889 5561 Εήτξῇιειηι.
927 5477 1088 5561 Deest
1117 5483 1186 5561 in_
1212 5487 1926 5561 codiceSangermanensi.

450 5533 562 5624 ςιι)
593 5539 648 5624 ln
705 5542 840 5624 libb.
891 5533 1271 5624 apte’i‘eiiitis”
1283 5533 1962 5624 “seruitia?$312233-

380 5603 585 5728 ﬁcii?)
621 5610 718 5664 sed
768 5603 1049 5682 reperitur
1096 5603 1660 5686 iit—icoddfG'enieti’c.
1789 5603 1962 5692 εειῖιό-

377 5689 496 5728 men
534 5692 569 5728 I.

457 5743 569 5816 (l8)
593 5745 750 5810 Libb.
776 5764 935 5810 antea
967 5759 1120 5831 editi,
1157 5782 1177 5817 ι
1200 5764 1393 5822 oﬁ‘crat
1425 5785 1489 5826 ex
1524 5774 1872 5844 animalibus,
1911 5779 1961 5834 id

1047 5357 1066 5391 ι
1089 5340 1299 5402 demus.
1323 5366 1342 5400 ι
1386 5346 1547 5406 Libb.
1587 5353 1742 5420 editi,
1782 5374 1801 5410 ε
1829 5357 1961 5414 dare

2079 5080 2301 5166 oﬂ‘erret
2343 5101 2410 5144 ex
2461 5087 2653 5159 bobus,
2679 5110 2700 5145 ι
2747 5095 2842 5150 sed
2885 5111 3078 5154 omnes
3123 5117 3257 5158 mss.
3294 5111 3353 5159 ut
3379 5105 3432 5160 in
3470 5119 3658 5166 nostro

2448 5228 2767 5304 _Sangerm.,
2799 5253 2818 5287 ι
2845 5235 2912 5289 de
2932 5238 3122 5304 primis
3155 5242 3446 5300 fructibus.
3473 5265 3492 5298 ι
3518 5247 3650 5304 Cod.

2068 5292 2360 5377 fielttet‘iC?
2396 5300 2493 5354 ule
2523 5292 2714 5377 primis
2751 5292 2996 5377 frugibus
3031 5292 3399 5377 id
3417 5292 3648 5369 simila;

2068 5363 2201 5449 (loti.
2238 5363 2538 5449 thiotltqni
2563 5373 2629 5426 de
2665 5363 3126 5449 pl'intigtt'ttgilitts

2064 5434 2258 5523 ψει...)
2295 5436 2460 5523 God.“
2478 5434 2792 5511 Beccensis,
2831 5464 2850 5497 ι
2877 5447 2942 5502 de
2969 5434 3166 5516 primis
3477 5434 3543 5508 ut.

2063 5501 2203 5555 ferat
2234 5506 2286 5559 in
2316 5509 2518 5564 simila.
2548 5531 2566 5564 ι

2135 5573 2248 5654 (20)
2281 5576 2413 5635 Cod.
2446 5579 2760 5656 Sangornn,
2795 5604 2812 5637 ι
2841 5597 2894 5640 et
2924 5588 3001 5642 sic
3039 5588 3309 5647 oﬁ'eratur
3339 5610 3366 5648 a
3397 5594 3533 5650 viro.
3581 5595 3641 5652 Si

2105 5658 2205 5697 ills.
2232 5664 2250 5694 ι

2063 5658 2096 5710 q
2137 5713 2245 5778 (Ἦ)
2281 5714 2443 5782 ltlcm,
2476 5738 2493 5769 ι
2520 5736 2622 5774 non
2653 5725 2824 5778 solum
2861 5728 3196 5784 voluntariis.
3228 5751 3244 5782 ι

2139 5785 2250 5852 (2:!)
2285 5786 2450 5852 ldcnt,
2487 5809 2503 5840 t
2531 5803 2725 5858 potest.
2757 5813 2774 5846 ι
2812 5794 2970 5852 Libb.
3006 5801 3158 5865 editi,
3191 5820 3208 5852 ι
3232 5810 3464 5872 poterat.
3490 5823 3511 5858 ι
