4110 6470
336 461 444 514 U3

1512 451 1577 504 IN
1621 447 2002 506 LEVl'l'lCUM
2045 447 2328 504 HOMIIJA
2363 445 2424 501 Il.

3486 441 3592 495 4M

329 587 488 639 cato,
523 577 734 630 hircum
769 591 837 628 ex
873 576 1052 645 capris
1075 577 1297 646 iubetur
1338 573 1556 638 oﬁerre,
1613 589 1718 627 non
1768 571 1916 626 holo-
1947 576 1990 631 Α
2025 569 2162 622 ritus
2217 567 2334 623 Dei.
2371 563 2614 619 Stultitia
2645 563 2792 617 enim
2823 571 2902 615 est
2934 561 3034 627 illi,
3071 570 3126 614 et
3156 574 3258 613 non
3302 567 3470 628 potest
3507 560 3592 614 in-

337 677 613 731 caustnm,
645 667 741 720 sed
778 677 981 720 tantum
1021 677 1081 721 ut
1126 667 1194 722 de
1228 669 1494 737 sanguine
1527 665 1644 734 ejus
1677 666 1920 732 imponat

338 758 608 812 sacerdos
639 772 804 826 super
830 760 1020 823 altare,
1057 766 1111 812 et
1142 773 1357 811 omnem
1390 759 1604 822 adipem
1632 757 1746 823 eius
1787 754 1919 807 olfe-

339 858 430 902 rat
467 849 518 901 in
553 847 713 900 altari
744 865 758 901 :
788 848 1056 915 reliquum
1093 859 1272 902 autem
1315 849 1690 902 sacerdotibus
1739 861 1919 898 rema—

340 950 470 992 neat
504 937 618 1010 (25)
648 938 713 991 ad
744 940 1039 1004 edendum,
1075 941 1338 1009 sanguine
1372 947 1582 993 tantum
1630 940 1694 991 ad
1743 939 1914 992 basim

339 1031 534 1084 altaris
567 1027 758 1083 eﬁ'uso.
799 1031 854 1084 Si
889 1047 1018 1086 vero
1063 1033 1244 1085 anima
1309 1033 1495 1094 fuerit,
1555 1033 1748 1098 inquit,
1812 1048 1916 1084 una

338 1136 464 1188 quae
496 1119 656 1174 oll‘ert
694 1136 790 1188 pro
841 1131 1090 1188 peccato,
1123 1137 1346 1190 capram
1385 1124 1640 1176 feminam
1676 1121 1870 1175 oll‘erat
1901 1139 1914 1174 :

341 1211 450 1262 ritu
490 1209 699 1264 scilicet
745 1211 959 1273 eodem,
988 1227 1096 1279 quo
1135 1213 1346 1266 hircum
1390 1213 1640 1280 superius
1682 1212 1919 1266 diximus

339 1301 681 1354 immolatum
711 1321 724 1355 :
756 1321 774 1353 ι
806 1301 958 1368 Quod
992 1305 1036 1356 si
1080 1319 1184 1358 non
1231 1305 1475 1368 valuerit,
1503 1305 1759 1373 inquit“,
1805 1319 1918 1355 ma-

341 1403 449 1440 nus
474 1388 592 1455 ejus
620 1409 638 1440 ι
671 1390 737 1443 ad
763 1405 1008 1458 capram,
1036 1393 1120 1446 vel
1148 1393 1213 1445 ad
1235 1407 1450 1459 agnum,
1481 1411 1500 1444 ι
1525 1410 1624 1461 par
1647 1403 1914 1447 turturum

338 1478 562 1547 oﬁ‘eret,
588 1491 681 1534 aut
703 1482 837 1535 duos
863 1482 1041 1550 pullos
1075 1483 1472 1537 columbarum.
1506 1504 1524 1534 ι
1559 1485 1712 1548 Quod
1743 1486 1784 1537 si
1818 1498 1917 1536 nec

340 1566 446 1620 hoc
484 1566 752 1634 inveniet,
788 1570 1056 1623 decimam
1107 1579 1318 1640 partem
1350 1573 1473 1636 ephi
1509 1573 1621 1641 (9.4)
1655 1573 1916 1641 similagi-

338 1659 427 1712 nis
467 1659 588 1712 sine
619 1659 737 1714 oleo
773 1669 826 1714 et
872 1661 990 1715 sine
1019 1660 1182 1717 thure
1214 1664 1508 1716 mandatur
1540 1663 1755 1717 oﬁerre.
1793 1663 1916 1720 llzrc

338 1747 561 1814 quidem
603 1749 759 1803 nobis
791 1747 1004 1819 singula
1039 1745 1209 1818 priori
1242 1750 1475 1804 lectione
1503 1753 1726 1805 recitata
1764 1763 1912 1816 sunt,

342 1853 532 1890 verum
571 1839 886 1908 explanatio
915 1855 1132 1906 eorum,
1166 1842 1425 1911 quoniam
1459 1853 1698 1912 tempore
1728 1845 1915 1898 exclu-

2023 658 2288 724 telligere,
2315 655 2440 724 quia
2463 651 2788 722 spiritaliter
2811 650 3164 718 diiudicatur.
3192 647 3468 716 Spit-italis
3490 663 3590 702 au-

2022 759 2129 802 tem
2159 744 2662 802 examinatomnia.
2686 760 2705 793 ο
2729 741 2832 795 Iste
2856 755 2985 808 ergo
3008 741 3097 809 qui
3126 739 3304 792 anima
3339 739 3588 793 nomina-

2021 850 2128 903 tur,
2163 855 2266 894 non
2297 846 2470 907 potest
2508 834 2704 889 olTerre
2741 833 2943 898 omnia,
2979 834 3103 901 quia
3131 834 3445 886 examinare
3476 847 3584 885 non
3618 889 3620 891 ,

2023 931 2183 1000 189
2211 939 2387 998 potest
2429 929 2650 981 omnia:
2687 927 2779 978 sed
2832 923 2990 978 olTert
3036 925 3206 977 solam
3255 924 3486 977 similam
3527 931 3587 977 et

2018 1039 2184 1093 panes
2229 1037 2450 1092 azymos
2479 1062 2492 1083 ,
2530 1021 2580 1075 id
2635 1027 2756 1082 est,
2804 1031 3144 1071 communem
3199 1017 3338 1072 hanc
3387 1017 3584 1080 vitam,

2019 1117 2166 1169 verbi
2202 1117 2396 1184 gratia,
2439 1115 2491 1166 in
2537 1111 2887 1182 agricultura,
2924 1118 3016 1162 aut
3045 1109 3099 1162 itt
3138 1107 3462 1174 navigando,
3494 1115 3587 1160 aut

2020 1209 2070 1262 in
2114 1207 2384 1277 aliquibus
2411 1204 2716 1259 communis
2755 1203 2881 1255 vita:
2917 1201 3102 1253 usibus
3146 1200 3396 1268 positam,
3433 1197 3591 1252 oﬁ‘ert

2018 1313 2198 1354 tamen
2229 1298 2396 1352 etiam
2434 1298 2548 1364 ipse
2581 1309 2777 1347 munus
2809 1291 2920 1362 (9.7)
2958 1292 3064 1346 Deo
3097 1330 3112 1349 .
3161 1289 3288 1344 licet
3318 1289 3486 1343 solam
3515 1290 3590 1342 si-

2019 1393 2200 1445 milam
2252 1391 2464 1442 dicatur
2505 1385 2701 1440 oﬁerre
2768 1384 2885 1437 oleo
2950 1391 3159 1435 tantum
3211 1395 3587 1450 conspersam.

2017 1484 2205 1540 Omnis
2231 1482 2374 1536 enim
2421 1479 2599 1531 anima
2652 1484 2773 1545 eget
2799 1475 2919 1528 oleo
2948 1474 3145 1527 divinae
3176 1474 3586 1534 misericordia,

2020 1589 2119 1628 nec
2149 1581 2470 1640 pra-sentem
2501 1572 2660 1624 vitam
2692 1570 2928 1623 evadere
2955 1567 3222 1636 quispiam
3260 1574 3457 1635 potest,
3487 1565 3589 1619 nisi

2017 1667 2065 1719 ei
2113 1665 2288 1718 oleum
2342 1663 2578 1718 caelestis
2615 1658 2982 1715 miserationis
3033 1656 3286 1712 adfuerit.
3339 1657 3591 1711 Secundo

2019 1759 2070 1811 in
2105 1758 2240 1816 loco.
2277 1755 2664 1822 primitiarum,
2700 1753 2750 1805 id
2780 1758 2863 1806 est
2893 1753 2958 1804 de
2993 1749 3163 1802 initiis
3190 1748 3398 1818 frugum
3439 1765 3592 1801 man~

2018 1852 2177 1903 datur
2205 1848 2430 1902 oblatio.
2481 1846 2635 1910 Quod
2665 1886 2680 1909 ,
2725 1844 2770 1896 si
2823 1842 2959 1895 bene
3009 1841 3366 1906 meministis,
3403 1841 3453 1893 in
3501 1843 3591 1893 die

346 1929 632 1996 debamur,
664 1932 866 1987 omissa
903 1942 1008 1998 est,
1038 1933 1106 1987 de
1135 1948 1239 2001 qua
1272 1948 1414 1987 nunc
1451 1936 1636 2002 paucis
1667 1949 1912 1988 commo-
1949 1922 1989 1975 Β
2019 1939 2369 1992 Pentecostes
2400 1935 2513 1990 ﬁeri
2551 1933 2636 1988 lex
2666 1929 2840 2000 jubet.
2863 1930 2918 1982 lu
2947 1942 3054 1996 quo
3084 1926 3189 1980 illis
3217 1926 3372 1995 plane
3399 1927 3589 1980 umbra

351 2033 472 2072 nere
501 2022 779 2076 studiosos
807 2037 1074 2093 quosque,
1117 2035 1172 2078 et
1216 2039 1312 2078 eos
1358 2026 1447 2093 qui
1477 2026 1640 2079 etiam
1674 2025 1914 2094 praeteri-

345 2117 520 2163 tarum
569 2113 918 2168 meminerint
944 2114 1259 2180 lectionum,
1293 2115 1584 2169 absurdum
1618 2133 1725 2170 non
1759 2125 1909 2184 puto,

341 2215 657 2270 quanquam
699 2203 766 2256 ad
801 2219 866 2257 ea
893 2219 1014 2274 qua}
1063 2221 1239 2275 nuper
1280 2207 1503 2260 recitata
1540 2217 1685 2274 sunt,
1719 2224 1912 2278 urgea-

338 2306 486 2344 mur.

410 2382 468 2435 ἓ.
512 2383 579 2437 Ει
609 2386 787 2454 primo
827 2387 986 2440 velim
1033 2389 1221 2442 videre
1261 2402 1382 2456 qua:
1415 2388 1482 2442 sit
1531 2389 1630 2442 ista
1660 2388 1910 2443 diﬁ‘eren-

342 2474 442 2538 tia,
478 2476 622 2544 quod
665 2477 770 2530 alia
819 2478 1039 2547 quidem
1073 2480 1350 2534 hominem
1391 2481 1520 2534 dicit
1558 2480 1776 2543 oﬁ‘erre,
1806 2481 1908 2534 alia

339 2566 607 2632 animam,
662 2570 763 2622 alia
817 2572 1149 2639 pontiﬁcem,
1200 2573 1309 2632 alia
1367 2571 1744 2642 Synagogam,
1808 2573 1910 2625 alia

341 2657 672 2734 principem,
702 2660 805 2714 alia
840 2678 1000 2717 unam
1036 2664 1271 2718 animam
1296 2678 1362 2717 ex
1410 2665 1604 2731 pOpulo
1640 2675 1818 2717 terrm.
1847 2665 1912 2718 Et

341 2757 475 2814 puto
508 2751 728 2819 quidem
765 2755 1040 2809 hominem
1087 2757 1241 2811 illum
1287 2757 1485 2811 debere
1534 2757 1784 2827 intelligi,
1817 2758 1912 2825 qui

343 2841 415 2894 ad
453 2841 742 2912 imaginem
778 2855 830 2899 et
868 2847 1278 2903 similitudinem
1310 2849 1402 2902 Dei
1437 2847 1637 2912 lactus,
1667 2853 1911 2903 ratione-

341 2929 528 2986 biliter
567 2933 719 2990 vivit.
757 2935 856 2990 Hic
894 2951 1026 2990 vero
1059 2950 1255 2988 munus
1299 2933 1456 2988 offert
1509 2932 1617 2987 Deo
1664 2935 1910 2999 vitulum,

341 3038 466 3077 eum
500 3027 680 3080 carnis
723 3028 1034 3094 superbiam
1065 3027 1284 3080 vicerit.
1315 3023 1506 3088 ovem,
1543 3043 1666 3080 eum
1695 3027 1914 3080 irratio-

341 3113 553 3169 nabiles
596 3126 776 3170 motus
821 3116 1249 3183 insipientesque
1296 3119 1623 3174 correxerit.
1661 3117 1911 3182 llmdum,

342 3221 468 3259 cum
497 3207 778 3261 lasciviam
824 3207 1184 3274 superaverit.
1217 3206 1387 3260 Oﬁ'ert
1412 3207 1574 3260 etiam
1615 3223 1711 3275 par
1737 3217 1913 3266 turtu—

343 3311 488 3360 rum,
521 3313 646 3350 cum
677 3312 783 3349 non
824 3297 986 3352 fuerit
1015 3299 1186 3362 solus,
1218 3299 1312 3353 sed
1346 3308 1580 3352 mentem
1612 3315 1764 3356 suam
1795 3316 1914 3354 ver-

340 3385 413 3437 bo
440 3383 533 3437 Dei
559 3384 704 3437 velut
729 3400 856 3438 vero
886 3385 999 3456 (‘25)
1037 3386 1248 3456 coniugi
1291 3386 1600 3449 sociaverit,
1639 3387 1782 3446 sicut
1809 3387 1912 3442 hoc

337 3487 516 3543 genus
543 3475 747 3539 avimn,
781 3493 943 3530 unmn
976 3478 1177 3532 dicitur
1200 3487 1250 3531 et
1282 3489 1498 3536 castum
1530 3492 1752 3532 servare
1778 3493 1910 3532 con-

329 3565 568 3634 iugium.
603 3565 772 3621 Oﬁ'ert
801 3568 966 3622 etiam
1017 3577 1071 3622 et
1114 3569 1248 3623 duos
1293 3569 1470 3638 pullos
1515 3569 1908 3635 columbarum,

330 3669 461 3706 cum
523 3666 578 3710 et
628 3657 741 3724 ipse
804 3659 1137 3712 intellexerit
1205 3659 1556 3730 mysterium,
1605 3675 1712 3726 quo
1769 3660 1911 3714 oculi

340 3756 559 3811 sponsa:
612 3745 753 3817 sicut
814 3748 1083 3801 columbae
1131 3747 1384 3804 dicuntur
1438 3748 1504 3800 ad
1545 3749 1913 3814 plenitudines

339 3851 626 3904 aquarmn,
653 3847 704 3891 et
730 3838 927 3892 collum
953 3837 1070 3905 ejus
1095 3838 1234 3890 sicut
1273 3840 1501 3892 turturis
1522 3840 1590 3894 “.
1629 3839 1753 3895 llaec
1784 3857 1912 3910 ergo

341 3936 467 3982 sunt
511 3928 748 3983 hominis
796 3933 1095 3991 secundum
1154 3931 1296 3998 quod
1331 3946 1494 3997 supra
1537 3934 1910 3999 exposuimus,

343 4035 590 4074 munera.
625 4021 830 4078 Animae
861 4031 1042 4076 autem
1077 4038 1324 4086 munera,
1351 4025 1508 4092 longe
1538 4024 1792 4080 inferiora
1822 4026 1914 4079 de-

348 4109 560 4163 scribit.
614 4110 808 4164 Anima
853 4112 967 4166 lucc
1019 4125 1197 4180 neque
1252 4114 1476 4166 vitulum
1523 4115 1705 4179 habet,
1739 4133 1915 4186 neque

339 4214 518 4268 ovem,
545 4217 718 4270 neque
749 4203 968 4255 haedum
1012 4218 1170 4270 quem
1200 4202 1386 4258 oﬁ‘erat
1429 4205 1574 4260 Deo:
1603 4208 1696 4260 sed
1722 4223 1787 4262 ne
1818 4225 1915 4277 par

338 4291 554 4361 quidem
589 4301 886 4359 turturum,
915 4307 1011 4346 aut
1060 4295 1194 4348 duos
1228 4295 1401 4364 pullos
1453 4297 1657 4350 invenit
1703 4299 1915 4353 colum-

340 4384 555 4441 barum.
592 4384 838 4440 Similam
881 4396 1088 4440 tantum
1128 4369 1312 4452 habet,
1343 4405 1410 4444 ex
1445 4389 1558 4457 ipsa
1593 4405 1759 4458 panes
1789 4406 1916 4460 azy-

344 4490 462 4530 mos
487 4476 642 4530 oﬁ‘ert
674 4493 701 4530 a
733 4477 968 4541 clibano,
1004 4495 1069 4532 ex
1097 4481 1210 4546 ipsa
1242 4484 1296 4536 in
1348 4482 1620 4550 sartagine
1663 4497 1796 4549 opus
1833 4483 1915 4535 fa-

2021 2029 2142 2083 data
2176 2035 2258 2081 est
2282 2064 2298 2090 ,
2331 2025 2489 2080 nobis
2517 2032 2694 2076 autem
2724 2020 2926 2073 veritas
2967 2024 3239 2070 reservata
3276 2023 3376 2068 est.
3415 2013 3472 2068 ln
3498 2014 3591 2068 die

2019 2120 2162 2174 enim
2193 2117 2540 2172 Pentecostes
2567 2113 2751 2167 oblato
2798 2109 3108 2164 orationum
3142 2105 3434 2171 sacriﬁcio,
3485 2106 3590 2174 pri-

2017 2210 2200 2266 mitias
2224 2207 2562 2264 advenientis
2593 2203 2766 2260 sancti
2801 2201 3036 2269 Spiritus
3066 2199 3436 2267 apostolorum
3472 2212 3594 2254 sus-

2012 2300 2160 2370 cepit
2202 2299 2470 2353 Ecclesia.
2520 2294 2586 2348 Et
2622 2309 2748 2349 vere
2778 2295 2892 2348 hzec
2927 2291 3147 2345 luerunt
3179 2288 3436 2350 recentia,
3465 2289 3589 2354 quia

2015 2399 2135 2444 erat
2183 2403 2383 2450 novum
2408 2428 2423 2452 ,
2471 2386 2614 2439 unde
2655 2393 2709 2438 et
2740 2390 2921 2436 musto
2955 2380 3142 2448 repleti
3177 2379 3498 2433 dicebantur
3523 2377 3589 2430 ⁵³.

2022 2501 2041 2535 ι
2079 2481 2191 2549 lgni
2230 2490 2392 2536 tosta.
2432 2498 2450 2532 ι
2492 2477 2664 2545 lgneaa
2699 2486 2931 2543 namque
2972 2471 3168 2540 lingua:
3205 2485 3368 2538 supra
3403 2470 3592 2538 singu-

2019 2574 2098 2632 los
2123 2575 2502 2628 consederunt.
2542 2587 2560 2619 ι
2600 2568 2666 2622 Et
2693 2567 2870 2624 medio
2901 2563 3094 2619 fracta.
3126 2582 3144 2615 ι
3179 2561 3594 2629 Frangebantur

2018 2666 2161 2719 enim
2185 2663 2381 2727 media,
2409 2676 2531 2714 cmn
2562 2659 2738 2712 littera
2769 2653 3125 2725 separabatur
3161 2668 3189 2707 a
3226 2652 3441 2720 spiritu.
3479 2668 3497 2700 ι
3530 2651 3594 2717 Et

2019 2759 2155 2812 bene
2189 2763 2438 2823 purgata.
2471 2771 2489 2803 ι
2517 2750 2720 2821 Purgat
2745 2760 2979 2816 namque
3013 2760 3206 2801 omnes
3237 2744 3426 2799 sordes
3458 2757 3596 2811 pra-

2017 2847 2188 2903 sentia
2218 2845 2393 2903 sancti
2429 2843 2686 2911 Spiritus,
2719 2838 3102 2896 remissionem
3135 2837 3380 2892 tribuens
3401 2848 3595 2904 pecca-

2021 2949 2216 2992 torum.
2245 2936 2433 2991 Oleum
2470 2947 2684 3002 quoque
2727 2930 3120 2985 misericordiae
3161 2927 3287 2982 huic
3321 2925 3594 2980 saerilicio

2020 3028 2323 3086 infunditur
2343 3067 2357 3089 ,
2387 3034 2443 3078 et
2475 3029 2599 3077 thus
2628 3023 2944 3088 suavitatis,
2973 3037 3068 3091 per
3094 3019 3236 3088 quod
3269 3018 3470 3072 Christi
3501 3018 3594 3070 bo-

2020 3134 2120 3173 nus
2149 3118 2282 3171 odor
2309 3115 2593 3172 eﬁicimur.
2623 3113 2752 3170 Post
2783 3114 2896 3167 haec
2929 3113 2996 3166 de
3025 3111 3313 3166 sacriﬁciis
3339 3109 3594 3164 salutari~

2021 3209 2119 3264 bus
2145 3207 2296 3267 dicit,
2330 3221 2449 3275 qua:
2487 3221 2551 3258 ex
2595 3203 2941 3268 animalibus,
2975 3204 3025 3256 id
3057 3211 3140 3255 est
3167 3202 3359 3265 bobus,
3391 3199 3471 3253 vel
3502 3215 3592 3253 ca-

2018 3299 2150 3368 pris,
2183 3307 2344 3366 atque
2371 3296 2562 3349 ovibus
2587 3293 2911 3356 otIeruntur,
2933 3300 2988 3348 et
3018 3290 3152 3346 nihil
3176 3291 3260 3345 his
3288 3290 3429 3344 ultra
3457 3291 3591 3344 sub-

2017 3391 2260 3446 stituitur
2287 3390 2354 3442 ad
2390 3387 2801 3450 immolandum,
2827 3386 2922 3440 sed
2953 3400 3020 3439 ne
3047 3398 3174 3438 aves
3203 3382 3314 3453 (28)
3349 3382 3591 3451 quidem,

2015 3496 2135 3550 quae
2165 3479 2416 3548 superius
2446 3478 2497 3531 in
2533 3475 2823 3530 oﬁ‘erendis
2864 3474 3181 3530 muneribus
3218 3472 3432 3526 fuerant
3463 3471 3593 3526 sub-

2015 3574 2238 3628 stitutae.
2271 3572 2374 3625 Iste
2409 3567 2551 3625 enim
2589 3569 2677 3638 qui
2715 3568 2982 3622 salutares
3017 3567 3225 3621 hostias
3255 3565 3438 3628 ollert,
3473 3564 3592 3618 sine

2017 3667 2179 3721 dubio
2219 3665 2331 3734 iam
2362 3679 2472 3718 suae
2499 3664 2692 3716 salutis
2726 3671 2808 3716 est
2841 3661 3095 3715 conscius
3124 3690 3134 3714 ;
3168 3669 3223 3714 et
3253 3659 3375 3713 ideo
3403 3661 3494 3729 qui
3524 3661 3590 3714 ad

2015 3757 2246 3809 salutem
2280 3755 2548 3825 pervenit,
2570 3765 2795 3808 necesse
2826 3758 2909 3804 est
2939 3757 2996 3802 ut
3018 3765 3137 3820 qua:
3167 3763 3360 3818 magna
3392 3761 3445 3801 et
3470 3763 3593 3818 per-

2020 3847 2156 3902 lecta
2202 3855 2326 3902 sunt
2377 3845 2590 3900 offerat.
2624 3844 2715 3899 Sic
2745 3843 2889 3896 enim
2921 3850 2976 3896 et
3005 3841 3294 3908 Apostolus
3339 3839 3471 3893 dicit
3496 3839 3544 3869 “
3572 3857 3588 3893 ε

2024 3956 2042 3988 ι
2075 3936 2442 3990 Perfectornm
2468 3944 2648 3987 autem
2683 3941 2767 3986 est
2795 3931 2949 3983 cibus
2985 3928 3210 3982 solidus.
3246 3945 3264 3977 ›
3301 3925 3502 3979 Dehinc
3525 3928 3590 3978 ad

2015 4030 2316 4084 oll‘erendas
2346 4043 2443 4097 pro
2475 4027 2708 4094 peccatis
2749 4023 2996 4078 victimas
3036 4021 3426 4075 sacriﬁciorum
3458 4020 3592 4077 ordo

2015 4119 2265 4187 dirigitur
2289 4159 2302 4181 ,
2341 4120 2392 4170 in
2445 4133 2550 4185 quo
2583 4126 2639 4168 et
2671 4117 2910 4168 secundo
2943 4114 3144 4166 dicitur
3168 4112 3213 4143 ³⁵⁵
3243 4126 3258 4163 :
3295 4127 3313 4160 ι
3354 4110 3593 4170 Locutus

2017 4219 2098 4264 est
2126 4210 2383 4264 Dominus
2410 4209 2474 4260 ad
2497 4208 2760 4275 Moysem,
2781 4206 2968 4258 dicens
2986 4223 3010 4272 ⁸ε
3034 4204 3228 4257 Anima
3254 4214 3595 4269 quaecunque

2018 4301 2321 4369 peccaverit
2353 4315 2534 4354 coram
2581 4301 2809 4351 Domino
2835 4335 2850 4362 ,
2881 4313 2986 4351 non
3025 4294 3324 4347 voluntate.
3369 4310 3387 4343 ι
3426 4291 3594 4344 Recte

2018 4391 2254 4448 animum
2287 4391 2462 4448 dicit.
2507 4404 2666 4456 quam
2706 4401 2934 4458 peccare
2965 4384 3243 4455 describit.
3281 4381 3395 4435 Non
3445 4381 3591 4436 enim

2019 4483 2267 4550 spiritum
2297 4490 2568 4546 vocasset,
2613 4495 2772 4546 quem
2826 4479 3031 4534 diceret
3083 4486 3430 4544 peccaturum
3455 4472 3590 4541 (29).

339 4574 507 4629 ctum,
545 4565 628 4620 vel
675 4566 727 4618 in
764 4569 1025 4622 craticula
1058 4571 1178 4622 oleo
1223 4572 1565 4639 permistum.
1601 4570 1756 4626 Unde
1798 4573 1910 4644 (26)
1948 4580 1988 4632 D
2020 4574 2125 4628 Sed
2163 4588 2227 4626 ne
2262 4573 2529 4627 hominem
2560 4572 2775 4641 quidem
2809 4569 2952 4622 hunc
3000 4569 3238 4633 diceret,
3275 4567 3324 4619 in
3359 4580 3466 4633 quo
3499 4579 3594 4618 ne..-

346 4658 559 4711 videtur
593 4658 726 4711 mihi
759 4659 874 4713 haec
920 4675 1042 4728 qua:
1076 4660 1253 4715 anima
1291 4662 1556 4730 appellata
1607 4673 1713 4728 est,
1748 4667 1912 4720 homo

338 4748 451 4813 ille,
482 4765 643 4818 quem
679 4749 878 4806 Paulus
905 4753 1192 4808 animalem
1218 4755 1492 4808 hominem
1523 4755 1790 4820 nominat,
1827 4757 1907 4810 in-

341 4839 696 4908 telligendus:
725 4842 815 4910 qui
847 4843 1056 4896 etiamsi
1100 4847 1337 4913 peccatis
1361 4859 1464 4897 non
1491 4855 1770 4915 urgeatur.
1807 4860 1906 4900 nec
1951 4906 1954 4908 γ

338 4929 411 4984 sit
441 4945 680 5000 praeceps
709 4932 776 4984 ad
808 4931 960 4996 vitia,
996 4947 1100 4986 non
1125 4941 1304 4988 tamen
1338 4934 1502 4992 habet
1535 4935 1737 5002 aliquid
1763 4937 1816 4989 in
1849 4950 1908 4991 se

337 5019 602 5088 spiritale,
632 5032 687 5077 et
715 5026 856 5090 quod
890 5022 1187 5092 ﬁguraliter
1215 5039 1410 5082 carnes
1439 5026 1603 5081 Verbi
1627 5025 1716 5080 Dei
1749 5041 1911 5095 repu-

344 5119 554 5164 tentur.
581 5111 670 5166 Sic
692 5113 838 5166 enim
875 5113 988 5180 ipse
1011 5113 1078 5168 de
1094 5128 1161 5167 eo
1178 5112 1375 5169 Paulus
1392 5117 1666 5183 apostolus
1693 5116 1823 5172 dicit
1841 5119 1911 5184 ⁸³,

338 5202 466 5270 quia
493 5221 511 5251 ι
540 5203 789 5258 animalis
812 5204 971 5258 homo
1001 5220 1106 5260 non
1133 5205 1368 5275 percipit
1390 5221 1453 5262 ea
1485 5222 1603 5276 qua!
1627 5219 1756 5262 sunt
1789 5207 1910 5279 Spi-

411 5300 457 5371 {o
484 5299 814 5371 Levit.v,7.
888 5301 929 5332 υ·
957 5301 1113 5356 Cant.
1142 5317 1181 5366 ι,
1220 5303 1274 5370 9,
1304 5303 1392 5357 tt.
1466 5303 1711 5362 "lCor.
1740 5308 1908 5371 ".14

335 5368 384 5399 "
411 5368 532 5424 Gal.
559 5387 615 5438 v,
637 5369 730 5430 22.
824 5371 870 5402 "
901 5371 1023 5426 Gal.
1055 5389 1130 5437 vt,
1154 5375 1207 5434 8.

434 5485 529 5551 25)
559 5485 731 5558 Idem,
759 5505 778 5540 ι
806 5499 1109 5542 remaneat.
1137 5506 1154 5542 ι
1187 5489 1343 5545 Libb.
1373 5491 1528 5558 editi,
1563 5511 1581 5544 ι
1608 5466 1905 5550 remanet»

339 5556 529 5679 mall?)
563 5556 764 5612 Omnes
810 5573 967 5624 ntss.,
1009 5577 1026 5609 ι
1049 5560 1195 5628 ephi.
1220 5581 1238 5614 ι
1278 5559 1434 5616 Libb.
1473 5556 1633 5627 editi,
1669 5585 1686 5616 ι
1719 5564 1859 5630 ollae,
1888 5589 1904 5616 ο

410 5695 523 5768 (25)
551 5694 756 5768 Omnes
781 5712 962 5768 _mss.,
995 5717 1013 5750 ι
1044 5714 1196 5753 vero.
1223 5719 1243 5752 ι
1288 5699 1446 5757 Libb.
1477 5703 1632 5768 editi,
1671 5723 1688 5755 ι
1715 5705 1850 5759 viro.
1881 5727 1899 5759 ι

413 5764 522 5837 (26)
563 5766 731 5837 Unde.
778 5766 936 5821 Deest
972 5769 1022 5822 in
1061 5777 1216 5827 antea
1267 5771 1446 5836 editis,
1484 5774 1575 5827 sed
1618 5764 1795 5830 exstat
1848 5779 1901 5830 in

343 5836 531 5895 codice
559 5836 839 5906 Sangerm.

2021 4681 2286 4734 quaquam
2333 4665 2512 4734 imago
2564 4663 2657 4717 Dei
2693 4673 2918 4732 peccato
2948 4659 3343 4714 interveniente
3372 4667 3594 4712 consta.

2017 4767 2118 4811 ret.
2153 4755 2267 4809 Non
2300 4770 2430 4824 ergo
2458 4763 2545 4809 est
2573 4754 2798 4823 spiritus
2829 4753 2916 4807 ille
2941 4753 3029 4820 qui
3058 4761 3241 4820 peccat
3267 4768 3281 4805 :
3319 4767 3336 4800 ι
3363 4748 3592 4809 Fructus

2014 4849 2160 4902 enim
2195 4847 2420 4916 spiritus
2452 4857 2532 4900 est
2575 4850 2656 4916 (ut
2690 4846 2956 4900 describit
2981 4843 3273 4918 Apostolus
3297 4842 3366 4909 “)
3405 4843 3592 4898 charis:

2015 4948 2118 5008 tas,
2141 4941 2558 5008 gaudium,pax,
2580 4938 2861 5008 patientia,
2894 4955 2912 4991 ι
2947 4945 3001 4993 et
3027 4945 3222 4992 caetera
3253 4935 3340 4993 his
3368 4935 3594 5008 similia,

2016 5047 2136 5102 qua!
2162 5032 2326 5086 etiam
2361 5031 2570 5088 fructus
2588 5029 2710 5084 vitae
2733 5027 3098 5102 appellantur.
3129 5025 3367 5096 Denique
3391 5037 3446 5080 et
3463 5025 3588 5084 alibi

2016 5121 2228 5177 dicit"
2260 5143 2271 5174 :
2306 5139 2326 5175 ι
2367 5120 2470 5187 Qui
2503 5121 2734 5174 seminat
2767 5119 2819 5171 in
2851 5132 3054 5182 carne,
3102 5118 3167 5172 de
3210 5133 3377 5173 carne
3424 5127 3592 5179 metet

2019 5209 2422 5279 corruptionem
2452 5226 2466 5274 ;
2498 5219 2552 5263 et
2585 5210 2675 5278 qui
2708 5211 2941 5264 seminat
2972 5210 3026 5263 in
3052 5209 3272 5280 spiritu,
3299 5209 3364 5262 de
3394 5207 3590 5275 spiritu

2027 5308 2206 5364 l"Act.
2237 5324 2307 5373 ιι,
2343 5307 2431 5363 15.
2509 5307 2556 5338 ⁵⁸
2587 5306 2754 5362 Hebr.
2782 5321 2845 5371 v,
2879 5305 2965 5368 M.
3041 5306 3086 5346 ⁵⁸
3119 5302 3295 5367 Levit.
3327 5317 3414 5366 tv,
3450 5303 3503 5366 l,
3532 5300 3586 5366 2,

2093 5495 2204 5566 (27)
2224 5496 2402 5549 Codex
2430 5495 2742 5565 Sangerm.,
2775 5509 2795 5543 ι
2821 5490 2932 5560 ipse
2963 5503 3179 5543 munus.
3207 5506 3225 5539 ι
3256 5485 3408 5554 Libb.
3431 5483 3585 5558 editi,

2025 5579 2046 5615 ι
2071 5565 2192 5634 ipsa
2211 5566 2461 5630 mundus,
2499 5585 2516 5617 ι
2547 5566 2704 5618 male.

2089 5621 2201 5716 (28)
2229 5635 2359 5689 Cod.
2390 5621 2669 5706 Sangerm.
2696 5675 2711 5701 ,
2771 5650 2788 5684 ι
2824 5645 2970 5686 aves.
3007 5647 3026 5679 ι
3060 5625 3215 5682 Libb.
3248 5621 3402 5709 editi,
3456 5640 3476 5674 ι
3519 5629 3584 5683 de

2015 5705 2361 5843 miggfltiem
2406 5791 2502 5828 ms.
2543 5793 2559 5824 ι
2592 5740 2957 5843 peccaturum.
2991 5786 3008 5818 ι
3038 5763 3189 5821 Libb.
3221 5760 3374 5826 editi,
3403 5779 3421 5809 ι
3457 5775 3581 5834 pec-

2012 5853 2266 5902 calot'em.
2308 5863 2328 5904 ο
