4110 6460
450 415 557 470 415

1917 415 2238 470 0111οΕΝ18

3620 415 3712 467 illi

448 545 609 589 metet
647 536 811 589 vitam
859 545 1140 589 mtcruam.
1186 555 1204 587 ι
1256 535 1524 602 Quoniam
1577 551 1706 606 ergo
1756 536 1894 589 alius
1945 547 2027 590 est
2058 543 2099 596 Α
2131 547 2276 591 cate.
2313 537 2418 590 Sed
2455 536 2544 591 ille
2574 537 2667 606 qui
2717 535 2943 590 ollertur
2985 536 3037 590 in
3082 553 3308 596 munere
3343 548 3505 603 super
3557 532 3717 602 190

443 628 536 695 qui
566 627 819 689 seminat,
845 635 899 678 et
926 627 1063 678 alios
1097 637 1178 679 est
1214 627 1266 678 in
1299 641 1404 694 quo
1433 628 1764 694 seminatur;
1795 627 2034 681 semina-

446 729 534 770 tur
566 729 744 769 autem
776 717 856 771 vel
913 718 965 770 in
1020 733 1182 772 carne
1213 735 1336 773 cum
1389 731 1668 787 peccatur.
1693 730 1752 772 ut
1789 729 2032 774 metatur

419 805 756 876 'corrnptio,
791 811 876 864 vel
911 811 964 863 in
1003 812 1198 878 spiritu
1247 827 1370 864 cum
1414 813 1710 866 secundum
1749 810 1914 866 Deum
1959 812 2034 863 vi-

383 951 388 963 ,
417 897 587 990 ivitnr
623 909 679 953 ut
698 910 930 954 metatur
955 902 1059 953 vita
1087 912 1335 956 aeterna:
1371 913 1584 977 constat
1618 905 1854 956 animam
1886 919 2032 966 esse,

416 993 564 1059 'qua:
593 992 676 1044 vel
713 992 764 1044 in
802 1007 968 1045 carne
1002 1033 1018 1057 ,
1058 993 1138 1046 vel
1175 993 1225 1045 in
1262 994 1452 1062 Spiritu
1485 994 1717 1047 seminat
1744 1035 1758 1058 ,
1807 1005 1860 1047 et
1888 994 2032 1046 illam

445 1101 568 1138 esse
594 1099 714 1152 quae
741 1083 822 1136 vel
857 1084 908 1136 in
943 1095 1225 1152 peccatum
1258 1101 1418 1139 ruere
1447 1087 1639 1154 possit,
1669 1085 1751 1139 vel
1783 1087 2030 1140 converti

449 1189 480 1226 a
510 1183 751 1242 peccato.
790 1170 922 1225 Nam
965 1188 1162 1240 corpus
1204 1175 1425 1241 sequela
1483 1173 1600 1242 ejus
1631 1184 1714 1228 est
1761 1175 1827 1227 ad
1859 1176 2034 1242 quod-

447 1279 663 1332 cunque
689 1262 986 1332 delegerit:
1020 1274 1073 1317 et
1105 1264 1332 1330 spiritus
1366 1265 1474 1319 dux
1504 1267 1625 1336 ejus
1651 1277 1735 1323 est
1764 1269 1831 1322 ad
1861 1269 2036 1322 virtu-

451 1365 580 1418 tem,
612 1356 655 1409 si
688 1371 811 1408 eum
847 1357 999 1424 sequi
1035 1355 1183 1408 velit.

519 1445 572 1498 3.
601 1444 704 1498 Sed
738 1445 851 1500 haec
880 1447 1208 1514 generaliter
1237 1448 1382 1502 dicta
1415 1460 1564 1513 sunt,
1601 1466 1744 1505 nunc
1781 1467 1908 1507 vero
1939 1469 2036 1522 per

449 1537 667 1604 species
690 1537 1021 1590 dividuntur.
1060 1558 1077 1588 ι
1116 1539 1170 1592 Si
1205 1541 1470 1608 pontifex,
1511 1543 1687 1612 inquit
1713 1546 1778 1609 ⁵⁸,
1811 1547 1901 1614 qui
1935 1564 2034 1601 una

449 1635 572 1682 ctus
619 1637 704 1681 est
737 1631 1087 1696 peccaverit,
1115 1640 1172 1684 ut
1222 1633 1476 1700 populum
1526 1633 1734 1688 faceret
1782 1652 2031 1704 peccare,

448 1716 640 1772 oll‘eret
675 1734 772 1785 pro
798 1728 1022 1786 peccato
1051 1733 1152 1773 suo
1184 1720 1411 1774 vitulum
1443 1723 1511 1776 de
1542 1722 1713 1776 bobus
1754 1727 1874 1779 sine
1921 1743 2034 1780 ma-

447 1805 566 1859 cula
613 1806 856 1859 Domino.
903 1825 920 1856 ι
952 1805 1156 1861 Terror
1209 1809 1371 1862 simul
1437 1820 1491 1864 et
1545 1815 1919 1871 misericordia
1976 1818 2029 1872 in

2139 630 2438 684 holecausti
2473 629 2646 682 altare
2676 628 3035 682 consumitur.
3065 628 3168 693 Qui
3194 644 3321 679 vero
3348 641 3444 694 pro
3473 634 3713 694 peccato,

2136 729 2291 773 extra
2313 730 2492 775 castra
2515 761 2528 781 ,
2557 736 2679 774 cum
2715 719 2895 784 corio,
2928 729 2982 772 et
3018 718 3312 771 interaneis
3351 732 3415 769 ac
3451 725 3715 778 stercore,

2137 809 2188 863 in
2215 810 2336 864 loco
2365 811 2564 862 mimdo
2597 810 2816 879 jubetnr
2853 811 3008 862 exuri
3039 851 3052 874 ,
3085 808 3336 877 adipibus
3385 807 3514 860 solis
3549 809 3600 859 in
3640 807 3719 858 alo

2138 911 2254 954 tare
2299 901 2499 955 oblatis
2535 911 2590 955 et
2639 901 2887 953 renibus.
2937 899 3065 964 Quae
3104 899 3316 966 singula
3370 898 3614 950 dividere
3655 911 3721 948 ac

2135 992 2464 1056 discernere,
2497 991 2748 1060 quamvis
2781 1002 2834 1044 et
2882 1006 3045 1060 supra
3093 1001 3308 1044 nostras
3338 991 3484 1044 vires
3526 990 3596 1044 sit
3622 1029 3636 1051 ,
3667 996 3721 1041 et

2135 1096 2296 1149 supra
2329 1081 2568 1135 auditum
2600 1090 2864 1146 vestrum,
2900 1091 3080 1134 tamen
3111 1081 3329 1149 aliquas
3361 1081 3517 1134 vobis
3545 1080 3610 1132 ad
3641 1081 3722 1132 in-

2137 1171 2484 1241 telligendqu
2536 1172 2862 1225 occasiones
2911 1171 3278 1240 conquirere,
3324 1180 3486 1238 atque
3518 1170 3568 1222 in
3608 1187 3724 1224 me-

2136 1264 2280 1316 dium
2306 1262 2554 1332 proferre
2590 1263 2941 1320 tentabimus.
2976 1263 3111 1316 Vide
3137 1278 3268 1332 ergo
3297 1278 3363 1316 ne
3399 1262 3536 1315 forte
3566 1261 3722 1315 .lesns

2133 1368 2295 1423 quem
2354 1353 2556 1408 Paulus
2599 1354 2732 1406 dicit
2777 1355 2818 1385 δι
2871 1354 3196 1422 pacilicasse
3248 1369 3346 1421 per
3395 1354 3721 1422 sanguinem

2133 1459 2291 1499 suum
2324 1460 2429 1499 non
2459 1445 2634 1499 solum
2668 1461 2788 1514 qua:
2815 1446 2866 1498 in
2902 1447 3092 1506 tetris,
3118 1447 3212 1498 sed
3245 1455 3298 1497 et
3326 1460 3446 1513 quae
3480 1447 3530 1497 in
3567 1443 3723 1498 cmlis

2136 1544 2284 1602 sunt,
2313 1537 2451 1590 idem
2487 1537 2599 1605 ipse
2623 1536 2693 1591 sit
2720 1537 2942 1599 vitulus,
2975 1538 3067 1605 qui
3102 1537 3152 1588 in
3183 1537 3336 1589 cmlis
3364 1536 3582 1604 quidem
3617 1550 3722 1586 non

2135 1643 2235 1697 pro
2271 1638 2496 1697 peccato
2518 1669 2533 1693 ,
2564 1629 2656 1682 sed
2709 1644 2807 1697 pro
2843 1644 3065 1682 munere
3101 1627 3216 1698 (3‘2)
3259 1629 3470 1681 oblatus
3515 1638 3638 1690 est,
3668 1627 3718 1679 in

2139 1718 2300 1770 terris
2323 1727 2505 1771 autem
2535 1718 2626 1771 ubi
2658 1719 2727 1772 ab
2759 1717 2931 1769 Adam
2969 1732 3140 1786 usque
3166 1719 3233 1769 ad
3257 1716 3494 1786 Moysem
3524 1732 3717 1786 regnao.

2139 1808 2217 1860 vit
2241 1818 2528 1875 peccatum
2553 1847 2569 1872 ,
2605 1807 2819 1862 oblatus
2850 1809 2921 1861 sit
2951 1824 3046 1876 pro
3090 1817 3335 1876 peccato.
3387 1807 3452 1861 Et
3502 1809 3606 1860 hoc
3639 1815 3723 1860 cst

446 1897 644 1951 divinis
675 1897 881 1965 legibus
915 1909 1248 1953 ostentatur.
1281 1899 1433 1956 Itane
1485 1907 1699 1960 tandem
1743 1917 1916 1963 tutum
1945 1921 2029 1965 est
2062 1893 2103 1947 Β
2133 1913 2356 1966 ιηιεευηι
2385 1915 2507 1954 esse
2537 1911 2692 1954 em‘a
2725 1909 2930 1964 035"“.
2955 1910 3108 1952 8³⁵11³³
3146 1899 3254 1962 illa.
3278 1900 3495 1967 Opim".
3521 1907 3718 1959 (⁵³511⁵³.

447 1989 580 2043 nihil
611 2031 625 2054 ,
664 2004 730 2042 ne
780 1991 1023 2059 pontifex
1057 1993 1324 2059 quidem?
1368 2004 1422 2048 et
1457 1997 1549 2064 qui
1590 1998 1832 2066 pontifex
1858 2001 1881 2053 ‘i
1911 2000 2028 2070 Ipse

443 2082 535 2149 qui
569 2091 765 2135 unctus
795 2091 874 2134 est
904 2121 920 2147 ,
952 2083 1065 2152 ipse
1091 2084 1180 2152 qui
1227 2086 1402 2139 sacris
1449 2087 1664 2156 ignibus
1695 2090 1875 2144 divina
1905 2108 2030 2146 suc--

445 2173 627 2226 tendit
660 2173 877 2236 altaria,
906 2175 998 2242 qui
1033 2175 1140 2228 Deo
1170 2192 1393 2231 munera
1425 2188 1478 2232 et
1518 2180 1787 2237 salutares
1820 2184 2028 2240 hostias

449 2263 732 2330 immolat;
782 2266 875 2332 qni
923 2266 1064 2319 inter
1097 2266 1264 2319 Deum
1309 2278 1358 2321 et
1400 2270 1648 2325 homines
1679 2274 1892 2328 medius
1917 2277 2031 2345 qui-

447 2355 572 2407 dam
612 2358 999 2424 repropitiator
1027 2359 1472 2432 intervenit(30).
1495 2353 1595 2417 nec
1627 2366 1748 2429 iste,
1780 2367 2024 2435 inquam,

448 2446 564 2513 ipse
597 2448 854 2503 immunis
882 2459 1064 2504 manet
1089 2465 1118 2503 a
1147 2455 1472 2521 contagione
1505 2458 1736 2524 peccati.
1766 2457 1870 2512 Sed
1908 2461 2030 2514 vide

448 2537 877 2592 misericordiam
910 2539 1026 2604 Dei,
1057 2552 1114 2596 et
1147 2543 1359 2612 plenius
1391 2559 1511 2600 eam
1532 2587 1546 2610 ,
1581 2546 1746 2601 Paulo
1777 2551 2026 2613 docente,

447 2643 740 2698 cognosce.
772 2632 889 2699 lpse
915 2632 1062 2685 enim
1108 2635 1174 2686 ad
1207 2634 1464 2690 llebrmos
1504 2639 1749 2693 scribens
1778 2641 1909 2693 dicit
1935 2643 1982 2677 ⁸ο
2014 2664 2026 2697 :

455 2741 473 2775 ι
508 2723 698 2778 Omnis
730 2739 960 2794 namque
987 2727 1231 2795 pontifex
1257 2730 1324 2782 ab
1354 2730 1665 2784 hominibus
1698 2743 2027 2802 assumptus,

447 2827 549 2882 pro
597 2815 905 2869 hominibus
949 2817 1303 2872 constituitur
1352 2821 1418 2873 ad
1467 2819 1775 2876 olle-rendus
1825 2824 2030 2878 hostias

449 2906 581 2959 Deo.
621 2927 639 2958 ›
676 2906 741 2960 Ει
792 2907 950 2976 paulo
998 2919 1155 2978 post:
1199 2929 1217 2962 ι
1251 2911 1361 2965 Lex
1391 2953 1405 2977 ,
1457 2912 1629 2982 inquit
1656 2916 1700 2946 ⁸⁸
1727 2956 1742 2979 ,
1780 2916 2029 2971 homines

449 2997 734 3050 constituit
782 2985 1096 3054 sacerdotes
1155 3000 1524 3055 inﬁrmitatem
1599 3004 1898 3068 habentes,
1967 3018 2024 3061 ut

448 3091 656 3158 possint
683 3092 824 3145 sicut
869 3108 966 3160 pro
998 3108 1126 3160 sna,
1162 3095 1324 3147 etiam
1357 3110 1458 3163 pro
1491 3098 1670 3164 populi
1708 3099 2028 3156 inﬁrmitate

447 3183 660 3238 oll'erre.
695 3185 889 3240 iVides
919 3203 1049 3257 ergo
1070 3191 1530 3260 dispensationem
1574 3194 1768 3250 divina:
1806 3199 2028 3265 sapien-

449 3273 556 3328 tiaa.
585 3273 914 3331 Sacerdotes
941 3281 1150 3342 statuit,
1179 3295 1284 3334 non
1321 3297 1415 3336 eos
1445 3285 1534 3352 qui
1570 3287 1882 3341 omnimodo
1913 3304 2031 3357 pec-

445 3380 574 3420 care
603 3381 706 3421 nou
733 3379 981 3436 possent,
1013 3372 1252 3440 alioquin
1287 3390 1394 3428 non
1421 3387 1604 3430 essent
1636 3378 1902 3442 homines,
1937 3383 2030 3434 sed

447 3471 541 3511 eos
570 3458 663 3526 qui
695 3459 892 3512 imitari
923 3463 1138 3528 quidem
1166 3465 1400 3519 debeant
1431 3466 1600 3532 illiilli,
1623 3471 1711 3536 qui
1746 3482 2030 3537 peccatuut

449 3562 556 3600 non
596 3547 724 3601 fecit
762 3566 776 3614 ;
829 3548 1030 3605 oll‘erre
1077 3552 1190 3622 (51)
1246 3563 1423 3608 autem
1478 3557 1685 3612 hostias
1729 3560 1902 3628 primo
1935 3575 2032 3629 pro

449 3640 582 3701 Suis,
613 3649 799 3708 postea
831 3656 928 3708 pro
966 3644 1149 3712 populi
1186 3644 1420 3699 delictis.
1457 3646 1559 3700 Sed
1597 3651 1721 3717 quid
1764 3653 2031 3719 praecipue

451 3729 503 3781 in
539 3729 844 3795 bujusmodi
878 3733 1164 3785 sacerdote
1201 3735 1505 3787 mirandum
1539 3739 1662 3791 est?
1695 3755 1798 3792 non
1837 3751 1894 3794 ut
1923 3757 2028 3795 non

449 3830 672 3888 peccet,
710 3824 852 3888 quod
887 3822 1000 3875 ﬁeri
1037 3839 1138 3876 non
1190 3834 1405 3892 potest,
1437 3830 1529 3881 sed
1577 3839 1634 3882 ut
1677 3842 1937 3900 agnoscat
1976 3843 2031 3889 et

451 3911 714 3980 intelligat
741 3923 1018 3981 peceatum
1056 3929 1231 3968 suum.
1262 3915 1546 3986 Nunquam
1583 3921 1727 3974 enim
1765 3939 1821 3977 se
1847 3940 2032 3979 cmen-

449 4003 564 4066 dat,
589 4005 678 4072 qui
709 4020 965 4072 peccasse
993 4021 1052 4060 se
1081 4022 1187 4062 non
1221 4019 1392 4076 putat.
1428 4010 1602 4064 Simul
1643 4015 1766 4082 quia
1799 4025 1851 4067 et
1894 4015 2030 4070 faci--

449 4093 556 4148 lius
599 4104 778 4163 potest
825 4096 1104 4167 indulgere
1149 4102 1524 4168 peccantibus,
1579 4103 1623 4156 is
1665 4105 1755 4173 qni
1803 4106 2030 4176 alicujus

450 4187 789 4241 inﬁrmitatis
836 4206 946 4242 suae
987 4191 1320 4245 conscientia
1378 4197 1742 4250 remordetur.
1786 4197 1916 4264 Qua:
1947 4211 2030 4253 est

450 4293 632 4335 autem
659 4281 864 4335 oblatio
902 4281 1208 4336 sacerdotis
1240 4299 1336 4352 pro
1371 4297 1596 4353 peccato
1626 4286 1648 4338 ἶ)
1681 4285 1912 4351 Vitulus,
1948 4289 2041 4342 in-'

447 4373 588 4443 quit,
615 4375 680 4428 ad
711 4373 1109 4428 holocaustum.
1150 4374 1403 4429 Secunde
1438 4377 1748 4433 invenimus
1775 4378 1958 4433 offerri
2000 4397 2029 4436 a

447 4465 709 4535 pontiﬁce
747 4466 972 4519 vitulum
1017 4466 1070 4519 iu
1117 4466 1537 4534 holocaustum,
1569 4469 1735 4523 semel
1777 4485 1874 4539 pro
1903 4487 2029 4539 pec-

517 4602 565 4634 "
595 4602 766 4656 Levit.
803 4619 877 4668 iv,
907 4605 960 4658 '5.
1038 4605 1083 4635 ⁸⁹
1115 4603 1280 4660 Hebr.
1310 4621 1364 4670 v,
1402 4607 1451 4660 1.

1539 4608 1584 4638 °°
1619 4607 1781 4662 Hebr.
1814 4625 1908 4672 vn,
1937 4611 2030 4666 28.

2116 4615 2158 4646 ⁶¹
2197 4615 2398 4684 Ephes.
2429 4631 2463 4668 ι.

2131 2006 2252 2062 qua:
2284 1991 2500 2045 viderat
2525 1987 2720 2055 Jacob,
2757 1989 3072 2060 angelorum
3110 1990 3201 2042 Dei
3231 2000 3415 2042 castra
3456 1991 3720 2052 caelestia,

2132 2082 2200 2136 de
2221 2081 2420 2149 quibus
2445 2081 2710 2150 scriptum
2735 2089 2817 2134 est
2845 2082 2895 2134 iu
2926 2081 3122 2134 Genesi
3144 2082 3187 2114 θ’
3216 2100 3228 2134 :
3266 2099 3283 2130 ι
3319 2079 3386 2132 Et
3416 2082 3721 2149 suspiciens

2129 2170 2299 2227 Jacob
2329 2172 2465 2225 vidit
2499 2183 2681 2226 castra
2717 2173 2808 2228 Dei
2853 2172 2905 2226 in
2937 2184 3236 2242 apparatu,
3278 2181 3332 2227 et
3365 2179 3726 2230 occurrerunt

2133 2262 2207 2315 illi
2237 2262 2416 2332 angeli
2453 2263 2578 2330 Dei,
2643 2275 2698 2318 et
2725 2264 2863 2319 dixit
2893 2264 3060 2319 Jacob
3093 2281 3214 2320 cum
3246 2265 3452 2319 videret
3484 2269 3726 2329 eos,Ca-

2131 2361 2244 2408 stra
2265 2352 2362 2408 Dei
2391 2364 2520 2409 sunt
2547 2355 2684 2410 haec.
2722 2374 2740 2408 ι
2773 2355 2939 2410 Extra
2968 2355 3058 2412 illa
3093 2371 3225 2427 ergo
3255 2366 3436 2410 castra
3472 2355 3720 2410 cmlestia

2132 2455 2223 2501 est
2252 2448 2453 2513 omnis,
2486 2452 2540 2502 in
2577 2464 2686 2519 quo
2722 2449 3034 2504 habitamus
3064 2465 3195 2515 nos,
3233 2451 3383 2503 locus
3414 2449 3523 2503 iste
3551 2459 3724 2511 terra

2134 2554 2272 2602 nus,
2313 2539 2365 2591 in
2413 2552 2522 2606 quo
2573 2538 2627 2591 in
2663 2552 2832 2592 carae
2871 2552 3066 2607 passus
3114 2547 3198 2593 est
3237 2538 3511 2593 Christus.
3567 2538 3721 2605 Quod

2132 2645 2262 2684 vero
2314 2630 2469 2694 dicit,
2514 2630 2640 2698 quia
2672 2646 2794 2684 cum
2847 2641 3091 2684 stercore
3136 2631 3390 2683 exuritur
3432 2639 3484 2683 et
3519 2631 3725 2682 intera-

2135 2721 2251 2774 neis
2281 2759 2298 2784 ,
2343 2721 2466 2775 vide
2515 2736 2581 2774 ne
2629 2719 2770 2775 forte
2805 2724 2871 2775 ad
2909 2723 3373 2790 comparationem
3413 2721 3721 2776 cmlestiuin

2131 2831 2427 2885 corporum
2460 2829 2657 2884 corpus
2688 2815 2828 2870 istud
2865 2817 3113 2870 humana:
3146 2826 3370 2877 naturae,
3404 2825 3617 2868 stercus
3652 2813 3728 2866 ﬁ-.-

2132 2907 2398 2975 guraliter
2440 2906 2762 2974 appelletur.
2812 2905 2980 2960 Terra
3031 2907 3174 2961 enim
3231 2915 3348 2969 est,
3383 2916 3437 2960 et
3470 2907 3534 2958 de
3566 2916 3718 2958 terra

2133 3008 2430 3067 sumptum.
2459 2997 2566 3052 Sed
2599 3007 2653 3052 et
2683 3000 2956 3067 cophinus
2985 2999 3075 3053 ille
3118 2999 3377 3054 stercoris
3409 2999 3498 3066 qui
3534 2999 3600 3051 ad
3632 3012 3724 3052 re-

2133 3096 2281 3149 dices
2343 3095 2692 3150 succidenda:
2773 3094 3018 3149 ﬁculneae
3073 3095 3348 3159 mittitur,
3398 3095 3524 3162 quid
3571 3093 3720 3146 aliud

2134 3204 2296 3257 quam
2351 3189 2667 3257 mysterium
2708 3200 2974 3255 suscepta:
3001 3188 3052 3240 in
3093 3201 3320 3254 corpore
3357 3187 3721 3254 dispensatio-

2135 3284 2220 3339 nis
2266 3282 2549 3336 ostendit?
2596 3279 2707 3334 Nec
2760 3291 2940 3334 tamen
2987 3279 3036 3333 ei
3074 3280 3352 3334 interanea
3395 3279 3588 3332 deesse
3638 3280 3720 3331 di-

2136 3381 2356 3426 cuntur.
2388 3370 2649 3439 Quamvis
2675 3372 2820 3424 enim
2849 3369 3005 3422 vilem
3040 3370 3182 3422 servi
3207 3369 3434 3439 gesserit
3465 3368 3718 3427 formam,

2134 3463 2413 3532 plenitudo
2460 3474 2641 3516 tamen
2698 3463 2749 3516 iu
2796 3477 2862 3516 eo
2911 3462 3215 3515 divinitatis
3261 3461 3563 3514 habitabat.
3599 3459 3722 3512 lla-c
3810 3517 3822 3524 _

2133 3557 2383 3625 quamvis
2433 3557 2694 3610 audacter
2741 3555 2990 3608 discussa
3038 3555 3188 3614 sint,
3235 3565 3411 3606 tamen
3445 3553 3568 3620 quia
3604 3551 3720 3621 (35)

2135 3646 2370 3700 ﬁdelium
2402 3661 2745 3715 quorumque
2782 3645 2977 3698 nutriri
3014 3660 3231 3712 semper
3279 3646 3344 3697 ad
3391 3645 3592 3710 majora
3625 3644 3719 3696 de-

2132 3737 2225 3792 bet
2254 3740 2470 3794 auditus
2497 3780 2511 3802 ,
2541 3740 2730 3794 eadem
2763 3751 2978 3805 quoque
3010 3738 3172 3791 etiam
3219 3741 3280 3792 de
3312 3737 3610 3808 Synagoga:
3639 3738 3720 3792 vi-

2135 3831 2246 3884 tulo
2278 3832 2591 3894 accipienda
2628 3837 2775 3884 sunt.

2202 3922 2254 3975 4.
2292 3921 2348 3976 ln
2384 3925 2573 3979 morali
2608 3932 2787 3976 autem
2823 3923 2942 3975 loco
2978 3928 3154 3989 potest
3185 3920 3423 3989 pontifex
3461 3921 3563 3975 iste
3596 3936 3722 3974 sen-

2131 4034 2225 4073 sus
2272 4015 2492 4086 pietatis
2542 4024 2596 4068 et
2631 4011 2914 4081 religionis
2947 4012 3116 4064 videri
3146 4053 3160 4075 ,
3205 4014 3298 4080 qui
3345 4014 3398 4064 in
3432 4013 3591 4066 nobis
3625 4027 3722 4080 per

2131 4111 2409 4164 orationes
2437 4115 2492 4160 et
2517 4105 2928 4159 obsecrationes
2957 4117 3092 4170 quas
3116 4103 3222 4156 Deo
3252 4105 3548 4167 flammans,
3576 4105 3722 4157 velut

2132 4202 2367 4270 quodam
2409 4199 2722 4254 sacerdotio
2773 4197 3038 4265 fungitur.
3076 4195 3174 4247 llic
3205 4199 3246 4249 si
3279 4197 3329 4249 in
3369 4197 3550 4264 aliquo
3587 4198 3722 4250 deli-

2132 4294 2338 4362 querit,
2371 4306 2591 4346 omnem
2620 4291 2881 4345 continuo
2912 4291 3005 4358 qui
3038 4291 3178 4343 intra
3211 4304 3308 4341 nos
3342 4297 3423 4340 est
3455 4287 3716 4340 bonorum

2131 4396 2351 4441 actuum
2399 4399 2626 4453 peccare
2668 4383 2922 4452 populum
2973 4383 3121 4435 facit.
3168 4380 3352 4446 Neque
3401 4379 3551 4438 enim,
3582 4381 3713 4430 recti

2131 4477 2314 4545 operis
2341 4475 2546 4543 aliquid
2573 4475 2832 4544 gerimus,
2867 4487 2990 4529 cum
3022 4473 3075 4524 iu
3102 4486 3328 4539 pravum
3357 4468 3719 4524 declinaverit

2551 4615 2596 4645 "
2625 4613 2823 4668 Genes.
2849 4628 3023 4678 xxxii,
3051 4612 3102 4677 1,
3139 4611 3195 4666 2.

521 4721 758 4810 (ὅφριιὶ
788 4723 926 4810 inter
962 4723 1128 4810 Deum
1154 4734 1199 4810 et
1227 4725 1460 4810 lio‘mipes
1483 4727 1686 4810 medius
1707 4728 1919 4810 quidam
1946 4747 2025 4783 re-
2059 4733 2103 4787 D
2132 4749 2194 4795 v;
2236 4729 2782 4810 llieronymus‘epist.
2817 4728 2940 4792 128,
2966 4730 3114 4810 et_ad
3147 4725 3455 4810 Maioriane,
3487 4737 3615 4810 capt:
3641 4738 3680 4777 ιι
3701 4767 3716 4790 ,

449 4793 1092 4864 prapitiatorjnlervenil.
1131 4803 1236 4864 etc.
1273 4793 1684 4849 Eodvnrfcrme
1711 4800 1868 4851 modo
1901 4810 2028 4856 ante

450 4861 742 4931 Origenem
779 4862 931 4914 Philo
958 4861 1174 4916 .ludreus
1207 4863 1446 4931 loquitur
1489 4865 1584 4917 lib.
1624 4882 1661 4918 ll
1700 4865 1774 4918 De
1807 4867 2029 4921 Menar-

449 4937 606 5008 cliia_:
634 4932 888 5008 Βούλεται
915 4933 1004 5008 τῂν
1037 4935 1297 5008 ἀρχιερέᾳ
1322 4935 1349 4985 ὁ
1374 4935 1535 5005 νόμος
1555 4937 1812 5008 μείζονος
1845 4955 2036 5008 μεμοι-

451 5003 647 5078 ρᾷσθαι
672 5003 909 5078 *φύᾳεῳς
941 5004 973 5075 ἢ
1009 5003 1151 5078 mea:
1196 5003 1508 5078 ἄνθρωπόν,
1548 5003 2035 5078 ξγγυτέρω’προσ-

454 5073 621 5159 ἐόντα.
638 5073 736 5158 τῆς
771 5073 971 5159 Gaia},
1001 5075 1281 5159 paﬁoptov,
1401 5076 1481 5159 ξεῖ
1517 5077 1564 5128 τ’
1592 5073 2026 5159 ἁληοὲἱλέπέειν,

449 5147 670 5217 ἀμφρῖγ,
708 5145 793 5217 ἴνρι
823 5143 1298 5217 -διὰῌμέσουέινὸς
1333 5146 1606 5217 ἄνθρωποι
1645 5143 1742 5217 μὲν
1781 5143 2034 5202 udam»;

449 5214 546 5291 tat
565 5214 716 5291 Θεὸν,
746 5215 877 5276 Θεὸς
908 5215 963 5291 et
984 5217 1090 5291 sic
1110 5217 1338 5291 χάριτας
1358 5214 1664 5291 ἀνθρώπριζ
1694 5219 2031 5291 ὑποδιακόνῳ

448 5287 557 5340 τινὶ
591 5284 870 5356 χρώμενος
903 5285 1071 5357 ὀρέγῃ
1108 5284 1200 5340 καῖ
1244 5284 1474 5358 χορηγῇξ
1521 5308 1538 5339 4
1574 5288 1817 5342 Postulat
1861 5292 1941 5343 lex
1976 5284 2026 5342 in

451 5359 705 5428 pontiﬁce
753 5367 1004 5428 naturam
1039 5363 1271 5410 humana
1307 5362 1584 5424 majorem,
1620 5369 1678 5411 ut
1708 5361 1798 5428 qui
1845 5362 1910 5411 ad
1946 5361 2029 5411 di-

451 5427 634 5480 vinam
667 5427 888 5493 propius
917 5429 1172 5493 accedat,
1201 5430 1358 5488 situs,
1388 5430 1429 5482 si
1471 5444 1654 5481 verum
1691 5427 1847 5481 fateri
1883 5431 2030 5492 licet,

455 5495 507 5548 in
541 5497 822 5563 utriusque
857 5498 1127 5559 conﬁnio,
1161 5508 1215 5550 ut
1267 5513 1360 5565 per
1405 5499 1756 5551 mediatorem
1795 5500 2029 5564 aliquem

457 5567 704 5636 homines
731 5568 947 5635 quidem
985 5567 1146 5619 Deum
1186 5569 1473 5634 prepitient
1503 5608 1518 5629 ,
1556 5568 1694 5621 Deus
1737 5585 1866 5622 vero
1903 5585 2032 5636 gra-

459 5634 560 5687 tias
588 5634 898 5707 homiuibus
922 5679 936 5702 ,
974 5638 1156 5707 aliquo
1187 5653 1315 5691 usus
1354 5640 1634 5699 ministro,
1669 5634 1922 5706 porrigat
1953 5651 2035 5688 :tt-

459 5718 563 5777 que
594 5705 873 5777 largiatur.
911 5726 926 5758 ι
961 5709 1033 5760 Ita
1065 5705 1287 5777 quoque
1322 5718 1513 5761 auctor
1543 5707 1765 5760 Constil.
1802 5705 2032 5772 apostol.

459 5772 555 5826 lib.
583 5789 642 5834 II.
676 5789 794 5840 cap.
821 5775 924 5838 Q5;
957 5772 1177 5831 sanctus
1203 5772 1439 5832 Basilius
1468 5777 1751 5831 Comlilat.
1781 5789 2030 5841 mamma,

458 5857 579 5910 cap.
627 5842 700 5897 “22
737 5861 752 5903 ;
800 5844 1220 5915 Chiysostomus
1268 5849 1319 5902 iu
1359 5847 1480 5901 Vidi
1523 5845 1804 5900 Dominum
1840 5846 2030 5901 bomil.

2138 4793 2194 4856 et
2225 4802 2314 4854 alii
2346 4793 2570 4866 passim.
2597 4793 2988 4853 Verumtamen
3021 4799 3354 4866 Augustinus
3384 4795 3546 4866 lib,"
3577 4793 3716 4866 Con-

2138 4816 2194 4856 et
2225 4816 2314 4854 alti
2346 4817 2570 4866 passtm.
2605 4816 2988 4853 verumtamen
3021 4816 3098 4851 Au
3142 4816 3354 4853 ttsttttns
3384 4816 3476 4848 ιιυ.
3511 4816 3546 4846 ιι
3577 4816 3716 4847 Lon-

2133 4883 2215 4925 tra
2248 4869 2683 4932 Parmeniannm,
2718 4885 2837 4936 cap.
2863 4868 2918 4930 8,
2953 4885 3016 4922 ex
3051 4871 3066 4922 I
3096 4816 3334 4922 ’limoth.
3361 4881 3438 4929 ιι,
3466 4865 3520 4926 5,
3541 4865 3720 4932 arguit

2108 4956 2256 4996 'enm
2305 4942 2640 4994 Donatistam
2672 4980 2686 5003 ,
2731 4942 2871 5006 quod
2915 4941 3150 5008 quodam
3195 4939 3316 4992 loco
3366 4937 3716 5008 mediatorem

2142 5013 2372 5065 dixisset
2400 5012 2709 5078 episcopum
2743 5003 2883 5063 inter
2914 5003 3166 5077 populum
3195 5017 3251 5062 et
3285 5009 3472 5060 Deum.
3510 5004 3612 5078 Sed
3645 5003 3718 5057 fa-

2142 5083 2244 5135 cile
2281 5084 2396 5135 haec
2425 5075 2803 5134 conciliantur.
2841 5075 3000 5134 Solus
3036 5080 3320 5139 Christus,
3357 5078 3507 5130 aiunt
3561 5075 3718 5128 theoo

2140 5150 2265 5220 logi,
2303 5153 2566 5205 mediator
2604 5160 2688 5202 est
2723 5162 2928 5204 natum
2959 5165 3022 5206 ac
3071 5147 3462 5220 redemptionis
3484 5161 3504 5210 ;_
3530 5161 3716 5199 sacer-

2135 5217 2286 5274 doies
2319 5233 2498 5274 autem
2531 5221 2860 5283 mediatores
2889 5230 3015 5274 sunt
3045 5219 3332 5273 ministerii
3365 5229 3417 5270 et
3452 5217 3716 5270 interces-

2133 5305 2320 5344 Slonts.

2205 5360 2545 5483 (gl)[COtleX
2594 5360 2878 5430 Sangerm.
2907 5398 2923 5423 ,
2961 5378 2979 5411 ‹
3016 5358 3234 5414 ell‘erre.
3271 5377 3290 5410 ι
3348 5355 3504 5410 Libb.
3537 5353 3711 5415 editi,

2207 5449 2220 5480 ι
2266 5448 2322 5482 er
2355 5472 2366 5483 .
2413 5450 2430 5480 ι

2135 5449 2154 5480 ί
2189 5441 2366 5483 01181⁷1.
2413 5450 2430 5480 ι

2203 5502 2316 5571 (52)
2347 5500 2449 5565 Qui
2474 5503 2526 5554 in
2559 5502 2701 5573 caelis
2728 5501 2937 5573 quidem
2974 5515 3076 5573 non
3110 5515 3206 5573 pro
3232 5506 3471 5573 peccato,
3503 5493 3590 5573 sed
3615 5506 3711 5558 pro

2203 5518 2316 5571 (ea)
2347 5518 2447 5565 una
2474 5519 2526 5554 ιη
2559 5518 2701 5553 rwus
2766 5518 2937 5552 niuem
2974 5518 3076 5552 non
3112 5518 3206 5566 pro
3234 5518 3471 5564 peccato,
3503 5518 3587 5545 seu
3615 5518 3707 5558 pw

2130 5587 2343 5623 munere
2367 5611 2382 5633 ,
2411 5574 2516 5625 etc.
2568 5571 2702 5624 Vide
2728 5518 2992 5624 (lluetium
3024 5569 3470 5639 Origenianorum
3522 5563 3616 5616 lib.
3647 5575 3707 5627 tt,

2129 5651 2320 5713 quiest.
2439 5658 2584 5713 num.
2615 5641 2706 5693 24.
2779 5709 2790 5713 Α
2955 5708 2968 5713 _
3126 5707 3137 5713 _

2202 5712 2312 5778 (35)
2349 5710 2610 5763 l‘articula
2651 5729 2668 5759 ι
2703 5709 2849 5778 quia,
2885 5728 2902 5760 ι
2937 5708 3089 5762 deest
3126 5707 3176 5759 in
3209 5714 3369 5761 antea
3400 5702 3584 5770 editis,
3614 5699 3710 5756 sed

2134 5783 2438 5835 restituitur
2469 5796 2496 5835 c
2532 5782 2718 5835 codice
2750 5778 3229 5849 Sangermanensi.
