4110 6414
259 339 375 396 417

1441 347 1506 401 IN
1547 342 1924 406 LEVITVI'CUM
1964 341 2246 409 HOMILIA
2285 347 2326 411 ll

3433 368 3536 435 ειιὸ

262 460 374 511 dux
422 458 684 513 bonorum
735 475 992 530 operum,
1043 477 1236 518 sensus
1261 503 1276 527 ,
1312 477 1368 520 et
1407 467 1529 523 ideo
1577 469 1643 524 ad
1684 467 1841 537 hujus
1872 476 1915 530 Α
1950 490 2046 528 nes
2078 487 2430 544 peccatorum
2468 477 2518 533 in
2553 467 2878 552 Evangeliis.
2922 479 3014 540 Est
3047 488 3146 541 ista
3178 491 3348 557 prima
3375 533 3389 558 ,
3427 510 3532 563 qua

260 549 698 603 emendationem
729 567 833 604 non
869 553 1268 623 qualiscunque
1299 557 1499 622 hostia,
1545 561 1638 613 sed
1675 561 1845 631 ipsius

260 641 493 708 saginati
540 641 690 694 vituli
738 645 1040 711 requiritur
1092 648 1442 702 sacriﬁcium.
1490 649 1754 704 Similiter
1788 662 1843 707 et

259 731 556 802 Synagogzc
596 733 778 803 culpa,
824 737 924 790 hoc
978 748 1083 804 est,
1117 741 1355 793 omnium
1406 757 1526 809 qua:
1569 742 1710 796 intra
1743 759 1842 799 nos

256 835 385 877 sunt
409 826 668 878 virtutum
703 830 1033 894 emendatio,
1068 845 1172 885 non
1205 831 1364 884 aliter
1390 847 1550 901 quam
1588 848 1649 886 ev
1680 834 1842 889 Chri-

256 917 321 970 sti
353 918 778 974 mortiﬁcationc
807 934 1115 990 reparatur.
1155 924 1209 978 Si
1246 940 1374 980 vero
1407 927 1661 997 princeps
1686 970 1704 995 ,
1758 930 1840 982 iii-

255 1009 364 1074 quit
397 1008 478 1072 ‘3,
518 1014 848 1077 peccaverit,
885 1013 1094 1067 hircum
1138 1015 1332 1069 offeret
1365 1015 1477 1086 (54)
1522 1032 1586 1072 ex
1634 1021 1833 1086 capris.

253 1099 511 1170 Princeps
559 1102 660 1156 iste
711 1113 888 1172 potest
914 1105 1088 1160 videri
1119 1105 1201 1160 vis
1248 1108 1472 1161 rationis
1524 1125 1644 1178 quae
1697 1111 1836 1164 intra

255 1210 351 1246 nos
379 1205 484 1247 est.
513 1194 643 1259 Qua:
675 1196 718 1248 si
750 1207 937 1262 peccet
972 1197 1024 1249 in
1064 1198 1252 1262 nobis,
1282 1208 1335 1252 et
1363 1199 1586 1254 stultum
1632 1203 1834 1272 aliquid

252 1300 493 1354 agamus,
518 1285 947 1355 pertimescenda
986 1291 1145 1343 nobis
1179 1301 1262 1343 est
1294 1289 1384 1341 illa
1415 1295 1686 1346 sententia
1717 1294 1836 1348 Sal-

248 1378 475 1438 vatoris,
508 1393 628 1445 quae
657 1377 790 1431 dicit
824 1378 868 1409 “
901 1396 914 1433 :
953 1398 969 1430 ι
1009 1379 1117 1433 Vos
1147 1383 1278 1436 estis
1318 1384 1400 1437 sal
1431 1395 1610 1439 terrm.
1635 1384 1699 1438 Si
1734 1402 1832 1439 au-

247 1475 349 1521 tem
385 1467 462 1521 sal
500 1466 828 1521 infatuatnm
880 1468 1064 1535 fuerit,
1107 1472 1174 1524 ad
1209 1474 1436 1528 nihilum
1468 1475 1610 1529 valet
1640 1476 1741 1529 nisi
1774 1486 1833 1530 ιιι

242 1561 563 1630 projii-iatur
605 1559 752 1614 foras
779 1601 792 1622 ,
834 1574 886 1616 ct
921 1563 1274 1618 conculcetur
1322 1568 1391 1618 ab
1437 1566 1770 1621 hominibus.
1806 1585 1826 1619 ι

246 1653 416 1705 llabct
451 1667 578 1720 ergo
608 1662 662 1705 et
690 1653 790 1704 iste
821 1652 1050 1704 hostiam
1076 1668 1248 1709 suam.
1277 1655 1382 1708 Sed
1406 1665 1459 1708 et
1488 1656 1671 1708 anima
1699 1670 1828 1720 una,

243 1743 420 1810 inquit
450 1742 524 1807 ⁸⁸,
554 1743 597 1796 si
633 1744 961 1811 peccaverit,
1001 1758 1220 1810 capram
1273 1745 1530 1800 fcmiuam
1578 1747 1832 1800 similiter

1949 567 2290 634 baptizaniur
2334 570 2386 622 in
2425 572 2808 627 remissionem
2856 591 3226 644 peccatorum.
3278 583 3535 640 Secunda"

1947 657 2196 710 remissio
2232 666 2313 710 est
2353 659 2404 710 in
2451 661 2705 727 passione
2734 667 3002 735 martyrii.
3052 669 3230 724 Tertia
3274 682 3376 736 est,
3408 690 3536 744 qua:

1945 763 2041 815 pro
2066 748 2404 820 elcenmsyna
2437 754 2597 805 datur
2632 752 2766 824 (58).
2819 757 2956 810 Dicit
2988 761 3130 813 enim
3167 763 3417 821 Salvator
3441 768 3523 823 “z

1948 853 1966 886 ι
2017 836 2396 894 Verumtamen
2427 842 2549 895 date
2583 844 3021 915 eleemosynam,
3062 861 3114 904 et
3161 869 3288 909 ecce
3339 861 3521 914 omnia

1943 931 2145 983 munda
2189 943 2314 983 sunt
2343 933 2512 987 vobis.
2547 955 2564 986 ι
2612 935 2812 1001 Quarta
2859 940 3011 993 nobis
3049 943 3100 994 ﬁt
3136 948 3378 1002 remissio
3397 965 3524 1018 pec-

1940 1031 2221 1082 catorum.
2259 1039 2354 1091 per
2392 1025 2493 1079 hoc
2526 1028 2670 1095 quod
2707 1038 2760 1081 et
2795 1047 2891 1084 nos
2938 1035 3261 1092 remittimus
3302 1042 3527 1106 peccata

1939 1111 2204 1166 fratribus
2251 1119 2474 1170 nostris.
2542 1119 2633 1171 Sic
2690 1121 2834 1173 enim
2902 1121 3036 1177 dicit
3094 1127 3208 1194 ipse
3263 1128 3531 1186 Dominus

1944 1206 2096 1275 191
2124 1219 2176 1261 et
2213 1206 2468 1263 Salvator
2503 1221 2711 1278 noster,
2747 1215 2870 1282 quia
2912 1235 2930 1266 ι
2971 1218 3016 1270 si
3056 1222 3380 1278 remiseritis
3409 1223 3527 1293 (39}

1938 1295 2204 1352 fratribus
2229 1301 2434 1354 vestris
2466 1316 2530 1354 ex
2561 1303 2724 1355 corde
2757 1317 2979 1371 peccata
3008 1309 3268 1377 ipsorum,
3295 1323 3347 1367 et
3369 1317 3530 1369 vobis

1936 1385 2182 1438 remittet
2215 1387 2378 1441 Pater
2413 1401 2595 1444 vester
2627 1405 2850 1458 peccata
2894 1408 3092 1451 vestra.
3131 1400 3281 1466 Quod
3329 1405 3372 1456 si
3411 1417 3526 1459 non"

1939 1474 2266 1531 remiseritis
2309 1479 2568 1536 fratribus
2623 1485 2820 1539 vestris
2876 1503 2941 1541 ex
2980 1490 3167 1555 corde,
3222 1509 3320 1547 nec
3367 1497 3524 1550 vobis

1939 1567 2182 1621 remittet
2213 1569 2375 1623 Pater
2409 1582 2592 1624 vester
2631 1574 2713 1638 ‘7;
2748 1594 2764 1624 ι
2801 1587 2856 1628 et
2885 1577 3026 1632 sicut
3057 1582 3109 1633 iii
3143 1585 3391 1638 oratione
3421 1600 3520 1639 nos

1887 1679 1890 1682 ‘
1937 1659 2120 1714 dicere
2165 1663 2352 1716 docuit
2383 1664 2427 1695 ⁸⁸
2456 1683 2469 1718 :
2503 1683 2521 1714 ι
2557 1665 2796 1722 Remitte
2850 1671 3006 1725 nobis
3050 1674 3229 1727 debita
3292 1689 3514 1741 nostra,

1935 1752 2078 1806 sicut
2109 1763 2163 1806 et
2201 1769 2300 1808 nos
2329 1756 2659 1809 remittimus
2678 1757 3290 1818 debitoribusnostris.»
3316 1766 3514 1831 Quinta

245 1836 462 1897 offeret.
497 1837 791 1890 secundum
825 1836 970 1889 illam
1011 1837 1454 1892 suhStitutionem
1497 1841 1823 1907 hostiarum,
1858 1837 1898 1891 Β
1931 1858 2282 1915 peccatorum
2334 1849 2586 1902 remissio
2637 1861 2758 1916 est,
2820 1867 2942 1905 cum
3001 1861 3331 1914 converterit
3394 1862 3525 1929 quis-

250 1944 402 1995 quam
438 1928 689 1994 superius
716 1929 1160 1985 memoravimus.
1207 1931 1313 1985 Sed
1363 1931 1597 1987 fortasse
1645 1933 1828 1988 dicant

250 2022 514 2074 auditores
543 2021 800 2075 Ecclesia:
837 2022 951 2091 (55)
988 2042 1001 2076 :
1039 2022 1233 2078 Melius
1261 2024 1371 2078 fere
1403 2027 1666 2094 agebatur
1700 2041 1822 2079 cum

247 2115 485 2182 antiquis
509 2153 524 2179 ,
570 2129 731 2184 quam
767 2117 1044 2170 nobiscum
1075 2157 1090 2182 ,
1121 2118 1209 2171 ubi
1255 2119 1450 2173 oblatis
1477 2122 1690 2175 diverso
1719 2118 1822 2172 ritu

237 2206 521 2269 sacriﬁciis
551 2246 565 2270 ,
618 2206 972 2276 peccantibus
1020 2209 1176 2261 venia
1226 2213 1610 2277 praestabatur.
1666 2217 1820 2285 Apud

232 2311 327 2351 nos
362 2313 471 2350 una
501 2300 873 2353 tantummodo
896 2301 1051 2353 venia
1084 2313 1163 2355 est
1187 2313 1552 2370 peccatorum,
1583 2325 1701 2375 qua:
1728 2327 1822 2377 per

229 2386 436 2442 lavacri
463 2389 692 2457 gratiam
723 2390 772 2442 in
801 2391 970 2444 initiis
1001 2391 1184 2446 datur.
1219 2393 1380 2448 bulla
1409 2395 1529 2464 post
1555 2399 1670 2454 huic
1696 2415 1821 2468 pec-

227 2482 375 2534 cauti
409 2481 814 2546 misericordia,
861 2498 959 2537 nec
995 2487 1150 2538 venia
1187 2486 1293 2540 ulla
1330 2490 1673 2544 conceditur.
1720 2493 1820 2547 De-

226 2586 309 2629 cet
335 2577 558 2644 quidem
584 2576 936 2630 districtioris
957 2592 1081 2631 esse
1099 2580 1402 2648 disciplinae
1415 2582 1574 2638 Chris
1588 2585 1814 2653 tianum,

225 2682 327 2734 pro
365 2684 474 2738 quo
505 2671 755 2724 Christus
787 2682 1036 2727 mortuus
1062 2686 1144 2729 est
1171 2676 1308 2748 (56).
1356 2678 1464 2732 Pro
1511 2679 1616 2734 illis
1663 2696 1813 2747 oves,

1931 1950 2275 2010 pcccatorem
2307 1940 2374 1992 ab
2409 1955 2597 1994 errore
2628 1941 2728 1995 via:
2759 1957 2890 1998 sum.
2918 1942 2995 1998 lta
3026 1950 3170 2000 enim
3201 1949 3332 2003 dicit
3363 1948 3520 2004 Scric

1929 2043 2087 2102 plura
2120 2033 2303 2085 divina
2333 2032 2399 2096 θο,
2432 2032 2558 2100 quia
2595 2049 2614 2082 ε
2648 2036 2736 2101 qui
2784 2038 3028 2091 converti
3084 2038 3270 2094 fecerit
3316 2057 3516 2110 peccaa

1929 2132 2101 2176 torem
2143 2123 2228 2196 .ah
2275 2136 2462 2176 errore
2498 2124 2596 2176 vice
2635 2140 2746 2178 sua:
2776 2165 2790 2188 ,
2829 2127 3004 2181 salvat
3042 2131 3279 2184 animum
3316 2132 3431 2200 ejus
3478 2151 3519 2189 ιι·

1929 2225 2104 2269 morte
2129 2214 2268 2283 (40),
2305 2223 2360 2267 et
2388 2213 2632 2282 cooperit
2661 2217 3065 2271 multitudinem
3098 2233 3517 2290 peccatorumJ‘

1928 2306 2093 2360 Sexta
2146 2322 2359 2374 quoque
2396 2307 2454 2359 ﬁt
2490 2308 2741 2362 remissio
2778 2324 2876 2377 per
2903 2312 3292 2368 abundantiam
3326 2317 3521 2372 citari-'

1927 2398 2077 2458 tatis.
2107 2399 2250 2452 sicut
2276 2411 2324 2452 et
2363 2401 2478 2468 ipse
2521 2401 2783 2455 Dominus
2831 2403 2962 2456 dicit
2989 2403 3032 2433 ⁷⁰
3069 2422 3081 2458 :
3115 2423 3132 2456 ι
3174 2407 3342 2461 Amen
3385 2410 3516 2463 dico

1926 2491 2045 2557 tibi,
2083 2490 2437 2543 remittuntur
2466 2492 2513 2545 ei
2551 2502 2772 2562 peccata
2804 2495 2968 2548 multa
2995 2535 3008 2557 ,
3037 2497 3290 2564 quoniam
3322 2500 3507 2554 dilexit

1923 2584 2170 2637 multum.
2209 2603 2227 2634 ι
2264 2582 2326 2636 Ει
2357 2585 2640 2653 apostolus
2667 2586 2797 2640 dicit
2829 2588 2870 2618 '“
2909 2609 2919 2642 :
2957 2607 2976 2639 ‹
3014 2588 3280 2654 Quoniam
3321 2592 3508 2644 chari-

1923 2685 2002 2729 tas
2035 2675 2282 2743 cooperit
2310 2675 2710 2730 multitudinem
2745 2687 3120 2746 peccatorum.
3154 2699 3172 2730 ›
3204 2680 3298 2734 Est
3328 2683 3503 2738 adhuc

222 2759 413 2827 hirci,
448 2761 612 2816 boves
637 2757 1032 2834 iugulabantur
1058 2779 1114 2822 et
1143 2783 1306 2836 aves,
1353 2779 1407 2823 et
1459 2770 1638 2825 simila
1680 2787 1812 2826 con-

217 2855 617 2924 spergebatur:
649 2873 745 2926 pro
778 2867 829 2911 te
861 2858 951 2912 Dei
979 2859 1153 2913 Filius
1180 2859 1458 2930 jugulatus
1484 2873 1590 2925 est,
1630 2873 1683 2916 et
1712 2863 1814 2917 ite-

216 2961 344 3000 rum
381 2957 428 3002 te
454 2964 683 3018 peccare
705 2952 985 3005 delectat?
1020 2951 1085 3004 Et
1121 2959 1303 3004 tamen
1335 2968 1400 3005 ne
1439 2953 1530 3006 tibi
1560 2955 1675 3007 haec
1707 2971 1810 3008 non

217 3050 332 3094 tam
365 3043 581 3112 erigant
607 3043 818 3096 animos
848 3059 948 3112 pro
976 3043 1200 3106 virtute,
1223 3058 1388 3108 quam
1421 3059 1521 3112 pro
1553 3045 1814 3112 despera-

211 3132 370 3186 tione
392 3134 668 3201 dejiciant,
701 3133 900 3186 audisti
929 3138 1133 3200 quanta
1163 3133 1275 3185 sint
1307 3133 1361 3186 in
1397 3133 1518 3202 lege
1541 3136 1810 3189 sacriﬁcia

207 3239 316 3294 pro
349 3225 608 3295 peccatis,
649 3224 774 3278 audi
803 3240 945 3279 nunc
977 3224 1089 3295 (57)
1131 3235 1348 3294 quantae
1389 3225 1502 3280 sint
1533 3227 1814 3282 remissio-

283 3383 336 3414 ⁶³
368 3382 542 3435 Levit.
575 3397 626 3434 tv
648 3421 662 3445 ,
706 3381 795 3434 23.
876 3380 921 3412 ⁸⁵
952 3378 1201 3446 Matthv,
1238 3383 1324 3436 15.
1398 3383 1447 3414 ⁸⁸·
1474 3383 1650 3438 Levit.
1684 3399 1754 3450 tv,
1785 3383 1804 3436 Ξ

284 3450 480 3505 Jacoh.
505 3467 558 3510 ν,
587 3451 679 3506 20.
754 3452 798 3482 ⁷⁰
825 3450 956 3506 Luc.
987 3465 1084 3510 vit.
1117 3453 1205 3507 l7.
1249 3453 1294 3484 “
1327 3452 1348 3508 l
1379 3453 1528 3507 Petr.
1559 3469 1635 3510 tv.
1663 3453 1716 3507 8.
1795 3456 1804 3485 ⁷

1948 3383 1992 3414 ⁸ο
2021 3381 2152 3435 Luc.
2185 3394 2258 3440 xi,
2287 3377 2377 3430 4i.

1915 3453 2007 3508 sal.
2038 3465 2186 3510 χχιιι,
2233 3443 2286 3502 5.

1910 3468 2007 3508 sal.
2038 3468 2186 3513 XXXI,
2233 3468 2286 3502 ἶ).

754 3452 798 3482 ⁷⁰
825 3450 956 3506 Luc.
987 3465 1084 3517 vit,
1117 3453 1205 3507 l7.
1249 3453 1294 3484 “
1327 3452 1348 3508 l
1379 3453 1528 3507 Petr.
1559 3469 1635 3521 tv,
1663 3453 1716 3507 8.

280 3586 401 3661 (54)
446 3587 586 3642 Idem
636 3604 735 3643 ms.
761 3628 777 3654 ,
820 3607 838 3640 ι
872 3587 1083 3644 oﬁ'eret.
1120 3607 1138 3641 ι
1183 3589 1342 3644 Lihb.
1397 3589 1565 3655 editi,
1613 3609 1631 3641 ι
1668 3591 1801 3647 offe-

200 3671 315 3715 l'zll.
361 3676 380 3709 ι

281 3728 400 3801 (55)
433 3727 796 3801 Sed_{ortasse
842 3731 1020 3783 dicunt
1065 3731 1335 3801 auditores
1382 3729 1654 3794 Ecclesiw,
1684 3743 1793 3788 etc.

203 3798 506 3854 Auditores
534 3798 793 3854 Ecclesia:
840 3817 976 3870 quos
1012 3801 1101 3854 hic
1147 3800 1354 3869 profert
1405 3817 1565 3854 unam
1614 3803 1790 3856 solum

206 3884 310 3938 per
342 3870 664 3938 baptismum
695 3882 1040 3938 peccatorum
1069 3870 1448 3924 remissionem
1492 3885 1794 3938 agnoscen-

210 3950 318 4001 tes.
351 3938 728 3992 catechumeni
759 3950 917 3992 erant
963 3941 1240 3992 audientes
1275 3941 1435 4004 dicti,
1481 3941 1571 4004 qui
1606 3944 1790 3996 omnia

206 4009 336 4063 ﬁdei
359 4009 682 4063 Christiana}
712 4011 970 4078 mysteria
1001 4011 1238 4080 nonduin
1264 4011 1437 4063 edocti
1465 4019 1644 4072 erant,
1668 4013 1790 4080 qui-

208 4095 314 4145 que
368 4080 519 4132 ﬁnita
578 4083 839 4138 concione
890 4083 958 4133 ab
1005 4079 1237 4133 ecclesia
1268 4081 1616 4133 arcebantur.
1644 4080 1788 4134 Nihil

205 4166 336 4219 ergo
370 4150 564 4201 mirum
601 4149 762 4202 aliam
793 4149 872 4203 eis
911 4152 1150 4202 nomium
1196 4149 1501 4204 innotuisse
1532 4161 1786 4217 peccato-

207 4236 326 4272 rum
386 4219 761 4273 remissionem
813 4230 1013 4287 praeter
1068 4233 1189 4271 eam
1237 4234 1357 4286 quae
1401 4233 1499 4286 per
1531 4221 1785 4287 baptismi

206 4290 442 4358 gratiam
465 4290 806 4345 conceditur.
837 4289 1094 4343 Prudenti
1119 4288 1263 4342 enim
1291 4288 1516 4344 consilio
1545 4289 1784 4356 priorum

205 4359 529 4415 sweulorum
565 4359 754 4412 Patres
783 4370 840 4412 ut
868 4359 1120 4428 baptismi
1168 4360 1358 4427 gratiae
1392 4361 1787 4413 conservanda:

207 4430 503 4484 maximum
530 4429 769 4483 studium
810 4430 1078 4493 inderent,
1107 4429 1438 4497 pmnitentim
1470 4444 1783 4484 sacramen-

203 3455 255 3485 "
284 3450 480 3505 Jacob.
505 3467 558 3516 v,
587 3451 679 3506 20.

1841 3176 1884 3232 C

1919 2777 1972 2820 et
2007 2768 2261 2834 septima,
2299 2766 2426 2820 licet
2473 2769 2605 2821 dura
2654 2778 2707 2821 ct
2766 2769 3058 2832 laboriosa,
3103 2787 3200 2839 per
3237 2782 3504 2840 poeniten-

1920 2861 2048 2912 tiam
2088 2859 2338 2913 remissio
2367 2868 2740 2927 peccatorum,
2776 2876 2898 2914 cum
2958 2863 3104 2916 lavat
3157 2875 3412 2932 peccator
3444 2865 3499 2919 in

1917 2950 2172 3019 lacrymis
2224 2960 2461 3002 stratum
2507 2966 2697 3012 suum,
2734 2960 2787 3004 et
2823 2953 2958 3006 ﬁunt
3007 2954 3053 3006 ei
3105 2953 3358 3024 lacrymae
3391 2971 3503 3012 sum

1917 3055 2088 3108 panes
2113 3039 2198 3092 die
2229 3055 2293 3092 ac
2324 3049 2506 3102 nocte,
2543 3049 2596 3093 et
2634 3055 2756 3092 cum
2787 3057 2890 3094 non
2929 3043 3209 3096 erubescit
3230 3046 3501 3100 sacerdoti

1921 3129 2129 3182 Domini
2185 3129 2430 3182 indicare
2474 3139 2758 3194 peccatum
2811 3146 2967 3184 suum
3001 3132 3134 3201 (ιιι),
3171 3141 3225 3187 et
3255 3151 3501 3202 qumrere

1919 3219 2289 3284 medicinam,
2345 3220 2640 3272 secundum
2694 3237 2816 3274 eum
2877 3224 2968 3290 qui
3019 3225 3098 3278 ait
3139 3226 3228 3279 "z
3270 3245 3287 3277 ι
3331 3229 3446 3281 υἱιιί
3482 3244 3499 3281 :

2464 3375 2508 3408 ⁸⁷
2542 3375 2728 3431 Matth.
2760 3394 2835 3445 vt,
2874 3379 2955 3445 Η,
2982 3379 3068 3436 15.
3148 3382 3192 3413 ⁸⁸
3221 3382 3372 3449 ibid.,
3409 3383 3495 3440 12.

1905 3585 2156 3642 secundae
2179 3623 2194 3648 ,
2241 3581 2348 3635 imo
2391 3579 2500 3647 jam
2533 3581 2734 3636 ultima:
2771 3583 2883 3652 spei
2930 3585 3223 3640 subtexere
3254 3589 3491 3640 mentio-

1905 3675 2053 3719 nem,
2095 3674 2114 3705 ι
2147 3669 2213 3705 ne
2250 3663 2553 3723 retractans
2581 3654 2644 3705 de
2681 3654 2902 3707 residuo
2933 3656 3140 3710 auxilio
3168 3658 3495 3723 pmttitendi,

1903 3731 2137 3794 spatium
2171 3724 2347 3776 adhuc
2387 3722 2733 3794 delinquendi
2785 3722 3178 3779 demonstrare
3215 3728 3488 3782 videatur.

1896 3790 1967 3851 Α“ι
1994 3813 2126 3851 νει-υ
2180 3794 2270 3845 ubi
2317 3794 2459 3845 servi
2494 3790 2586 3843 Dei
2637 3793 2771 3861 lapsi
2806 3804 3002 3856 erant,
3056 3805 3106 3848 et
3139 3797 3488 3850 sanctitatem

1896 3864 2242 3935 baptismatis
2271 3863 2590 3935 amiserant,
2620 3873 2731 3935 tum
2767 3867 2938 3918 sancti
2970 3865 3162 3918 Patres
3195 3866 3488 3919 laboriosa:

1895 3951 1950 3992 et
1972 3933 2130 3991 durae
2163 3933 2612 4004 pmttilentiaz,iut
2640 3933 2880 4000 loquitur
2911 3935 3012 3987 hoc
3046 3935 3162 3988 loco
3199 3935 3491 4004 Origenes,

1895 4008 2193 4063 remedium
2229 4004 2323 4072 eis,
2346 4003 2676 4056 indicabant.
2713 4004 2984 4056 Caeterum
3016 4005 3121 4058 dici
3169 4003 3331 4058 etiam
3369 4021 3490 4072 pos-

1897 4079 1967 4133 sit
2005 4078 2107 4130 hoc
2138 4074 2257 4126 loco
2293 4071 2582 4140 Origenem
2614 4075 2978 4139 quorumdant
3031 4071 3485 4128 Montanistarum

1896 4149 1984 4215 qni
2017 4157 2126 4199 tum
2155 4144 2295 4215 forte
2323 4141 2571 4195 concioni
2601 4141 2866 4206 aderant,
2901 4142 3113 4209 objecta
3143 4144 3246 4197 sibi
3281 4157 3486 4211 propo-

1897 4212 2027 4272 nere
2061 4230 2122 4267 ac
2147 4212 2374 4266 diluere.

1968 4285 2080 4356 ('56)
2112 4282 2268 4344 Mss.,
2309 4298 2327 4330 ι
2365 4290 2612 4334 mortuus
2643 4286 2744 4333 est.
2786 4299 2805 4331 ι
2849 4279 3007 4334 Lihb.
3036 4280 3164 4334 editi
3207 4298 3222 4334 ε

1897 4365 2254 4496 [uigil-Audi
2283 4437 2438 4496 mine,
2469 4418 2814 4496 etc._Citatur
2849 4420 2948 4496 hic
2974 4417 3120 4496 locus
3145 4435 3212 4472 ex
3248 4421 3476 4496 homilia

3264 4299 3282 4332 ι
3321 4280 3478 4336 obla-

210 4509 321 4552 tum
347 4501 756 4554 cateclmmenis
787 4511 841 4553 et
865 4488 1374 4566 recensbaptizatis
1400 4499 1784 4552 occultabant:
1823 4497 1864 4551 D
1896 4488 2073 4564 prima
2099 4493 2438 4566 Origcnisjn
2467 4489 2770 4566 Leviticum
2811 4491 2878 4543 ab
2923 4488 3057 4566 Jona
3092 4490 3479 4549 Aureliancnsi

205 4572 358 4624 verbi
393 4571 598 4639 gratia,
631 4568 882 4623 Clemens
915 4570 1192 4623 Romanus
1232 4571 1391 4639 epist.
1421 4568 1457 4622 2
1488 4570 1554 4622 ad
1587 4568 1783 4623 Corin-

207 4640 378 4710 thios,
400 4638 520 4710 cap.
552 4640 584 4692 6
611 4679 625 4704 ,
653 4641 732 4692 sic
761 4641 995 4708 loquitur
1022 4658 1036 4692 :
1079 4640 1268 4709 Ἡμεῖς
1296 4638 1389 4692 ἐὰν
1423 4640 1497 4710 μὴ
1531 4641 1784 4710 τηρήσω-

210 4725 305 4779 μεν
329 4709 394 4762 τὸ
427 4709 706 4782 βάπτισμᾳ
731 4709 883 4778 ἆγιον
915 4712 1012 4782 κατι
1043 4709 1785 4782 dplawovt'trpiq;«citatoq-

210 4729 305 4779 μεν
329 4729 394 4762 το
427 4729 706 4780 ραπτισμα
731 4729 883 4778 αγιον
919 4729 1012 4764 και
1043 4729 1078 4763 α
1130 4729 1326 4773 ιαντον,
1358 4729 1487 4779 ποιᾳ
1526 4729 1783 4782 πεποιυη-

210 4796 288 4832 σει
319 4780 736 4850 εἰσελευσόμεθα
765 4784 846 4843 εἰς
877 4781 939 4833 τὸ
974 4729 1241 4851 βασῒίειον
1264 4781 1358 4832 τοῦ
1384 4778 1518 4833 Θεοῦ
1554 4797 1568 4846 ;
1602 4799 1621 4830 ι
1656 4779 1783 4844 Nos,

209 4852 307 4906 nisi
337 4852 603 4919 baptisma
632 4867 822 4918 purum
849 4862 902 4904 et
927 4851 1334 4904 immaculatum
1356 4851 1781 4917 servaverimus,

208 4935 306 4986 qua
363 4923 689 4975 conﬁdentia
733 4922 1055 4975 intrabimns
1111 4922 1162 4973 in
1198 4923 1400 4990 regiam
1456 4921 1549 4972 Dei
1591 4920 1613 4973 ?
1661 4939 1680 4972 ι
1720 4922 1784 4975 Ει

209 5005 321 5063 cap.
356 5006 472 5063 seq.
496 5009 509 5046 :
535 4991 656 5063 Τῷν
683 4990 758 5063 μὴ
780 4991 1133 5063 τηρησάντων
1157 4991 1254 5063 τὴν
1285 4991 1576 5062 σφραγῖδα,
1597 4992 1624 5042 ὁ
1649 4990 1784 5043 σκώ-

207 5058 299 5133 ληξ
326 5060 508 5115 αὐτῶν
556 5062 616 5115 οὐ
663 5058 992 5130 exsatiati.
1035 5080 1053 5112 ι
1097 5058 1222 5126 Qui'
1252 5058 1486 5133 sigillum
1508 5079 1783 5133 ιιοιιγξθνο

208 5130 488 5195 vaverunt,
523 5134 720 5186 vermis
756 5148 940 5186 eorum
975 5148 1080 5186 non
1116 5130 1400 5187 morietur.
1443 5151 1462 5184 ι
1502 5130 1595 5185 Sic
1643 5130 1779 5185 Her-

211 5215 318 5271 mas
348 5203 442 5255 lib.
479 5219 548 5264 ii,
579 5203 835 5257 mandato
867 5203 933 5267 4,
969 5203 1104 5257 dixit
1133 5204 1409 5257 audivisse
1442 5218 1501 5257 se
1539 5221 1558 5253 ι
1602 5217 1630 5256 a
1661 5204 1783 5271 qui-

205 5269 431 5326 busdam
469 5272 783 5326 doctoribus
831 5274 971 5341 quod
1012 5275 1116 5326 alia
1165 5274 1484 5341 pmnitentia
1530 5289 1635 5326 non
1671 5269 1775 5340 est,

212 5343 305 5397 nisi
339 5344 424 5396 illa
456 5359 578 5397 cum
619 5344 671 5396 in
705 5358 897 5410 aquam
929 5345 1337 5408 descendimus,
1378 5351 1432 5397 et
1473 5343 1778 5410 accipimus

212 5415 579 5468 remissionem
615 5424 960 5482 peccatorum
992 5423 1301 5468 nostrormn
1331 5451 1346 5475 ,
1390 5413 1621 5466 ulterius
1666 5427 1773 5466 non

211 5492 450 5552 peccare,
481 5485 574 5538 sed
609 5488 659 5537 in
697 5484 948 5536 castitate
977 5499 1315 5552 permanere.
1357 5502 1376 5536 ι
1413 5483 1506 5538 Sic
1544 5484 1776 5538 Irenaeus

211 5549 294 5623 lib.
323 5569 376 5606 tv
410 5557 669 5607 Adversus
699 5554 936 5623 Iiwreses
959 5549 1174 5607 veretur
1201 5570 1266 5607 ne
1294 5565 1412 5623 post
1441 5553 1773 5623 agnitionem

211 5621 403 5677 Christi
432 5664 447 5686 ,
485 5625 856 5678 remissionem
890 5622 1027 5676 ultra
1064 5639 1168 5676 non
1217 5621 1514 5677 habeamus
1546 5624 1774 5677 delicto-

211 5703 340 5762 rum,
375 5695 498 5762 quia
529 5695 783 5748 Christus
805 5708 916 5762 non
946 5694 1176 5762 amplius
1211 5695 1493 5748 morietur.
1528 5693 1772 5762 Denique

213 5757 591 5820 'l‘crt’ullianum
621 5764 760 5819 libro
791 5761 866 5817 De
903 5757 1236 5832 pa'niiemia,
1268 5779 1389 5833 cap.
1436 5763 1465 5816 7
1504 5782 1518 5819 :
1559 5781 1578 5815 ι
1615 5757 1771 5834 Pich

1897 4559 2148 4634 episcopo
2182 4559 2275 4616 lib.
2308 4562 2587 4634 ipeqinst.
2627 4559 2773 4634 laic..
2808 4576 2925 4628 cap.
2961 4560 3012 4634 5_.

1968 4628 2090 4705 (58)
2114 4634 2291 4687 Editio
2327 4631 2536 4705 Merlini
2561 4639 2615 4683 et
2645 4628 3279 4705 collev_iiis._Sangerm.,
3310 4650 3331 4683 ι
3360 4650 3483 4704 qua:

1895 4700 1992 4775 pro
2055 4700 2396 4772 eleemosyna
2454 4703 2613 4754 datur
2657 4717 2671 4764 ;
2716 4718 2747 4775 ⁵ι
2796 4700 3216 4775 ϐριιειιιςίιιξιιιιε-
3250 4700 3431 4775 autem
3462 4746 3478 4770 ,

1901 4770 1918 4827 ἆ
1959 4791 2078 4846 qua:
2113 4778 2210 4843 per
2251 4770 2650 4846 eleemosynam
2695 4771 2876 4824 datur.
2915 4789 2934 4821 ι
2970 4770 3139 4846 Codd.
3178 4770 3484 4828 Cadomen-

1891 4841 1991 4902 sis'
2011 4857 2065 4900 et
2109 4841 2539 4908 Cemeticensis,
2575 4859 2593 4890 ‹
2637 4856 2758 4908 quae
2808 4857 2906 4908 per
2951 4841 3330 4911 eleeinosynas
3380 4847 3477 4900 da-

1893 4925 2001 4972 tur.
2039 4936 2058 4969 ι

1963 4986 2078 5054 (39)
2132 4984 2260 5040 Mss.
2294 5023 2311 5051 ,
2361 5001 2380 5036 ι
2410 4980 2756 5038 remiseritis.
2792 4999 2812 5033 ι
2855 4979 3012 5036 Lihb.
3050 4983 3215 5046 editi,
3264 5001 3282 5034 ι
3315 4984 3478 5041 dimi-

1889 5069 2098 5113 serltts.
2136 5076 2155 5108 ι

1961 5127 2074 5200 (40)
2104 5126 2284 5200 Codex
2313 5125 2624 5200 Sangerm.,
2663 5141 2681 5173 ι
2720 5122 2956 5177 animam
2986 5139 3017 5178 a
3040 5135 3240 5182 morte.
3265 5145 3285 5180 ι
3312 5127 3471 5183 Libb.

1886 5197 2061 5262 editi,
2091 5217 2108 5250 ι
2146 5199 2382 5250 animam
2410 5197 2528 5262 ejus
2559 5212 2586 5245 a
2617 5204 2810 5248 morte.
2851 5213 2868 5244 ι

1956 5267 2071 5340 (41)
2101 5267 2233 5321 Cum
2264 5282 2368 5319 non
2395 5265 2650 5340 erubescit
2680 5265 2944 5340 sacerdoti
2979 5266 3195 5320 Domini
3227 5267 3468 5340 indicare

1885 5334 2160 5408 peccatum
2204 5353 2378 5408 suum.
2410 5334 2610 5408 Confer
2641 5349 2760 5402 qua:
2791 5337 2956 5408 habet
2989 5340 3250 5406 Origenes
3277 5337 3467 5390 homil.

1883 5406 2002 5479 Seq.
2037 5425 2187 5464 num.
2234 5406 2268 5458 4
2300 5421 2372 5479 :__¢
2407 5406 2808 5479 Etenimnomni
2829 5421 3028 5474 genere
3059 5407 3462 5479 pronuntianda

1884 5475 2011 5534 sunt
2039 5488 2090 5533 et
2123 5479 2178 5532 in
2213 5477 2486 5547 publicum
2520 5475 2846 5547 proferenda
2892 5489 3086 5529 cuncta
3129 5490 3248 5547 qua:
3290 5476 3469 5542 egeri-

1883 5566 2026 5613 mus,
2057 5552 2099 5603 si
2136 5546 2280 5616 quod
2305 5552 2356 5600 iit
2373 5550 2590 5600 occulto
2622 5546 2886 5612 gerimus,
2913 5547 2956 5598 si
2977 5549 3117 5612 quod
3138 5546 3188 5596 in
3213 5558 3468 5616 sermone

1883 5621 2022 5687 solo,
2059 5614 2338 5674 vehetiam
2370 5619 2510 5670 intra
2539 5617 2928 5687 cogitationum
2951 5614 3463 5687 sceretacommisi-

1882 5684 2024 5755 inus,
2073 5701 2270 5745 cuncta
2304 5703 2527 5741 necesse
2557 5695 2642 5737 est
2680 5684 2940 5752 publicari
2970 5695 3024 5736 et
3059 5684 3313 5751 prolerri,
3338 5700 3466 5751 pro—

1881 5762 2010 5817 ferri
2047 5773 2226 5818 autem
2259 5759 2446 5814 abillo
2477 5756 2570 5824 qui
2613 5764 2666 5807 et
2708 5766 3000 5808 accusator
3041 5755 3248 5822 peccati
3288 5767 3370 5809 est
3410 5765 3468 5808 et
