4110 6378
569 315 664 368 H9

566 435 935 490 l‘ronuntiaho
988 433 1272 487 adversum
1311 448 1396 488 me
1427 432 1750 502 iniustitiam
1806 447 1980 486 meam
2038 435 2142 487 Do-
2173 441 2216 495 Α

565 544 733 589 ιιιιιιο,
765 539 822 580 et
847 537 898 579 ιιι
938 526 1198 579 remisisti
1237 527 1576 595 impietatem
1617 527 1802 581 cordis
1850 527 1978 580 mei.
2013 534 2037 577 ι’
2084 527 2140 580 lu

564 636 671 688 quo
706 619 958 688 impletur
990 629 1042 671 et
1074 617 1230 682 illud,
1274 618 1420 687 quod
1472 617 1711 673 Jacobus
1741 617 2018 686 apostolus
2063 618 2145 672 di-

564 712 641 764 cit
673 710 717 740 ⁷³
754 724 769 761 :
805 725 825 758 ι
870 707 925 761 Si
955 707 1076 774 quis
1110 717 1288 760 autem
1329 707 1678 770 infirmatur,
1725 715 1884 761 vocet
1923 705 2147 777 presby-

565 813 712 857 teros
737 800 1014 863 Ecclesiae,
1039 807 1094 851 et
1121 798 1401 866 imponant
1429 801 1476 852 ei
1501 813 1691 852 manus
1716 797 1849 869 (42),
1882 809 2144 868 augentes

565 911 687 950 cum
713 894 834 948 oleo
869 895 920 947 in
957 894 1173 948 nomine
1210 891 1446 954 Domini,
1475 899 1529 944 et
1551 891 1727 946 oratio
1761 891 1882 944 fidei
1916 891 2147 945 salvabit

567 987 867 1049 infirmum,
895 998 947 1040 et
982 987 1026 1040 si
1064 987 1117 1040 in
1150 983 1391 1053 peccantis
1423 983 1610 1048 fuerit,
1647 971 1996 1038 remitteiitur
2018 982 2088 1036 ei.
2121 1001 2138 1034 ι

566 1079 631 1132 Et
682 1090 734 1130 tu
772 1093 900 1147 ergo
949 1093 1068 1131 cum
1119 1075 1271 1129 venis
1297 1073 1409 1145 (45)
1444 1075 1512 1128 ad
1551 1075 1782 1143 gratiam
1837 1075 2092 1143 baptismi
2126 1117 2141 1140 ,

567 1170 795 1225 vitulum
841 1171 1113 1236 obtulisti,
1168 1171 1295 1238 quia
1346 1169 1398 1223 in
1445 1179 1672 1224 mortem
1713 1168 1917 1223 Christi
1968 1169 2146 1238 bapti-

566 1269 729 1322 Zaris.
765 1267 897 1320 Cum
927 1281 1057 1320 vero
1089 1265 1152 1317 ad
1189 1262 1513 1332 martyrium
1539 1262 1772 1324 duceris,
1807 1262 2018 1315 hircum
2044 1261 2144 1314 ob-

568 1359 769 1418 tulisti,
807 1364 928 1425 quia
969 1366 1248 1409 auctorem
1283 1355 1494 1423 peccati
1547 1355 1820 1408 diabolum
1864 1353 2143 1425 jngtilasti.

568 1451 703 1505 Cum
738 1466 866 1504 vero
898 1449 1300 1516 eleemosynam
1338 1447 1554 1512 feceris,
1593 1457 1646 1501 et
1676 1463 1804 1516 erga
1843 1448 2146 1518 indigentes

568 1541 820 1598 aﬂectum
862 1542 1248 1597 misericordia:
1283 1541 1514 1593 sollicita
1551 1541 1750 1609 pietate
1798 1541 2142 1610 dependeris,

568 1634 740 1688 altare
793 1650 1006 1689 sacrum
1063 1635 1237 1688 haedis
1280 1635 1570 1703 pinguibus
1602 1634 1864 1688 onerasti.
1909 1633 2044 1687 Nam
2099 1634 2143 1689 si

569 1742 636 1779 ex
672 1727 837 1780 corde
876 1728 1152 1780 remiseris
1194 1738 1478 1795 peccatum
1511 1727 1664 1780 fratri
1701 1738 1816 1790 tuo,
1846 1735 1902 1780 et
1928 1727 2146 1780 iracun-

568 1821 670 1871 dia:
705 1829 912 1870 tumore
945 1819 1216 1885 deposito,
1267 1819 1452 1871 mitem
1486 1819 1626 1872 intra
1664 1828 1716 1873 te
1745 1828 1796 1872 et
1843 1818 2141 1886 simplicem

565 1908 907 1977 recollegeris
962 1907 1229 1974 animum,
1294 1907 1606 1961 immolasse
1663 1917 1714 1960 te
1755 1908 2016 1969 arietem,
2061 1906 2145 1961 vel

567 2015 769 2069 agnum
830 2001 882 2051 in
939 2000 1270 2053 sacrificium
1347 1999 1607 2053 obtulisse
1667 1999 1898 2052 confide.
1977 1998 2146 2053 Porro

565 2102 746 2144 autem
773 2092 814 2145 si
848 2093 1043 2146 divinis
1084 2093 1407 2145 lectionibus
1431 2091 1734 2144 instructus
1769 2091 1844 2143 sis
1877 2090 1990 2160 (.M)
2031 2105 2144 2143 me-

567 2182 792 2235 ditando
814 2181 952 2234 sicut
983 2181 1255 2244 columba,
1290 2191 1340 2234 et
1373 2181 1424 2233 in
1456 2181 1571 2250 lege
1608 2180 1818 2233 Domini
1862 2180 2145 2248 vigilando

568 2275 653 2328 die
686 2289 746 2328 ac
777 2283 952 2335 nocte,
991 2275 1057 2327 ab
1107 2288 1295 2327 errore
1344 2289 1447 2326 suo
1499 2273 1840 2326 converteris
1894 2282 2146 2340 peccato-

568 2380 704 2430 rem,
741 2377 794 2420 et
827 2363 1034 2431 abjecta
1072 2366 1308 2433 nequitia
1343 2364 1408 2418 ad
1457 2363 1860 2432 simplicitatem
1893 2380 2014 2419 eum
2051 2381 2144 2419 cn-

567 2454 764 2508 lumbze
809 2456 1171 2519 revocaveris,
1223 2466 1384 2524 atque
1421 2455 1750 2508 adhmrendo
1785 2455 2012 2519 sanctis,
2069 2456 2147 2511 fe-

569 2549 709 2602 ceris
745 2562 866 2602 eutn
897 2549 1208 2602 societatem
1240 2550 1466 2602 turturis
1495 2548 1718 2612 imitari,
1753 2564 1850 2614 par
1877 2557 2145 2602 turturum

571 2649 664 2692 aut
717 2641 854 2694 duos
913 2640 1086 2708 pullos
1155 2639 1525 2692 columbarum
1593 2639 1820 2692 Domino
1877 2638 2143 2694 obtulisti.

570 2731 726 2796 Quod
759 2734 801 2784 si
833 2731 919 2783 illa
955 2747 1074 2800 qua:
1107 2747 1202 2798 spe
1248 2742 1302 2785 et
1353 2732 1455 2785 fide
1505 2733 1675 2800 major
1721 2743 1826 2795 est,
1862 2732 2104 2786 charitas
2129 2773 2145 2797 ,

570 2826 929 2877 abundaverit
966 2826 1015 2876 in
1050 2826 1213 2877 corde
1241 2831 1363 2890 tuo,
1400 2825 1472 2877 ita
1506 2834 1563 2876 ut
1598 2825 1794 2894 tiiiigas
1840 2824 2146 2892 proximum

570 2925 722 2968 tuum
762 2929 865 2968 non
919 2914 1091 2968 solum
1132 2917 1273 2969 sicut
1306 2916 1559 2983 teipsum,
1595 2917 1689 2967 sed
1721 2916 1860 2968 sicut
1911 2915 2149 2969 ostendit

572 3006 664 3060 ille
714 3007 806 3075 qui
861 3007 1072 3060 dicebat
1121 3006 1168 3038 ⁷⁸
1205 3025 1218 3060 :
1261 3025 1280 3058 ι
1320 3006 1578 3075 Majorem
1629 3007 1770 3059 hanc
1825 3005 2147 3059 charitatem

2010 305 2332 363 ORIGENIS

3729 309 3848 364 69³0

2319 435 2370 487 5.
2409 432 2515 487 Sed
2550 432 2830 486 videamus
2865 429 2994 498 quid
3052 431 3220 482 etiam
3267 428 3333 483 de
3378 428 3465 484 his
3507 445 3628 500 quae
3662 445 3848 500 nuper

2249 527 2474 579 recitata
2502 534 2651 588 sunt,
2679 525 3018 576 scntieudum
3048 525 3119 576 sit
3142 524 3187 554 ⁷⁵
3215 539 3226 574 :
3263 541 3280 573 ι
3317 521 3373 576 Si
3403 532 3608 590 autem,
3631 525 3844 594 inquit,

2250 619 2426 670 anima
2460 634 2564 669 una
2599 615 2910 684 peccaverit
2957 615 3146 667 nolens
3175 629 3240 668 ex
3289 615 3487 683 populo
3526 625 3708 678 terrae,
3750 616 3846 670 fa-

2249 710 2442 764 ciendo
2483 725 2648 761 ninim
2695 710 2764 760 ab
2810 706 3063 761 omnibus
3109 709 3382 762 mandatis
3431 709 3644 765 Domini
3685 713 3844 781 quod

2251 816 2356 853 non
2393 802 2505 867 ﬁet,
2553 811 2605 854 et
2633 799 2944 870 deliquerit,
2980 810 3032 851 et
3069 810 3252 852 notum
3285 801 3484 854 factum
3542 801 3704 856 fuerit
3757 804 3841 858 illi

2249 905 2528 960 i‘ieecatum
2561 894 2703 961 quod
2742 895 3009 961 peccavit,
3048 894 3282 946 adducet
3304 893 3506 947 donum
3547 910 3706 948 suum
3742 909 3846 950 ca-

2248 1001 2401 1054 pram
2433 987 2497 1038 de
2533 985 2730 1048 hmdis,
2769 985 3024 1040 fetuinam
3065 986 3184 1039 sine
3223 985 3431 1040 macula
3467 989 3702 1042 adducet
3734 1005 3843 1058 pro

2251 1089 2474 1146 peccato
2513 1079 2654 1145 quod
2710 1079 2969 1145 peccavit.
3012 1098 3028 1129 ι
3065 1078 3132 1132 Et
3162 1093 3378 1132 onmem
3428 1091 3548 1145 post
3594 1081 3710 1134 hzee
3745 1097 3841 1135 sa-

2249 1171 2444 1223 crificii
2479 1170 2640 1223 ritum
2669 1210 2684 1232 ,
2726 1174 3027 1224 secundum
3078 1173 3222 1239 quod
3260 1186 3423 1238 supra
3456 1175 3838 1240 exposuimus,

2248 1263 2547 1316 enarravit.
2593 1261 2666 1315 De
2696 1264 2875 1316 anima
2918 1278 3080 1331 quam
3120 1261 3223 1316 sub
3257 1275 3486 1330 peccato
3519 1265 3719 1319 factam
3752 1267 3840 1321 di-

2249 1353 2325 1406 cit
2350 1352 2571 1419 oﬂ'erre,
2600 1354 2836 1424 qualiter
2862 1355 3201 1408 sentiendum
3232 1357 3322 1419 sit,
3355 1357 3408 1409 in
3432 1359 3836 1424 Superioribus,

2249 1456 2409 1514 prout
2440 1447 2732 1511 potuimus,
2778 1446 3195 1515 explauavimus
3227 1466 3239 1500 :
3271 1449 3414 1514 quod
3470 1464 3602 1502 vero
3637 1449 3688 1502 in
3728 1450 3841 1504 hoc

2250 1537 2368 1591 loco
2403 1539 2631 1602 addidit,
2658 1541 2843 1593 dicens
2877 1559 2889 1593 :
2932 1558 2948 1590 ι
2982 1540 3173 1592 Anium
3207 1540 3251 1594 si
3286 1542 3585 1609 peccaverit
3620 1557 3685 1595 ex
3729 1559 3835 1611 ρον

2250 1631 2375 1700 pulo
2412 1641 2588 1697 terrae,
2619 1650 2638 1683 ι
2672 1649 2777 1686 non
2809 1633 2944 1685 mihi
2977 1634 3192 1684 videtur
3225 1633 3482 1686 otiosum.
3517 1632 3649 1698 Quis
3679 1637 3832 1689 enim

2252 1726 2548 1790 dubitaret,
2578 1726 2709 1793 quin
2745 1739 2804 1778 ea
2838 1741 2958 1792 qua:
2989 1725 3124 1776 dicit
3158 1725 3264 1788 lex,
3288 1725 3352 1777 ad
3382 1726 3613 1787 animas,
3648 1727 3729 1778 vel
3758 1728 3830 1781 ad

2253 1817 2530 1884 populum,
2563 1817 2656 1886 qui
2687 1825 2814 1870 sunt
2850 1817 2902 1868 in
2949 1824 3116 1875 terra,
3149 1816 3508 1869 dicerentur?
3535 1815 3672 1882 Quid
3698 1831 3834 1885 ergo

2253 1907 2617 1961 necessarium
2659 1905 2793 1969 fuit,
2831 1916 2888 1958 ut
2923 1906 2989 1957 ad
3035 1905 3136 1957 hoc
3187 1905 3327 1973 quod
3363 1905 3499 1957 dixit
3535 1923 3547 1958 :
3581 1925 3598 1956 ι
3633 1907 3831 1959 Anima

2227 2012 2354 2048 'una
2378 1998 2420 2049 si
2453 1995 2786 2064 peccaverit,
2822 2013 2840 2045 ι
2873 1995 3137 2046 adderet:
3173 2011 3189 2041 ι
3226 1993 3303 2044 Ex
3329 1993 3526 2061 popqu
3573 1996 3766 2048 terrae?
3802 2011 3824 2046 ο

2251 2089 2356 2141 Sed
2397 2090 2686 2141 videndum
2716 2098 2820 2149 est,
2870 2102 2936 2140 nc
2967 2086 3108 2138 forte
3137 2088 3203 2138 ad
3238 2087 3644 2141 distinctionem
3687 2088 3824 2142 alte-

2249 2183 2364 2236 rius
2395 2181 2578 2250 populi
2613 2181 2702 2248 qui
2734 2195 2840 2232 non
2871 2190 2952 2234 est
2985 2180 3051 2232 de
3092 2188 3258 2240 terra,
3303 2179 3415 2232 haec
3471 2181 3647 2234 anima
3708 2194 3831 2250 ψιιῦ

2247 2275 2559 2342 peccaverit
2594 2273 2730 2344 (48),
2768 2273 2833 2326 de
2877 2271 3074 2341 populo
3113 2281 3273 2325 terra)
3299 2286 3418 2325 esse
3450 2272 3680 2326 dicatur.
3722 2273 3828 2326 Ne—

2249 2383 2354 2435 que
2385 2367 2531 2420 enim
2566 2365 2862 2419 convenire
2895 2365 3099 2418 dictum
3134 2363 3237 2416 hoc
3270 2372 3450 2431 potest
3493 2365 3590 2428 illi,
3623 2368 3713 2432 qui
3746 2365 3830 2418 did

2248 2461 2406 2513 cebat
2441 2459 2486 2490 "
2514 2476 2526 2511 :
2569 2475 2587 2508 ι
2630 2457 2824 2512 Nostra
2858 2467 3038 2508 autem
3071 2456 3412 2509 conversatio
3448 2456 3499 2509 in
3533 2457 3688 2510 caelis
3719 2472 3759 2510 e.
3784 2467 3826 2520 ι,

2251 2550 2394 2605 unde
2448 2559 2502 2603 ct
2569 2550 2909 2603 Salvatorcm
2966 2557 3347 2614 exspectamus
3403 2548 3688 2601 Dominum
3738 2545 3831 2601 Je-

2249 2657 2392 2697 sum.
2424 2661 2441 2692 ι
2473 2640 2755 2707 Quomodo
2782 2655 2910 2707 ergo
2939 2640 3096 2693 istam
3121 2640 3354 2692 aiiimam
3385 2641 3574 2692 merito
3599 2640 3824 2692 dixerim

2249 2735 2316 2790 de
2350 2733 2506 2807 192
2547 2734 2742 2804 populo
2779 2743 2958 2797 terrae,
2997 2750 3114 2801 qua:
3147 2732 3280 2786 nihil
3331 2733 3496 2785 habet
3540 2746 3828 2785 commune

2249 2842 2375 2883 cum
2407 2840 2577 2891 terra,
2610 2828 2704 2880 sed
2737 2835 2843 2880 tota
2877 2827 2929 2878 in
2962 2825 3116 2879 cu-lis
3147 2835 3250 2890 est,
3284 2833 3337 2877 et
3370 2824 3438 2875 ibi
3471 2835 3829 2878 conversatur

2252 2922 2342 2975 ubi
2377 2920 2626 2975 Christus
2661 2927 2742 2973 est
2778 2919 2829 2972 in
2864 2919 3090 2972 dextera
3139 2918 3229 2970 Dei
3281 2919 3492 2978 sedens,
3517 2931 3626 2983 quo
3651 2927 3703 2969 et
3735 2933 3826 2969 re-

2252 3013 2368 3066 dire
2397 3012 2700 3073 desiderat,
2743 3018 2798 3062 et
2849 3025 2969 3064 esse
3004 3026 3125 3062 cum
3164 3009 3422 3068 Christo,
3470 3009 3639 3061 multo
3677 3009 3825 3062 enim

571 3115 730 3152 nemo
768 3099 970 3162 habet,
1012 3115 1173 3168 quam
1235 3109 1292 3153 ut
1337 3099 1575 3152 animam
1634 3114 1786 3150 suam
1824 3107 1986 3166 ponat
2047 3111 2146 3164 pro
2174 3117 2220 3176 ο
2255 3103 2446 3158 melius
2481 3103 2559 3164 ⁷⁷,
2609 3107 2701 3155 sed
2760 3116 3076 3169 permanere
3136 3101 3188 3154 in
3243 3115 3409 3154 carne
3461 3102 3826 3154 necessarium

571 3191 762 3244 amicis
809 3193 922 3244 suis
947 3232 962 3252 ,
1000 3211 1019 3242 ›
1055 3207 1219 3260 panes
1270 3192 1580 3246 similaceos
1613 3190 1720 3262 (45)
1759 3190 1812 3243 in
1858 3189 2146 3244 charitatis

572 3285 692 3336 oleo
722 3286 998 3347 subactos,
1035 3285 1148 3338 sine
1186 3285 1294 3336 ullo
1325 3285 1591 3338 fermento
1628 3283 1846 3335 malitia:
1875 3291 1930 3335 et
1957 3283 2147 3349 nequi-

573 3377 679 3438 ιὶιιξ,
711 3377 762 3428 in
787 3377 996 3445 azymis
1029 3377 1362 3430 sinceritatis
1411 3384 1464 3430 et
1514 3375 1762 3429 veritatis
1807 3385 1857 3427 te
1883 3372 2147 3427 obtulisse

573 3482 862 3537 cognosce.
904 3467 960 3520 Si
1003 3479 1181 3520 autem
1235 3468 1287 3520 in
1344 3466 1706 3519 amaritudine
1739 3464 1894 3517 ﬂetus
1923 3464 1996 3516 tui
2036 3460 2144 3532 (46)

573 3559 743 3612 fueris
775 3559 942 3624 luctu,
978 3559 1234 3627 lacrymis
1263 3569 1317 3613 et
1343 3558 1734 3611 lamentatione
1769 3555 2070 3620 confectus,
2101 3555 2146 3608 si

571 3665 792 3702 carnem
847 3659 992 3702 tuam
1047 3650 1438 3711 maceraveris,
1490 3660 1545 3702 ct
1597 3648 1818 3714 jejuniis
1867 3663 1929 3701 ac
1979 3646 2144 3700 multa

568 3741 901 3795 abstinentia
935 3741 1143 3793 aridam
1182 3741 1411 3806 feceris,
1465 3747 1519 3793 et
1560 3737 1798 3800 dixeris,
1834 3739 1955 3806 quia
2008 3737 2150 3792 sicut

570 3831 855 3887 frixorium
890 3834 1134 3887 confrixa
1167 3843 1295 3888 sunt
1329 3847 1452 3887 ossa
1494 3846 1634 3895 mea,
1671 3839 1796 3883 tunc
1819 3829 2146 3884 sacrificium

571 3929 802 3982 similam
832 3944 860 3980 a
902 3929 1204 3998 sartagine,
1259 3928 1342 3982 vel
1399 3943 1428 3981 a
1489 3927 1748 3982 craticula
1798 3926 2062 3983 obtulisse
2095 3937 2147 3981 te

569 4022 789 4073 noveris
820 4021 931 4090 (47)
968 4038 980 4075 :
1016 4032 1069 4075 et
1123 4023 1225 4076 hoc
1269 4022 1427 4074 modo
1460 4021 1724 4073 inveniris
1757 4029 1810 4072 tu
1853 4021 2052 4079 verius.
2093 4027 2150 4071 et

568 4108 864 4178 perfectius
923 4112 1218 4165 secundum
1273 4110 1625 4179 Evangelium
1691 4108 1890 4164 oﬂerre
1942 4107 2142 4162 sacrifi-

570 4203 674 4268 cia,
719 4218 837 4271 qua:
866 4203 1164 4258 secundum
1210 4202 1380 4274 legem
1417 4203 1528 4272 jam
1579 4200 1780 4259 offerre
1815 4217 1921 4256 non
1970 4205 2154 4270 potest

567 4293 754 4348 Israel.

642 4477 686 4510 "
717 4475 833 4531 Jac.
868 4490 918 4538 ν,
956 4475 1043 4528 Η.
1121 4475 1167 4507 ⁷⁵
1196 4489 1350 4528 Joan.
1376 4489 1469 4538 xv,
1505 4475 1591 4528 15.

570 4565 838 4618 incentor.
870 4563 984 4631 Ipse
1008 4563 1152 4615 enim
1180 4577 1322 4614 nunc
1361 4577 1460 4615 nos
1494 4572 1551 4615 ut
1589 4575 1874 4631 peccemus
1900 4559 2147 4630 instigat,

570 4635 688 4701 ipse
719 4629 907 4698 etiam,
937 4649 1061 4684 cum
1095 4633 1521 4700 peccaverimus,
1547 4641 1788 4685 accosat.
1834 4629 1890 4683 Si
1919 4629 2055 4696 ergo
2097 4633 2147 4685 in

567 4705 677 4756 vita
726 4703 1124 4770 praeveniamus
1163 4716 1310 4758 eum.
1340 4711 1394 4754 et
1429 4701 1530 4766 ipsi
1579 4701 1747 4754 nosui
1796 4703 2149 4755 accusatores

569 4775 768 4828 simus.
807 4772 1106 4839 nequitiam
1144 4770 1342 4823 diaboli
1377 4771 1580 4822 inimici
1613 4770 1780 4822 nostri
1827 4779 1881 4821 et
1916 4785 2149 4824 accusa-

571 4844 704 4898 toris
736 4840 1042 4910 eﬁ‘ugimns.
1093 4841 1182 4894 Sic
1225 4841 1370 4894 enim
1417 4850 1470 4892 et
1517 4841 1642 4892 alibi
1678 4841 1938 4910 propheta
1962 4840 2095 4894 dicit
2129 4858 2143 4894 :

571 4913 670 4966 Die
701 4926 752 4965 tu
780 4914 1082 4981 iniquitates
1131 4922 1246 4964 tum
1294 4911 1460 4979 prior,
1496 4922 1548 4960 ut
1588 4909 1900 4981 jttsliﬁceris
1923 4950 1936 4973 ,
1980 4928 1998 4960 ι
2035 4921 2142 4963 etc.

575 4983 710 5038 Hine.
757 4980 886 5035 sane
935 4985 1108 5048 quivis
1167 4983 1236 5034 ab
1285 4982 1430 5033 omni
1491 4980 1838 5047 pra-judicata
1892 4981 2146 5046 opinione

573 5054 713 5106 liber
759 5053 976 5119 colliget
1012 5052 1236 5104 multum
1287 5052 1353 5104 ab
1406 5052 1859 5104 hcterodoxorum
1895 5051 2144 5104 doctrina

571 5124 811 5176 abfuisse
837 5123 1146 5190 Origenem,
1181 5123 1376 5189 quippe
1403 5124 1492 5188 qui
1524 5137 1643 5173 cum
1681 5119 1921 5173 Ecclesia
1953 5121 2146 5173 catho-

571 5195 672 5249 lica
716 5196 954 5246 Romana
981 5193 1138 5245 docet
1166 5207 1291 5244 vere
1310 5195 1663 5258 pmriiteiiteiu
1692 5206 1794 5242 non
1819 5193 2146 5244 erubescere

569 5264 769 5319 debere
796 5263 974 5317 omnia
1011 5271 1229 5328 peccata
1263 5277 1359 5313 sua
1393 5262 1556 5314 etiam
1586 5261 1794 5313 occulta
1826 5275 1932 5312 non
1967 5260 2142 5313 solum

572 5335 703 5397 Deo,
734 5336 824 5387 sed
859 5334 1023 5386 etiam
1074 5332 1341 5386 sacerdoti
1379 5333 1656 5396 indicare,
1697 5340 1752 5384 et
1807 5331 2134 5384 medicinam

568 5409 637 5457 ab
663 5421 728 5456 eo
755 5418 1018 5471 quzct‘crc.
1500 5426 1503 5427 ν

643 5468 856 5545 (ΗγΕι
904 5476 1179 5545 important
1214 5472 1262 5545 ei
1304 5487 1513 5545 inmitis.
1549 5471 1626 5545 Ex
1666 5471 1926 5545 memoria
1959 5468 2142 5545 laudat

573 5539 836 5611 Origenes
854 5539 1014 5597 verba
1035 5539 1226 5596 Jacobi
1252 5543 1478 5611 apostoli
1508 5543 1598 5610 qui
1629 5543 1927 5594 secundum
1959 5541 2139 5591 omnia

573 5615 897 5680 exemplaria
929 5614 1145 5681 scripsit
1175 5633 1189 5669 :
1227 5632 1246 5664 ι
1285 5625 1340 5665 et
1365 5623 1523 5665 orent
1553 5627 1717 5676 super
1747 5625 1889 5681 eum.
1929 5628 1947 5658 ι

646 5679 754 5753 (45)
781 5685 958 5737 Codex
992 5679 1301 5753 sangerm.,
1332 5701 1350 5732 ι
1373 5684 1545 5736 venis.
1573 5700 1590 5730 ι
1626 5681 1778 5733 Libb.
1809 5679 1963 5753 editi,
1994 5696 2013 5726 ι
2049 5695 2138 5730 ve-

574 5751 742 5807 neris.
767 5772 784 5805 I
837 5754 1001 5808 l’aulo
1035 5751 1156 5822 post
1191 5754 1332 5809 idem
1381 5767 1485 5808 ms.
1523 5753 1693 5806 codex
1717 5791 1731 5814 ,
1769 5769 1785 5800 ι
1811 5751 1861 5802 in
1910 5761 2137 5803 mortem

1670 4471 1715 4504 ⁷⁸
1747 4470 1877 4524 Lev.
1912 4484 1988 4533 iv,
2023 4469 2093 4523 27
2122 4479 2178 4526 et
2197 4484 2351 4539 seqq.

2260 3195 2409 3250 ducit
2439 3194 2548 3263 (49)
2581 3207 2802 3264 propter
2831 3195 2962 3247 nos?
2995 3193 3118 3246 llaec
3151 3194 3294 3246 enim
3332 3194 3511 3245 anima
3547 3210 3666 3261 qua:
3701 3210 3828 3262 pec-

2259 3296 2368 3344 cat,
2411 3286 2475 3338 de
2506 3284 2700 3352 populo
2734 3294 2891 3336 terra:
2922 3294 3025 3346 cst,
3057 3283 3259 3335 faciens
3286 3299 3448 3334 unum
3479 3283 3544 3334 ab
3577 3285 3827 3338 munibus

2259 3377 2526 3430 mandatis
2585 3374 2827 3440 Domini,
2884 3376 3025 3442 quod
3068 3390 3171 3426 non
3211 3373 3319 3427 fiet.
3355 3372 3453 3426 Diti
3489 3389 3572 3427 me
3614 3376 3667 3428 in
3723 3376 3827 3431 hoc

2257 3483 2503 3523 sermone
2533 3467 2753 3534 quidam
2781 3475 2965 3532 stupor
2987 3465 3274 3518 attonitum
3311 3467 3501 3519 tenuit.
3535 3465 3646 3519 Non
3679 3469 3824 3522 enim

2256 3568 2657 3625 consequenter
2685 3555 2890 3609 dictum
2925 3557 3082 3608 video
3121 3558 3265 3624 quod
3285 3559 3588 3625 peccat-erit
3617 3559 3821 3623 anima,

2253 3658 2309 3700 et
2343 3648 2530 3702 fecerit
2570 3630 2734 3699 ιιιιιιιῖὶ
2763 3663 2825 3700 ex
2864 3647 3136 3699 mandatis
3164 3647 3372 3700 Domini
3406 3650 3544 3717 quod
3575 3666 3676 3703 non
3710 3651 3824 3706 fiet.

2257 3740 2311 3793 Si
2347 3741 2489 3793 enim
2530 3741 2845 3792 mandatum
2882 3739 3096 3792 Domini
3126 3747 3230 3799 est,
3269 3741 3538 3806 quomodo
3572 3740 3685 3793 fieri
3718 3757 3826 3796 non

2253 3831 2461 3895 debuit,
2502 3843 2625 3882 cum
2669 3829 2857 3896 utique
2906 3829 2970 3880 ad
3024 3829 3126 3881 hoc
3183 3830 3378 3880 dentur
3426 3831 3674 3882 mandata
3714 3830 3823 3883 Do-

2256 3918 2406 3982 mini,
2457 3929 2515 3969 ut
2565 3918 2732 3970 fiant?
2773 3917 2835 3969 Et
2867 3917 3138 3984 quomodo
3191 3917 3278 3970 hic
3321 3917 3519 3971 dicitur
3569 3933 3829 3986 peccasse

2253 4025 2432 4062 anima
2466 4006 2578 4078 (50)
2608 4024 2727 4076 quae
2759 4007 2949 4060 fecerit
2984 4022 3148 4059 unum
3183 4007 3249 4060 de
3289 4009 3559 4062 mandatis
3590 4010 3826 4075 Domini,

2250 4102 2390 4170 quod
2427 4118 2532 4155 non
2565 4101 2694 4154 fiet?
2735 4101 2799 4154 Et
2840 4099 3092 4156 fortassis
3123 4102 3393 4169 aliquibus
3422 4102 3691 4155 videbitur
3719 4117 3814 4154 er-

2252 4209 2343 4248 ror
2379 4193 2698 4248 elocutionis
2751 4209 2847 4262 per
2901 4194 3231 4263 interpretes
3287 4192 3460 4245 factus
3495 4209 3509 4244 :
3543 4192 3635 4245 sed
3689 4194 3823 4247 mihi

2178 4298 2221 4352 Ῑ)
2251 4284 2522 4338 curiosius
2574 4283 2869 4352 inquirenti
2919 4291 3257 4352 compertum
3308 4290 3392 4334 est
3423 4295 3612 4334 omnes
3654 4281 3827 4335 inter-

2429 4464 2476 4499 "
2505 4466 2736 4536 Philipp.
2766 4481 2850 4530 ιιι,
2875 4463 2967 4519 20.
3075 4463 3120 4494 "
3154 4461 3388 4531 Philipp.
3421 4477 3459 4525 I,
3491 4461 3582 4526 22,
3613 4462 3702 4516 25.

2260 4558 2465 4638 Christi
2497 4557 2812 4638 baptizaris.
2839 4574 2856 4608 ι
2887 4554 3041 4609 Libb.
3069 4554 3223 4618 editi,
3253 4569 3274 4603 ι
3319 4555 3375 4607 in
3413 4565 3588 4607 morte
3615 4554 3823 4612 Christi

2255 4631 2470 4696 baptiza
2483 4631 2575 4681 ris.
2602 4645 2621 4677 ι

2326 4698 2436 4770 (μ)
2467 4697 2766 4770 Instructus
2792 4695 2882 4770 sis.
2927 4694 3085 4770 Deest
3127 4694 3179 4748 in
3212 4702 3375 4749 antea
3395 4694 3590 4770 editis,
3622 4713 3641 4747 ι
3670 4695 3766 4759 sis,
3801 4715 3820 4748 ι

2254 4778 2309 4822 at
2337 4765 2610 4833 reperitur
2643 4768 2694 4818 in
2735 4767 2921 4817 codice
2948 4765 3431 4832 Sangermanensi.

2325 4837 2436 4909 (45)
2492 4837 2661 4909 Libb._
2696 4847 2852 4909 antea
2900 4836 3062 4900 editi,
3094 4852 3110 4884 ι
3138 4845 3304 4902 ponat
3331 4837 3455 4904 quis
3485 4851 3582 4903 pro
3633 4835 3827 4909 amicis

2249 4905 2383 4968 suis.
2420 4905 2590 4974 panes
2622 4905 3019 4974 similagineos,
3058 4924 3078 4957 ι
3131 4917 3263 4969 etc.,
3299 4916 3356 4959 at
3390 4922 3520 4960 mss.
3553 4917 3613 4960 ut
3649 4906 3701 4959 in
3732 4920 3831 4960 no-

2250 4996 2274 5032 s
2347 4996 2362 5028 ι
2490 4988 2566 5029 ιιι.

2281 4989 2772 5119 t"((tidfuPronomen
2810 5064 2828 5096 ι
2855 5047 2928 5119 ιιιί
2956 5064 2973 5095 ι
3013 5047 3164 5098 deest
3213 5043 3268 5098 in
3311 5054 3476 5119 antea
3513 5046 3694 5111 editis,
3727 5047 3822 5101 sed

2252 5116 2521 5186 reperitur
2551 5119 2601 5170 i-u
2637 5117 2828 5172 codice
2863 5116 3346 5183 Sangarmanensi.

2251 5260 2262 5271 _
2322 5188 2430 5267 (47)
2453 5187 2592 5268 idem
2615 5188 2781 5241 codex
2807 5188 3116 5255 Saugerm.,
3145 5204 3162 5236 ι
3188 5186 3453 5242 obtuleris
3471 5187 3645 5242 ethoc
3665 5187 3826 5240 modo

2249 5272 2565 5313 IIH'IEHICI'IS.
2599 5277 2618 5308 ο

2323 5328 2432 5410 (48)
2457 5328 2602 5380 idem
2627 5325 2820 5392 codex,
2838 5342 2870 5375 -ι
2893 5325 3226 5394 peccaverit.
3252 5345 3271 5378 ι
3300 5325 3454 5381 Libb.
3483 5325 3631 5385 editi,
3665 5343 3684 5374 ι
3707 5339 3826 5392 pec.

2247 5410 2605 5536 c'iz‘iltifldem
2640 5468 2832 5529 codex,
2871 5486 2888 5517 ι
2920 5467 3084 5520 ducit.
3110 5486 3126 5517 I
3162 5465 3309 5519 Libb.
3345 5465 3497 5525 editi,
3537 5482 3556 5514 ι
3580 5464 3729 5536 dicit.
3762 5481 3783 5515 ι

2468 5539 2617 5600 Mss.,
2677 5556 2696 5588 ι
2724 5541 2922 5591 anima.
2959 5556 2976 5588 ι
3041 5537 3195 5590 Libb.
3232 5537 3401 5599 editi,
3458 5555 3474 5585 ι
3501 5535 3758 5607 annnam.
3800 5553 3818 5586 ο

2251 5609 2420 5662 Paulo
2454 5619 2574 5674 post
2603 5623 2758 5669 mss.,
2800 5626 2814 5656 ι
2857 5623 3012 5661 error
3046 5607 3371 5661 elocutionis
3401 5619 3497 5673 per
3546 5606 3824 5672 interpre-r

2252 5692 2332 5732 tes
2361 5680 2597 5732 factus.»
2633 5677 2788 5732 Libb.
2835 5678 2989 5742 editi,
3045 5695 3062 5728 ι
3097 5691 3338 5733 errorem
3383 5675 3677 5730 locutionis
3731 5685 3827 5742 per

2251 5753 2578 5817 interpretes
2607 5749 2828 5804 factum.
2858 5766 2877 5797 ι
