4110 6422
363 345 460 401 421

1530 346 1596 402 IN
1632 347 2006 408 LEVITICUM
2042 353 2328 409 IIOMILIA
2362 351 2421 406 ll.

3511 355 3619 414 422

358 475 540 538 pretes
573 462 830 519 similiter
863 461 1179 532 protulisse,
1203 473 1258 519 et
1304 464 1428 520 ideo
1474 480 1580 520 non
1614 468 1940 525 elocutionis
1968 475 2015 533 Α
2046 473 2359 525 tnandalum
2420 469 2694 538 quomodo
2751 468 2835 523 rel
2883 477 3159 523 taurorum
3212 469 3297 524 vel
3352 486 3617 542 agnorum

356 572 549 622 error,
595 557 691 610 sed
739 554 1110 624 proluudioris
1155 556 1526 628 intelligentia
1582 560 1939 629 requirendus

356 661 441 704 est
482 662 702 703 sensus.
748 647 804 700 lu
840 658 1102 717 quantum
1147 663 1275 719 ergo
1320 650 1480 705 nobis
1517 666 1806 706 occurrere
1841 668 1937 720 po-

358 753 486 806 test,
522 741 641 794 haec
677 739 810 793 mihi
851 741 1069 795 videtur
1101 741 1400 800 absolutio.
1442 741 1692 797 Mandata
1728 743 1936 798 Domini

353 833 606 902 quaedam
638 832 763 885 data
791 839 919 884 sunt
948 840 1004 885 ut
1034 831 1170 885 ﬁant
1198 872 1214 896 ,
1256 833 1504 901 quaedam
1545 842 1602 888 ut
1642 850 1746 888 non
1785 835 1932 890 ﬁant.

355 924 464 979 Sed
495 938 561 977 ea
591 937 710 991 qua:
739 923 856 976 ﬁeri
885 923 1108 989 debent,
1146 927 1452 980 necessitas
1478 927 1720 996 peposcit
1755 928 1937 980 huma-

353 1030 452 1079 na,
485 1024 544 1066 ut
573 1014 777 1067 inserta
810 1012 916 1067 illis
946 1013 1343 1082 proferrentur,
1376 1033 1497 1085 qua)
1547 1017 1663 1071 ﬁeri
1701 1033 1806 1071 non
1840 1017 1935 1071 de-

2042 563 2219 616 hostia
2254 563 2478 618 deberet
2510 559 2719 616 offerri.
2764 561 2869 616 Sed
2921 563 3010 630 qui
3075 561 3247 631 legem
3299 564 3621 632 spiritaliter

2044 651 2319 719 intelligit,
2361 650 2684 720 spiritaliter
2734 651 2849 705 luce
2893 652 3088 720 quaerit
3134 649 3351 708 oﬁerre.
3389 653 3446 710 Si
3482 669 3616 710 vero

2040 745 2162 812 quis
2190 743 2306 813 (ὅὲ)
2334 745 2636 798 secundum
2685 753 2921 810 spectem
2968 745 3206 797 mandati
3243 745 3482 800 carnalis
3515 747 3620 802 ob-

2043 837 2248 901 tulerit,
2308 837 2422 890 hzec
2466 845 2550 890 est
2599 834 2778 888 anima
2809 849 2914 887 una
2942 850 3005 888 ex
3047 837 3244 904 pepulo
3280 846 3459 902 terrae,
3495 851 3614 907 qua

2039 926 2286 996 peccavit
2312 927 2504 981 nolens
2537 924 2786 978 faciendo
2819 939 2987 977 ttnttm
3015 925 3081 977 ab
3105 927 3359 982 omnihus
3388 931 3611 982 m'anda-

2040 1019 2110 1072 tis
2161 1017 2374 1070 Domini
2427 1013 2570 1084 quod
2612 1031 2718 1068 non
2755 1011 2865 1077 ﬁet,
2911 1024 2966 1068 et
2997 1015 3244 1083 deliquit,
3276 1025 3333 1070 et
3359 1017 3482 1071 ideo
3512 1020 3613 1071 ad-

351 1115 567 1162 lierent.
596 1105 758 1159 Verbi
791 1106 990 1170 gratia,
1021 1116 1083 1159 ut
1116 1107 1182 1161 de
1213 1107 1297 1160 his
1329 1108 1456 1177 ipsis
1486 1124 1604 1178 quat
1656 1125 1798 1163 nunc
1840 1110 1938 1164 ha-
2031 1108 2205 1178 jungit
2229 1109 2282 1161 in
2309 1107 2768 1177 subsequentibus
2784 1105 2829 1136 ⁸⁸
2861 1123 2874 1159 :
2911 1125 2928 1157 ι
2963 1105 3030 1159 Ει
3057 1121 3178 1161 cum
3203 1113 3386 1161 notum
3412 1107 3614 1162 factum

353 1201 548 1254 bemus
575 1199 627 1252 in
653 1197 901 1251 manibus
931 1199 1219 1253 sacriﬁciis
1249 1201 1588 1269 proferamus
1606 1202 1932 1271 exemplum,

349 1304 529 1360 agnus
560 1289 830 1342 immolari
857 1288 1078 1357 julietur
1103 1289 1153 1342 in
1171 1289 1381 1344 Pascha
1409 1291 1478 1354 ⁷⁸,
1504 1308 1607 1344 non
1637 1293 1779 1360 quod
1809 1307 1934 1346 vere

350 1389 482 1453 agni
536 1381 771 1435 hostiam
803 1396 902 1451 per
941 1380 1184 1450 singulos
1223 1399 1393 1437 annos
1429 1385 1736 1452 requireret
1770 1384 1930 1449 Deus,

353 1474 452 1527 sed
499 1474 643 1541 quod
703 1473 1014 1541 designaret
1063 1474 1174 1544 (51)
1231 1475 1502 1529 immolari
1553 1476 1751 1530 debere
1785 1477 1932 1529 illum

350 1579 578 1634 agnum,
629 1565 722 1635 qui
756 1564 897 1618 tollit
931 1575 1218 1630 peccatum
1253 1567 1460 1620 mundi.
1501 1566 1613 1619 Hoc
1650 1584 1782 1636 ergo
1817 1569 1930 1622 ﬁeri

349 1657 524 1710 voluit
553 1697 568 1720 ,
619 1657 749 1710 illud
783 1657 976 1712 noluit.
1012 1657 1104 1710 Sic
1130 1657 1274 1710 enim
1320 1674 1417 1727 per
1450 1659 1643 1713 Isaiam
1681 1661 1812 1714 dicit
1839 1661 1883 1690 ⁷⁸
1915 1674 1928 1713 :

353 1766 372 1796 ι
409 1747 527 1813 Quo
578 1748 710 1800 mihi
775 1747 1177 1800 multitudinem
1258 1749 1650 1802 sacriﬁciorum
1722 1762 1932 1803 vestro-

2039 1201 2202 1254 fuerit
2235 1200 2310 1254 illi
2352 1210 2636 1269 peccatum
2677 1199 2819 1267 quod
2851 1199 3119 1268 peccavit,
3153 1200 3388 1254 adducet
3419 1215 3616 1253 munus

2036 1310 2191 1349 suum
2223 1303 2350 1348 ante
2378 1292 2664 1350 Dominum
2697 1291 2833 1364 (55).
2868 1309 2888 1342 ›
2922 1291 3088 1345 Debet
3131 1291 3275 1345 enim
3309 1305 3506 1346 munus
3528 1291 3614 1344 of-

2036 1386 2182 1440 ferre
2232 1387 2450 1448 anima,
2514 1399 2634 1438 cum
2693 1383 2740 1437 ei
2792 1383 3126 1447 innotuerit,
3158 1383 3283 1452 quia
3319 1383 3461 1437 Deus
3507 1398 3614 1437 nou

2035 1477 2231 1546 quaerit
2257 1475 2476 1530 carnale
2509 1475 2843 1528 sacriﬁcium
2885 1496 2895 1530 :
2929 1474 3053 1542 quia
3092 1492 3110 1523 ι
3148 1474 3474 1529 sacriﬁcium
3504 1474 3616 1529 Deo

2033 1575 2117 1622 est
2161 1567 2386 1636 spiritus
2437 1565 2838 1619 contribulatus
2867 1564 2934 1616 3‘.
2973 1584 2990 1615 ι
3051 1563 3248 1616 Notum
3298 1564 3357 1617 ﬁt
3398 1579 3529 1634 ergo
3560 1563 3614 1618 ei

2034 1667 2314 1728 peccatum
2340 1671 2660 1722 suum,cum
2687 1656 2940 1710 didicerit
2965 1673 2993 1708 a
3026 1655 3252 1708 Domino
3296 1656 3511 1710 dicente
3529 1655 3611 1709 ⁸⁸ε

2041 1768 2059 1798 σ
2095 1747 2524 1804 Misericordiam
2560 1747 2704 1802 malo
2749 1762 2914 1816 quam
2949 1747 3314 1810 sacriﬁcium;
3349 1765 3368 1796 ›
3405 1754 3613 1800 etcum

346 1853 490 1897 rum.
525 1838 656 1892 dicit
692 1837 990 1891 Dominus?
1025 1838 1223 1892 Plenus
1256 1854 1373 1892 sum
1413 1838 1741 1892 holocaustis
1788 1841 1929 1894 arie-
1962 1819 2004 1874 Β
2035 1841 2317 1911 agnoverit
2352 1840 2638 1893 immolare
2673 1839 3000 1892 sacriﬁcium
3032 1837 3212 1892 laudis
3245 1837 3296 1890 itt
3342 1836 3608 1899 Ecclesia,

348 1941 487 1992 tum,
520 1929 833 1999 eLadipem
878 1945 1168 1999 agnorum.
1203 1941 1259 1986 et
1287 1932 1606 2000 sanguinem
1651 1932 1924 1985 hircorum

348 2031 399 2073 et
435 2030 712 2073 taurorum
740 2019 886 2074 nolo.
914 2044 932 2074 ι
970 2022 1179 2074 Audisti
1212 2024 1484 2090 quomodo
1517 2039 1622 2074 nun
1654 2023 1765 2073 vult
1795 2022 1923 2074 hos-

343 2108 476 2163 tiam
512 2109 767 2174 arietum,
822 2125 922 2164 nec
961 2111 1146 2180 adipes
1201 2111 1500 2178 agnorum?
1556 2112 1709 2166 dedit
1743 2121 1920 2164 tamen

351 2326 473 2396 Ἐκί
512 2323 629 2379 τῶν
680 2327 1016 2396 Ὠριγένους
1049 2329 1136 2393 εἰς
1175 2327 1240 2381 τὸ
1274 2331 1603 2382 Λευΐτικόν.
1651 2361 1718 2371 --
1789 2332 1922 2386 Ἀπὸ

410 2395 634 2468 τῆςξεὶς
659 2398 724 2451 τὸ
757 2395 1070 2451 Λέυϊτικὸν
1115 2399 1351 2467 ὁμιλίας
1390 2399 1692 2468 δευτέρας,
1741 2403 1922 2468 εὐθὺς

404 2466 556 2535 μετὰ
579 2466 694 2534 τὴν
725 2468 942 2536 ἀρχὴν.

409 2557 502 2628 Μὴ
528 2559 816 2628 νοήσαντες
860 2558 968 2629 (54)
1018 2558 1072 2612 δὲ
1108 2558 1373 2631 διαφορὰν
1419 2559 1753 2631 Ἰουδαῖσμοῦ
1786 2563 1919 2635 ὁρα-

333 2649 435 2704 τοῦ
485 2651 578 2702 καὶ
629 2649 965 2721 Ἰουδαῖσμοῦ
1008 2652 1218 2723 νοητοῦ,
1255 2651 1532 2706 τουτέστιν
1585 2653 1918 2725 Ἰουδαῖσμοῦ

336 2743 574 2815 φανεροῦ
615 2743 708 2795 καίι
750 2742 1086 2813 Ἰουδαϊσμοῦ
1111 2743 1204 2795 τοῦ
1233 2745 1291 2795 ἐν
1325 2743 1572 2814 κρυπτῷ,
1604 2745 1651 2796 οἱ
1679 2743 1784 2796 ἀπὸ
1813 2742 1919 2799 τῶν

331 2835 658 2889 ἁθεωτάτων
845 2835 938 2887 καὶ
979 2833 1356 2887 ἀσεϐεστάτων
1385 2835 1647 2904 αἱρέσεων
1668 2873 1682 2898 ,
1715 2832 1920 2896 εὐθέως

329 2927 622 3000 διέστησαν
667 2927 772 2980 ἀπὸ
817 2925 910 2978 τοῦ
957 2922 1314 2994 Ἰουδαϊσμοῦ,
1347 2926 1442 2977 καὶ
1494 2923 1588 2976 τοῦ
1637 2923 1775 2976 Θεοῦ
1821 2922 1918 2976 τοῦ

327 3018 514 3082 δόντος
545 3019 749 3080 ταύτας
801 3017 900 3078 τὰς
929 3015 1170 3086 Γραφὰς,
1207 3015 1300 3066 καὶ
1341 3013 1458 3066 ὅλον
1493 3013 1585 3067 τὸν
1607 3015 1791 3084 νόμον,
1826 3013 1920 3066 καὶ

329 3112 644 3166 ἀνέπλασαν
672 3110 860 3177 ἕτερον
882 3106 1014 3158 Θεὸν
1046 3104 1198 3174 παρὰ
1221 3103 1313 3154 τὸν
1340 3103 1611 3157 δεδωκότα
1639 3105 1727 3156 τὸν
1756 3104 1919 3174 νόμον

327 3204 428 3258 καὶ
453 3204 579 3265 τοὺς
603 3199 908 3270 προφήτας,
938 3193 1088 3265 παρὰ
1114 3193 1204 3245 τὸν
1231 3194 1530 3263 ποιήσαντα
1563 3194 1788 3263 οὐρανὸν
1823 3192 1918 3246 καὶ

327 3293 460 3364 γῆν.
495 3291 568 3343 Τὸ
606 3289 662 3340 δὲ
698 3287 795 3355 οὐχ
827 3283 998 3346 οὕτως
1043 3282 1178 3352 ἔχει,
1219 3281 1333 3334 ἀλλ’
1361 3282 1388 3333 ὁ
1410 3279 1657 3345 δεδωκὼς
1699 3282 1788 3334 τὸν
1827 3282 1917 3334 νό-

334 3401 458 3454 μον,
496 3381 694 3433 δέδωκε
725 3378 818 3430 καὶ
841 3377 900 3430 τὸ
934 3375 1300 3444 Εὐαγγέλιον·
1332 3376 1360 3427 ὁ
1402 3375 1634 3445 ποιήσας
1683 3374 1751 3426 τὰ
1795 3375 1916 3444 βλε-

329 3474 568 3543 πόμενα,
607 3471 805 3524 δέδωκε
838 3469 930 3522 καὶ
960 3468 1028 3520 τὰ
1060 3467 1134 3537 μὴ
1166 3465 1493 3537 βλεπόμενα.
1533 3465 1688 3517 Οὕτω
1718 3465 1772 3518 δὲ
1803 3466 1914 3536 ἔχει

328 3563 674 3631 συγγένειαν,
715 3559 855 3613 ὥστε
887 3559 956 3611 τὰ
991 3558 1197 3628 ἀόρατα
1229 3556 1319 3610 τοῦ
1363 3555 1496 3608 Θεοῦ
1539 3556 1646 3608 ἀπὸ
1684 3557 1915 3620 κτίσεως

325 3655 537 3724 κόσμου
565 3655 676 3715 τοῖς
703 3652 970 3722 ποιήμασι
1010 3644 1275 3719 νοούμενα
1318 3647 1672 3719 καθορᾶσθαι.
1710 3648 1914 3716 Συγγέ-

321 3762 480 3800 νειαν
538 3744 649 3813 ἔχει
695 3744 789 3797 καὶ
839 3740 908 3794 τὰ
951 3740 1258 3810 βλεπόμενα
1305 3738 1396 3792 τοῦ
1457 3739 1624 3808 νόμου
1673 3739 1766 3790 καὶ
1805 3739 1912 3792 τῶν

324 3837 626 3912 προφητῶν
666 3836 798 3907 προς
841 3833 910 3888 τὰ
958 3833 1032 3905 μὴ
1078 3831 1406 3903 βλεπόμενα,
1451 3829 1585 3884 ἀλλὰ
1641 3830 1910 3902 νοούμενα

320 3932 419 3985 τοῦ
458 3930 620 4000 νόμου
659 3928 752 3981 καὶ
781 3927 891 3979 τῶν
924 3923 1238 3997 προφητῶν.
1280 3923 1432 3976 Ἐπεὶ
1458 3919 1549 3976 οῦν
1584 3924 1910 3994 συνέστηκεν

319 4027 359 4094 ἡ
397 4021 586 4095 Γραφὴ
620 4021 713 4074 καὶ
754 4019 892 4090 αὐτὴ
941 4017 1102 4070 οἱονεὶ
1135 4018 1199 4070 ὲκ
1231 4015 1480 4086 σώματος
1522 4016 1620 4086 μὲν
1659 4015 1751 4067 τοῦ
1790 4015 1909 4086 βλε-

317 4113 584 4183 πομένου,
615 4109 795 4180 ψυχῆς
815 4109 871 4162 δὲ
891 4108 988 4178 τῆς
1022 4107 1077 4158 ἐν
1117 4104 1264 4175 αὑτῷ
1287 4104 1581 4176 νοουμένης
1620 4106 1715 4158 καὶ
1743 4121 1908 4158 κατας

317 4201 741 4274 λαμϐανομένης
762 4240 777 4265 ,
809 4198 905 4251 καὶ
940 4195 1247 4266 πνεύματος
1286 4194 1381 4247 τοῦ
1412 4193 1553 4247 κατὰ
1591 4194 1659 4248 τὰ
1699 4193 1910 4247 ὑποδεί-

316 4309 530 4365 γματα,
555 4292 650 4344 καὶ
674 4289 830 4344 σκιὰν
858 4287 966 4341 τῶν
994 4285 1332 4358 ἐπουρανίων
1354 4301 1367 4314 ·
1393 4284 1545 4355 φέρε,
1579 4283 1905 4337 ἐπικαλεσά-

321 4403 478 4458 μενοι
512 4385 601 4438 τὸν
635 4383 937 4453 ποιήσαντα
968 4381 1034 4450 τῇ
1064 4379 1254 4450 Γραφῇ
1299 4377 1458 4446 σῶμα
1502 4376 1593 4428 καὶ
1615 4375 1791 4445 ψυχὴν
1813 4374 1906 4427 καὶ

2034 1943 2088 1987 et
2120 1933 2345 1986 reddere
2373 1931 2656 1985 Altissimo
2687 1940 2810 1984 vota
2841 1945 2960 1994 sua,
2992 1945 3088 1999 per
3121 1926 3400 1982 Christum
3431 1928 3613 1982 Domi-

2033 2040 2161 2078 num
2205 2032 2474 2086 nostrum,
2511 2023 2599 2076 cui
2631 2021 2750 2076 laus
2783 2030 2836 2077 et
2869 2020 3041 2092 gloria
3072 2021 3126 2074 in
3158 2018 3354 2074 saecula
3385 2019 3613 2074 saeculo-

2033 2131 2174 2171 rum.
2209 2117 2404 2169 Amen.

2032 2333 2114 2386 Ea:
2163 2331 2404 2400 Origenis
2459 2330 2862 2384 Commentariis
2919 2331 2973 2382 in
3022 2327 3497 2384 Leviticum.—E
3526 2346 3609 2383 se—

2063 2405 2234 2457 cunda
2265 2405 2318 2454 in
2350 2401 2636 2454 Leviticum
2686 2400 2906 2454 humilia
2929 2437 2944 2464 ,
2990 2400 3168 2452 statim
3206 2417 3237 2454 a
3281 2400 3568 2470 principio.

2094 2558 2360 2614 Judaismi
2388 2557 2478 2627 qui
2508 2555 2682 2612 oculis
2726 2557 2982 2623 videtur,
3030 2567 3084 2610 et
3131 2555 3247 2626 ejus
3277 2554 3368 2625 qui
3422 2563 3607 2609 mente

2024 2650 2341 2723 percipitur,
2377 2650 2481 2703 hoc
2516 2657 2600 2702 est
2630 2647 2898 2702 Judaismi
2952 2646 3230 2701 manifesti
3259 2655 3315 2701 et
3341 2643 3606 2702 Judaisnti

2027 2744 2222 2799 occulti
2273 2743 2566 2796 discrimen
2611 2757 2732 2795 cum
2781 2756 2886 2795 non
2937 2740 3302 2810 intelligerent
3349 2739 3500 2809 impii
3546 2749 3603 2792 et

2026 2833 2172 2886 omni
2201 2832 2581 2886 exsecratione
2609 2829 2755 2897 digni
2780 2829 3043 2892 haeretici,
3072 2829 3253 2882 statim
3273 2843 3303 2882 a
3325 2825 3608 2885 Judaismo

2027 2930 2082 2974 et
2117 2920 2308 2973 harum
2342 2917 2751 2986 Scripturarum
2784 2926 3056 2987 totiusque
3079 2917 3212 2986 legis
3246 2927 3471 2972 auctore
3490 2917 3605 2974 Deo

2029 3009 2360 3074 defecerunt,
2389 3017 2444 3062 et
2475 3007 2642 3060 alium
2670 3008 2836 3062 Deum
2879 3010 2947 3061 ab
2975 3022 3042 3061 eo
3065 3009 3156 3076 qui
3181 3007 3351 3077 legem
3385 3016 3440 3060 et
3474 3023 3604 3076 pro-

2027 3102 2218 3170 phetas
2253 3101 2502 3164 dederat,
2557 3100 2761 3167 quique
2808 3099 3003 3155 malum
3039 3110 3095 3152 et
3136 3110 3335 3154 terram
3373 3099 3598 3165 fecerat,

2022 3190 2419 3244 conﬁnxerunt.
2445 3189 2597 3257 Quod
2621 3200 2770 3244 certe
2801 3189 3194 3243 alienissimum
3215 3197 3314 3244 est.
3340 3189 3438 3256 Qui
3457 3195 3599 3244 enim

2022 3281 2167 3335 dedit
2215 3279 2384 3348 legem
2416 3281 2577 3346 Deus,
2612 3279 2758 3334 dedit
2808 3290 2863 3334 et
2899 3279 3290 3349 Evangellum;
3331 3281 3423 3350 qui
3472 3280 3603 3336 fecit

2020 3385 2083 3424 ea
2117 3385 2236 3439 qua:
2283 3370 2555 3436 videntur,
2593 3369 2740 3424 dedit
2773 3379 2827 3424 et
2851 3385 2916 3424 ea
2951 3385 3071 3438 qum
3121 3370 3294 3425 oculis
3331 3386 3435 3426 non
3477 3387 3602 3426 cer-

2020 3469 2259 3526 nuntur;
2307 3468 2361 3514 et
2415 3461 2798 3530 cognationem
2836 3461 3038 3514 habent
3088 3461 3232 3517 inter
3259 3477 3318 3517 se
3365 3479 3486 3532 qua:
3516 3463 3597 3517 vi-

2017 3551 2233 3613 dentur,
2273 3559 2329 3603 et
2357 3565 2476 3618 quae
2518 3566 2624 3602 non
2660 3550 2939 3607 videntur.
2980 3551 3107 3604 Eant
3160 3565 3341 3607 autem
3393 3569 3598 3624 cogna-

2017 3638 2216 3692 tionem
2247 3638 2468 3703 habent,
2507 3647 2563 3692 ttt
2597 3638 2891 3695 invisibilia
2934 3642 3024 3694 Det
3069 3657 3098 3695 a
3130 3654 3380 3698 creatura
3409 3647 3602 3700 mundi

2013 3743 2112 3798 per
2136 3745 2196 3783 ea
2230 3745 2351 3800 qua:
2384 3730 2529 3785 facta
2556 3740 2702 3798 sunt,
2739 3733 3018 3788 intellecta
3052 3733 3209 3805 193
3241 3736 3592 3805 conspicianv-

2017 3831 2121 3879 tur.
2155 3821 2546 3890 Cogttationem
2604 3826 2806 3880 habent
2845 3843 2964 3895 qua:
3013 3829 3265 3882 videntur
3304 3830 3355 3884 in
3388 3830 3506 3901 lege
3539 3842 3596 3886 et

2012 3917 2308 3986 prophetis,
2357 3931 2481 3971 cum
2518 3918 2581 3970 iis
2611 3931 2731 3984 qum
2773 3933 2878 3973 non
2915 3920 3204 3985 videntur,
3253 3923 3355 3977 sed
3393 3923 3594 3978 intelli-

2012 4019 2210 4079 guntur
2262 4011 2316 4064 in
2365 4009 2486 4078 lege
2529 4020 2585 4065 et
2632 4011 2932 4080 prophetis.
2985 4013 3121 4067 Cum
3166 4015 3328 4082 igitur
3378 4026 3602 4072 conaet

2012 4097 2292 4166 Scriptura
2341 4113 2556 4166 quoque
2592 4099 2706 4166 ipsa
2749 4098 2900 4152 velut
2947 4113 3014 4153 ex
3050 4115 3279 4169 corpore
3301 4106 3444 4172 quod
3471 4121 3592 4160 cer-

2010 4189 2177 4256 nitur,
2213 4199 2268 4244 et
2300 4203 2366 4243 ex
2392 4190 2597 4256 anima,
2627 4205 2746 4258 quae
2777 4190 2830 4242 in
2865 4190 2983 4258 ipso
3011 4191 3335 4262 intelligitur
3374 4206 3427 4249 et
3454 4211 3599 4251 con-

2009 4279 2230 4349 cipitur,
2281 4290 2337 4334 et
2368 4295 2432 4333 ex
2465 4280 2662 4349 spiritu
2702 4283 3006 4335 secundum
3033 4284 3364 4353 exetnplaria
3388 4295 3442 4342 et
3469 4302 3587 4340 um-

2009 4370 2162 4425 bram
2202 4371 2526 4434 ctelestium,
2557 4386 2676 4441 age,
2723 4387 2788 4427 eo
2839 4372 3094 4428 invocato
3143 4377 3234 4444 qui
3289 4375 3589 4448 Scriptum

319 4476 566 4548 πνεῦμα,
603 4475 762 4546 σῶμα
799 4473 895 4544 μὲν
935 4475 1046 4535 τοῖς
1093 4471 1198 4542 πρὸ
1230 4470 1406 4542 ἡμῶν,
1447 4467 1622 4540 ψυχὴν
1659 4467 1715 4521 δὲ
1746 4469 1900 4538 ἡμῖν,

2023 4479 2222 4534 :orpus,
2257 4465 2496 4518 animam
2523 4473 2580 4518 et
2598 4464 2847 4532 spiritum
2877 4466 3024 4532 fecit,
3055 4482 3255 4539 corpus
3282 4470 3346 4524 iis
3369 4472 3459 4540 qui
3486 4487 3586 4528 nos

317 4566 542 4637 πνεῦμα
567 4566 623 4618 δὲ
649 4566 760 4628 τοῖς
785 4565 841 4616 ὲν
869 4561 946 4633 τῷ
983 4561 1225 4630 μέλλοντι
1257 4559 1413 4613 αἰῶνι
1439 4559 1902 4629 κληρονομήσουσι

317 4654 467 4726 ζωὴν
502 4652 716 4707 αἰώνιον
737 4690 751 4714 ,
801 4651 895 4704 καὶ
949 4649 1232 4721 μέλλουσιν
1264 4651 1420 4721 ἥκειν
1458 4649 1548 4701 ἐπὶ
1573 4649 1641 4701 τὰ
1668 4649 1904 4720 ἐπουράο

353 4764 442 4808 ια,
488 4745 581 4799 καὶ
629 4741 858 4814 ἀληθινὰ
900 4741 994 4795 τοῦ
1035 4741 1236 4812 νόμου,
1301 4741 1684 4812 ὲρευνήσωμεν
1727 4739 1786 4791 οὐ
1841 4739 1902 4792 τὸ

313 4836 576 4907 γράμμα,
624 4834 758 4890 ἀλλὰ
795 4834 893 4905 τὴν
935 4832 1112 4903 ψυχὴν
1162 4832 1254 4885 ἐπὶ
1287 4832 1381 4885 τοῦ
1429 4831 1715 4902 παρόντος.
1745 4831 1807 4884 Εἰ
1837 4830 1894 4884 δὲ

313 4923 422 4982 οἷοί
444 4927 502 4980 τέ
525 4929 712 4998 ἐσμεν,
745 4921 1134 4995 ἀναϐησόμεθα
1163 4922 1273 4993 (56)
1305 4924 1398 4975 καὶ
1431 4923 1526 4974 ἐπὶ
1553 4923 1612 4975 τὸ
1656 4922 1892 4993 πνεῦμα,

315 5018 464 5074 κατὰ
503 5019 594 5072 τὸν
637 5017 794 5085 λόγον
843 5015 932 5067 τὸν
975 5013 1102 5084 περ).
1148 5011 1254 5065 τῶν
1304 5011 1416 5082 (57)
1449 5011 1895 5080 ἀναγνωσθεισῶν

315 5111 544 5166 θυσιῶν.

385 5229 433 5261 ⁷⁸
460 5227 630 5282 Exod.
659 5239 759 5280 xu.
833 5225 879 5256 "’
909 5224 1010 5278 lsa.
1041 5223 1191 5288 ι,1Ι.

390 5341 506 5412 (5i)
557 5339 739 5396 Codex
781 5338 1091 5412 Sangerm.,
1132 5355 1152 5389 ι
1180 5337 1665 5412 designa_ret,_»__et
1718 5339 1879 5412 paulo

313 5407 442 5482 past
467 5407 498 5472 ,⁷
532 5429 562 5482 ί(
591 5412 680 5479 qui
723 5411 860 5464 tollit
900 5419 1183 5482 peceatum
1223 5407 1429 5461 mundi.
1458 5425 1476 5458 ι
1516 5407 1695 5482 Libb._
1721 5409 1876 5476 editi,

319 5479 340 5534 ἰ
371 5481 730 5560 signiﬁcaret.
857 5518 870 5531 .
895 5479 987 5548 qui
1023 5479 1232 5559 tolleret
1262 5488 1488 5560 peccata.
1512 5479 1720 5560 mundi.
1750 5497 1772 5531 ι

390 5547 504 5634 (52)
534 5553 674 5631 Idem
701 5547 1020 5631 eodegt'iiis"
1063 5566 1082 5600 ι
1111 5549 1300 5628 quis”
1327 5557 1375 5601 et
1405 5547 1543 5602 infra
1564 5589 1578 5612 ,
1615 5566 1632 5598 ι
1665 5549 1778 5628 haec
1800 5555 1884 5602 est

313 5637 572 5696 adtrita.)
595 5620 741 5674 Ltbrt
767 5621 918 5696 edtlt,
941 5638 972 5696 ε
993 5634 1130 5696 quae,
1157 5637 1175 5668 ι
1198 5628 1251 5671 et
1273 5616 1431 5696 t‘ttl'ra,
1461 5637 1479 5668 ι
1504 5621 1616 5696 (μιξο
1639 5633 1874 5696 ιιηιιιιει.»

389 5690 502 5766 (ξᾷ)
521 5693 662 5766 Iden}
681 5693 871 5752 codex,
896 5709 913 5740 ‹
941 5681 1637 5766 Dominum.iLibb,editi.,c
1659 5688 1875 5766 Deum.»

387 5757 501 5833 (54)
530 5760 895 5828 Νοήσαντες.
949 5758 1106 5813 Huet.
1140 5757 1308 5813 editio
1336 5758 1388 5810 in
1433 5757 1672 5827 margine
1716 5758 1884 5816 habet

1263 5219 1314 5252 ⁸ο
1343 5220 1514 5279 Levit.
1543 5238 1615 5287 tv,
1641 5221 1744 5277 28;
1811 5222 1854 5253 "
1889 5222 2033 5279 Psal.
2071 5237 2122 5287 L,
2157 5220 2243 5276 l9.

1987 5338 2331 5409 vottloawsc.

2005 4561 2422 4624 praecesserunt,
2467 4551 2704 4607 animam
2755 4554 2934 4622 nobis,
2978 4557 3227 4626 spiritum
3270 4559 3335 4615 iis
3381 4562 3470 4630 qui
3527 4562 3589 4619 in

2003 4644 2188 4699 futuro
2215 4643 2412 4698 saeculo
2452 4643 2618 4697 vitam
2667 4651 2930 4699 mteruam
2989 4648 3379 4715 possidebunt,
3415 4661 3471 4706 et
3515 4655 3593 4708 ad

2001 4736 2246 4793 caelestia
2278 4775 2294 4801 ,
2338 4733 2731 4803 veritatemque
2801 4734 2936 4805 legis
2978 4739 3194 4791 venturi
3245 4749 3406 4806 sunt;
3462 4741 3584 4795 ani-

2003 4843 2169 4898 mam,
2226 4843 2333 4882 non
2366 4827 2602 4881 litteram
2651 4827 2704 4881 in
2755 4832 3013 4896 praesenti
3067 4831 3455 4904 investigemus
3488 4851 3506 4889 :
3536 4837 3581 4892 si

2001 4937 2150 4990 vero
2182 4929 2390 4975 tantum
2436 4918 2650 4974 eﬁicere
2707 4935 3038 4990 possumus,
3098 4924 3254 4995 juxta
3306 4927 3578 4984 rationem

2001 5011 2392 5069 sacriﬁciorum
2419 5049 2434 5076 ,
2469 5024 2589 5078 quae
2620 5011 2780 5067 modo
2813 5012 2955 5071 lecta
3007 5023 3156 5083 sunt,
3205 5001 3271 5072 ad
3319 5018 3579 5090 spiritum

2002 5103 2382 5158 ascendamus.

2321 5220 2366 5251 ⁸³
2389 5217 2528 5276 Osee
2549 5235 2624 5286 vr,
2653 5221 2704 5280 6.

2059 5405 2172 5480 (55)
2214 5407 2422 5462 0ἱάπό
2463 5405 2584 5480 τῶν
2620 5409 2985 5478 ἀθεωτατων,
3036 5421 3140 5468 etc.
3188 5411 3558 5475 Μαι-αἰθυίαις.

1987 5477 2286 5549 eorttmque
2310 5480 2546 5533 asseclas
2574 5477 2812 5535 lacessit.
2841 5477 3100 5536 Hun'rtus.

2060 5547 2170 5671 85:5)
2199 5547 2679 5617 ’Ἀθ-αϐησόμεθα.
2726 5549 2951 5607 Huetius
2998 5551 3232 5608 malebat
3270 5551 3561 5624 ἀναϐησώ-

1991 5635 2128 5689 μευα

2207 5691 2314 5745 Τὸν
2342 5691 2640 5762 περὶτῶν,
2668 5701 2775 5746 etc.
2808 5688 2899 5746 Sic
2933 5688 3120 5743 Philae
3179 5705 3280 5749 ms.
3316 5691 3371 5748 In
3406 5691 3565 5750 libris

1990 5761 2146 5816 antea
2177 5763 2338 5818 editis
2379 5765 2560 5829 deest,
2580 5761 2692 5818 τόν.
