4110 6410
500 325 608 383 4⁸2⁸5

1097 447 1376 506 HOMILIA
1403 450 1485 504 Ill.

509 580 582 635 De
614 600 670 633 eo
698 583 834 649 quod
859 584 1110 640 scriptum
1131 595 1204 636 est
1227 585 1272 614 ⁸³
1305 600 1318 634 :
1357 603 1374 632 ‹
1409 583 1466 637 Si
1493 593 1663 636 mitem
1689 584 1864 636 animo
1896 601 2077 650 pecca-

582 653 727 710 τρι-ἔτ,
766 664 811 704 et
842 655 1065 707 audierit
1106 671 1274 705 rorem
1303 654 1620 722 juramenti,
1651 664 1700 705 et
1734 655 1816 704 hic
1844 654 1987 705 (estis
2013 657 2079 706 sit

578 733 666 774 aut
696 725 902 782 viderit,
931 736 1020 776 ou!
1055 725 1292 775 conscius
1325 724 1507 789 fuerit,
1538 726 1580 773 si
1609 740 1709 775 non
1741 724 2078 785 iudicaverit,

578 806 623 846 el
653 796 763 860 ipsa
794 795 1012 858 arripiet
1055 805 1325 857 percolunt
1361 793 1497 860 ejus.
1534 792 1601 843 Et
1631 796 1808 844 animo
1833 810 2082 860 quaram-

574 881 671 933 que
697 866 920 929 tetigerit
961 880 1162 915 onmem
1199 878 1303 914 rem
1342 864 1692 927 immundam,
1721 875 1812 915 aut
1844 865 2081 916 mortici-

575 951 721 991 nnm,
755 944 841 985 aut
867 952 895 984 (ι
920 935 1031 1000 [cra
1058 941 1288 998 captum,
1323 951 1339 981 ι
1375 945 1484 986 etc.

581 1091 630 1143 1.
675 1091 746 1143 De
793 1091 1075 1144 sacrificiis
1117 1106 1238 1160 quae
1279 1090 1583 1146 offeruntur
1628 1093 1695 1143 ah
1749 1092 1831 1145 his
1862 1094 1950 1160 qui
1991 1109 2085 1160 per

506 1184 894 1252 ignm-antiam,
948 1183 1030 1235 vel
1071 1185 1158 1248 qui
1203 1200 1306 1236 non
1375 1183 1654 1237 voluntate
1715 1187 2081 1251 peccaverint,

506 1291 688 1328 sermo
722 1285 822 1326 est.
851 1274 1001 1327 Unde
1028 1285 1075 1327 et
1106 1276 1157 1326 in
1190 1275 1584 1343 superioribus,
1619 1291 1742 1328 cum
1775 1278 1840 1328 de
1865 1279 2085 1346 pontifi-

505 1365 585 1417 cis
629 1365 914 1417 Sacrificiis
964 1363 1073 1432 (58)
1118 1365 1444 1427 diceremus,
1509 1367 1917 1420 observavimus
1978 1383 2081 1420 non

504 1471 623 1509 esse
645 1457 904 1520 Scriptum
942 1455 1008 1508 de
1041 1470 1126 1517 eo,
1167 1457 1295 1522 quia
1341 1455 1694 1522 ignoraverit.
1741 1457 1843 1510 Sed
1885 1458 1928 1510 si
1961 1459 2084 1527 quis

505 1547 644 1600 bene
670 1547 912 1599 meminit
939 1560 1125 1597 eorum
1173 1562 1294 1613 quae
1335 1546 1477 1597 dicta
1510 1557 1654 1608 sunt,
1692 1563 1722 1614 p
1749 1556 1869 1600 :lcst
1928 1550 2082 1602 nobis

507 1643 705 1704 dicere,
743 1642 866 1708 quia
893 1640 1217 1691 sacrificium
1255 1640 1394 1706 quod
1425 1639 1729 1706 poutilicem
1758 1657 1854 1709 pro
1893 1657 2084 1708 pecca-

507 1742 562 1785 to
592 1732 824 1783 diximus
855 1729 1136 1792 obtulisse,
1175 1729 1397 1797 figuram
1440 1730 1640 1783 Christi
1680 1740 1862 1783 tenere
1893 1737 2080 1800 posui-

1976 313 2296 382 (latemus

2110 455 2157 510 Α
2187 451 2238 501 in
2285 463 2454 502 carne
2488 447 2711 516 positus,
2762 457 2816 502 ct
2861 449 3032 503 teneri
3072 449 3263 519 petuit,
3307 457 3360 504 et
3394 448 3593 504 occidi.
3645 450 3780 507 Nam

3673 315 3779 390 tet

2185 557 2471 608 ponamus,
2514 540 2662 593 verbi
2705 541 2904 608 gratia,
2949 543 2994 596 si
3028 541 3289 595 Dominus
3330 539 3636 608 majestatis
3671 559 3777 597 non

2183 633 2421 686 venisset
2463 634 2514 686 in
2564 647 2753 698 carne,
2795 649 2900 685 non
2947 635 3215 703 arguisset
3264 631 3502 696 Judzeos,
3551 651 3656 689 non
3698 636 3781 691 eis

2185 725 2377 777 fuisset
2407 725 2586 793 gravis
2605 725 2847 778 etiamad
2881 725 3195 788 vivendum,
3229 740 3334 776 non
3369 727 3557 793 utique
3598 729 3775 781 teneri

2185 815 2474 882 potuisset,
2532 820 2708 883 neque
2742 816 2808 866 ad
2851 826 3075 868 mortem
3119 815 3292 879 tradi;
3324 831 3601 884 numquam
3658 821 3780 873 sine

2185 907 2347 960 dubio
2392 907 2630 961 venisset
2671 908 2893 976 sanguis
2943 907 3060 971 ejus
3093 923 3260 976 super
3303 907 3469 974 ipsos,
3511 919 3564 962 et
3605 909 3780 978 super

2187 997 2325 1053 ﬁlios
2357 1014 2562 1053 eorum.
2609 999 2716 1053 Sed
2750 998 2877 1066 quia
2907 999 3055 1052 venit
3096 999 3147 1052 in
3179 1015 3366 1062 carne,
3396 1009 3448 1053 et
3481 1017 3576 1068 pro
3615 1001 3775 1056 nobis

2186 1101 2467 1162 peccatum
2499 1092 2675 1150 factus
2698 1104 2802 1160 est,
2836 1101 2890 1148 et
2917 1093 3029 1144 lucc
3057 1093 3166 1160 pati
3193 1093 3389 1161 potuit,
3425 1093 3630 1145 idcirco
3661 1095 3777 1161 ipse

2187 1183 2385 1238 dicitur
2431 1200 2652 1254 peccare
2687 1183 2946 1255 populum
2996 1181 3209 1246 fecisse,
3260 1183 3352 1252 qui
3399 1179 3525 1236 fecit
3562 1197 3684 1236 eum
3717 1185 3770 1238 iu

2187 1291 2245 1330 se
2283 1292 2440 1345 posse
2475 1292 2732 1345 peccare.

2256 1367 2310 1421 9.
2346 1368 2450 1421 Sed
2483 1368 2764 1422 videamus
2791 1368 2902 1437 jam
2933 1366 3046 1436 (63)
3085 1367 3213 1436 quid
3247 1368 3354 1436 agit
3385 1377 3437 1420 et
3471 1367 3571 1421 ista
3618 1368 3778 1441 195.

2187 1458 2385 1525 anima,
2421 1475 2541 1528 qua:
2587 1461 2740 1512 audit
2776 1476 2964 1514 vocem
3007 1460 3326 1528 juramenti,
3359 1471 3412 1514 et
3454 1462 3609 1516 testis
3668 1463 3774 1524 est,

2187 1551 2268 1603 vel
2304 1567 2424 1620 quze
2473 1551 2603 1604 vidit
2642 1552 2844 1619 aliquid
2903 1561 2951 1605 ct
2996 1552 3217 1605 conscia
3255 1562 3357 1615 est,
3407 1562 3458 1605 ct
3491 1569 3593 1607 non
3632 1554 3774 1608 iudi-

2186 1651 2304 1707 cat;
2342 1651 2407 1694 ex
2450 1657 2557 1708 quo
2590 1641 2796 1709 accepit
2823 1643 3002 1692 ctiam
3046 1643 3158 1708 ipsa
3201 1653 3481 1710 peccatum
3512 1642 3629 1709 ejus
3656 1645 3776 1698 sine

2188 1727 2373 1791 dubio,
2417 1729 2505 1797 qui
2539 1729 2722 1798 inique
2750 1741 2844 1783 aut
2873 1732 2982 1800 egit
3010 1731 3234 1799 aliquid,
3269 1741 3359 1783 aut
3390 1731 3614 1798 jUravit.
3660 1732 3774 1788 Iluc

503 1836 644 1882 mus,
695 1832 748 1873 et
779 1819 1110 1872 conveniens
1146 1834 1249 1871 non
1282 1819 1555 1870 videbitur
1589 1828 1645 1872 ut
1689 1821 1943 1873 Christus
1990 1824 2079 1888 qui
2117 1819 2155 1873 Β
2186 1827 2346 1879 etiam
2387 1829 2683 1881 secundum
2733 1827 3014 1880 historiam
3062 1842 3162 1879 nos
3198 1827 3452 1893 :cdificat,
3481 1837 3536 1880 et
3591 1829 3770 1896 docet,

503 1919 780 1983 peccatum
812 1913 1006 1977 nescit,
1049 1928 1144 1978 pro
1172 1922 1396 1979 peccato
1423 1911 1537 1980 (5'9)
1574 1913 1786 1965 dicatur
1823 1913 2082 1968 obtulisse

502 2007 850 2069 Sacrificium,
877 2005 998 2056 licet
1028 2019 1122 2072 per
1147 2003 1469 2070 mysterium
1502 2020 1585 2055 res
1616 2013 1828 2071 agatur,
1858 2015 1907 2056 et
1943 2005 2080 2057 idem

503 2100 620 2167 ipse
651 2097 912 2166 pontifex,
951 2099 1088 2150 idem
1114 2107 1350 2165 potiatur
1381 2106 1435 2149 et
1469 2096 1665 2150 hostia.
1723 2095 1855 2149 Vide
1879 2112 2006 2164 ergo
2037 2099 2079 2150 si

500 2206 555 2243 et
591 2197 654 2244 ad
690 2191 790 2243 hoc
815 2206 1101 2258 possumus
1131 2190 1231 2243 hoc
1259 2191 1417 2243 modo
1441 2203 1752 2249 occurrere,
1778 2189 1904 2256 quia
1931 2187 2085 2242 Chri-

503 2293 616 2333 stus
641 2292 924 2348 peccalum
977 2280 1191 2347 quidem
1237 2296 1340 2331 non
1392 2279 1540 2342 fecit,
1587 2287 1864 2345 peccatum
1903 2285 2082 2328 tamen

502 2388 600 2440 pro
637 2373 792 2424 nobis
832 2372 1002 2426 factus
1025 2384 1106 2426 est
1135 2389 1147 2423 :
1181 2374 1304 2427 dum
1341 2374 1575 2441 quierat
1607 2372 1658 2422 in
1686 2369 1855 2422 forma
1884 2369 1999 2433 Dei,
2032 2369 2082 2422 in

505 2463 677 2517 forma
700 2468 839 2520 servi
871 2481 988 2518 esse
1015 2466 1266 2534 dignatur
1295 2482 1306 2516 :
1347 2467 1472 2518 dum
1497 2465 1589 2532 qui
1626 2462 1953 2516 immortalis
1977 2473 2080 2527 est,

505 2557 754 2624 moritur,
796 2571 849 2612 et
880 2559 1223 2627 impassibilis
1264 2560 1491 2627 patitur,
1523 2567 1578 2610 et
1623 2555 1910 2611 invisibilis
1939 2557 2084 2611 vide-

504 2651 615 2715 tur,
651 2662 703 2705 et
733 2653 856 2720 quia
886 2652 1034 2705 nobis
1075 2647 1393 2706 hominibus
1427 2651 1507 2704 vel
1547 2669 1715 2715 mors,
1761 2653 1845 2708 vel
1875 2653 2081 2722 reliqua

502 2744 681 2797 orunis
714 2741 977 2812 fragilitas
1009 2743 1060 2796 in
1088 2759 1257 2797 carne
1303 2759 1368 2797 ex
1411 2743 1617 2812 peccati
1648 2746 1960 2799 conditione
1994 2760 2085 2798 su-

505 2834 762 2900 perducta
791 2843 874 2886 est
907 2851 920 2886 :
959 2832 1070 2901 ipse
1116 2833 1278 2885 etiam
1311 2835 1403 2900 qui
1443 2833 1496 2886 in
1535 2834 1950 2888 similitudinem
1985 2834 2083 2887 lto-

504 2926 709 2978 Iuinum
771 2925 940 2978 factus
989 2937 1093 2988 est,
1144 2934 1198 2979 et
1253 2926 1437 2979 habitu
1497 2936 1746 2993 repertus
1778 2936 1836 2979 ut
1889 2927 2075 2992 homo,

495 3017 620 3070 sine
664 3018 826 3072 dubio
877 3033 974 3087 pro
1021 3027 1245 3086 peccato
1277 3019 1419 3087 quod
1452 3032 1516 3071 ex
1550 3019 1706 3072 nobis
1737 3030 2079 3090 susceperat,

499 3111 622 3180 quia
651 3119 867 3180 peccata
892 3119 1075 3164 nostra
1106 3111 1360 3179 portavit,
1390 3109 1619 3163 vitulum
1645 3109 2077 3175 immaculatum,

501 3196 604 3257 hoc
651 3212 733 3257 est
775 3218 998 3256 carnem
1059 3202 1546 3256 incontaminatam
1594 3202 1790 3255 obtulit
1842 3203 2078 3257 hostiam

499 3283 630 3350 Deo.
667 3295 773 3350 Sed
809 3297 940 3363 quid
975 3294 1236 3348 faciemus
1264 3281 1329 3348 de
1351 3309 1437 3359 eo,
1466 3295 1610 3365 quod
1639 3295 1691 3348 in
1725 3295 2082 3362 sequentibus

496 3386 770 3455 jungitur?
819 3377 915 3438 Ubi
949 3387 1090 3439 enim
1121 3384 1254 3438 dicit
1287 3385 1333 3416 ⁸⁸
1367 3401 1381 3438 :
1422 3406 1440 3436 ‹
1497 3386 1554 3441 Si
1587 3386 1804 3454 quidem
1839 3383 2079 3454 pontifex

497 3480 589 3548 qui
623 3489 817 3531 unctus
846 3491 949 3540 eet,
991 3477 1320 3546 peccaverit,
1359 3497 1376 3528 ι
1418 3480 1490 3532 ibi
1532 3467 1794 3532 additur:
1831 3497 1849 3530 ‹
1888 3468 1956 3534 Ut
1987 3495 2083 3548 po-

499 3571 682 3638 pulum
738 3569 940 3622 faceret
980 3583 1225 3638 peccare,
1274 3568 1466 3622 offeret
1495 3586 1592 3638 pro
1625 3582 1852 3638 peccato
1892 3585 2011 3622 suo.
2055 3589 2074 3622 ι

497 3664 780 3730 Quomodo
811 3678 938 3730 ergo
971 3661 1259 3716 conveniet
1293 3671 1350 3715 ut
1383 3664 1508 3729 quia
1541 3678 1636 3732 per
1664 3679 1883 3720 carnem
1905 3680 2078 3728 suam,

497 3770 660 3822 quant
693 3755 931 3823 suscepit
961 3769 1024 3806 ex
1051 3753 1205 3807 nobis
1228 3750 1409 3816 Jesus,
1439 3753 1554 3822 ipse
1579 3766 1863 3822 peceatmn
1902 3759 2081 3814 factus

497 3855 602 3909 est,
636 3861 863 3914 peccare
894 3844 1084 3899 fecerit
1113 3843 1409 3911 populum?
1433 3845 1691 3899 Ausculta
1751 3859 1804 3901 et
1836 3850 1901 3902 de
1953 3851 2076 3915 hoc,

497 3937 552 3989 si
607 3936 746 3991 forte
807 3951 928 3989 cum
971 3936 1148 4004 aliqua
1196 3935 1586 4003 consequentia
1634 3935 1746 4007 (60)
1787 3952 2078 4007 possumus

498 4030 844 4099 respondere.
884 4029 1070 4082 Passio
1117 4027 1317 4082 Christi
1369 4027 1724 4083 credentibus
1752 4030 1972 4099 quidem
2000 4033 2080 4086 vi-

499 4135 630 4188 tam,
663 4135 890 4177 mortem
920 4137 1050 4175 vero
1089 4137 1194 4176 non
1233 4121 1582 4174 credentibus
1608 4119 1840 4178 confert.
1874 4124 2080 4190 Quam-

496 4217 580 4271 vis
603 4215 746 4270 enim
765 4214 908 4268 salus
931 4215 1179 4284 gentibus
1205 4215 1274 4268 sit
1297 4230 1391 4283 per
1424 4229 1640 4268 crucem
1665 4215 1784 4284 ejus
1807 4225 1857 4270 cl
1879 4217 2081 4283 justiﬁ-

497 4311 674 4375 catio,
727 4307 930 4364 Judaeis
985 4318 1162 4361 tamen
1217 4308 1472 4362 interitus
1516 4316 1600 4361 est
1644 4318 1698 4361 et
1745 4311 2078 4363 condemna-

499 4401 594 4456 tio.
632 4401 722 4454 Sic
751 4401 971 4452 enimet
999 4399 1262 4466 scriptum
1307 4407 1388 4450 est
1419 4397 1470 4449 in
1520 4396 1814 4466 Evangelio
1849 4399 1960 4471 (6|)
1982 4401 2026 4432 ⁸³
2060 4417 2073 4452 :

2187 1933 2254 1970 ne
2290 1911 2526 1988 linquam
2559 1919 2611 1972 in
2648 1919 2884 1988 peccatis
2906 1917 3454 1984 alteriuspolluamus
3490 1920 3774 1974 conscien—

2187 2009 2286 2061 tias
2316 2021 2552 2075 nostras,
2583 2025 2647 2063 ue
2677 2023 3001 2063 consensum
3036 2009 3176 2060 male
3199 2024 3298 2076 age
3328 2012 3488 2061 .tibus
3530 2009 3773 2075 przebea-

2185 2117 2325 2155 mus.
2371 2103 2704 2155 Conseusum
2747 2114 2927 2156 autem
2985 2102 3128 2163 dico,
3185 2118 3290 2154 non
3349 2102 3524 2155 solum
3568 2102 3773 2168 pariter

2186 2193 2418 2258 agendo,
2452 2194 2546 2245 sed
2576 2192 2737 2245 etiam
2770 2209 2890 2260 quae
2915 2192 3101 2244 illicite
3127 2201 3273 2260 gesta
3296 2202 3444 2255 sunt,
3478 2192 3775 2245 reticendo.

2189 2283 2283 2337 Vis
2318 2294 2496 2336 autem
2526 2283 2669 2338 scire
2703 2285 2830 2351 quia
2860 2284 3209 2336 consentiant
3254 2283 3367 2336 lucc
3392 2284 3556 2336 etiam
3605 2298 3776 2337 evan-

2186 2376 2370 2445 gelicis
2413 2373 2740 2444 praeceptis?
2773 2376 2889 2443 Ipse
2922 2375 3186 2427 Dominus
3230 2375 3361 2427 dicit
3395 2374 3441 2405 ³⁸
3475 2393 3489 2428 :
3539 2391 3556 2424 ι
3601 2375 3656 2428 Si
3696 2377 3776 2429 vi-

2186 2466 2330 2519 deris
2354 2465 2576 2518 fratrem
2619 2475 2768 2518 tuum
2804 2478 3054 2533 peccare,
3086 2477 3254 2532 argue
3289 2478 3410 2515 eum
3458 2463 3599 2516 inter
3629 2473 3678 2517 te
3719 2472 3776 2518 et.

2186 2559 2360 2626 ipsum
2404 2561 2600 2612 solum.
2657 2556 2714 2611 Si
2771 2565 2822 2609 te
2869 2555 3123 2617 audierit,
3162 2555 3400 2607 lucratus
3437 2569 3496 2608 es
3548 2553 3773 2608 fratrem

2189 2660 2359 2704 tuum.
2390 2650 2545 2716 Quod
2575 2650 2618 2702 si
2652 2658 2704 2703 te
2747 2664 2852 2703 non
2903 2647 3163 2712 audierit,
3193 2647 3388 2700 adhibe
3422 2658 3598 2700 tecum
3638 2645 3774 2700 alios

2185 2738 2341 2803 duos,
2370 2739 2453 2792 vel
2479 2748 2609 2792 tres.
2638 2738 2788 2803 Quod
2813 2738 2854 2790 si
2885 2751 2984 2789 nec
3009 2736 3156 2805 ipsos
3190 2737 3442 2800 audierit,
3472 2737 3560 2788 dic
3585 2733 3776 2788 Eccle-

2185 2832 2301 2886 siaa.
2337 2831 2394 2884 Si
2444 2845 2572 2884 vero
2602 2847 2699 2886 nec
2726 2828 3024 2883 Ecclesiam
3079 2827 3331 2892 audierit,
3362 2829 3433 2881 sit
3482 2827 3576 2880 tibi
3629 2826 3774 2881 sicut

2185 2926 2433 2980 ethnicus
2468 2935 2523 2978 et
2563 2925 2910 2992 publicanus.
2959 2940 2977 2973 ›
3014 2922 3120 2975 Sed
3162 2921 3531 2989 evaugclicum
3568 2936 3774 2990 prame-

2186 3027 2336 3083 ptum
2371 3017 2422 3069 in
2477 3031 2541 3070 eo
2571 3015 2862 3084 perfectius
2917 3015 3102 3070 datum
3151 3025 3256 3080 est,
3302 3015 3442 3084 quod
3496 3013 3772 3069 indicandi

2187 3110 2392 3178 peccati
2426 3107 2538 3180 (δι)
2565 3109 2779 3163 modum
2814 3109 3265 3178 disciplinamque
3301 3106 3614 3162 constituit.
3654 3104 3773 3160 Non

2189 3198 2300 3250 vult
2324 3203 2468 3253 enim
2503 3210 2576 3263 te,
2612 3199 2656 3252 si
2698 3197 2839 3252 forte
2881 3207 3162 3269 peccatqu
3211 3198 3416 3253 videris
3453 3196 3640 3250 fratris
3671 3196 3772 3259 tui,

2186 3293 2442 3347 continuo
2480 3293 2696 3348 evolare
2738 3293 2804 3346 ad
2841 3293 3138 3362 publicum,
3169 3302 3222 3347 et
3265 3291 3607 3361 proclamare
3645 3308 3774 3358 pas.

2185 3386 2308 3453 sim,
2342 3401 2404 3441 ac
2427 3386 2707 3454 divulgare
2726 3387 2902 3441 aliena
2936 3399 3156 3455 peccata
3190 3403 3204 3438 :
3239 3387 3381 3456 quod
3411 3395 3558 3439 esset
3584 3386 3774 3454 utique

2186 3490 2289 3528 non
2339 3476 2684 3545 corrigentis,
2719 3481 2813 3530 sed
2852 3476 3036 3545 potius
3088 3476 3428 3531 infamantis.
3469 3474 3650 3543 Solus,
3686 3477 3774 3530 in-

2183 3567 2321 3634 quit,
2349 3566 2491 3619 inter
2519 3575 2572 3619 te
2599 3577 2650 3619 et
2671 3568 2846 3636 ipsum
2877 3565 3048 3620 solum
3087 3569 3299 3635 corripe
3331 3584 3478 3623 eum.
3505 3567 3603 3622 Ubi
3627 3569 3770 3622 enim

2184 3657 2392 3710 servari
2447 3657 2548 3711 sibi
2603 3659 2921 3728 mysterium
2981 3653 3179 3712 viderit
3227 3660 3315 3713 ille
3358 3660 3449 3729 qui
3504 3675 3772 3729 peccave-

2185 3747 2256 3801 rit
2289 3748 2421 3818 (65),
2458 3750 2697 3804 servabit
2725 3754 2781 3803 et
2815 3750 2930 3818 ipse
2961 3750 3365 3805 emendationis
3399 3753 3680 3818 pudorem.
3710 3745 3770 3806 Si

2183 3849 2312 3895 Vero
2340 3833 2606 3895 diti‘amari
2641 3857 2698 3896 se
2727 3843 2931 3907 videat,
2965 3843 3113 3897 illico
3145 3843 3212 3896 ad
3251 3842 3557 3913 denegandi
3593 3844 3773 3913 impu-

2184 3932 2422 3987 dentiam
2451 3937 2838 3998 convertetur;
2872 3938 2927 3988 et
2952 3952 3056 3989 non
3085 3935 3261 3990 solum
3301 3951 3410 3990 non
3443 3935 3771 3990 emendave-

2183 4024 2258 4079 ris
2295 4038 2600 4093 peccatum,
2653 4030 2749 4082 sed
2798 4038 2850 4083 et
2881 4029 3266 4098 duplicaveris.
3312 4028 3470 4084 Disce
3523 4044 3653 4100 ergo
3702 4045 3772 4084 ex

2183 4116 2490 4186 Evangeliis
2521 4121 2790 4174 ordinem.
2819 4119 3027 4187 Primo,
3061 4121 3257 4192 inquit,
3293 4121 3439 4176 solus
3471 4120 3611 4174 inter
3642 4131 3693 4176 te
3718 4129 3776 4175 «ι

2183 4208 2378 4276 ipsum.
2417 4210 2670 4266 Secundo
2702 4213 2901 4266 adhibe
2948 4221 3127 4268 tecum
3155 4214 3291 4269 alios
3324 4215 3484 4278 duos,
3515 4214 3595 4268 vel
3629 4224 3769 4268 tres.

2182 4301 2366 4368 Quare
2396 4302 2535 4357 duos
2560 4303 2642 4358 vel
2680 4304 2827 4358 tres?
2855 4322 2874 4354 ε
2912 4305 2967 4358 1η
2998 4320 3095 4358 ore
3135 4305 3304 4366 enim,
3339 4304 3608 4372 inquit",
3637 4306 3772 4360 duo-

2185 4408 2324 4457 rum,
2348 4393 2429 4446 vel
2461 4395 2626 4448 trium
2656 4396 2874 4449 testium
2900 4395 3063 4448 stabit
3089 4409 3252 4448 omne
3284 4394 3530 4450 verbum.
3569 4413 3588 4445 ι
3623 4395 3774 4461 Quos

506 4506 526 4540 ι
563 4489 704 4542 Ecce
747 4489 834 4540 hic
861 4497 1017 4540 natus
1045 4497 1129 4542 εει
1167 4487 1232 4538 ad
1274 4487 1483 4539 ruinam
1529 4497 1583 4540 et
1623 4493 2075 4544 resurrectionem
2109 4518 2155 4572 ι)
2185 4485 2328 4537 Iliam
2361 4486 2578 4552 quidem
2618 4487 2777 4540 tertio
2824 4486 3226 4553 correptionem
3280 4485 3503 4538 mandat
3558 4486 3624 4538 ad
3666 4487 3772 4542 Ec-

498 4582 812 4635 multorum.
854 4598 871 4630 ι
907 4579 970 4630 Et
999 4580 1096 4632 hoc
1126 4578 1283 4630 modo
1320 4594 1415 4645 per
1447 4590 1731 4647 peccatum
1759 4596 1938 4646 suum,
1977 4584 2077 4637 hoc

497 4681 581 4723 est
628 4685 722 4738 per
771 4683 992 4722 carnem
1048 4671 1098 4721 in
1135 4684 1354 4722 cruCem
1411 4680 1607 4731 actam,
1659 4671 1709 4722 in
1745 4686 1847 4740 qua
1892 4685 2074 4727 nostra

499 4773 717 4832 peceata
749 4771 1084 4828 susceperat,
1122 4776 1218 4814 nos
1258 4759 1475 4828 quidem
1514 4760 1795 4817 credentes
1827 4763 2077 4819 liberavit

499 4872 527 4906 a
579 4863 833 4920 peccato;
895 4851 1144 4918 pupuittm
1189 4868 1317 4905 vero
1355 4867 1460 4904 non
1492 4851 1798 4904 credentem
1846 4869 2076 4920 peccare

498 4943 644 5003 fecit,
675 4943 868 5009 quibus
898 4945 963 4994 ad
1003 4942 1400 4995 incredulitatis
1431 4941 1655 5007 malum,
1693 4942 1860 4996 etiam
1893 4946 2072 4996 sacri-

495 5035 619 5102 legii
658 5034 766 5102 (62)
799 5033 1026 5084 accessit
1072 5031 1341 5100 impietas.
1369 5031 1433 5084 Et
1470 5032 1572 5084 hoc
1611 5033 1767 5086 modo
1827 5034 2073 5101 pontifex

496 5128 596 5181 iste
624 5143 718 5194 per
736 5140 889 5177 suum
924 5135 1202 5193 peccatum
1235 5141 1466 5193 peccare
1491 5125 1744 5193 populum
1779 5125 1926 5189 fecit,
1948 5127 2074 5179 dum

563 5241 606 5272 ⁸³
636 5238 807 5292 Levil.
843 5253 890 5294 ν.
927 5239 946 5290 1
981 5249 1034 5291 et
1064 5254 1217 5306 seqq.
1292 5238 1336 5269 ⁸⁸
1364 5237 1533 5292 Levit.
1565 5253 1638 5301 tv,
1666 5238 1722 5292 5.

565 5331 674 5396 (58)
709 5330 889 5382 Codex
923 5330 1231 5400 Sangerm.,
1264 5349 1282 5383 ‹
1314 5333 1620 5387 sacrificiis.
1663 5353 1680 5385 ι
1711 5332 1867 5388 Libb.
1910 5337 2064 5401 editi,

499 5421 516 5451 ι
541 5403 755 5454 sacrilic
777 5415 828 5454 0.
862 5420 878 5449 ι

565 5471 675 5539 (51))
717 5473 869 5524 Libb.
903 5481 1058 5526 antea
1091 5473 1241 5536 editi,
1285 5493 1302 5523 ι
1335 5489 1460 5528 vero
1495 5473 1716 5529 Christo
1749 5475 1838 5543 qui
1876 5490 2068 5542 pecca-

497 5553 608 5621 tum
645 5545 838 5604 nescit,
869 5553 925 5594 ut
965 5560 1058 5611 pro
1090 5554 1336 5612 peccato,
1384 5564 1402 5595 ι
1431 5546 1526 5599 sed
1554 5561 1654 5599 IIIS.
1689 5547 1976 5614 Sangerm.
2012 5556 2068 5597 ut

497 5619 548 5662 in
585 5619 766 5661 nostro
800 5623 971 5665 textu.

567 5679 880 5753 (b0)_|.tbh.
940 5685 1092 5746 editi,
1150 5702 1167 5734 ι
1207 5700 1328 5737 cum
1389 5685 1568 5753 aliqua
1620 5684 2000 5737 consonantia.
2045 5704 2062 5735 ι

496 5751 669 5822 Codd.
697 5749 974 5805 BCCt'ellSiS
999 5762 1054 5805 et
1087 5755 1366 5822 Sangerm.
1403 5765 1460 5807 ut
1481 5749 1549 5808 'in
1576 5767 1758 5807 nostro
1791 5764 1958 5804 textu.

571 5822 680 5890 ιω)
714 5825 888 5875 Codex
921 5823 1426 5892 Sangermaueusis,
1462 5845 1477 5876 ι
1517 5826 1566 5879 in
1602 5825 1929 5893 Erangciiis.
1970 5842 1989 5874 ι

1796 5239 1839 5269 ⁸⁸
1873 5235 2072 5305 Luc.u,
2101 5243 2192 5298 54.

2186 4577 2406 4631 clesiam
2437 4577 2811 4643 deferendam,
2866 4577 3104 4630 secundo
3151 4577 3264 4631 vult
3311 4579 3464 4641 duos,
3512 4580 3596 4634 vel
3658 4588 3769 4634 tres

2187 4679 2351 4723 testes
2398 4668 2688 4735 adhiberi;
2725 4669 2924 4738 quibus
2979 4671 3339 4737 prmseutibus
3371 4683 3672 4741 correptus,
3718 4673 3767 4726 si

2183 4761 2473 4816 emendare
2507 4776 2566 4814 se
2597 4778 2702 4816 non
2735 4762 2869 4824 vult,
2909 4777 3028 4816 cum
3077 4764 3144 4816 ad
3191 4763 3488 4818 Ecclesiam
3523 4763 3762 4818 delatum

2184 4853 2345 4907 fuerit
2373 4853 2488 4920 ejus
2518 4863 2824 4922 peccatum,
2865 4857 3035 4923 possit
3077 4854 3289 4910 duobus
3325 4855 3583 4910 adhibitis
3611 4855 3766 4910 testi-

2186 4945 2286 4998 bus
2311 4945 2580 4999 confutari
2623 4960 2636 4996 :
2672 4945 2988 5013 frequenter
3020 4947 3166 5000 enim
3214 4947 3432 5012 accidit,
3471 4956 3530 5008 ut
3576 4946 3764 5000 volens

2185 5038 2308 5105 quis
2333 5035 2707 5105 evangelicum
2742 5037 2968 5105 implere
3017 5039 3358 5104 mandatum,
3401 5037 3766 5092 calumniator

2186 5129 2431 5184 videatur
2456 5129 2499 5182 si
2529 5127 2733 5182 crimen
2757 5127 2967 5183 deferat
2993 5131 3058 5183 ad
3093 5129 3416 5196 Ecclesiam,
3465 5138 3522 5184 et
3545 5127 3765 5184 deﬁciat

2269 5245 2315 5275 ⁸³
2350 5244 2541 5299 Matth.
2565 5260 2722 5308 xvm,
2756 5244 2842 5310 15,
2882 5245 2967 5299 16.
3041 5244 3085 5275 δτ
3114 5245 3244 5298 ibid.

2247 5340 2358 5412 (6‘2)
2378 5341 2546 5412 Codd.
2575 5339 2928 5412 Cadomeusis
2950 5351 3000 5394 et
3034 5339 3347 5411 Saugerm.,
3377 5356 3396 5389 ι
3427 5336 3753 5405 sacrilegii.)

2175 5411 2514 5471 Libh.’editi,
2554 5428 2571 5460 ι
2611 5411 2891 5478 sortilegii.
2920 5431 2938 5462 ι

2248 5483 2361 5547 (65)
2402 5479 2681 5532 Videamus
2700 5474 2836 5548 jaui,
2868 5494 2973 5534 etc.
2997 5480 3207 5533 Citatur
3235 5479 3322 5533 hic
3353 5478 3503 5532 locus
3519 5477 3588 5533 ab
3619 5474 3760 5534 Jona

2178 5553 2457 5605 Aurelian.
2493 5551 2588 5605 lib.
2619 5566 2633 5603 I
2663 5551 2736 5602 De
2761 5554 2927 5603 inani.
2954 5552 3102 5614 loic.',
3133 5567 3254 5619 cap.
3287 5549 3376 5604 18.

2251 5621 2360 5690 (tit)
2407 5621 2588 5674 Codex
2642 5620 2956 5688 Sangerm.,
2997 5637 3014 5669 ι
3053 5615 3282 5690 peccati.
3335 5619 3552 5692 [Libb.
3598 5615 3751 5686 editi,

2184 5710 2200 5740 ι
2244 5700 2542 5759 lit‘t't'alltlll.
2583 5709 2601 5742 ι

2253 5761 2362 5832 (ϋῦ)
2391 5762 2531 5816 idem
2560 5776 2686 5828 tus.,
2723 5778 2740 5812 ι
2779 5769 2988 5828 peccat.
3023 5777 3042 5811 ι
