4110 6410
306 429 411 481 £35

1480 429 1547 484 IN
1590 427 1963 483 LICV'ITItlUlI
2008 426 2285 481 IIOMIIJA
2330 428 2416 483 III.

3473 439 3578 492 £26

305 544 559 596 testibus.
598 541 675 595 Ne
703 556 833 609 ergo
861 544 961 596 hoc
996 544 1230 606 accidat,
1268 544 1470 599 idcirco
1499 547 1633 600 duos
1658 547 1735 599 vel
1779 557 1890 600 tres
1923 547 1964 602 Α
1998 560 2151 612 passa
2183 556 2284 611 cst,
2311 556 2364 599 et
2392 547 2637 615 erogavit
2667 562 2880 603 omnem
2918 551 3280 608 substantiam
3330 573 3485 609 suam
3526 560 3576 611 in

306 644 476 688 testes
507 635 558 686 in
582 636 817 687 secunda
859 637 1216 689 conventione
1252 636 1415 706 jussit
1456 638 1727 692 adhiberi.
1756 640 1888 692 (Iuni

303 741 436 794 ergo
470 726 748 795 Evangelii
779 725 889 797 (66)
916 726 1021 780 tale
1053 729 1364 781 mandatum
1391 729 1478 789 sit,
1506 740 1559 783 et
1587 730 1667 783 lex
1701 731 1890 800 prieri-

304 822 415 889 piat
445 821 569 887 quia
606 821 647 873 si
683 821 930 884 tacuerit,
954 821 1180 888 accipiet
1217 832 1498 889 peccatum
1532 822 1683 889 ejus:
1717 825 1892 878 scien-

303 912 429 965 dum
460 922 562 977 est,
619 913 761 980 quod
791 913 834 966 si
871 916 993 981 quis
1017 929 1077 967 ea
1111 929 1233 982 quae
1270 915 1410 969 videt
1454 918 1503 970 in
1539 917 1735 973 delicto
1767 936 1890 988 pro-

303 1005 437 1058 ximi
478 1005 584 1069 sui,
620 1005 700 1058 vel
734 1023 838 1060 non
877 1007 1079 1062 indicat
1114 1010 1410 1062 secundum
1460 1012 1699 1079 regulam
1732 1028 1891 1081 supe-

303 1097 421 1150 rius
462 1098 669 1161 datam,
717 1098 801 1151 vel
844 1097 899 1152 in
942 1101 1316 1153 testimonium
1349 1112 1596 1165 vocatus,
1638 1119 1741 1156 non
1772 1118 1891 1171 quae

302 1201 433 1241 vera
488 1197 616 1240 sunt
672 1186 893 1250 dixerit,
945 1196 1228 1255 peccatum
1292 1190 1432 1258 quod
1486 1189 1757 1243 commisit
1801 1189 1889 1244 ille

305 1298 465 1352 quem
490 1283 652 1347 celat,
685 1283 799 1352 ipse
831 1285 1107 1353 suscipiet,
1133 1291 1189 1338 et
1221 1298 1377 1351 pcena
1408 1281 1682 1335 commissi
1711 1280 1888 1335 revol-

301 1384 463 1430 vetur
501 1376 567 1429 ad
596 1380 895 1431 conscium.
933 1374 1280 1433 Suﬂicienter
1314 1390 1443 1444 ergo
1467 1375 1517 1427 in
1557 1374 1660 1427 hoc
1688 1374 1888 1440 capite,

301 1468 422 1539 ipse
476 1484 574 1521 nos
634 1469 925 1523 aedificavit
978 1478 1158 1524 textus
1206 1467 1468 1522 historiae.
1524 1467 1659 1522 Puto
1709 1475 1889 1520 tamen

302 1561 447 1629 quod
478 1569 531 1614 et
568 1559 654 1611 illa
692 1561 894 1624 anima,
933 1576 1052 1629 qua“:
1084 1560 1214 1629 legit
1240 1559 1502 1626 scriptum
1536 1557 1586 1611 in
1624 1556 1741 1627 lege
1771 1556 1886 1621 Dei,

301 1651 431 1721 quia
482 1670 498 1700 ι
533 1649 741 1719 jnravit
774 1649 1055 1715 Dominus,
1092 1664 1191 1703 nec
1234 1663 1358 1702 eum
1394 1647 1698 1715 ptenitebit,
1748 1659 1801 1703 tu
1830 1662 1889 1703 es

301 1743 565 1798 sacerdos
591 1741 642 1794 in
671 1751 935 1796 :eternum
969 1742 1268 1795 sccumlum
1311 1741 1560 1796 ordinem
1601 1741 1886 1796 Melchise-

300 1833 437 1886 dech
463 1833 530 1895 ⁸⁸,
569 1851 587 1883 ›
623 1833 772 1886 audit
800 1846 986 1887 vocem
1010 1830 1324 1898 juramenti,
1358 1839 1414 1885 ut
1453 1830 1659 1886 faciunt
1683 1830 1888 1887 Scriba:

300 1934 354 1979 et
392 1924 647 1978 Phariszei
676 1939 891 1992 semper
918 1925 1027 1977 haec
1065 1922 1413 1989 meditantes,
1442 1924 1535 1978 sed
1580 1932 1776 1986 tacent,
1833 1935 1889 1979 et

305 2018 590 2072 enuntiare
617 2017 685 2069 ad
728 2016 985 2084 populum
1032 2017 1241 2079 nolunt,
1278 2034 1344 2073 ne
1373 2017 1578 2072 Christi
1619 2024 1889 2071 testentur

302 2110 615 2163 adventum.
646 2108 932 2176 Propterea
964 2123 1093 2178 ergo
1125 2109 1224 2178 ipsi
1272 2109 1542 2179 accipient
1581 2117 1886 2179 peccatum,

302 2200 355 2254 in
380 2216 489 2272 quo
515 2217 619 2257 non
660 2204 1007 2262 enuntiantes
1033 2206 1100 2259 ad
1132 2205 1386 2275 populum
1422 2219 1540 2274 quae
1579 2219 1706 2256 vera
1739 2211 1885 2265 sunt,

299 2306 532 2362 peccare
565 2293 773 2347 faciunt
809 2296 921 2366 (67)
958 2298 1146 2355 Israel.

373 2386 426 2439 5.
462 2386 590 2441 Post
640 2388 753 2440 haec
782 2388 885 2441 alia
932 2388 1014 2442 lex
1050 2388 1441 2458 promulgatur.
1477 2408 1493 2440 ι
1533 2388 1749 2452 Anima,
1814 2386 1890 2445 in-

297 2479 497 2549 quit”,
527 2494 864 2549 qumcunque
885 2482 1120 2551 tetigerit
1142 2496 1357 2534 onmem
1388 2496 1497 2535 rem
1527 2478 1887 2545 immundam,

298 2581 399 2623 ant
442 2572 789 2625 morticinum
838 2572 1210 2643 jumentorum
1255 2573 1679 2635 immundorum,
1722 2580 1777 2624 et
1820 2570 1890 2623 la-

301 2663 469 2716 tuerit
504 2677 657 2724 eum,
715 2672 769 2716 et
818 2665 1132 2735 inquinatus
1178 2676 1277 2727 est,
1319 2674 1411 2721 aut
1453 2665 1498 2720 si
1543 2664 1782 2732 tetigerit
1822 2662 1887 2716 ab

298 2752 643 2809 immunditia
682 2755 942 2819 hominis,
979 2759 1046 2811 ab
1077 2758 1222 2813 omni
1267 2756 1634 2820 immunditia,
1679 2771 1745 2810 ex
1781 2770 1885 2825 qua

298 2846 642 2914 inquinetur,
686 2866 703 2899 ι
738 2860 843 2904 etc.
891 2850 1015 2904 Iliec
1045 2849 1264 2917 quidem
1297 2849 1436 2918 apud
1474 2846 1693 2903 Judazos
1730 2848 1889 2903 inde-

293 2949 490 2992 center
513 2941 647 2994 satis
686 2948 738 2994 et
774 2942 1044 2995 inutiliter
1072 2942 1449 2995 observantur.
1493 2938 1700 3008 thuid
1738 2939 1886 2993 enim

292 3028 612 3087 immundus
661 3033 926 3086 habeatur
976 3032 1068 3100 qui
1124 3032 1441 3101 contigerit,
1498 3032 1649 3086 verbi
1698 3045 1888 3095 causa,

293 3123 503 3178 animal
556 3133 854 3187 mortuum,
906 3133 1003 3177 aut
1057 3138 1259 3191 corpus
1316 3122 1555 3178 hominis
1605 3122 1893 3177 defuncti?

1997 637 2260 702 medicos,
2295 652 2394 691 nec
2424 638 2629 706 aliquid
2672 640 2937 705 proficere
2975 646 3169 713 potuit,
3208 663 3303 714 per
3336 648 3580 703 immune

1995 727 2184 781 dit‘iam
2231 730 2439 796 peccati
2472 730 2523 783 in
2558 730 2658 784 hoc
2687 731 2937 787 devoluta
2979 746 3084 790 est.
3115 736 3396 808 Tctigerat
3429 742 3576 796 enim

1995 829 2300 888 peccatum,
2343 830 2396 873 et
2449 820 2657 874 idcirco
2700 820 2971 892 flagellum
3026 830 3210 883 carnis
3265 844 3576 902 acceperat.

1995 909 2100 964 Sed
2133 921 2420 983 postquam
2456 914 2558 969 fide
2587 916 2741 985 plena
2767 917 2933 987 tetigit
2956 918 3225 974 Iimbriam
3250 920 3400 987 Jesu,
3428 927 3581 982 stetit

1995 998 2171 1055 ﬂuxus
2202 1004 2484 1069 sanguinis
2526 1004 2664 1074 ejus,
2707 1015 2761 1059 et
2796 1017 3019 1075 repente
3057 1008 3198 1064 facta
3228 1022 3310 1065 est
3356 1016 3576 1084 munda,

1994 1108 2114 1161 quae
2131 1105 2255 1147 ante
2274 1110 2368 1164 per
2388 1104 2596 1150 tantum
2616 1107 2825 1167 tempus
2840 1101 2972 1152 vixit
2990 1103 3286 1156 immunda.
3312 1104 3375 1157 Et
3392 1121 3581 1174 quem-

1995 1186 2284 1240 admodum
2323 1204 2444 1242 cum
2476 1189 2741 1260 tetigisset
2787 1189 3073 1244 Dominum
3118 1202 3172 1247 et
3210 1194 3580 1264 Salvatorem,

1997 1275 2155 1347 195
2191 1278 2329 1331 dixit
2361 1279 2475 1346 ipse
2504 1279 2547 1309 9’
2581 1296 2595 1334 :
2635 1297 2652 1329 ‹
2692 1277 2825 1344 Quis
2874 1296 2958 1334 me
3009 1283 3181 1352 tetigit
3219 1285 3241 1339 ?
3272 1285 3385 1356 Ego
3431 1290 3579 1343 enim

1993 1370 2140 1423 sensi
2198 1369 2452 1424 virtutem
2501 1370 2683 1425 exisse
2728 1371 2794 1425 de
2849 1388 2933 1425 me
2966 1391 2980 1439 ;
3018 1392 3036 1425 ι
3078 1374 3220 1429 illam
3251 1377 3367 1432 sine
3414 1380 3581 1437 dubio

1993 1459 2276 1526 virtutem,
2308 1476 2430 1531 qnze
2465 1463 2744 1517 mulierem
2780 1473 3091 1530 sanaverat,
3124 1477 3178 1521 et
3220 1467 3426 1525 fecerat
3457 1488 3581 1529 eam

1993 1550 2276 1614 mundam,
2306 1552 2384 1605 sic
2426 1552 2832 1621 intelligendum
2868 1564 2968 1621 est,
3001 1557 3125 1625 quia
3159 1560 3201 1612 si
3238 1560 3361 1628 quis
3402 1565 3582 1618 conti--

1993 1645 2135 1714 gerit
2172 1642 2285 1713 (68)
2335 1654 2641 1711 peceatum,
2686 1655 2844 1700 exeat
2874 1661 2940 1699 ex
2988 1647 3104 1716 ipso
3148 1662 3368 1719 peccato
3407 1656 3583 1712 virtus

1990 1735 2237 1803 quadam
2276 1734 2534 1806 maligna,
2572 1752 2690 1806 quae
2721 1754 2844 1792 eum
2888 1740 2977 1808 qni
3021 1756 3080 1796 se
3132 1744 3362 1813 contigit
3412 1744 3582 1802 faciat

1992 1828 2349 1895 immundum,
2385 1838 2442 1882 et
2481 1829 2583 1883 hoc
2619 1839 2705 1885 est
2734 1846 2859 1886 vere
2889 1833 3182 1903 contigisse
3217 1836 3577 1895 immundum.

1993 1919 2168 1974 Simili
2212 1920 2421 1974 ratione
2459 1919 2624 1974 etiam
2663 1922 2729 1977 de
2771 1923 3063 1980 morticine
3094 1926 3350 1995 hominis,
3393 1931 3476 1985 vel
3511 1932 3581 1987 de

1992 2014 2525 2091 morticinopecoris
2553 2014 2739 2069 mundi
2772 2024 2864 2070 aut
2883 2016 3143 2072 immundi
3161 2019 3447 2076 dicendum
3468 2033 3580 2079 est...

1996 2103 2342 2159 Morticinum
2367 2119 2600 2175 namque
2631 2104 2867 2161 hominis
2893 2109 3158 2180 contingit
3186 2111 3230 2166 is
3254 2114 3343 2182 qui
3378 2114 3429 2168 in
3454 2104 3580 2183 ι)εῶ

1991 2196 2130 2250 catis
2151 2196 2265 2251 suis
2287 2211 2562 2252 mortuum
2592 2199 2902 2268 quempiam
2939 2202 3024 2255 vel
3051 2203 3325 2271 sequitur,
3343 2205 3426 2259 vel
3459 2206 3580 2262 imi-

1992 2296 2158 2343 tatur.
2194 2288 2300 2344 Sed
2335 2292 2460 2359 quia
2502 2291 2839 2361 singulorum
2882 2291 2994 2361 (69)
3034 2295 3358 2352 dim-rentia:
3397 2300 3582 2369 requi»

1991 2383 2173 2437 renda:
2203 2395 2354 2451 sunt,
2384 2384 2596 2454 singula
2628 2399 3032 2441 recenseamus.
3068 2388 3314 2445 Hominis
3344 2393 3582 2448 mortici-

1992 2490 2144 2541 num,
2182 2476 2322 2531 sicut
2356 2490 2517 2547 supra
2569 2477 2827 2547 diximus,
2874 2480 3000 2533 illud
3034 2496 3326 2550 possumus
3374 2486 3577 2554 dicere,

1992 2569 2135 2638 quod
2175 2569 2468 2638 Apostolus
2492 2571 2558 2625 ad
2591 2572 2906 2628 Corinthios
2942 2573 3073 2629 dicit
3114 2590 3128 2627 :
3176 2593 3194 2628 ι
3226 2574 3452 2648 Scripsi,
3493 2582 3579 2633 in-

1989 2661 2205 2731 quit”,
2249 2661 2401 2718 vobis
2448 2664 2501 2717 in
2545 2664 2808 2733 epistola,
2851 2676 2906 2721 ut
2965 2681 3070 2721 non
3117 2670 3580 2727 conuuisceamini

1992 2752 2330 2821 fornicariis;
2363 2770 2467 2809 non
2502 2755 2690 2825 utique
2723 2755 3035 2813 fornicariis
3060 2759 3220 2831 hujus
3248 2763 3452 2828 mundi,
3484 2771 3581 2819 aut

1993 2844 2202 2908 avaris,
2233 2853 2326 2897 aut
2360 2846 2670 2914 rapacibus,
2710 2856 2803 2901 aut
2833 2848 2991 2904 idolis
3022 2852 3406 2919 servientibus,
3443 2854 3582 2912 alio—

1993 2929 2123 2999 quin
2158 2930 2472 2986 debueratis
2503 2933 2570 2987 de
2601 2935 2704 2988 hoc
2737 2937 2937 2991 mundo
2969 2939 3171 2995 exisse.
3199 2940 3353 2997 Nunc
3397 2952 3580 2999 autem

1995 3021 2185 3092 scripsi
2213 3022 2389 3087 vobis,
2416 3031 2474 3076 ut
2515 3038 2622 3077 non
2654 3030 3144 3095 commisceamini,
3173 3032 3218 3086 si
3250 3035 3374 3102 quis
3409 3034 3583 3093 frater

1996 3112 2312 3166 nominatur
2361 3114 2679 3178 fornicator,
2728 3127 2822 3172 aut
2865 3119 3197 3191 immundus,
3239 3136 3332 3179 aut
3359 3140 3581 3196 avarus,

292 3214 441 3279 Quid
487 3215 531 3268 si
568 3213 842 3282 prophelm
891 3227 1088 3280 corpus
1142 3212 1252 3267 sit?
1282 3213 1411 3281 quid
1442 3213 1487 3267 si
1538 3213 1885 3281 patriarcha,
1918 3235 1960 3291 ο
1998 3212 2089 3256 aut
2117 3202 2275 3257 idolis
2297 3205 2565 3270 serviens,
2598 3214 2691 3259 aut
2722 3208 3041 3278 maledicus,
3067 3222 3160 3267 aut
3188 3216 3462 3284 ebriosus,
3487 3228 3585 3277 aut

291 3305 383 3357 vei
418 3306 581 3358 etiam
635 3304 801 3371 ipsius
849 3304 1082 3358 Abrahae
1126 3304 1372 3373 corpus?
1419 3305 1549 3373 quid
1589 3305 1634 3359 si
1673 3315 1727 3360 et
1764 3320 1886 3360 ossa

293 3395 576 3449 Samuelis
602 3397 913 3465 contigerit,
947 3398 1256 3453 immundus
1289 3398 1431 3453 erit?
1456 3399 1594 3466 Quid
1619 3400 1662 3453 si
1707 3399 1886 3456 Elisaai

294 3499 429 3540 ossa
463 3488 741 3556 contingat
770 3505 887 3557 qua:
915 3498 969 3543 et
1001 3499 1270 3543 mortuum
1302 3490 1609 3545 suscitant?
1647 3491 1886 3545 Immun-

294 3576 406 3632 dus
436 3578 541 3632 erit
598 3578 688 3633 ille
741 3580 828 3649 qui
883 3580 1171 3648 contingit,
1205 3589 1259 3633 et
1295 3581 1631 3635 immundum
1679 3581 1889 3636 faciunt

291 3682 423 3723 ossa
452 3669 727 3737 prephette
754 3672 914 3724 etiam
956 3670 1105 3724 illum
1160 3671 1360 3739 ipsum,
1394 3686 1554 3740 quem
1597 3686 1625 3724 a
1656 3673 1887 3727 mortuis

292 3761 604 3815 suscitant?
634 3761 766 3818 Vide
792 3778 955 3832 quam
990 3763 1379 3817 inconveniens
1419 3764 1497 3817 sit
1523 3763 1749 3820 Jndaica
1805 3765 1885 3818 iii-

297 3851 617 3922 telligentia.
678 3853 785 3908 Sed
831 3870 928 3909 nos
981 3855 1263 3908 videamus
1292 3855 1467 3923 primo
1512 3856 1746 3925 quid‘sit
1776 3866 1885 3910 tan-

293 3958 448 4013 gere,
468 3954 520 3998 et
540 3946 753 4014 quissit
781 3956 957 4000 tactus
977 3947 1066 4014 qui
1090 3945 1253 4001 faciat
1272 3947 1632 4001 immundum.
1650 3949 1884 4016 Aposto-

295 4036 385 4089 lus
412 4038 541 4091 dicit
569 4036 615 4068 ’°
647 4055 661 4091 :
688 4056 706 4089 ί
743 4038 947 4091 Bonum
981 4051 1066 4091 est
1091 4038 1297 4092 homini
1319 4038 1603 4092 mulierem
1631 4056 1734 4094 non
1763 4049 1883 4093 tan-

295 4143 447 4200 gere.
487 4148 506 4182 ι
561 4128 661 4183 Hic
707 4138 881 4186 tactus
928 4129 1239 4184 immundus
1285 4138 1396 4194 est;
1450 4130 1551 4185 hoc
1603 4142 1685 4186 est
1740 4133 1882 4186 enim

294 4221 455 4287 illud,
510 4223 655 4291 quod
706 4222 967 4278 Dominus
1025 4223 1075 4274 in
1126 4210 1417 4292 Evangelio
1462 4222 1602 4276 dixit
1634 4224 1676 4254 ⁹¹
1714 4239 1728 4275 :
1771 4241 1790 4274 ι
1827 4224 1881 4277 Si

293 4313 423 4382 quis
458 4313 654 4368 viderit
683 4314 963 4369 mulierem
982 4313 1048 4366 ad
1076 4313 1591 4378 concupiscendum,
1613 4313 1724 4383 jam
1758 4329 1886 4366 mte-

293 4402 496 4458 chatus
548 4414 632 4460 est
673 4420 792 4458 eam
843 4405 895 4458 in
928 4404 1096 4460 corde
1149 4420 1268 4460 suo.
1308 4423 1326 4455 ι
1369 4402 1569 4475 Tetigit
1596 4406 1741 4459 enim
1791 4423 1884 4460 cor

293 4496 417 4564 ejus
443 4498 900 4567 concupiscentia:
944 4497 1153 4561 vitium,
1195 4504 1252 4550 et
1301 4496 1578 4550 immunda
1627 4495 1769 4551 facta
1800 4506 1883 4552 est

1997 3309 2187 3362 rapax,
2234 3311 2356 3350 cum
2395 3296 2700 3364 huiusmodi
2739 3315 2840 3355 nec
2892 3302 3073 3357 cibum
3111 3320 3347 3362 sumere.
3374 3327 3392 3360 ι
3447 3309 3579 3366 Illud

1992 3396 2077 3440 est
2100 3402 2227 3457 ergo
2266 3388 2501 3442 hominis
2533 3391 2884 3447 morticinum
2933 3397 3269 3465 contingere,
3312 3402 3405 3471 qui
3437 3403 3485 3458 ei
3521 3420 3580 3459 se

1992 3480 2198 3533 socium
2232 3479 2422 3535 saltem
2458 3482 2511 3536 in
2540 3482 2663 3537 cibo
2688 3486 3114 3557 praebuerit,qui
3149 3490 3200 3544 in
3230 3492 3452 3549 Christo
3483 3494 3584 3551 ho-

1992 3586 2079 3625 mo
2102 3570 2346 3638 effectus,
2380 3589 2594 3629 rursum
2630 3575 2681 3628 iu
2710 3578 2950 3645 peccatis
2967 3588 3051 3635 est
3082 3597 3346 3640 mortuus.
3366 3585 3498 3642 Nam
3523 3597 3580 3644 et

1991 3664 2079 3717 illa
2118 3666 2300 3729 vidua,
2326 3667 2392 3719 de
2418 3680 2522 3736 qua
2559 3668 2692 3722 dicit
2721 3669 3015 3740 Apostolus
3033 3674 3106 3739 “,
3139 3693 3157 3725 ι
3200 3691 3320 3745 qua:
3359 3678 3410 3731 in
3445 3678 3574 3733 deli-

1988 3757 2090 3811 ciis
2130 3760 2318 3815 vivens
2353 3774 2563 3819 mortua
2608 3772 2713 3830 est,
2754 3782 2772 3815 ι
2821 3765 3169 3821 morticinum
3200 3768 3435 3825 hominis
3469 3771 3576 3826 dici

1989 3858 2188 3916 potest.
2226 3848 2330 3904 Sed
2364 3862 2418 3906 et
2464 3853 2720 3907 animalia
2758 3855 3040 3910 morticina
3076 3856 3428 3915 nihilominus
3457 3876 3577 3931 qua:

1988 3949 2116 3991 sunt
2163 3939 2215 3993 in
2256 3941 2519 4008 Ecclesia,
2564 3944 2889 4012 requirenda
2924 3954 3073 4001 sunt.
3108 3948 3163 4003 Si
3215 3952 3577 4021 simpliciores

1989 4029 2190 4098 quique
2210 4033 2275 4086 ad
2304 4034 2404 4085 hoc
2423 4037 2564 4103 quod
2589 4036 2722 4089 nihil
2748 4039 3049 4105 prudentia:
3070 4053 3317 4110 egerunt,
3333 4047 3496 4099 etiam
3522 4048 3574 4102 in

1988 4134 2333 4190 peccatorum
2367 4126 2617 4181 sordibus
2653 4129 2982 4197 volutentur,
3013 4130 3110 4186 hos
3152 4132 3195 4185 si
3230 4136 3350 4201 quis
3380 4151 3573 4204 sequa-

1991 4222 2098 4277 tur,
2126 4215 2207 4268 Vel
2236 4225 2423 4285 tangat
2448 4230 2510 4270 eo
2538 4228 2681 4272 tactu
2710 4233 2816 4287 quo
2837 4234 2998 4290 supra
3025 4224 3396 4291 exposuimus,
3428 4241 3574 4278 utor-

1991 4309 2216 4363 tieinum
2255 4310 2570 4365 animalium
2600 4311 2711 4382 (70)
2750 4313 2945 4383 tetigit.
2981 4312 3134 4379 Quod
3168 4324 3348 4367 autem
3390 4316 3576 4371 Eccle-

1988 4404 2065 4455 sia
2100 4403 2293 4457 habeat
2324 4413 2373 4457 et
2410 4405 2688 4470 animalia,
2722 4406 2845 4460 audi
2879 4407 3149 4477 quomodo
3179 4409 3309 4462 dicit
3341 4409 3393 4463 in
3425 4407 3577 4463 Psal-

1990 4495 2169 4548 mis”:
2197 4514 2214 4545 ι
2239 4494 2494 4550 Homines
2518 4509 2571 4550 et
2591 4497 2837 4567 jumeuta
2861 4499 3039 4554 salvos
3070 4498 3261 4564 facies,
3291 4501 3571 4558 Domine.)

293 4589 480 4644 anima
512 4591 650 4660 ejus.
683 4590 740 4645 Si
775 4593 896 4660 quis
927 4605 1057 4659 ergo
1096 4591 1199 4643 hoc
1245 4589 1405 4644 modo
1441 4588 1611 4658 tangit
1643 4589 1877 4658 aliquam
1913 4578 1957 4631 D
1990 4586 2052 4640 Hi
2091 4601 2221 4657 ergo
2254 4591 2343 4656 qui
2395 4588 2541 4643 verbi
2590 4589 2680 4643 Dei
2721 4599 2769 4644 et
2806 4590 3150 4645 rationabilis
3189 4591 3424 4647 instituti
3459 4601 3571 4648 stu-

295 4696 442 4747 rem,
461 4683 513 4739 id
537 4694 620 4741 εει
652 4683 733 4739 vel
753 4701 849 4754 per
867 4682 1111 4737 mulieris
1137 4682 1658 4751 concupiscentiam,
1681 4682 1763 4737 vel
1789 4698 1884 4753 per

293 4778 545 4845 pecunia:
578 4777 951 4847 cupiditatem,
980 4776 1062 4831 vel
1091 4777 1197 4830 alia
1230 4776 1473 4846 quolibet
1496 4775 1703 4847 peccati
1740 4776 1882 4830 desi-

295 4869 474 4932 derio,
511 4869 847 4924 immundum
877 4867 1072 4939 tetigit,
1100 4880 1156 4923 et
1180 4867 1497 4936 inquinatus
1522 4876 1629 4923 est.
1654 4866 1888 4936 Oportet

292 4977 434 5030 ergo
460 4972 513 5017 te
541 4963 583 5016 si
618 4962 746 5030 quid
796 4960 899 5014 tale
930 4960 1245 5031 contigeris,
1278 4960 1422 5015 scire
1452 4960 1725 5029 quomodo
1755 4957 1889 5014 oﬂ'e-

294 5069 394 5110 ras
416 5056 764 5118 sacrificium,
815 5052 1111 5108 secundum
1152 5068 1213 5106 ea
1258 5068 1378 5122 qua:
1423 5053 1475 5106 in
1507 5053 1882 5120 superioribus

291 5149 742 5211 memoravimus,
802 5154 861 5199 ut
914 5146 1144 5200 mundus
1193 5144 1331 5200 effici
1382 5144 1582 5213 possis.
1638 5142 1732 5199 Vis
1782 5144 1876 5199 tibi

289 5241 580 5296 ostendam
617 5255 736 5308 qua:
766 5246 848 5293 est
905 5239 1085 5292 anima
1145 5253 1265 5306 qua:
1306 5238 1480 5306 tetigit
1515 5236 1877 5296 immundum,

292 5344 357 5389 et
382 5334 658 5389 immunda
694 5332 834 5387 facta
881 5341 984 5393 est.
1025 5341 1080 5387 et
1108 5346 1322 5386 rursum
1370 5330 1545 5400 tetigit
1591 5329 1875 5391 mundum,

292 5434 355 5481 et
381 5424 520 5479 facta
552 5435 637 5479 est
683 5424 925 5479 munda?
951 5424 1044 5478 Illa
1079 5439 1200 5493 quze
1241 5420 1560 5493 proﬂuvium
1595 5420 1877 5489 sanguinis

369 5521 416 5555 ⁸⁸
445 5521 590 5576 Psal.
616 5519 806 5585 611,4.
880 5520 923 5552 ⁸³
975 5519 1148 5574 Levit.
1182 5534 1235 5583 ν,
1281 5519 1335 5583 2,
1377 5519 1431 5571 5.

291 5591 356 5658 9,
392 5594 458 5647 I0
502 5600 558 5645 et
602 5607 719 5660 seq.
792 5594 839 5625 ”
874 5591 890 5644 I
925 5588 1067 5644 Tim.
1111 5606 1163 5656 v,
1207 5590 1259 5642 6.
1334 5589 1379 5620 θ’
1408 5589 1549 5644 I’sal.
1605 5604 1776 5647 xxxv,
1814 5587 1866 5640 7.

373 5689 486 5759 (66)
543 5687 676 5742 Cum
708 5703 844 5759 (ergo
905 5684 1203 5759 Evangelii,
1228 5694 1333 5759 etc.
1376 5684 1568 5759 Exstat
1608 5685 1694 5738 hic
1732 5682 1878 5759 locus

290 5753 440 5829 apud
466 5760 659 5816 Jonam
691 5753 972 5829 Aurelian.
1007 5753 1099 5809 lib.
1128 5756 1249 5829 tDje
1272 5757 1442 5829 insilit.
1468 5757 1763 5829 (aiant-ap.
1790 5753 1877 5806 I8.

373 5832 487 5901 (67)
520 5832 688 5892 Idem,
724 5848 741 5879 ι
783 5828 1021 5893 faciunt;
1062 5848 1080 5901 η
1117 5828 1247 5901 libb.
1283 5826 1493 5901 cd_it_i,_t
1530 5826 1749 5901 faciant.
1786 5843 1804 5875 ι

374 5832 461 5901 (67
520 5832 688 5892 Idem,
724 5848 741 5879 ι
783 5832 1021 5893 faciunt;
1062 5848 1079 5878 ι
1117 5832 1247 5879 Iihb.
1283 5832 1433 5887 editi,
1470 5844 1493 5877 ι
1530 5832 1749 5877 faciant.
1786 5843 1804 5875 ι

374 5832 487 5975 (68;
533 5901 675 5957 Idem
716 5916 840 5962 ins.,
885 5916 901 5947 ί
942 5898 1247 5963 contigerit.
1279 5916 1296 5949 ›
1335 5896 1488 5952 Lihh.
1519 5895 1668 5961 editi,
1706 5914 1722 5946 ι
1759 5910 1883 5949 cnn-

626 5998 889 6055 Pnnor..
926 5994 1042 6070 (in.
1091 5990 1231 6051 XII.

1509 5517 1604 5570 '“l
1651 5517 1778 5572 Cor.
1832 5531 1927 5581 vu,
1977 5514 2030 5569 2.
2109 5514 2151 5545 ⁹¹
2186 5514 2376 5567 Matth.
2418 5528 2438 5564 τ

1514 5590 1549 5641 Ι.
1605 5604 1776 5647 xxxv,
1814 5587 1866 5640 7.
1945 5586 1991 5618 9“
2019 5584 2083 5637 IV
2142 5584 2271 5654 Reg.
2308 5584 2438 5647 i,I0.

1985 4678 2134 4732 dium
2168 4690 2385 4749 gerunt,
2412 4680 2665 4736 homines
2696 4681 3052 4751 appellantur.
3083 4680 3181 4749 Qui
3214 4697 3343 4736 vero
3372 4686 3577 4754 absque

1987 4769 2291 4838 hujusmodi
2325 4770 2520 4826 studiis
2560 4774 2750 4828 vivunt
2782 4782 2835 4828 et
2881 4775 3128 4829 scientia:
3162 4775 3421 4829 exercitia
3464 4791 3572 4833 non

1988 4866 2292 4935 requirunt,
2328 4866 2511 4921 fideles
2541 4877 2719 4922 tamen
2748 4878 2893 4931 sunt,
2924 4868 3175 4921 animalia
3210 4869 3451 4936 quidem,
3477 4870 3575 4923 sed

1990 4958 2189 5011 munda
2227 4957 2498 5012 dicuntur.
2553 4957 2705 5013 Sicut
2750 4959 2895 5013 enim
2947 4970 3073 5013 sunt
3124 4960 3346 5030 quidam
3398 4960 3577 5015 homi-

1991 5063 2087 5104 nes
2140 5049 2273 5113 Dei,
2333 5051 2402 5105 ita
2459 5060 2588 5105 sunt
2648 5051 2867 5121 quidam
2926 5060 2982 5105 et
3041 5067 3172 5108 oves
3243 5053 3358 5108 Dei.
3424 5053 3575 5109 Scri-

1990 5153 2139 5210 ptum
2190 5150 2274 5195 est
2326 5143 2469 5197 enim
2522 5145 2647 5212 quia
2714 5143 2926 5215 Moyses
2971 5159 3075 5199 non
3127 5154 3245 5200 erat
3286 5142 3404 5200 ovis
3456 5146 3573 5210 Dei,

1986 5233 2081 5287 sed
2136 5233 2296 5287 homo
2354 5234 2465 5287 Dei.
2518 5235 2581 5288 Et
2635 5234 2778 5290 Elias
2835 5251 2940 5290 non
3000 5246 3118 5293 erat
3152 5239 3270 5291 ovis
3308 5236 3422 5300 Dei,
3477 5237 3574 5290 sed

1996 5324 2158 5376 homo
2196 5323 2313 5379 Dei.
2347 5324 2438 5378 Sic
2471 5325 2615 5378 enim
2664 5325 2780 5394 ipse
2826 5325 2958 5379 dicit
2983 5325 3030 5356 9°
3063 5342 3075 5377 :
3114 5342 3131 5375 ι
3167 5323 3222 5377 Si
3273 5324 3433 5375 homo
3479 5321 3572 5376 Dei

1990 5432 2111 5471 sum
2140 5432 2262 5486 ego,
2308 5417 2605 5472 descendat
2646 5417 2785 5488 ignis
2816 5417 2883 5473 de
2921 5416 3060 5471 cmlo
3089 5425 3143 5471 et
3185 5423 3467 5470 consumat
3496 5422 3570 5477 te,

2109 5514 2151 5545 ⁹¹
2186 5512 2376 5567 Matth.
2418 5528 2470 5578 v,
2500 5513 2589 5568 28.
2676 5513 2721 5545 "
2762 5512 2895 5569 Luc.
2928 5527 3049 5577 vni,
3076 5511 3164 5565 46.
3240 5510 3285 5542 ⁸³
3314 5508 3329 5561 I
3357 5507 3481 5562 Cor.
3516 5523 3573 5573 ν,

2123 5720 2135 5731 .
2178 5699 2196 5729 ι

1998 5689 2173 5819 υῆζέθ)
2214 5750 2357 5806 Idem
2392 5768 2517 5817 ms.,
2553 5773 2571 5804 ί
2611 5750 2703 5806 sed
2731 5751 2773 5804 si
2803 5746 3159 5819 singulorum,
3198 5763 3215 5795 ι
3248 5755 3356 5819 CIC;
3531 5810 3539 5819 ,

2062 5816 2175 5892 (70")
2218 5822 2361 5877 Idem
2390 5816 2520 5889 ms.,
2557 5842 2575 5874 ι
2615 5816 2948 5875 animalium.
2981 5836 2999 5869 ι
3036 5816 3191 5871 Lilih.
3220 5816 3371 5879 editi,
3408 5829 3427 5863 ε
3454 5816 3575 5863 auio

1995 5895 2121 5947 tnal.
2160 5910 2176 5943 ο

3222 5972 3293 6032 14.
