4110 6420
513 446 619 504 427

2005 434 2327 493 ORIGE‘NIS

3692 447 3799 500 4'28

513 575 569 619 et
608 559 997 632 quinquaginta
1060 568 1203 612 tuos.
1246 578 1264 611 ι
1308 557 1399 612 Vis
1455 566 1636 611 autem
1669 554 1780 627 (7|)
1814 555 2003 610 audire.
2038 557 2105 608 de
2138 560 2178 614 Α
2212 554 2413 623 aliquid
2443 554 2509 609 de
2546 556 2683 619 istis,
2725 558 3040 625 pronuntiet
3089 568 3368 627 peceatum
3404 562 3545 629 quod
3602 579 3797 630 μυςρει.

516 654 709 707 ovibus
741 649 877 704 Dei?
911 649 1119 703 Dicitur
1143 664 1237 716 per
1270 649 1591 715 prophetam
1614 647 1689 697 97:
1729 667 1745 696 ι
1777 644 1917 701 Oves
1950 661 2102 709 mem,

514 754 647 795 oves
682 749 882 793 sanctae
912 749 1057 801 sunt,
1089 738 1222 790 dicit
1260 738 1542 793 Dominus.
1588 756 1605 787 ι
1651 736 1716 790 Et
1761 738 1956 792 iterum
1986 736 2107 791 Sal-

515 842 673 886 vator
714 830 847 885 dicit
899 831 951 883 in
1006 828 1299 899 Evangelia
1339 830 1428 883 93:
1476 847 1494 879 ι
1540 832 1681 885 Oves
1731 843 1863 883 mea:
1918 844 2104 884 vocem

514 938 691 979 meam
724 924 969 977 attdiuut.
1011 940 1029 973 ι
1075 922 1139 976 Et
1176 938 1280 977 non
1334 931 1461 991 puto
1489 924 1609 989 quia
1649 923 1877 976 dixisset
1903 922 1967 976 de
2003 922 2103 975 ho-

514 1016 930 1085 minibus,quia
968 1030 1159 1069 vocem
1195 1030 1371 1069 meam
1420 1014 1643 1067 audiunt
1676 1016 1923 1069 homines
1951 1054 1965 1078 ,
2010 1015 2103 1069 sed

513 1126 666 1166 oves.
714 1109 822 1163 Sed
870 1109 984 1163 litec
1037 1111 1130 1178 qui
1182 1108 1345 1161 habet
1391 1121 1550 1161 aures
1596 1108 1846 1160 audiendi
1899 1109 2100 1170 audiat,

516 1204 789 1271 quomodo
822 1216 1009 1256 vocem
1046 1201 1273 1254 audiunt
1296 1214 1449 1261 oves,
1484 1199 1731 1252 homines
1773 1208 1950 1253 autem
1980 1215 2104 1252 ver-

516 1297 644 1351 bum
670 1294 780 1367 (72)
812 1296 931 1365 ejus
961 1294 1186 1349 audiunt
1229 1296 1334 1349 Ista
1372 1310 1501 1364 ergo
1524 1303 1650 1348 sunt
1677 1294 1926 1347 animalia
1955 1309 2109 1345 ninn-

516 1389 583 1441 da
623 1388 841 1457 quidem
878 1396 1097 1456 propter
1126 1385 1425 1449 Christum,
1458 1386 1744 1437 morticina
1773 1394 1952 1437 autem
1982 1400 2103 1451 pre-

517 1491 635 1549 pter
686 1490 993 1550 peceatum.
1024 1478 1155 1544 Qua:
1206 1478 1248 1531 si
1302 1477 1423 1545 quis
1464 1477 1726 1545 tetigerit,
1766 1476 1865 1529 huc
1912 1485 2027 1540 est,
2061 1476 2103 1527 si

516 1582 736 1626 secutus
769 1572 929 1624 fuerit
951 1572 1076 1640 quis
1104 1572 1156 1623 in
1192 1583 1433 1639 peccato,
1476 1569 1788 1623 immundus
1810 1568 1933 1621 erit.
1972 1569 2031 1620 Et
2061 1568 2103 1622 si

517 1667 639 1733 quis
686 1665 992 1733 ltujusmodi
1041 1664 1277 1717 hominis
1326 1664 1673 1716 morticinum
1705 1662 2021 1730 COIIIlgCI‘il,
2055 1661 2105 1713 id

515 1770 599 1813 est
643 1757 762 1827 ejus
796 1756 884 1825 qui
921 1756 1220 1808 secundum
1272 1754 1531 1807 rationem
1567 1756 1779 1817 vivens,
1826 1755 2024 1819 primo,
2056 1762 2108 1805 et

516 1851 568 1904 in
595 1851 758 1903 verbo
794 1849 883 1903 Dei
918 1848 1269 1915 semetipsum
1312 1861 1600 1909 exercens,
1624 1847 1966 1915 postmodum
2010 1844 2105 1896 tle-

2209 649 2306 708 vit,
2334 658 2384 701 et
2411 646 2603 701 offeret
2628 663 2725 717 pro
2762 648 2847 703 his
2880 665 3001 720 quae
3026 650 3253 719 deliquit
3288 653 3520 707 Domino
3551 669 3650 723 pro
3676 672 3799 723 pec-

2208 749 2330 793 cato
2364 741 2504 808 quod
2538 741 2804 808 peccavit,
2838 739 3095 796 feminam
3124 744 3190 797 de
3220 744 3437 805 ovibus,
3466 764 3484 796 ι
3514 758 3620 800 etc.
3654 748 3800 814 Quo-

2212 834 2371 887 modo
2424 834 2640 904 quidem
2699 835 2741 887 si
2805 834 3231 901 pronuntiavero
3282 836 3442 891 labiis
3500 839 3670 906 meis,
3716 840 3801 896 vel

2203 928 2462 994 juravero
2500 926 2845 991 benefacere,
2888 936 3082 979 etnon
3139 925 3377 992 faciam,
3415 933 3621 997 peccati
3676 947 3801 986 reus

2208 1021 2333 1082 sint,
2362 1018 2648 1073 difficultas
2696 1035 2801 1074 non
2842 1028 2927 1075 est
2958 1020 3251 1074 ostendere
3288 1040 3300 1074 :
3336 1022 3496 1093 196
3525 1028 3801 1092 quomodo

2209 1122 2389 1165 autem
2427 1112 2471 1165 si
2512 1111 2689 1181 jurem
2716 1112 2799 1167 vel
2842 1116 3189 1182 pronuntiem
3234 1116 3575 1181 malefacere,
3603 1128 3656 1173 et
3691 1135 3797 1172 non

2211 1204 2412 1269 fecero,
2458 1206 2824 1272 peecaverim,
2877 1207 3043 1262 verbo
3098 1208 3387 1278 assignare
3430 1208 3647 1264 difficile
3692 1222 3799 1265 est.

2207 1296 2514 1351 Αἰιϐιινιιυιιὶ
2547 1298 2690 1351 enim
2716 1297 2952 1367 videtur,
2993 1300 3140 1355 verbi
3173 1304 3372 1370 gratia,
3406 1309 3465 1355 ut
3489 1302 3534 1356 si
3574 1317 3667 1371 per
3692 1302 3787 1355 ira-

2210 1386 2460 1439 cundiam
2494 1385 2683 1440 dixero
2712 1400 2798 1441 me
2830 1387 3105 1442 hominem
3138 1387 3470 1453 occisurum,
3500 1398 3556 1443 et
3593 1404 3699 1442 non
3729 1388 3803 1441 fe-

2209 1492 2355 1541 cero,
2382 1492 2447 1530 ne
2488 1477 2733 1547 pi-jerare
2768 1476 2881 1548 (76)
2915 1488 3005 1532 aut
3056 1477 3248 1533 fallere
3298 1479 3506 1540 videar,
3542 1493 3708 1547 cogar
3736 1479 3803 1531 ad

2209 1568 2532 1636 (‘Xplelldllm
2574 1585 2731 1637 Opus,
2765 1572 2909 1638 quod
2958 1581 3161 1624 temere
3216 1580 3269 1623 et
3313 1571 3501 1625 illicite
3554 1571 3799 1639 promisi.

2210 1660 2526 1726 Quaeramus
2547 1676 2677 1728 ergo
2707 1678 2831 1731 quas
2860 1663 2930 1716 sit
2964 1677 3083 1728 res,
3119 1663 3168 1716 in
3200 1678 3329 1731 qua,
3356 1664 3399 1717 si
3434 1662 3802 1731 promittimus

2213 1771 2310 1807 nos
2355 1754 2718 1819 malefacere,
2751 1764 2805 1809 et
2842 1772 2944 1811 non
3001 1755 3293 1809 fecerimus
3317 1794 3330 1819 ,
3372 1770 3704 1822 peccamus;
3752 1753 3801 1807 si

2217 1862 2350 1901 vero
2399 1847 2708 1912 fecerimus,
2746 1863 3077 1904 excusemur
3108 1865 3136 1901 a
3172 1857 3392 1917 peccato
3415 1888 3429 1911 ,
3468 1856 3525 1900 ιιι
3560 1848 3799 1902 rationa-

512 1942 648 1995 cidit
676 1943 728 1994 in
772 1950 1090 2008 peceatum;
1132 1938 1175 1992 si
1228 1937 1352 2008 quis
1400 1952 1523 1991 eum
1554 1946 1816 2005 sequatur
1854 1944 1946 1989 aut
1984 1935 2108 1988 imi-
2146 1909 2186 1963 Β
2219 1936 2400 1989 biliter
2444 1945 2590 1992 stare
2636 1940 2887 2007 pnecepti
2935 1939 3138 1992 veritas
3172 1909 3381 2008 upossit.
3418 1909 3703 2005 Quantum
3747 1937 3801 1992 in

516 2042 681 2095 tetur,
734 2031 973 2085 hominis
1026 2029 1290 2097 contingit
1328 2028 1704 2092 morticinum,
1750 2037 1806 2081 et
1862 2026 1970 2080 erit
2006 2026 2109 2079 iiii-

516 2123 771 2176 mundus.
805 2120 909 2175 Sed
962 2129 1017 2173 et
1064 2134 1091 2171 a
1128 2119 1241 2172 fera
1278 2128 1499 2187 captum
1555 2116 1599 2172 si
1658 2115 1978 2184 contigeris,
2012 2114 2107 2168 im-

520 2213 755 2268 mundus
787 2213 919 2267 eris.
949 2212 1082 2278 Qua:
1113 2221 1195 2265 cst
1233 2210 1393 2264 fera?
1430 2210 1513 2263 leo
1548 2218 1651 2272 cst,
1687 2225 1753 2261 an
1785 2209 1960 2276 lupus.
1991 2220 2111 2277 quat

518 2306 660 2377 rapit
708 2304 982 2371 homines,
1015 2303 1097 2357 vel
1142 2303 1389 2372 jmneuta
1433 2301 1456 2355 ?
1490 2301 1608 2365 llla,
1638 2301 1827 2363 credo,
1861 2298 1975 2353 fera
2002 2309 2107 2365 est,

518 2398 584 2452 de
614 2413 718 2467 qua
751 2397 882 2451 dicit
908 2396 1103 2450 Petrus
1137 2396 1413 2464 apostolus
1438 2396 1507 2459 θ’,
1550 2412 1567 2445 ι
1602 2394 1728 2464 quia
1762 2393 2107 2450 adversarius

520 2502 703 2546 vester
735 2489 1008 2553 diabolus,
1042 2490 1181 2543 sicut
1214 2487 1297 2543 leo
1334 2489 1557 2557 rugiens
1602 2487 1819 2547 circuit,
1853 2501 2109 2555 qiimrens

517 2599 676 2651 quem
712 2592 1016 2636 transvoret
1044 2580 1179 2653 (75).
1210 2582 1305 2635 Uni
1338 2581 1571 2635 resistite
1615 2578 1784 2631 fortes
1821 2580 1873 2630 iii
1920 2581 2043 2632 fide.
2086 2597 2103 2630 ι

518 2676 586 2731 Ει
620 2689 833 2730 rursum
861 2676 924 2727 de
952 2674 1150 2743 quibus
1178 2674 1311 2726 dicit
1337 2672 1616 2742 apostolus
1648 2669 1846 2723 Paulus
1874 2671 1886 2700 ¹
1924 2690 1935 2723 :
1967 2690 1984 2719 ‹
2025 2669 2108 2722 lii-

522 2768 745 2821 trabnnt
775 2764 921 2821 enim
956 2774 1076 2834 post
1114 2763 1417 2819 discessmn
1472 2778 1649 2815 meum
1691 2762 1799 2829 lupi
1862 2778 2105 2831 rapaces,

522 2874 628 2914 non
666 2868 953 2928 parcentes
984 2855 1157 2925 gregi.
1180 2872 1197 2906 ι
1222 2854 1303 2909 Ab
1333 2853 1453 2907 istis
1481 2868 1615 2922 ergo
1648 2852 1776 2905 feris
1812 2851 1855 2904 si
1888 2862 2105 2920 captum

520 2951 745 3016 videris,
798 2947 910 3001 noli
941 2962 1063 3001 cum
1096 2946 1273 3014 sequi,
1324 2943 1431 2999 noli
1474 2944 1815 3012 contingere,
1854 2958 1921 2996 ne
1958 2952 2011 2997 ct
2052 2953 2105 2995 tu

519 3041 776 3096 cfficiaris
807 3039 1143 3093 immundus.
1175 3038 1315 3092 Sunt
1354 3047 1616 3103 prreterea
1648 3045 1701 3089 et
1730 3034 1833 3088 alia
1870 3035 2107 3088 immun-

522 3139 588 3189 da
632 3132 909 3195 animalia,
963 3146 1195 3201 quorum
1244 3130 1591 3183 morticinum
1641 3136 1791 3182 vetat
1839 3126 2105 3196 contingi.

520 3228 800 3284 lmmttuda
846 3226 1105 3280 animalia
1138 3233 1265 3278 sunt
1299 3222 1568 3289 homines,
1597 3223 1690 3292 qui
1742 3230 1896 3275 extra
1948 3218 2103 3274 Cbri-
2134 3252 2176 3308 ε

519 3335 665 3379 stum
683 3330 829 3384 sunt,
856 3320 907 3373 iit
934 3318 1132 3387 quibus
1162 3332 1339 3385 neque
1374 3317 1539 3378 ratio,
1576 3327 1754 3383 neque
1783 3311 1975 3381 religio
2000 3309 2105 3364 ulla

520 3425 624 3469 est.
647 3412 848 3467 llorutn
879 3423 1007 3477 ergo
1036 3406 1279 3462 omnium
1316 3407 1628 3469 morticina,
1670 3405 1723 3457 id
1752 3412 1829 3457 est
1862 3407 2108 3473 peccata,

524 3509 566 3559 si
597 3506 804 3567 videas,
843 3501 975 3555 dicit
998 3499 1091 3554 tibi
1124 3497 1423 3569 legislator,
1460 3510 1527 3548 ne
1560 3495 1878 3563 contigeris,
1915 3507 1983 3546 ne
2010 3493 2108 3543 ad-

525 3598 808 3653 tamiucris
827 3592 960 3662 (74),
983 3607 1050 3648 ne
1080 3589 1478 3645 attrectaveris.
1500 3588 1561 3641 Et
1580 3587 1699 3641 ista:
1723 3595 1849 3639 sunt
1876 3584 2113 3638 immun-

525 3693 689 3755 ditia-,
715 3701 836 3758 qua:
869 3686 1063 3740 merito
1092 3680 1365 3747 fugiendae
1389 3689 1532 3733 sunt.
1552 3677 1801 3732 Heininis
1820 3682 2000 3729 autem
2028 3683 2110 3726 ta-

525 3795 673 3839 ctnin
714 3781 823 3835 noli
861 3776 1112 3847 refugere
1141 3774 1226 3829 vel
1263 3772 1459 3826 mortui
1509 3771 1777 3838 corporis,
1806 3768 1891 3822 cui
1940 3765 2114 3835 magis

523 3850 807 3945 sepultura
844 3855 1095 3941 religiose
1115 3866 1405 3923 deferenda
1432 3873 1532 3919 est.
1562 3863 1799 3918 Judaicie
1845 3862 1960 3915 ista:
1988 3864 2115 3914 Sunt

526 3982 579 4023 et
622 3965 841 4022 inutiles
876 3960 1093 4024 fabulae,
1124 3957 1360 4029 Speciem
1410 3953 1628 4024 quidem
1663 3952 1881 4022 pietatis
1911 3952 2116 4007 baben-

526 4071 629 4125 tes,
664 4059 920 4113 virtutem
954 4070 1082 4108 vero
1135 4052 1305 4122 ipsius
1359 4050 1713 4119 denegantes.
1748 4046 1930 4100 Prima
1985 4058 2115 4114 ergo

525 4155 609 4207 lex
641 4154 706 4206 de
741 4147 1101 4204 immunditiis
1142 4146 1269 4198 data
1304 4152 1409 4197 est.
1443 4139 1499 4195 Si
1532 4141 1654 4210 quis
1684 4137 1982 4208 juramenti
2016 4136 2115 4189 ali-

522 4245 679 4315 cujus
710 4244 793 4297 vel
840 4241 1024 4297 delicti
1076 4238 1235 4294 testis
1284 4234 1403 4299 fitit,
1438 4244 1491 4288 et
1531 4249 1636 4287 uen
1679 4230 1935 4285 indicavit
1975 4228 2112 4302 (75),

522 4348 582 4393 et
620 4352 716 4407 per
772 4337 873 4391 hoc
929 4332 1242 4387 immundus
1298 4324 1697 4398 quodammodo
1746 4322 1975 4377 effectus
2036 4330 2119 4376 est

523 4434 687 4487 etiam
744 4431 859 4497 ipse
918 4428 1183 4481 societate
1242 4422 1476 4492 peccati.
1537 4420 1788 4474 Secunda
1843 4417 1953 4485 lex,
2009 4432 2117 4488 qua

523 4526 842 4594 contingere
887 4521 1226 4577 immundum
1272 4516 1477 4587 aliquid
1509 4530 1572 4569 ac
1616 4511 1963 4569 morticinutn
2020 4525 2117 4566 ve-

528 4631 694 4674 tatur.

597 4714 651 4769 4.
693 4710 877 4767 Tertia
914 4722 1057 4762 nunc
1098 4706 1183 4760 lex
1219 4703 1593 4773 promulgatur
1639 4696 1977 4770 huiusmodi:
2001 4715 2020 4750 ι
2050 4696 2119 4752 Ει

514 4827 540 4861 a
563 4808 709 4861 ninia
734 4844 748 4869 ,
779 4802 1016 4871 inquit”,
1052 4816 1174 4870 qum
1220 4796 1515 4865 jnraverit,
1546 4792 1909 4863 pronuntians
1960 4789 2118 4845 labiis

514 4901 639 4954 suis
678 4896 1027 4958 malefacere,
1072 4901 1165 4947 aut
1208 4889 1530 4945 benefacere
1584 4887 1884 4941 secundum
1932 4883 2117 4938 omnia

519 5005 865 5058 qtttncttttque
914 4988 1113 5041 dixerit
1168 4984 1370 5039 homini
1411 4997 1531 5035 cum
1575 4982 1911 5051 juramento,
1948 4987 2003 5031 et
2037 4976 2117 5029 la-

523 5086 691 5140 tuerit
719 5100 866 5147 eum,
898 5091 952 5137 et
983 5082 1069 5135 hic
1098 5078 1444 5148 cognoverit,
1480 5083 1534 5130 ct
1586 5073 1898 5142 peccaverit
1952 5084 2116 5125 unum

1179 5199 1225 5229 ⁸⁸
1249 5196 1404 5251 Juan.
1453 5212 1504 5256 ιι,
1556 5196 1645 5248 Q7.

1461 5268 1481 5297 '
1517 5266 1556 5320 ll
1596 5267 1722 5319 Cor.
1749 5266 1957 5329 xu,10.

595 5209 638 5239 9"
669 5204 867 5260 Ezeclt.
914 5217 1098 5255 smv.

525 5275 866 5341 t'.x\'ttt,106.
943 5271 963 5302 ⁸
988 5271 1143 5325 lieni.
1182 5285 1272 5330 vti,
1308 5268 1393 5322 15.

597 5421 707 5491 (71)
752 5416 1087 5491 Libb.editi,
1114 5433 1131 5464 I
1184 5412 1348 5472 enim,
1398 5430 1415 5462 ι
1452 5411 1551 5464 sed
1584 5422 1744 5472 inss.,
1780 5427 1797 5458 ι
1841 5417 2045 5491 autem.
2089 5424 2108 5457 ι

529 5480 670 5543 infra
693 5480 872 5543 'codex
909 5490 1222 5554 Saitgertn.,
1248 5502 1265 5533 ι
1293 5495 1343 5537 et
1366 5497 1470 5535 neu
1498 5490 1640 5554 puto
1673 5495 1800 5547 quia
1830 5480 2107 5532 dixisset.»

530 5562 684 5617 Libb.
717 5562 866 5619 editi,
904 5578 919 5608 ι
956 5569 1007 5611 et
1030 5552 1136 5611 non
1175 5564 1303 5625 puto
1329 5568 1453 5607 eum
1479 5552 1702 5625 dixisse.
1739 5569 1766 5625 ρ

602 5626 710 5701 (7⁸2)
754 5617 931 5684 Codex
988 5617 1272 5696 Sangerin.
1328 5643 1346 5675 ι
1400 5624 1643 5675 verbum.
1680 5640 1697 5673 ι
1739 5618 1894 5674 Libb.
1946 5617 2109 5679 editi,

599 5720 621 5746 Υ
632 5718 656 5751 f‘.
667 5718 756 5751 Ιύὲὶ
771 5740 783 5751 .
829 5720 844 5749 ι

599 5720 621 5746 Υ
645 5718 656 5731 ‘
681 5721 689 5729 ’
732 5722 740 5750 ὲ
771 5740 783 5751 .

538 5718 556 5751 ‹
603 5706 891 5837 (ἕξόΐὶῑιιιέιιι
947 5784 1075 5832 ms.,
1121 5786 1139 5819 ι
1183 5772 1517 5821 transvoret.
1546 5779 1565 5813 ι
1607 5759 1766 5815 Libb.
1792 5759 1945 5819 editi,
1977 5775 1997 5808 ι
2024 5757 2112 5809 de-

534 5853 703 5892 voret.
742 5859 761 5891 ι

632 5856 703 5892 (τι.

567 5856 715 5980 oin)
742 5859 922 5964 ⁸Ιιὲιιιιι
980 5924 1107 5972 ms,
1142 5925 1160 5959 ι
1200 5901 1641 5961 adtaminaveris.
1681 5919 1699 5951 ι
1739 5897 1893 5954 Libb.
1939 5896 2114 5963 editi,

1749 5195 1794 5225 ⁹⁹
1827 5193 1843 5246 l
1878 5194 2114 5255 Pctmn.
2146 5193 2197 5246 8.

2037 5262 2057 5293 °
2088 5265 2238 5317 Deut.
2270 5275 2437 5318 xxxii,
2477 5259 2565 5310 39.

2214 2027 2318 2081 hoc
2363 2027 2482 2083 loco
2511 2029 2919 2100 intelligendum
2957 2031 3204 2095 videtur,
3240 2031 3567 2085 malefacere
3598 2032 3785 2083 adver-

2213 2119 2321 2173 sari
2352 2120 2515 2174 alicui
2546 2131 2649 2186 est,
2692 2132 2748 2175 et
2796 2136 2903 2175 non
2950 2121 3233 2192 indulgere
3266 2123 3313 2176 ei
3350 2132 3409 2175 ιιι
3456 2122 3615 2176 faciat
3657 2122 3800 2191 quod

2214 2211 2346 2265 vult.
2380 2212 2445 2265 Et
2478 2227 2578 2267 nos
2604 2227 2737 2283 ergo
2769 2228 2891 2267 cum
2933 2213 3180 2267 venimus
3216 2214 3281 2267 ad
3319 2213 3509 2279 Deum,
3542 2223 3595 2268 et
3634 2227 3803 2268 vove-

2212 2320 2333 2359 mus
2364 2305 2412 2358 ci
2452 2321 2549 2360 nos
2586 2306 2637 2360 in
2683 2307 2941 2362 castitate
2985 2307 3214 2371 servire,
3257 2308 3676 2375 pronuntiamus
3721 2307 3802 2360 lac

2212 2399 2315 2452 biis
2353 2398 2557 2452 nostris
2607 2407 2658 2453 et
2706 2398 2957 2467 iuramus
2985 2413 3084 2454 nos
3136 2400 3407 2470 castigare
3448 2416 3666 2455 carnem
3701 2415 3804 2453 no-

2211 2490 2500 2555 stram,vel
2540 2490 2681 2545 male
2712 2491 2763 2545 ei
2810 2490 3009 2557 facere,
3044 2502 3207 2561 atque
3239 2493 3291 2546 in
3318 2493 3633 2546 servitutem
3677 2507 3802 2546 eam

2214 2583 2483 2650 redigere,
2516 2591 2574 2635 ut
2622 2582 2873 2652 spiritum
2923 2582 3133 2637 salvum
3172 2584 3355 2638 facere
3391 2584 3680 2650 possimus.
3712 2583 3806 2637 Sic

2210 2673 2354 2725 enim
2395 2682 2449 2725 et
2490 2672 2578 2726 ille
2606 2674 2825 2740 jurasse
2869 2688 2928 2728 se
2974 2675 3147 2737 dixit,
3196 2673 3803 2745 quiait'uJuravi,et

2210 2764 2372 2816 smmi
2433 2778 2654 2819 servare
2707 2763 2888 2818 omnia
2931 2774 3203 2835 prmeepta
3258 2775 3371 2818 tua.
3426 2784 3443 2815 ι
3493 2765 3629 2829 Quia
3672 2778 3804 2829 ergo

2209 2856 2392 2909 carnis
2424 2871 2526 2910 vox
2557 2865 2656 2919 est,
2694 2870 2815 2926 qua:
2844 2856 2976 2911 dicit
2998 2857 3019 2888 ⁸
3052 2880 3062 2911 :
3112 2876 3130 2909 ι
3174 2856 3288 2911 Non
3329 2857 3472 2912 enim
3506 2860 3648 2926 quod
3677 2856 3806 2910 Volo

2211 2964 2334 3018 ago,
2369 2949 2464 3002 sed
2498 2949 2639 3017 quod
2690 2949 2777 3003 odi
2825 2947 2953 3002 illud
3000 2947 3165 3013 facio,
3197 2965 3216 3001 ι
3256 2946 3455 3003 amicta
3487 2949 3607 3002 sine
3637 2949 3804 3004 dubio

2209 3040 2277 3093 ab
2304 3040 2520 3109 spiritu,
2540 3048 2594 3095 et
2624 3046 2899 3095 coarctata
2920 3038 3035 3108 (77)
3054 3049 3138 3095 est
3166 3055 3179 3105 ;
3221 3040 3431 3095 resistit
3456 3040 3599 3094 enim
3628 3050 3684 3095 et
3718 3056 3806 3096 re—

2212 3141 2416 3199 pugnat
2450 3132 2736 3185 adversum
2767 3132 3052 3201 spiritum,
3096 3139 3152 3185 et
3187 3130 3291 3186 nisi
3322 3130 3463 3187 male
3496 3132 3544 3185 ei
3591 3130 3717 3195 fiat,
3749 3142 3810 3187 ut

2213 3223 2481 3293 aﬂligatur
2502 3234 2557 3279 et
2584 3224 2913 3285 infirmetur.
2936 3238 3043 3278 non
3074 3232 3253 3294 potest
3284 3224 3465 3277 dicere
3508 3219 3805 3293 spiritus':

2218 3334 2237 3367 ι
2278 3316 2412 3371 Cum
2444 3316 2713 3383 iufirmor,
2735 3326 2863 3372 tunc
2894 3326 3088 3388 potens
3109 3331 3231 3372 sum
3279 3334 3298 3368 ι
3326 3314 3465 3370 Huic
3491 3330 3622 3385 ergo
3654 3316 3805 3370 carni

2219 3408 2487 3463 resistenti
2512 3416 2567 3461 et
2603 3407 2927 3477 repugnanti
2979 3408 3266 3463 adversum
3300 3408 3577 3477 spiritum,
3610 3409 3653 3461 si
3685 3410 3808 3476 quis

2209 3500 2477 3567 jnraverit
2525 3509 2581 3554 et
2627 3501 3062 3571 pronuntiaverit
3101 3500 3447 3564 malefacere,
3486 3512 3540 3556 et
3571 3498 3809 3568 affligere

2219 3609 2283 3646 ac
2313 3607 2593 3647 macerare
2627 3606 2771 3657 eam,
2807 3601 2863 3649 et
2898 3609 3006 3649 non
3053 3594 3270 3659 fecerit,
3306 3595 3514 3663 peccati
3548 3609 3673 3648 reus
3699 3602 3805 3658 est,

2218 3684 2270 3737 in
2302 3700 2409 3755 quo
2434 3685 2638 3754 juravit
2689 3687 2935 3741 cruciare
2964 3700 3023 3742 se
3052 3700 3274 3740 carnem
3324 3700 3479 3741 suam
3501 3726 3517 3751 ,
3549 3696 3603 3741 et
3634 3686 3808 3741 servi-

2221 3776 2319 3830 ttiti
2370 3776 2661 3844 subjicere,
2705 3786 2761 3830 et
2797 3791 2903 3831 nou
2968 3775 3117 3831 fecit.
3170 3775 3373 3830 Eodem
3423 3787 3606 3832 autem
3650 3774 3809 3845 jura-

2220 3880 2405 3923 mento
2439 3879 2492 3923 et
2515 3869 2728 3939 spiritui
2760 3869 3009 3924 decernit
3056 3868 3404 3925 benefacere.
3436 3868 3493 3923 lu
3526 3886 3632 3941 quo
3659 3872 3809 3926 enini

2219 3962 2368 4015 carni
2407 3961 2704 4027 malefacit,
2730 3961 2946 4032 spiritui
2981 3962 3273 4017 benefacit.
3310 3961 3364 4018 Si
3396 3966 3519 4034 quis
3546 3980 3674 4034 ergo
3704 3965 3809 4020 hoc

2214 4053 2503 4123 iuraverit,
2529 4064 2584 4108 et
2632 4068 2737 4107 non
2774 4051 2986 4121 fecerit,
3029 4054 3239 4123 peccati
3268 4052 3499 4109 efficitur
3547 4072 3692 4110 reus.
3717 4054 3812 4110 Vis

2220 4154 2401 4199 autem
2434 4145 2575 4200 scire
2620 4146 2750 4215 quia
2790 4160 2891 4201 nec
2931 4155 3111 4215 potest
3160 4147 3253 4201 uni
3304 4162 3490 4202 eorum
3524 4147 3809 4215 benefieri,

2219 4232 2322 4287 nisi
2354 4233 2440 4287 alii
2468 4233 2823 4299 malefeeeris,
2853 4236 2977 4290 audi
3001 4235 3162 4291 etiam
3189 4236 3478 4291 Dominum
3516 4237 3690 4307 ipsum
3727 4238 3810 4291 di-

2220 4332 2436 4378 centem
2463 4324 2523 4377 ‘:
2556 4344 2574 4375 ι
2605 4325 2716 4395 Ego
2751 4326 3022 4391 occidam,
3064 4335 3118 4380 et
3152 4327 3333 4381 vivere
3373 4327 3584 4381 faciam.
3620 4347 3637 4378 ι
3664 4328 3808 4394 Quid

2218 4416 2417 4471 occidit
2444 4416 2625 4471 Deus?
2650 4416 2882 4472 Carnem
2928 4417 3133 4485 utique.
3160 4416 3227 4471 Et
3251 4418 3380 4485 quid
3418 4417 3600 4471 vivere
3639 4419 3808 4473 facit?

2218 4508 2478 4580 Spiritum
2518 4510 2636 4565 sine
2676 4509 2862 4564 dubio.
2898 4509 2967 4562 Et
3010 4522 3224 4560 rursum
3254 4508 3307 4561 in
3332 4509 3688 4578 sequentibus
3716 4510 3807 4564 di-

2149 4592 2197 4650 D
2219 4601 2323 4655 cit."
2354 4616 2365 4651 :
2401 4620 2417 4651 ι
2452 4600 2777 4663 Percutiam,
2805 4608 2859 4653 et
2899 4614 2997 4670 ego
3041 4599 3261 4653 sanabo.
3302 4616 3319 4649 ι
3352 4599 3492 4665 Quid
3533 4600 3806 4670 percutit?

2217 4691 2467 4746 Carnem.
2491 4690 2631 4757 Quid
2655 4691 2841 4744 sanat?
2863 4688 3143 4760 Spiritum.
3186 4689 3417 4745 Prorsus
3452 4699 3512 4745 ut
3547 4691 3633 4745 illa
3666 4691 3802 4745 defi-

2217 4785 2341 4846 eiat,
2384 4784 2485 4839 iste
2527 4782 2800 4855 proficiat;
2834 4792 2893 4837 ut
2933 4781 3092 4835 faciat
3118 4791 3167 4836 te
3202 4782 3584 4837 mortificatmn
3618 4799 3801 4842 (carne.

2217 4875 2545 4930 vivificatum
2574 4874 2795 4943 spiritu;
2822 4888 2893 4926 ne
2917 4872 3056 4925 forte
3081 4882 3135 4926 et
3162 4882 3217 4927 tu
3245 4886 3427 4928 mente
3470 4875 3671 4929 servias
3701 4875 3804 4945 legi

2218 4974 2331 5037 Dei,
2364 4990 2525 5028 carne
2553 4984 2756 5037 autem,
2785 4972 2828 5025 si
2857 4970 3181 5026 mortificata
3208 4987 3319 5025 non
3344 4971 3527 5037 fuerit,
3560 4974 3805 5027 obstrin-

2216 5065 2359 5135 garis
2392 5065 2500 5136 (78)
2540 5064 2639 5135 legi
2686 5063 2911 5133 peccati.
2948 5062 3001 5115 Si
3034 5077 3163 5133 ergo
3197 5061 3358 5116 istum
3396 5064 3641 5118 ordinem
3677 5079 3804 5129 pro-

2308 5189 2324 5218 ¹
2368 5189 2485 5241 Aet.
2514 5200 2605 5251 xx,
2626 5183 2719 5238 Q9.

2641 5256 2659 5283 ⁷
2687 5253 2819 5307 ibid.

2821 5185 2840 5214 ³
2878 5182 3052 5237 Levii.
3090 5197 3173 5245 ιιι,
3206 5181 3238 5233 4
3270 5190 3318 5233 et
3358 5196 3512 5250 seqq.
3617 5178 3637 5210 ³
3670 5179 3812 5236 i’sal.

2234 5424 2248 5455 ι
2294 5400 2667 5456 adtamineris.
2714 5418 2732 5449 ι

2295 5474 2405 5542 (75)
2444 5471 2614 5524 Codd.
2650 5468 2933 5542 δίιιιξζιιιίιι.
2962 5474 3011 5518 et
3054 5464 3350 5527 Gemetic.,
3400 5483 3417 5515 ι
3462 5462 3743 5517 indicavit.
3790 5480 3809 5513 ι

2223 5538 2396 5597 υἱώ(
2433 5542 2590 5604 editi,
2633 5558 2650 5589 ι
2698 5538 2978 5592 ittdit'abtt.
3022 5558 3039 5588 ι

2295 5614 2403 5691 (Ἱϋ)
2445 5599 2587 5665 (ΣοιΙί
2637 5610 2943 5679 Saugerm.,
2986 5626 3002 5657 ι
3054 5608 3317 5677 peierare.
3360 5623 3377 5655 ι
3433 5602 3591 5657 Libb.
3642 5599 3815 5668 editi,

2226 5696 2589 5836 ἰ¹ίὲἓ¹ί¹ἶίἶὲἷῖὶ
2627 5700 2759 5814 ius,
2792 5768 2809 5801 ι
2835 5758 3136 5802 coarctata.
3180 5767 3197 5799 ι
3220 5745 3373 5799 Libb.
3405 5743 3561 5807 editi,
3600 5761 3618 5792 ι
3656 5755 3814 5796 coer—

2228 5838 2420 5968 ωῧίδ).
2454 5894 2511 5949 lu
2538 5892 2659 5949 cod.
2692 5890 2979 5960 Sangcrm.
3020 5889 3171 5944 deest
3201 5906 3218 5939 ι
3254 5884 3639 5957 obstringaris.
3682 5901 3700 5933 ι
