4110 6412
367 466 472 521 429

1544 467 1610 521 IN
1649 466 2021 522 LEVITICUM
2070 468 2355 526 HOMILIA
2393 471 2480 527 Ill.

3544 482 3647 536 450

368 582 605 647 miseris,
633 590 688 635 et
746 598 969 641 servare
1020 600 1126 640 non
1184 585 1451 654 quiveris,
1487 586 1612 640 amli
1666 586 1795 655 quid
1825 586 1956 657 legis
1987 589 2031 645 Α
2060 587 2205 651 dem,
2230 589 2281 642 id
2310 588 2716 645 estdivinitatis
2753 587 2873 656 ejus
2890 601 3101 647 secreta
3152 593 3390 660 velabat;
3418 599 3640 653 renibus

362 674 502 730 ordo
562 675 885 745 praecipiat:
919 697 937 728 ι
989 676 1047 732 Si
1099 679 1443 745 peccaverit,
1495 678 1672 749 inquit
1704 681 1746 743 ⁸,
1790 695 1955 732 unum

364 767 573 837 aliquid
603 770 671 822 de
720 769 864 834 istis,
904 772 1221 839 pronuntiet
1254 784 1537 842 peccatum
1586 776 1729 841 quod
1764 789 1956 844 pecca-

362 863 442 914 vit
470 860 604 933 (79).
634 881 653 914 ›
680 861 771 915 Est
791 862 1009 932 aliquod
1041 863 1090 915 in
1113 865 1214 918 hoc
1238 866 1485 919 mirabile
1501 875 1795 931 secretum,
1814 868 1956 936 quod

355 955 515 1026 jubet
572 955 930 1023 pronuntiare
973 966 1275 1022 peccatum.
1311 956 1525 1011 Etenim
1576 958 1722 1013 omni
1755 974 1955 1030 genere

362 1046 771 1117 pronuntiamla
800 1058 947 1112 sunt,
981 1056 1034 1101 et
1062 1050 1112 1102 in
1147 1049 1420 1116 publicum
1454 1052 1780 1118 proferenda
1814 1068 1953 1108 cun-

360 1147 451 1191 cta
486 1152 607 1203 quae
637 1138 879 1206 gerimus
914 1138 1047 1209 (80).
1080 1138 1134 1193 Si
1179 1142 1307 1209 quid
1341 1143 1395 1195 in
1446 1144 1661 1198 occulto
1691 1146 1949 1214 gerimus,

360 1230 407 1284 si
449 1230 577 1297 quid
606 1230 657 1282 in
693 1244 947 1285 sermone
974 1233 1111 1297 solo,
1161 1232 1245 1287 vel
1288 1234 1455 1288 etiam
1488 1234 1631 1291 intra
1664 1237 1954 1309 cogitatio-

360 1339 491 1377 nnm
524 1333 740 1379 secreta
789 1326 1185 1392 commisimus,
1225 1338 1419 1383 cuncta
1455 1346 1681 1387 necesse
1731 1342 1815 1386 est
1848 1348 1949 1401 pu-

360 1414 579 1480 blicari,
611 1424 809 1469 cuncta
841 1416 1073 1483 proferri
1102 1436 1115 1471 :
1142 1417 1372 1486 proferri
1408 1429 1589 1473 autem
1631 1419 1699 1473 ab
1732 1419 1822 1473 illo
1857 1419 1949 1489 qui

358 1514 415 1558 et
448 1515 741 1560 accusator
796 1510 1003 1576 peccati
1057 1521 1139 1565 est
1192 1521 1246 1564 et
1309 1511 1578 1564 incentor.
1633 1511 1754 1579 Ipse
1803 1510 1948 1563 enim

358 1614 506 1653 nunc
542 1614 642 1655 nos
697 1608 753 1653 ut
809 1614 1097 1669 peccemus
1150 1602 1395 1671 instigat,
1443 1602 1558 1665 ipse
1606 1604 1768 1656 etiam
1826 1618 1949 1658 cum

358 1692 771 1761 pcecaverimus
807 1701 1048 1746 accusat.
1082 1691 1137 1746 Si
1174 1709 1303 1762 ergo
1328 1696 1380 1747 in
1414 1694 1517 1748 vita
1552 1697 1951 1763 praeveniamus

357 1796 507 1847 eum,
547 1790 602 1836 et
651 1784 747 1849 ipsi
787 1784 955 1837 nostri
1008 1794 1364 1839 accusatores
1411 1787 1607 1852 simus,
1647 1787 1946 1856 nequitiam

358 1874 559 1929 diaboli
600 1874 805 1929 inimici
840 1875 1011 1928 nostri
1064 1884 1118 1929 et
1147 1877 1485 1929 accusatoris
1513 1878 1821 1948 ellugimus.
1857 1877 1947 1935 Sic

355 1969 502 2021 enim
527 1974 581 2022 et
603 1967 727 2021 alibi
762 1969 1026 2037 propheta
1064 1968 1196 2022 dicit
1228 1987 1239 2022 :
1272 1988 1290 2019 ι
1338 1971 1429 2023 Dic
1462 1982 1537 2033 tu,
1570 1972 1745 2040 inquit
1773 1973 1815 2036 ‘,
1844 1973 1948 2026 ini-
1980 1951 2023 2005 Β

355 2058 597 2127 quitates
649 2067 767 2113 luas
814 2060 1001 2128 prior,
1039 2068 1095 2113 ut
1148 2059 1493 2127 justiliceris.
1530 2082 1548 2114 ι
1589 2062 1775 2119 Nonne
1831 2067 1946 2120 evi-

354 2151 549 2205 denter
601 2152 923 2221 mysterium
957 2154 1023 2206 de
1054 2166 1163 2219 quo
1202 2161 1501 2207 tractamus
1525 2156 1791 2221 ostendit,
1820 2171 1943 2209 cum

354 2242 530 2297 dicit:
572 2242 667 2297 Dic
721 2254 775 2297 ιιι
829 2243 1023 2313 prior?
1053 2252 1110 2296 ut
1143 2245 1395 2297 ostendat
1434 2244 1528 2298 tibi
1578 2247 1703 2315 quia
1741 2263 1946 2316 pracve—

353 2334 477 2387 nire
514 2333 666 2388 illum
708 2334 931 2399 debeas,
964 2334 1056 2404 qui
1091 2340 1312 2402 paratus
1342 2346 1425 2389 est
1454 2337 1523 2389 ad
1551 2340 1941 2393 accusandum.

351 2426 435 2481 Tu
470 2442 625 2496 ergo,
657 2426 857 2495 inquit,
906 2429 995 2481 dic
1042 2430 1210 2497 prior,
1250 2440 1318 2480 ne
1378 2437 1431 2482 te
1470 2428 1559 2483 ille
1593 2432 1895 2499 praeveniat
1927 2450 1939 2485 :

348 2525 479 2592 quia
515 2524 559 2579 si
584 2524 738 2593 prior
773 2525 999 2591 dixeris,
1023 2536 1078 2581 et
1111 2529 1442 2584 sacriﬁcium
1473 2530 1811 2597 pmnitentiaa
1846 2531 1943 2585 ob-

350 2612 563 2684 tuleris,
592 2616 890 2671 secundum
921 2633 986 2672 ea
1019 2633 1139 2687 qua:
1173 2622 1225 2674 in
1271 2622 1649 2690 superioribus
1699 2622 1940 2677 diximus

350 2703 655 2772 oﬂ‘erenda,
687 2720 741 2762 et
776 2709 1068 2765 tradideris
1119 2727 1342 2766 carnem
1371 2724 1515 2767 tuam
1552 2715 1603 2768 in
1636 2716 1938 2779 interitum,

352 2810 412 2853 ut
446 2801 670 2872 spiritus
698 2802 883 2857 salvus
914 2804 1007 2857 liat
1033 2804 1085 2858 in
1116 2805 1202 2858 die
1230 2805 1464 2871 Domini,
1492 2807 1707 2861 dicetur
1735 2818 1789 2862 et
1820 2809 1940 2873 tibi,

350 2893 477 2962 quia
512 2896 802 2966 percepisti
851 2906 905 2949 et
961 2909 1016 2950 tu
1052 2899 1104 2950 in
1145 2899 1253 2951 vita
1289 2910 1380 2952 tua
1433 2900 1597 2961 mala,
1632 2916 1774 2954 nunc
1810 2917 1940 2955 vero

350 2985 440 3041 hic
472 2988 778 3057 requiesce.
815 2986 922 3041 Sed
954 3000 1009 3043 et
1039 2988 1209 3042 David
1245 2993 1435 3044 eodem
1471 2994 1664 3062 spiritu
1700 2995 1942 3064 loquitur

347 3078 404 3134 in
438 3078 691 3144 Psalmis,
725 3090 780 3134 et
804 3081 933 3133 dicit
963 3081 1008 3110 ¹⁰
1037 3096 1049 3130 :
1093 3098 1110 3131 t
1142 3082 1488 3149 lniquitatem
1528 3100 1701 3137 meam
1752 3096 1938 3140 notam

347 3170 478 3239 ieci,
529 3182 584 3227 et
612 3180 894 3242 peccatum
949 3186 1127 3225 meum
1164 3188 1270 3223 non
1303 3176 1581 3241 cooperul.
1635 3176 1775 3242 Dixi,
1807 3182 1937 3235 Pro-

2058 690 2265 743 autem,
2290 680 2392 736 hoc
2413 690 2494 736 est
2511 680 2782 750 corporali
2814 684 3076 749 materiaa,
3093 699 3289 753 quaee:
3313 689 3467 745 nobis
3490 702 3639 745 caste

2058 782 2272 840 smnpta
2309 772 2505 837 fuerat,
2530 774 2882 841 cohaerebat;
2910 784 2966 830 et
2995 779 3171 833 media
3224 781 3371 835 inter
3414 799 3638 839 carnem

2059 863 2337 935 Deumque
2370 866 2565 935 posita,
2607 866 2973 922 deiﬁcandam
3015 868 3150 942 (82),
3184 874 3641 931 sanctiﬁcandam

2061 956 2219 1026 197
2248 958 2418 1013 sacris
2453 958 2739 1025 altaribus,
2760 968 2814 1013 et
2843 960 3042 1015 divinis
3094 963 3307 1033 ignibus
3359 966 3639 1023 illustran-

2056 1047 2181 1101 dam
2216 1056 2271 1101 et
2320 1048 2750 1104 conservandam
2785 1064 2975 1106 secum
3031 1054 3098 1108 ad
3148 1054 3339 1118 ccelos,
3386 1068 3639 1114 naturam

2055 1139 2240 1194 carnis
2276 1139 2527 1208 imponit.
2581 1140 2890 1196 Renunculi
2946 1152 3130 1198 autem
3169 1145 3384 1215 ignibus
3433 1151 3640 1218 traditi,

2055 1229 2179 1298 quis
2202 1231 2410 1285 dubitet
2435 1231 2583 1298 quod
2629 1232 2808 1289 nullos
2840 1234 2893 1288 in
2918 1235 3138 1291 Christo
3187 1237 3360 1294 fuis<e
3397 1242 3642 1297 indicent

2056 1317 2377 1385 genitalium
2403 1321 2639 1389 partium
2666 1324 2884 1377 motus?
2910 1324 3064 1390 Quod
3114 1340 3249 1380 vero
3278 1329 3343 1382 de
3382 1333 3642 1400 sanguine

2056 1409 2250 1464 hostia:
2278 1412 2479 1479 septies
2506 1422 2632 1467 ante
2671 1414 2960 1469 Dominum
2994 1418 3255 1473 sacerdos
3323 1437 3642 1493 respergere

2056 1512 2416 1567 memoratur,
2450 1504 2739 1560 evidenter
2778 1508 2959 1561 sancti
3019 1509 3261 1578 Spiritus
3294 1513 3465 1569 virtus
3517 1533 3639 1586 sep-

2057 1592 2332 1661 templicis
2383 1596 2575 1664 gratia:
2634 1597 2750 1667 (85)
2805 1600 2908 1653 sub
2978 1603 3241 1672 mysterio
3296 1606 3635 1674 designatur.

2055 1687 2298 1753 Quatuor
2323 1703 2531 1744 cornua
2589 1692 2799 1757 altaris,
2858 1709 2979 1763 quae
3031 1698 3295 1765 sanguine
3353 1701 3636 1765 liniuntur,

2052 1780 2255 1835 Christi
2290 1783 2602 1850 passionem
2637 1784 2831 1839 referri
2863 1797 3101 1854 quatuor
3134 1790 3444 1861 Evangeliis
3495 1798 3639 1850 indi-

2053 1881 2200 1935 cant,
2233 1872 2325 1942 qui
2365 1887 2539 1943 penna
2564 1874 2772 1942 jecoris
2797 1876 3041 1933 oll‘ertur.
3076 1881 3129 1936 In
3186 1881 3370 1950 jecore
3411 1886 3490 1939 ira
3547 1888 3636 1955 ju-

2052 1964 2291 2035 gulatur.
2330 1965 2385 2019 In
2414 1983 2593 2036 penna
2627 1969 2786 2024 velox
2835 1980 2887 2024 et
2914 1974 3128 2028 concita
3159 1976 3241 2029 vis
3293 1976 3494 2033 furoris
3548 1996 3638 2035 os-

2054 2058 2324 2112 tenditur.
2359 2060 2619 2129 Reliquus
2656 2072 2838 2117 autem
2869 2067 3114 2132 sanguis,
3149 2068 3239 2136 qui
3276 2070 3340 2121 ad
3370 2071 3538 2124 basim
3564 2072 3638 2125 ale

2054 2151 2186 2206 taris
2210 2149 2527 2217 eﬂ'unditur,
2561 2163 2697 2221 puto
2719 2158 2861 2223 quod
2890 2156 3034 2209 illius
3058 2160 3247 2227 gratia:
3280 2161 3509 2215 formam
3539 2165 3638 2219 dc-

2050 2243 2248 2310 signet,
2286 2260 2391 2314 qua
2443 2246 2494 2299 in
2528 2247 2837 2303 novissimis
2860 2249 3049 2305 diebus
3078 2264 3428 2323 posteaquam
3462 2257 3635 2323 pleni—

2050 2338 2185 2391 tudo
2215 2338 2457 2408 gentium
2483 2340 2888 2406 subintroierit,
2916 2345 3093 2398 omnis
3123 2345 3214 2408 qui
3246 2346 3486 2415 reliquus
3515 2348 3630 2401 l‘uc-

2051 2428 2123 2481 rit
2162 2426 2349 2494 Israel,
2379 2430 2445 2483 ad
2478 2430 2733 2485 ultimum
2765 2433 2998 2488 velutad
3039 2436 3212 2491 basim
3262 2439 3452 2493 altaris
3486 2443 3635 2510 νοις-ἱ-

2051 2528 2161 2581 tus,
2194 2518 2508 2577 eﬂusionem
2542 2523 2747 2579 Christi
2774 2528 3057 2595 sanguinis
3097 2531 3261 2583 etiam
3291 2532 3406 2600 ipse
3456 2534 3632 2587 susci-

2045 2610 2176 2679 piet.
2209 2610 2282 2665 De
2310 2613 2464 2682 agnis
2498 2627 2627 2669 vero
2656 2625 2713 2669 et
2754 2615 2953 2681 haedis,
2991 2618 3295 2673 turturibus
3324 2628 3379 2673 et
3427 2622 3635 2677 colurn—

2047 2704 2155 2767 bis,
2187 2704 2282 2758 sed
2318 2715 2373 2759 et
2396 2705 2571 2761 simila
2605 2721 2903 2778 conspersa
2936 2711 2988 2763 in
3016 2710 3155 2773 oleo,
3177 2723 3268 2765 aut
3304 2713 3355 2766 in
3396 2718 3634 2784 panibus

2046 2796 2258 2867 azymis
2301 2808 2478 2863 cocta,
2514 2806 2775 2868 quantum
2808 2815 2895 2855 res
2942 2801 3053 2870 pati
3102 2804 3302 2869 petiuit,
3333 2820 3495 2875 supra
3553 2810 3635 2862 di-

2046 2899 2194 2942 etum
2223 2896 2326 2942 est.

2117 2981 2171 3034 6.
2198 2978 2490 3035 Videamus
2510 2996 2656 3037 nunc
2692 2999 2815 3052 quae
2846 2984 2933 3040 lex
2971 2990 3293 3056 proponitur
3315 2991 3365 3044 in
3398 2992 3633 3049 oll‘eren-

2045 3072 2131 3126 dis
2164 3071 2361 3124 hostiis
2391 3087 2491 3140 pro
2515 3083 2765 3141 peccato.
2801 3095 2820 3129 t
2852 3077 2920 3131 Et
2952 3078 3171 3134 locutus
3195 3093 3318 3145 est,
3355 3083 3531 3147 inquit
3558 3088 3627 3151 ίί,

2046 3162 2311 3219 Dominus
2336 3161 2400 3215 ad
2435 3162 2654 3234 Moysen
2686 3166 2877 3223 dicens
2909 3190 2921 3224 :
2954 3170 3148 3223 Anima
3180 3171 3224 3225 si
3252 3186 3353 3238 qua
3387 3174 3633 3248 latuerit,

350 3266 613 3318 nuntiabo
645 3263 930 3316 adversum
966 3279 1050 3317 me
1089 3262 1406 3330 injuSIitiam
1437 3282 1637 3333 meam,
1671 3277 1725 3321 et
1757 3279 1811 3322 tu
1847 3285 1934 3323 re-
1964 3284 2007 3342 ρ
2043 3275 2098 3319 et
2123 3266 2433 3334 peccaverit
2472 3279 2580 3319 non
2607 3262 2798 3316 volens
2822 3278 2850 3317 a
2889 3266 3093 3318 sanctis
3136 3266 3374 3334 Domini,
3433 3272 3625 3326 offerat

349 3354 553 3409 misisti
612 3354 944 3423 impietatem
999 3356 1181 3409 cordis
1219 3356 1344 3408 mei.
1400 3375 1417 3407 ι
1467 3356 1601 3411 Vide
1650 3376 1779 3428 ergo
1810 3362 1935 3429 quia

349 3450 703 3513 pronuntiare
728 3456 1008 3513 peccatum
1034 3488 1049 3514 ,
1084 3450 1467 3504 remissionem
1511 3453 1717 3521 peccati
1752 3470 1932 3509 mere-

348 3546 454 3588 tur.
485 3534 800 3590 Prwventus
827 3541 969 3593 enitn
1016 3540 1262 3595 diabolus
1301 3541 1351 3594 in
1389 3544 1756 3610 accusatione,
1791 3546 1931 3600 ultra

340 3644 441 3683 nos
480 3644 742 3685 accusare
770 3646 874 3685 non
907 3634 1148 3702 poterit;
1194 3644 1248 3687 et
1299 3634 1343 3688 si
1385 3636 1484 3706 ipsi
1540 3638 1711 3692 nostri
1759 3640 1932 3696 simus

339 3738 716 3792 accusatores,
748 3728 968 3797 prolicit
1008 3730 1167 3785 nobis
1199 3730 1266 3784 ad
1297 3729 1560 3794 salutem;
1594 3732 1639 3788 si
1674 3747 1802 3786 vero
1835 3748 1932 3787 ex-

336 3828 648 3885 apectemus
688 3828 747 3874 ut
794 3835 824 3874 a
859 3822 1076 3878 diabolo
1108 3837 1461 3887 accusemur,
1507 3825 1789 3879 accusatio
1838 3825 1927 3880 illa

334 3913 483 3966 cedit
512 3914 669 3968 nobis
697 3916 765 3970 ad
796 3930 1016 3985 poenam
1047 3934 1064 3983 ;
1100 3918 1323 3973 habebit
1354 3919 1502 3974 enim
1530 3920 1711 3976 socios
1747 3921 1798 3975 in
1832 3937 1927 3992 ge-

337 4005 539 4069 henna,
575 4021 712 4075 quos
743 4007 1044 4062 convicerit
1072 4008 1366 4061 criminum
1412 4009 1614 4064 socios.

408 4098 463 4152 5.
506 4097 734 4152 Multum
784 4098 893 4153 erit
936 4115 1081 4153 nunc
1138 4100 1437 4155 hostiarum
1472 4102 1842 4167 diversitates,
1875 4112 1927 4156 et

331 4185 733 4247 sacrificiorum
764 4188 922 4250 ritus,
962 4202 1026 4241 ac
1052 4189 1353 4243 varietates
1402 4192 1651 4261 exsequi,
1687 4203 1743 4247 et
1769 4193 1926 4264 longe

331 4278 559 4333 alterius
586 4280 796 4349 operis,
825 4295 987 4349 quam
1031 4280 1152 4350 ejus
1179 4280 1354 4344 verbi,
1382 4282 1525 4350 quod
1564 4282 1616 4335 in
1647 4286 1923 4338 communi

333 4370 603 4425 auditorio
640 4371 834 4442 vulgus
866 4371 1124 4442 excipiat.
1148 4371 1342 4426 Verum
1375 4380 1433 4426 ut
1465 4373 1646 4442 aliqua
1675 4374 1726 4427 in
1753 4384 1926 4429 trans-

329 4479 497 4520 cursu
546 4468 918 4537 perstringere
958 4468 1276 4533 videamur,
1316 4468 1496 4522 omnis
1534 4469 1749 4535 quidem
1786 4486 1923 4538 pene

333 4558 508 4611 hostia
548 4574 669 4627 qua:
698 4559 949 4625 oll'ertur,
987 4560 1151 4614 habet
1199 4559 1405 4628 aliquid
1454 4559 1647 4615 formae
1692 4572 1746 4614 et
1780 4561 1920 4615 ima-

328 4648 475 4716 ginis
497 4648 723 4702 Christi.
760 4650 816 4703 ltt
844 4649 1016 4717 ipsum
1051 4662 1289 4717 namque
1336 4648 1517 4706 omnis
1562 4650 1735 4704 hostia
1768 4666 1920 4705 reca-

329 4740 615 4809 pitulatur,
644 4741 697 4793 in
734 4750 942 4795 tantum
982 4750 1039 4794 ιιι.
1068 4750 1355 4809 postquam
1407 4742 1522 4811 ipse
1570 4743 1786 4797 oblatus
1813 4754 1917 4810 est,

325 4848 523 4887 omnes
552 4832 741 4887 hostiae
768 4834 1129 4899 cessaverint,
1160 4850 1279 4906 quae
1304 4850 1432 4890 eum
1460 4835 1513 4888 in
1549 4845 1677 4907 typo
1710 4849 1765 4890 et
1801 4855 1918 4891 tnu-

326 4930 426 4980 bra
452 4938 843 4995 praecesserant
871 4926 974 4993 ;tle
996 4927 1216 4997 quibus,
1240 4937 1399 4997 prout
1423 4930 1728 4998 potuimus,
1752 4930 1801 4983 in
1828 4946 1919 4984 su-

325 5019 636 5089 perioribus
661 5021 932 5088 quomodo
950 5019 1147 5073 vitulus
1168 5019 1281 5089 (8i)
1307 5035 1336 5072 a
1367 5021 1625 5089 pontiﬁce
1661 5022 1878 5075 oblatus
1898 5062 1913 5085 ,

322 5115 444 5165 sive
468 5112 522 5165 in
556 5126 805 5181 munere,
822 5112 936 5165 sive
966 5126 1060 5181 pro
1086 5121 1332 5180 peccato,
1354 5110 1581 5166 fortnam
1606 5112 1720 5181 eius
1744 5114 1909 5168 habe-

325 5204 814 5267 ret,ostendimus.
833 5204 1031 5272 Adipes
1046 5218 1173 5257 vero
1194 5203 1284 5272 qui
1302 5202 1609 5259 olferuntur
1638 5207 1689 5258 in
1717 5222 1909 5259 mune-

325 5313 410 5357 re,
430 5295 742 5364 aperientes
756 5296 1015 5351 interiora
1044 5305 1099 5349 et
1113 5295 1336 5349 renibus
1355 5296 1714 5360 cohaerentes,
1733 5306 1911 5365 potest

320 5398 513 5441 sancta
547 5387 636 5441 illa
673 5388 790 5456 ejus
816 5387 993 5441 anima
1024 5388 1247 5458 intelligi
1277 5428 1293 5455 ,
1336 5404 1457 5457 quae
1495 5388 1753 5443 interiora
1788 5390 1909 5457 qui-

395 5526 418 5558 ⁸
443 5525 613 5582 Levit.
650 5540 704 5590 v,
742 5526 798 5580 5.
872 5527 893 5558 ⁹
927 5526 1302 5590 lsa.xr.nt,26.
1382 5526 1424 5557 ¹⁰
1452 5525 1591 5579 Psal.
1623 5539 1796 5587 χχχιι,
1821 5525 1870 5577 1.

397 5648 509 5712 (79)
544 5646 602 5703 Si
649 5647 969 5712 peccaverit,
1005 5657 1111 5699 etc.
1162 5645 1306 5698 Citat
1354 5645 1495 5697 hunc.
1530 5642 1704 5695 locum
1734 5640 1900 5695 Jonas

321 5718 739 5793 Aureliantlib.
773 5715 902 5793 t_-D_e
932 5716 1099 5769 inslit.
1138 5714 1285 5793 laic._,
1319 5728 1439 5781 cap.
1476 5712 1560 5793 1.6.
1685 5782 1696 5793 _
1730 5782 1741 5793 ι

398 5788 512 5859 (80)
554 5788 708 5843 Libb.
743 5788 897 5848 editi,
925 5806 942 5838 t
982 5802 1099 5854 quae
1128 5786 1423 5859 egerimus,
1465 5783 1509 5836 si
1535 5782 1697 5859 qugd
1730 5782 1779 5835 in
1810 5797 1903 5836 oc-

324 5852 769 5928 culto'gerimus.
808 5859 852 5912 si
885 5852 1049 5927 quod,
1084 5877 1102 5907 ι
1146 5852 1275 5919 etc.,
1311 5856 1405 5910 sed
1448 5852 1569 5909 cod.
1616 5852 1899 5921 Sangerm.

330 5943 388 5983 ut
431 5933 482 5984 in
527 5940 712 5985 nostro
744 5939 914 5983 textu.

872 5527 893 5558 ⁹
927 5526 1189 5590 lsa.xt.nt,
1211 5526 1302 5580 26.

2042 3372 2140 3427 pro
2173 3357 2375 3413 delicto
2414 3374 2514 3413 suo
2549 3357 2779 3411 arietem
2831 3357 3248 3412 imtnaenlatum
3290 3362 3357 3416 de
3408 3366 3629 3429 ovibus,

2040 3461 2281 3521 emptum
2319 3451 2495 3521 pretio
2525 3449 2738 3521 argenti
2761 3449 2898 3505 sielo
2931 3461 3145 3517 sancto,
3180 3453 3231 3507 in
3259 3470 3325 3508 eo
3354 3458 3497 3526 quod
3534 3460 3629 3512 de~

2042 3542 2218 3613 liquit,
2251 3544 2471 3612 etquod
2502 3542 2751 3612 peccavit
2784 3559 2813 3597 a
2847 3544 3077 3609 sanctis,
3112 3549 3321 3614 reddet,
3377 3560 3433 3605 et
3468 3553 3629 3622 quin-

2041 3648 2122 3693 tas
2164 3637 2384 3708 adjiciet
2408 3640 2472 3693 ad
2503 3639 2655 3702 illud,
2686 3645 2737 3691 et
2771 3638 2921 3693 dabit
2946 3638 3096 3692 illmn
3129 3644 3422 3708 sacerdoti,
3452 3654 3503 3699 et
3534 3662 3625 3699 sa-

2036 3730 2231 3783 ccrdos
2254 3730 2504 3783 exorabit
2527 3744 2625 3798 pro
2659 3743 2724 3783 eo
2755 3730 2806 3782 in
2842 3730 3017 3784 ariete
3046 3732 3249 3795 delicti,
3284 3743 3341 3787 et
3373 3737 3624 3789 remitte-

2037 3832 2125 3875 tur
2149 3821 2221 3876 ei.
2265 3841 2284 3873 ι
2320 3822 2375 3876 In
2400 3823 2772 3891 superioribus
2802 3823 3034 3892 legibus,
3062 3840 3183 3893 qua!
3216 3827 3283 3880 de
3333 3828 3623 3883 immundi—

2036 3914 2122 3966 tiaa
2154 3913 2440 3968 sacrificiis
2483 3914 2883 3979 referebantur,
2924 3914 3094 3968 sicubi
3145 3917 3345 3971 dixerit
3376 3918 3617 3972 olfeceri-

2034 4005 2185 4069 dum,
2238 4006 2385 4060 verbi
2437 4021 2625 4067 causa,
2680 4020 2861 4070 ovem,
2910 4016 3005 4058 aut
3060 3994 3557 4073 hmdunyaddidit
3601 4030 3615 4063 :

2031 4096 2185 4163 Quod
2214 4097 2257 4149 si
2307 4112 2414 4149 non
2444 4096 2641 4150 sullicit
2693 4111 2887 4150 manus
2909 4098 3025 4164 ejus
3060 4099 3126 4150 ad
3157 4100 3398 4164 haedum,
3430 4116 3518 4157 aut
3549 4109 3614 4159 ad

2032 4203 2251 4257 agnum,
2277 4187 2467 4242 oﬂ‘erat
2511 4203 2607 4256 par
2640 4197 2914 4242 turturum
2943 4230 2956 4251 ,
2989 4200 3080 4243 aut
3129 4192 3267 4245 duos
3293 4196 3469 4261 pullos
3517 4212 3614 4248 co-

2032 4279 2325 4333 lumbinos.
2352 4280 2414 4333 Et
2448 4280 2848 4345 iterum:Quod
2881 4283 2924 4334 si
2960 4296 3058 4337 nec
3095 4285 3160 4336 ad
3210 4287 3310 4337 hoc
3362 4288 3613 4352 sulliciet,

2028 4371 2222 4424 olTerat
2249 4371 2633 4440 similagincm.
2666 4372 2719 4425 In
2758 4373 2861 4427 hac
2894 4390 3025 4427 vero
3061 4376 3177 4444 lege
3203 4418 3217 4441 ,
3249 4378 3337 4431 uhi
3376 4381 3442 4433 de
3489 4399 3617 4449 pec-

2028 4473 2155 4517 cato
2186 4464 2333 4532 quod
2369 4463 2421 4517 in
2459 4464 2666 4518 sanctis
2701 4466 3086 4530 committitur,
3118 4470 3363 4533 disserit,
3408 4474 3611 4525 nullam

2027 4557 2467 4611 substitutionem
2496 4556 2772 4613 inferioris
2798 4560 2990 4614 hostia:
3015 4562 3289 4629 secundm,
3325 4566 3405 4619 vel
3439 4569 3611 4620 tertize

2028 4650 2365 4719 subrogavit,
2398 4649 2494 4703 sed
2529 4649 2721 4703 statuit
2751 4650 2925 4703 solum
2970 4654 3195 4707 arietem
3223 4653 3559 4709 olTerendum
3596 4675 3611 4721 ;

2029 4754 2129 4794 nec
2157 4739 2317 4794 aliter
2349 4739 2589 4794 ostendit
2622 4738 2755 4793 solvi
2794 4756 2959 4809 posse
3019 4756 3302 4813 peccatum
3354 4749 3497 4815 quod
3557 4750 3609 4802 in

2025 4841 2214 4886 sancta
2267 4832 2654 4897 committitur,
2718 4832 2818 4886 nisi
2874 4834 3105 4887 arietem
3144 4836 3522 4905 iugulaverit:
3556 4851 3611 4895 et

2026 4941 2133 4979 non
2164 4925 2490 4995 simpliciter
2508 4924 2757 4989 arietem,
2779 4924 2872 4979 sed
2893 4926 3114 4980 arietem
3141 4930 3315 4997 pretio
3339 4941 3605 4998 emptum,

2022 5026 2078 5071 et
2112 5026 2263 5071 certo
2294 5016 2492 5084 pretio,
2527 5034 2545 5067 t
2580 5014 2738 5079 siclo,
2779 5015 2975 5085 inquit,
3025 5030 3233 5073 sancto.
3271 5038 3289 5070 ι
3317 5020 3454 5085 Quid
3510 5021 3607 5088 igi-

2026 5103 2155 5158 tur?
2192 5103 2239 5157 si
2273 5103 2394 5173 quis
2432 5118 2637 5173 pauper
2663 5104 2854 5168 fuerit,
2885 5114 2937 5157 et
2974 5122 3079 5160 non
3119 5108 3372 5162 habuerit
3406 5109 3600 5165 siclum

2022 5204 2269 5251 sanctum
2320 5196 2463 5249 unde
2515 5196 2747 5249 mercari
2779 5194 2953 5264 possit
3014 5198 3265 5264 arietem,
3313 5210 3599 5268 peccatum

2023 5288 2142 5357 eius
2166 5303 2269 5343 non
2303 5287 2595 5344 solvetur?
2631 5288 2948 5356 Quaerenda:
2983 5301 3108 5344 sunt
3141 5305 3271 5360 ergo
3306 5291 3599 5358 unicuique

2019 5393 2074 5435 et
2109 5380 2331 5446 divitiae,
2361 5388 2419 5433 ut
2447 5388 2728 5449 peccatum
2755 5378 2872 5447 ejus
2911 5381 3084 5449 possit
3112 5380 3339 5435 absolvi.
3397 5378 3594 5433 Verum

1951 5523 1992 5554 ¹¹
2027 5519 2200 5573 Levit.
2229 5532 2282 5585 v,
2312 5514 2401 5579 M,
2434 5514 2519 5577 15,
2548 5512 2634 5567 l6.

2082 5636 2194 5706 (8|)
2237 5633 2392 5706 Lihh.
2419 5631 2633 5706 editi,_t_
2681 5630 2732 5683 itt
2766 5625 3144 5706 superioribus
3178 5624 3412 5706 dixit-nus
3454 5639 3592 5691 qun-

2014 5694 2187 5762 modo
2209 5704 2429 5765 vitulus,
2458 5722 2474 5753 ι
2498 5702 2592 5754 sed
2623 5702 2673 5753 in
2711 5694 2867 5752 codd.
2904 5694 3225 5765 mss.dcest,
3247 5711 3265 5765 ι
3289 5694 3585 5765 diximus.»

2107 5776 2197 5840 δί)
2240 5776 2296 5829 In
2338 5762 2526 5829 codice
2564 5770 2848 5842 sangernt.
2884 5767 3060 5842 deest,
3096 5782 3112 5813 t
3150 5762 3532 5842 deilicandatn.
3566 5782 3583 5813 ι

2107 5780 2197 5840 8%)
2240 5780 2296 5829 Ιιι
2338 5780 2526 5829 codice
2564 5780 2848 5838 Sangernt.
2884 5780 3060 5824 deest,
3096 5782 3112 5813 t
3150 5780 3532 5842 uetucanuam.
3566 5782 3583 5813 ι

2085 5780 2199 5916 ἳὸὄ)
2228 5846 2377 5899 ldem
2417 5845 2585 5899 codex
2621 5841 2804 5901 habet,
2849 5855 2865 5887 t
2900 5834 3124 5900 Spiritus
3164 5832 3431 5899 simplicis
3462 5847 3587 5897 gra-

2016 5930 2121 5972 ιιω.
2159 5938 2178 5967 ι
