4110 6452
539 441 634 497 451

2025 438 2342 494 OlilGliNlS

3707 459 3814 513 433

537 563 582 616 si
619 561 864 629 dignetur
894 557 1169 621 Dominus,
1192 559 1271 613 vel
1297 561 1463 615 nobis
1498 561 1686 615 oculos
1712 561 1777 616 ad
1807 562 2117 627 videndum,
2151 568 2194 622 Α
2227 565 2331 618 ctis
2356 573 2662 634 susceptam
2692 581 2796 619 non
2840 568 3093 622 reddidit.
3125 570 3273 628 Unde
3305 574 3389 629 vel
3419 577 3504 632 his
3535 577 3736 635 auditis
3759 582 3810 635 in

536 651 619 706 vel
647 651 796 704 vobis
827 651 893 702 ad
921 650 1249 704 audiendum
1284 665 1448 703 aures
1497 655 1681 707 cordis
1717 653 1951 722 aperire,
1989 656 2118 722 quid

537 741 637 794 sibi
664 739 794 793 velit
824 739 1154 809 lcgislaloris
1181 753 1373 792 sensus
1409 750 1631 806 opertus
1675 744 1955 810 mysteriis
2001 743 2115 815 (8i)

534 829 897 897 requiremus.
929 827 995 881 Et
1034 828 1211 896 primo
1235 829 1450 897 quidem
1488 829 1769 884 videamus
1800 831 1900 884 hoc
1943 832 2116 901 ipsum

529 922 673 988 qttod
720 920 1008 974 recitatum
1044 928 1129 973 est
1177 922 1476 974 secundum
1528 918 1762 973 litteram
1805 923 1965 990 quale
2021 925 2111 977 sil.

529 1013 755 1068 Vide-tur
787 1011 932 1067 enim
988 1011 1054 1065 de
1101 1011 1188 1065 his
1245 1011 1432 1066 dicere
1489 1011 1542 1065 in
1583 1028 1813 1082 quorum
1867 1017 2114 1068 manibus

529 1113 714 1158 sancta
747 1103 1038 1156 commissa
1062 1111 1210 1167 sunt,
1245 1102 1299 1156 id
1329 1112 1413 1156 est
1464 1119 1586 1173 qua:
1621 1105 1676 1158 in
1708 1105 1919 1159 Domini
1953 1107 2113 1159 donis

528 1194 709 1248 oblata
736 1204 863 1248 sunt
895 1211 908 1246 :
941 1192 1088 1247 verbi
1125 1194 1324 1263 gratia,
1363 1206 1486 1251 vota
1525 1205 1580 1251 et
1625 1212 1850 1250 munera
1878 1214 1999 1266 qnze
2057 1202 2108 1251 in

527 1284 784 1338 Ecclesiis
815 1283 910 1338 Dei
969 1282 1036 1336 ad
1082 1298 1211 1338 usus
1242 1295 1578 1354 sanctorum,
1645 1299 1700 1342 et
1748 1290 2108 1344 ministerium

526 1376 894 1440 sacerdotum,
936 1373 1022 1426 vel
1055 1388 1178 1442 quae
1203 1375 1272 1429 ob
1299 1376 1680 1431 necessitatem
1715 1394 2038 1449 pauperum,
2078 1397 2106 1434 a

526 1467 734 1520 devotis
766 1475 819 1518 et
856 1465 1126 1536 religiosis
1157 1467 1429 1521 mentibus
1455 1467 1774 1523 oﬂeruntur.
1819 1471 1893 1524 De
1927 1471 2012 1524 his
2041 1472 2087 1525 si

523 1560 645 1625 quis
673 1559 917 1628 qualibet
974 1558 1400 1628 praesumptione
1453 1563 1810 1625 subtraxerit,
1860 1562 2106 1617 decernit

524 1657 630 1714 lex,
684 1653 808 1708 utsi
846 1660 1242 1708 rememoratus
1271 1651 1433 1706 fuerit
1459 1667 1712 1720 peccasse
1734 1667 1884 1720 se,et
1911 1666 2104 1725 sponte

519 1744 994 1814 ι·οιιιριιιιειίοιιειη
1025 1745 1209 1799 cordis
1247 1745 1548 1814 acceperit;
1569 1745 1634 1800 de
1689 1761 1755 1801 eo
1810 1750 1954 1801 enim
2009 1749 2101 1818 qui

522 1853 628 1892 non
659 1846 851 1906 sponte
880 1836 1284 1906 compungilur,
1315 1837 1409 1892 sed
1432 1838 1542 1892 alio
1566 1849 1830 1910 arguente
1875 1842 2101 1895 convin-

2231 658 2547 711 mcmoriant
2587 667 2825 724 revocet,
2855 662 3002 730 quod
3036 677 3096 714 ea
3145 679 3264 732 quae
3292 668 3494 722 dudum
3545 671 3646 724 sibi
3686 673 3806 726 fue-

2225 759 2344 802 rant
2370 749 2423 802 in
2458 749 2625 802 verbo
2651 751 2744 804 Dei
2786 754 3099 817 commissa,
3128 755 3388 824 neglexit.
3441 760 3648 817 Reddat
3673 779 3809 835 ergo

2219 851 2273 894 et
2315 841 2416 894 hoc
2456 843 2597 911 quod
2631 843 2859 912 accepit,
2890 854 2946 898 et
2997 848 3160 901 addat
3188 853 3256 904 ad
3296 851 3348 904 id
3389 854 3612 922 quintas
3647 856 3812 929 198

2219 948 2284 987 eo
2327 937 2485 987 modo
2526 950 2633 1004 quo
2667 947 2794 990 ante
2825 936 2936 1004 jam
2973 940 3215 996 diximus
3259 960 3272 996 :
3337 945 3390 998 id
3431 956 3538 1011 est,
3598 961 3658 1002 ttt
3720 951 3810 1006 bis

2217 1025 2407 1092 quinta
2461 1026 2592 1088 sint,
2629 1037 2687 1080 et
2731 1043 2870 1082 unus
2899 1032 3317 1098 superaddatur.
3355 1034 3650 1091 Videamus
3675 1053 3806 1109 ergo

2215 1119 2486 1183 quomodo
2523 1117 2762 1186 quinque
2806 1120 2891 1173 isti
2939 1124 3262 1178 reddantur.
3317 1124 3570 1195 Quinque
3611 1145 3804 1184 nume-

2217 1224 2308 1262 rus
2358 1208 2693 1278 frequenter,
2756 1210 2866 1267 imo
2927 1229 3062 1284 pene
3105 1232 3344 1286 semper,
3403 1235 3501 1288 pro
3564 1223 3804 1292 quinque

2212 1301 2460 1356 sensibus
2509 1304 2797 1372 accipitur.
2827 1303 2982 1361 Scire
3022 1323 3152 1376 ergo
3192 1311 3453 1366 debemus
3495 1311 3598 1367 hoc
3639 1316 3802 1370 modo

2212 1392 2346 1447 istos
2383 1393 2624 1463 quinque
2659 1411 2852 1453 sensus
2881 1399 2933 1451 in
2979 1402 3191 1455 sanctis
3217 1403 3430 1458 actibus
3455 1419 3615 1473 posse
3642 1409 3802 1462 resti-

2211 1485 2309 1549 tui,
2348 1495 2407 1538 ιιι
2436 1486 2480 1538 si
2526 1487 2667 1540 forte
2689 1490 3142 1559 praesnmpsimus
3169 1492 3316 1548 abuti
3347 1495 3426 1549 eis
3472 1496 3524 1549 in
3573 1497 3801 1553 saecula-

2211 1576 2360 1629 ribus
2391 1574 2625 1654 actibus,
2667 1585 2720 1630 et
2757 1577 3120 1647 impendimus
3160 1598 3317 1637 usum
3359 1600 3552 1640 eormn
3589 1588 3642 1642 in
3679 1590 3794 1655 his.

2206 1683 2327 1736 qua:
2363 1683 2469 1722 non
2516 1669 2818 1722 secundum
2865 1671 3033 1726 Deum
3079 1677 3386 1744 gessimus,
3439 1680 3796 1738 restituamus

2206 1774 2348 1814 nunc
2377 1769 2431 1812 et
2471 1760 2618 1829 ipsos
2646 1761 2891 1831 quinque
2933 1767 3141 1820 sanctis
3166 1768 3384 1825 actibus
3417 1771 3797 1843 religiosisque

2205 1849 2552 1915 ministeriis,
2591 1860 2646 1904 et
2707 1851 2847 1904 alios
2912 1851 2994 1907 his
3051 1856 3294 1926 quinque
3347 1861 3631 1925 addamus,
3695 1865 3792 1931 qui

515 1933 680 1998 citur,
708 1932 988 1988 difficilius
1013 1931 1311 1986 remedium
1345 1939 1466 1996 est;
1494 1933 1583 1988 hic
1606 1948 1758 2004 ergo,
1788 1934 1878 2003 qui
1907 1944 2100 2004 sponte
2131 1909 2174 1964 Β
2209 1949 2333 1994 sunt
2363 1940 2638 1995 interioris
2678 1941 2918 1998 hominis
2951 1960 3144 2001 sensus
3177 1909 3323 2016 :Iper
3354 1966 3493 2020 quos
3523 1952 3605 2006 vel
3634 1909 3796 2006 nitia-

522 2027 841 2080 recordatus
885 2025 1052 2078 fuerit
1094 2032 1378 2092 peccatum
1407 2038 1592 2090 suum,
1636 2026 1844 2089 reddet,
1903 2027 2098 2096 inquit,

516 2119 646 2171 illud
673 2117 849 2187 ipsum
885 2117 1027 2184 quod
1059 2117 1442 2183 subtraxerat,
1493 2127 1548 2171 et
1604 2118 1767 2172 addet
1828 2120 1893 2172 ad
1964 2119 2094 2173 illud

515 2207 756 2278 quintas,
792 2217 843 2261 et
893 2206 1089 2260 oin-ret
1145 2207 1370 2261 arietem
1420 2223 1520 2277 pro
1577 2220 1803 2277 peccato
1855 2223 2094 2280 emptum

517 2303 692 2370 pretio
717 2300 850 2356 siclo
875 2307 1085 2353 sancto.
1111 2297 1266 2365 Quod
1304 2301 1458 2367 dicit,
1482 2302 1644 2357 addet
1679 2304 1744 2357 ad
1776 2305 1909 2358 illud
1941 2307 2096 2374 quin-

518 2407 620 2459 tas,
649 2394 1010 2464 simpliciores
1031 2395 1235 2463 quique
1277 2394 1595 2450 existimant
1655 2397 1726 2450 ita
1760 2398 1988 2463 dictum,
2015 2409 2094 2466 ιιι,

516 2485 884 2552 vcrbicausa,
948 2486 992 2541 si
1056 2487 1301 2556 quinque
1353 2491 1558 2542 nummi
1617 2490 1884 2547 subtracti
1942 2504 2091 2560 sunt,

513 2593 655 2633 unus
684 2578 938 2644 addatur,
959 2587 1017 2632 ut
1046 2593 1144 2647 pro
1173 2578 1413 2648 quinque
1450 2595 1543 2635 sex
1575 2582 1801 2638 reddere
1823 2585 2091 2638 videatur.

512 2671 618 2727 Sed
643 2673 736 2742 qui
766 2673 819 2727 in
850 2671 1144 2742 disciplina
1173 2688 1524 2728 numerorum
1571 2677 1821 2745 peritiam
1874 2687 2090 2747 gerunt,

512 2765 671 2835 longe
707 2763 864 2819 aliter
917 2763 1076 2818 istius
1131 2763 1380 2818 vocabuli
1433 2781 1717 2820 numerum
1772 2779 2090 2844 supputant.

511 2855 641 2910 Nam
669 2867 722 2911 et
753 2858 804 2911 in
835 2855 1026 2911 Graeco
1055 2871 1160 2909 non
1186 2856 1349 2913 habet
1372 2859 1643 2930 πέμπτον,
1665 2861 1806 2928 quod
1829 2861 2091 2931 simplici-

511 2961 592 3003 ter
616 2951 831 3018 quintas
883 2949 1036 3013 facit,
1086 2948 1180 3003 scd
1227 2951 1387 3005 habet
1421 2951 1786 3022 ὲπίπεμπτον,
1808 2955 1950 3022 quod
1994 2969 2092 3008 nos

507 3043 730 3113 quidem
766 3057 1059 3112 possumus
1091 3044 1272 3098 dicere
1296 3059 1460 3113 super
1481 3045 1699 3113 quintas
1735 3063 1748 3100 :
1791 3045 1894 3100 nisi
1943 3046 2092 3100 dice-

510 3144 660 3190 retur
690 3136 831 3190 istud
867 3135 1126 3203 specialis
1157 3135 1441 3203 cujusdam
1504 3138 1712 3191 numeri
1763 3139 1902 3208 apud
1967 3137 2089 3193 illos

505 3244 627 3282 esse
683 3228 1028 3300 vocabulum,
1074 3243 1180 3294 quo
1225 3228 1500 3282 indicetur
1535 3229 1646 3294 (85')
1701 3243 1799 3297 pro
1848 3231 2088 3299 quinque

505 3322 644 3375 alios
684 3321 923 3390 quinque
984 3323 1212 3388 dandos,
1264 3330 1319 3375 et
1363 3335 1528 3374 unum
1575 3336 1770 3388 super;
1822 3331 1880 3374 ut
1938 3322 2086 3375 verbi

504 3413 681 3479 gratia
721 3413 1059 3480 intelligatur
1087 3413 1176 3480 qui
1204 3411 1418 3464 furatus
1441 3411 1508 3465 sit
1531 3412 1772 3479 quinque
1814 3427 2087 3475 nunnnos,

509 3505 653 3569 ipsos
683 3504 900 3572 quidem
943 3504 1183 3572 quinque
1225 3506 1535 3563 restituere,
1573 3513 1628 3557 et
1665 3503 1804 3557 alios
1849 3504 2091 3572 quinque

510 3608 616 3646 uno
647 3594 1021 3662 superaddite.
1051 3592 1162 3647 Nec
1195 3603 1375 3647 tamen
1402 3595 1519 3648 haec
1550 3593 1809 3649 continuo
1843 3610 1939 3664 pro
1977 3595 2087 3649 fur-

509 3684 576 3734 tis
605 3693 699 3734 aut
744 3680 1026 3736 fraudibus
1065 3682 1410 3751 intelligenda
1443 3692 1592 3747 sunt,
1625 3684 1719 3737 sed
1743 3686 1886 3753 quod
1923 3686 2087 3740 etiam

505 3775 548 3827 si
591 3775 713 3841 quis
751 3790 846 3843 pro
897 3774 1086 3827 usibus
1147 3775 1478 3827 necessariis
1509 3774 1610 3828 sibi
1651 3777 1716 3830 de
1755 3778 1962 3832 sanctis
1992 3793 2087 3846 pe-

503 3866 725 3917 cuniam
767 3869 1022 3933 sumpsit,
1057 3876 1110 3919 et
1143 3880 1323 3918 moras
1363 3866 1546 3919 attulit
1577 3868 1936 3934 restituendo,
1984 3869 2088 3922 ltu-

498 3955 736 4024 jusmodi
774 3955 886 4022 lege
919 3955 1335 4023 constringitur.
1375 3958 1503 4022 Qua:
1548 3956 1628 4010 lex
1673 3958 1842 4011 etiam
1889 3973 2086 4013 secun-

502 4048 628 4100 dum
656 4046 893 4102 litteram
924 4047 1198 4102 aedificare.
1217 4049 1378 4104 debet
1410 4049 1712 4104 audientes.
1744 4050 1910 4105 Valde
1938 4053 2081 4107 enim

501 4142 652 4197 utilis
707 4152 761 4198 et
819 4143 1126 4198 necessaria
1173 4153 1256 4197 est
1306 4145 1639 4207 observatio,
1685 4145 1768 4198 his
1814 4146 2084 4215 praecipue

499 4238 592 4304 qui
619 4236 1008 4291 ecclesiasticis
1022 4235 1526 4305 dispensationilms
1549 4249 1812 4306 praesunt,
1834 4247 1889 4290 ut
1909 4239 2083 4293 sciant

499 4329 600 4382 sibi
637 4331 706 4384 ab
750 4331 834 4384 his
875 4344 1000 4398 quae
1053 4329 1105 4382 in
1149 4343 1305 4382 usum
1343 4339 1660 4382 sanctorum
1703 4329 1882 4384 oblata
1921 4341 2069 4397 sunt,

499 4423 713 4474 cautius
750 4431 806 4474 et
838 4421 1152 4490 diligentius
1178 4422 1602 4477 observandum.

572 4512 625 4564 7.
646 4511 752 4564 Sed
783 4521 835 4565 et
867 4526 966 4566 nos
995 4513 1192 4580 quibus
1224 4513 1327 4568 ista
1372 4511 1510 4565 forte
1542 4527 1643 4564 non
1675 4510 1962 4576 accidunt,
2006 4514 2080 4566 vi-

2208 2029 2262 2082 di
2286 2032 2451 2084 corde
2473 2032 2649 2086 effecti
2694 2032 2860 2088 Deum
2894 2037 3140 2093 videmus
3163 2079 3178 2104 ,
3210 2040 3296 2094 vel
3339 2057 3498 2096 aures
3533 2043 3794 2099 babenms

2208 2122 2274 2176 ad
2303 2124 2569 2178 audienda
2597 2140 2660 2179 ea
2702 2144 2822 2198 quae
2851 2132 3010 2184 docet
3034 2129 3215 2196 Jesus,
3249 2133 3330 2186 vel
3365 2135 3586 2188 odorem
3639 2137 3789 2206 capi-

2208 2229 2329 2269 mus
2358 2215 2504 2270 illum
2543 2234 2705 2288 quem
2746 2221 2880 2275 dicit
2919 2223 3206 2292 Apostolus
3235 2225 3298 2289 η,
3345 2242 3365 2276 ι
3404 2225 3538 2292 Quia
3586 2226 3790 2284 Christi

2207 2307 2383 2361 bonus
2407 2309 2541 2362 odor
2569 2325 2759 2365 smnus
2791 2311 2936 2373 Deo;
2977 2332 2994 2362 ι
3033 2313 3115 2366 vel
3142 2317 3307 2368 etiam
3341 2328 3557 2385 gusutm
3622 2319 3793 2372 sumi-

2206 2413 2326 2453 mus
2364 2398 2537 2464 illum,
2569 2400 2637 2455 de
2667 2415 2775 2471 quo
2809 2403 2940 2457 dicit
2975 2401 3243 2472 Pmptieta
3275 2406 3320 2436 ¹³
3385 2420 3400 2460 :
3461 2427 3478 2458 ι
3541 2407 3790 2474 Gustate,

2203 2497 2258 2540 et
2290 2488 2770 2557 videte,quoniam
2824 2492 3010 2544 suavis
3039 2501 3123 2544 est
3178 2493 3464 2558 Dominus;
3504 2513 3522 2544 ι
3567 2493 3648 2548 vel
3707 2503 3792 2548 ta-

2204 2589 2348 2632 ctmn
2397 2580 2545 2634 illum
2595 2595 2756 2650 quem
2809 2583 2938 2637 dicit
2986 2581 3222 2638 Joannes
3254 2585 3316 2646 “,
3382 2587 3505 2653 quia
3552 2605 3572 2637 ι
3613 2587 3790 2642 oculis

2206 2669 2406 2725 nostris
2446 2671 2802 2741 inspeximus,
2834 2683 2890 2726 et
2946 2689 3138 2728 manus
3173 2687 3372 2730 nostra:
3433 2677 3787 2746 palpaverunt

2201 2759 2316 2831 (86)
2349 2761 2416 2814 de
2458 2761 2621 2818 verbo
2659 2764 2803 2817 vita).
2850 2782 2871 2817 ι
2923 2763 3018 2818 His
3066 2777 3245 2820 autem
3303 2769 3558 2821 omnibus
3614 2785 3781 2822 unum

2202 2854 2672 2920 superaddatnns,
2725 2864 2783 2909 ιιι
2832 2859 2898 2909 ad
2957 2872 3122 2910 unum
3186 2856 3355 2912 Deum
3413 2859 3525 2913 btec
3583 2871 3780 2914 cuncta

2202 2945 2524 3002 referamus.
2559 2946 2629 3001 Et
2681 2948 2794 3002 lia‘c
2859 2949 3076 3017 quidem
3134 2951 3202 3006 de
3258 2951 3612 3006 restituendis
3672 2953 3780 3016 his,

2202 3054 2322 3107 qum
2352 3037 2594 3106 qualibet
2620 3037 2774 3109 culpa
2807 3055 2872 3094 ex
2909 3042 3121 3096 sanctis
3141 3041 3322 3096 ablata
3367 3041 3605 3110 fuerant,
3632 3043 3777 3098 dicta

2199 3132 2328 3186 sint.

2269 3219 2322 3273 8.
2358 3220 2496 3285 Quid
2534 3235 2665 3273 vero
2699 3220 2942 3276 dicemus
2968 3221 3033 3277 de
3066 3222 3340 3278 sacrificio
3368 3224 3556 3278 arietis
3601 3229 3780 3294 pretio

2200 3314 2394 3379 empti,
2431 3322 2484 3366 et
2511 3312 2688 3380 pretio
2731 3312 2846 3365 sicli
2882 3316 3080 3378 sancti,
3113 3315 3205 3383 qui
3235 3331 3332 3384 pro
3358 3317 3562 3384 peccati
3589 3319 3777 3388 expia-

2197 3405 2587 3473 tionejubetur
2616 3404 2842 3458 oflerri?
2877 3407 3035 3460 Dives
3067 3405 3282 3462 futurus
3311 3420 3414 3473 est,
3461 3411 3551 3478 qui
3597 3413 3777 3480 pretio

2195 3497 2388 3551 arietis
2419 3497 2591 3566 possit
2625 3496 2820 3550 delicta
2850 3512 3102 3567 purgare.
3139 3499 3268 3564 Qua:
3297 3511 3421 3554 sunt
3475 3502 3591 3555 ista:
3642 3503 3776 3554 divi-

2195 3589 2302 3653 tiae,
2335 3589 2698 3658 requiramus.
2735 3587 2900 3641 Docet
2926 3602 3023 3642 nos
3053 3589 3483 3658 sapientissimus
3513 3591 3770 3646 Salomon

2193 3679 2383 3735 dicens
2413 3681 2454 3710 ¹⁵
2492 3700 2503 3734 :
2553 3699 2572 3732 ι
2617 3680 2938 3750 Redemptio
2964 3682 3159 3735 animae
3195 3683 3320 3746 viri,
3356 3686 3589 3752 propria:
3625 3683 3770 3737 divi-

2196 3770 2284 3824 tia:
2316 3768 2455 3837 ejus.
2502 3788 2520 3820 ι
2555 3770 2725 3823 Audis
2758 3770 2919 3824 verba
2947 3769 3251 3838 sapientiae,
3281 3775 3556 3842 quomodo
3585 3789 3774 3828 neces-

2197 3861 2360 3915 sariis
2391 3877 2513 3915 cutn
2543 3861 2990 3930 proprietatibus,
3025 3864 3131 3918 vim
3179 3864 3604 3933 uniuscujusque
3651 3880 3774 3919 scr-

2195 3953 2368 4007 monis
2433 3953 2766 4006 cnuutiant?
2835 3955 3060 4008 Divitias
3114 3956 3244 4008 dicit
3313 3965 3467 4021 aptas
3535 3962 3598 4009 ad
3653 3955 3776 4009 ani-

2193 4061 2293 4099 tua:
2342 4029 2792 4113 redemptiouem,
2851 4055 2906 4099 et
2979 4047 3199 4102 divitias
3240 4063 3343 4101 nun
3378 4048 3617 4113 alienas,
3683 4064 3774 4102 ne-

2190 4155 2295 4208 que
2319 4153 2658 4203 communes,
2701 4138 2794 4192 sed
2862 4139 3082 4192 divitias
3135 4141 3402 4208 proprias.
3470 4139 3573 4194 Per
3624 4141 3772 4208 quod

2188 4231 2428 4288 ostendit
2461 4236 2584 4286 eSsc
2616 4233 2877 4299 quasdam
2913 4232 3132 4288 divitias
3165 4235 3446 4302 proprias,
3497 4235 3766 4301 quasdam

2188 4337 2317 4377 vero
2349 4338 2452 4376 non
2495 4323 2762 4390 proprias.
2797 4320 2902 4375 Sed
2949 4323 3049 4378 hoc
3087 4324 3392 4376 evidentius
3426 4323 3684 4376 Dominus
3714 4323 3769 4376 in

2188 4412 2495 4483 Evangeliis
2528 4414 2847 4474 declaravit,
2885 4427 3008 4464 cum
3043 4413 3179 4464 dixit
3209 4413 3250 4443 “
3280 4427 3292 4462 :
3361 4429 3380 4462 ι
3434 4412 3587 4478 Quod
3620 4415 3663 4468 si
3712 4415 3767 4469 itt

2188 4506 2369 4560 alieno
2404 4505 2590 4557 fideles
2625 4519 2729 4557 non
2762 4503 2964 4568 fuistis,
2991 4504 3133 4572 quod
3184 4513 3426 4556 vestrum
3475 4513 3583 4567 est,
3643 4505 3768 4572 quis

498 4603 726 4655 ile-Mnus
751 4616 855 4670 qua
879 4616 943 4655 ex
973 4614 1127 4671 parte
1154 4618 1337 4658 sermo
1375 4603 1510 4670 legis
1557 4602 1810 4656 aediﬁcet,
1867 4603 1927 4656 El
1979 4621 2079 4674 ego
2113 4619 2156 4673 D
2189 4595 2336 4648 tittbe
2373 4595 2528 4647 vobis
2556 4591 2579 4645 ?
2616 4611 2633 4642 ι
2671 4590 2978 4646 Ostendens
3010 4605 3105 4659 per
3129 4592 3228 4645 hoc
3268 4593 3554 4660 praesentis
3581 4593 3764 4648 ειεειιιί

496 4692 681 4756 hodie,
719 4692 1130 4762 licet-peccator
1165 4694 1267 4748 sint
1295 4735 1311 4760 ,
1354 4703 1536 4748 tamen
1573 4694 1699 4764 quia
1748 4695 2079 4760 dispensatio

499 4785 628 4838 mihi
669 4786 820 4840 verbi
852 4784 1118 4840 Dominici
1152 4786 1360 4840 credita
1396 4795 1502 4847 est,
1543 4793 1732 4840 sancta
1775 4785 1869 4838 Dei
1895 4785 2080 4841 videor

498 4880 702 4933 habere
739 4881 1053 4937 commissa.
1091 4879 1275 4950 Neque
1315 4895 1460 4932 nttnc
1487 4877 1744 4946 primum,
1777 4877 1870 4931 sed
1934 4895 2076 4948 saepe

489 4968 600 5037 jam
635 4980 689 5023 ct
729 4969 856 5024 olitn
887 4970 1295 5039 dispensatione
1327 4971 1427 5024 hac
1459 4985 1587 5039 erga
1624 4985 1719 5023 vos
1749 4971 1971 5023 utimur.
2017 4969 2072 5021 Si

495 5061 617 5134 quis
647 5078 776 5130 ergo
816 5077 879 5117 ex
918 5061 1074 5116 vobis
1111 5063 1376 5132 suscipiat
1405 5077 1436 5115 a
1472 5077 1558 5116 me
1591 5060 1924 5116 Dotninicam
1981 5075 2073 5131 pe-

493 5154 734 5212 cuniatn,
765 5162 841 5218 ct,
881 5161 938 5205 ut
992 5153 1108 5206 fieri
1163 5153 1322 5215 solet,
1361 5167 1615 5220 egressus
1659 5149 1981 5210 Ecclesiam.
2023 5165 2076 5202 et

493 5245 725 5297 diversis
752 5243 1205 5313 occupationibus
1232 5244 1415 5297 saeculi
1447 5253 1652 5310 raptus,
1675 5239 1930 5296 oblivioni
1959 5257 2077 5310 qua:

493 5341 740 5392 audierat
780 5338 950 5401 dedit,
995 5351 1096 5390 nec
1130 5351 1265 5405 opus
1328 5335 1550 5404 aliquod
1586 5348 1653 5387 ex
1707 5331 1873 5386 verbo
1934 5332 2076 5401 quod

493 5433 754 5503 suscepit,
793 5431 1057 5502 implevit,
1094 5431 1196 5484 iste
1251 5439 1332 5483 est
1369 5429 1461 5498 qui
1502 5425 1784 5495 pecuniam
1833 5426 1900 5479 dc
1945 5441 2073 5478 san-

566 5573 609 5602 ¹²
645 5571 682 5624 ll
715 5570 838 5624 Cur.
891 5586 950 5633 tt,
979 5569 1068 5622 13.
1149 5567 1192 5599 ¹³
1215 5564 1362 5620 Psal.
1405 5581 1601 5628 XXXIII,
1627 5563 1680 5618 9.

496 5641 537 5672 ¹⁸
563 5641 759 5694 Cenes.
789 5656 906 5694 xm.
985 5640 1027 5670 ¹⁹
1055 5638 1268 5694 Coloss.
1298 5654 1355 5706 tt,
1387 5638 1440 5692 5.

564 5755 675 5827 (Si)
707 5752 909 5827 Omnes
945 5766 1102 5814 mss.,
1140 5769 1159 5802 ι
1186 5760 1426 5827 ppertus
1478 5745 1776 5817 mysteriis.
1823 5764 1841 5797 ι
1906 5743 2064 5799 Libb.

491 5823 692 5886 eiti'ti,'i
733 5825 938 5891 apertis
975 5823 1268 5890 mysteriis.
1303 5841 1320 5872 ι

565 5885 902 5964 ιϐὗμὶιιιιιεδ
942 5885 1098 5958 tuss.,
1141 5913 1158 5943 ι
1197 5893 1485 5947 indicetur.
1523 5906 1540 5940 t
1577 5885 1905 5951 Libb.editi,
1940 5906 1955 5939 ι
1988 5887 2067 5941 itt-

1760 5563 1842 5616 “l
1875 5563 2030 5617 Joan.
2072 5579 2110 5627 ι,
2151 5562 2198 5615 ι.

2188 4683 2408 4738 divitias
2476 4697 2580 4734 non
2645 4695 2766 4734 esse
2809 4690 3026 4733 nostras
3076 4682 3339 4750 proprias,
3397 4682 3490 4736 sed
3536 4683 3762 4744 alienas.

2187 4778 2494 4831 Transeunt
2524 4774 2765 4835 enim,ct
2812 4772 2952 4824 sicut
2987 4777 3179 4826 umbra
3234 4785 3587 4842 przctcreunt.
3633 4774 3766 4829 Pro-

2185 4872 2312 4938 priae
2340 4884 2470 4921 vero
2508 4877 2633 4920 sunt
2679 4866 2780 4919 illa:
2845 4865 3071 4931 diVitiae,
3120 4867 3187 4921 de
3253 4868 3451 4936 quibus
3503 4870 3764 4939 propheta

2185 4966 2253 5019 ιιι.
2275 4966 2317 5017 it
2343 4963 2382 4992 ⁸⁷
2417 4979 2430 5014 :
2472 4978 2491 5012 ι
2532 4961 2596 5013 Et
2625 4961 2690 5014 ad
2724 4969 2776 5015 te
2801 4962 3145 5030 congregabo
3179 4961 3400 5016 divitias
3429 4966 3694 5032 gentium.
3738 4982 3759 5015 ι

2185 5054 2372 5109 Exhis
2427 5051 2661 5105 fortasse
2721 5050 2928 5104 divitiis
2959 5063 3014 5105 et
3070 5053 3345 5105 Abraham
3398 5053 3550 5107 dives
3582 5051 3763 5106 factus

2181 5156 2262 5201 est
2294 5143 2448 5196 valde
2487 5143 2540 5197 in
2585 5157 2743 5208 auro,
2777 5153 2830 5196 et
2873 5153 3122 5212 argento,
3159 5152 3213 5197 et
3273 5145 3563 5213 pecoribus
3599 5154 3765 5213 atque

2179 5240 2326 5293 omni
2362 5235 2717 5305 suppellectili
2759 5236 2822 5290 ¹⁸.
2877 5235 2967 5289 Vis
3007 5237 3098 5289 tibi
3132 5237 3416 5290 ostendam
3451 5252 3516 5290 ex
3563 5237 3766 5305 quibus

2183 5331 2453 5384 thesauris
2487 5330 2824 5382 descendant
2859 5329 2977 5382 ista:
3003 5328 3242 5382 divitiae?
3275 5329 3413 5381 Audi
3450 5328 3762 5396 apostolum

2182 5422 2404 5476 Paulum
2438 5421 2711 5473 dicentem
2741 5419 2805 5472 de
2841 5419 3068 5472 Domino
3101 5417 3227 5474 Jesu
3258 5421 3477 5474 Christo
3499 5421 3540 5452 ι’
3577 5437 3589 5472 :
3633 5439 3652 5472 ι
3703 5418 3763 5476 In

2276 5561 2318 5591 ’⁵
2355 5558 2652 5620 l’rov.xut,
2678 5555 2731 5609 8.
2813 5557 2856 5586 “‘
2894 5557 3021 5612 Luc.
3051 5572 3163 5622 χιι,
3201 5556 3284 5611 12.
3365 5558 3405 5588 ¹⁷
3436 5558 3578 5612 Zacb
3644 5572 3761 5615 xrv.

2179 5744 2470 5799 dicaretur.
2512 5757 2530 5791 ι

2249 5814 2362 5882 (86)
2393 5810 2574 5865 Codex
2627 5808 2912 5876 Sangt‘rm.
2943 5853 2956 5871 .
3021 5830 3036 5861 ι
3105 5812 3477 5882 palpaverunt.
3525 5829 3542 5862 ι
3599 5810 3758 5869 Libb.

2181 5885 2333 5946 editi,
2380 5901 2396 5933 ι
2439 5891 2940 5936 conttectavcrunt.
2972 5901 2988 5932 ι
