4110 6426
249 704 268 802 l

321 401 424 454 455

1483 388 1546 440 IN
1590 378 1967 439 LliViTlCUil
2012 377 2291 433 [IOMILIA
2326 378 2413 433 ιγ.

3478 376 3579 428 «454

319 531 428 586 quo
488 524 610 567 sunt
638 556 651 576 ,
704 513 913 581 inquit,
960 526 1151 566 omnes
1203 509 1441 565 thesauri
1503 508 1784 576 sapientiae
1850 512 1904 555 ct
1936 503 1975 553 Α
2007 498 2183 552 (ῘΙΙΙὶίὶυ
2215 500 2508 553 Dominicae
2551 513 2746 550 nomen
2783 506 2885 559 est,
2926 505 2979 550 rt
3019 496 3070 549 in
3114 496 3293 550 multis
3337 496 3583 562 Scriptu-

316 607 561 664 scieutiae
594 603 917 657 absconditi.
970 621 989 654 ι
1039 603 1142 657 Sed
1168 611 1220 656 et
1258 602 1309 654 in
1358 599 1661 666 Evangeliis
1720 597 1887 652 Domi-

318 716 422 754 nus
452 695 675 759 dicit”,
711 696 833 763 quia
863 696 1041 748 scriba
1084 694 1232 748 dives
1276 712 1293 744 ι
1329 692 1535 763 profert
1572 691 1636 743 de
1686 691 1902 743 thesau-

318 792 399 845 ris
426 788 539 842 suis
570 801 707 839 nova
735 795 789 837 et
818 794 1020 838 vetera.
1062 802 1080 834 ι
1120 783 1192 836 De
1228 782 1310 835 his
1349 790 1403 833 et
1434 778 1713 847 apostolus
1760 776 1900 829 Pau-

322 884 406 935 lus
432 879 565 934 dicit
588 879 655 943 “,
700 894 717 927 ι
757 875 881 944 quia
927 875 978 927 iu
1010 872 1263 925 onmibus
1293 871 1485 924 divites
1523 868 1648 922 facti
1680 866 1815 919 estis
1849 864 1898 916 iu

322 975 436 1039 illo,
470 974 523 1026 in
558 971 706 1025 omni
752 971 943 1031 verbo,
968 977 1019 1023 et
1055 966 1276 1021 inomni
1311 966 1564 1020 scientia.
1599 984 1616 1015 ι
1681 962 1756 1015 Ex
1818 961 1903 1013 his

318 1082 453 1135 ergo
476 1064 699 1124 divitiis,
725 1077 844 1130 quae
872 1061 940 1115 de
975 1060 1252 1114 thesauris
1278 1059 1556 1127 sapientiae
1584 1065 1637 1110 et
1663 1054 1903 1109 scientiae

322 1158 701 1229 proferuntur,
756 1154 1083 1207 mercandus
1124 1153 1277 1206 nobis
1323 1158 1406 1203 est
1444 1150 1547 1203 iste
1584 1148 1760 1210 aries,
1810 1145 1899 1215 qui

322 1248 513 1305 olferri
552 1246 750 1300 debeat
798 1260 894 1314 pro
951 1242 1190 1313 peccatis
1248 1240 1354 1295 illis
1402 1240 1609 1295 scilicet
1665 1252 1783 1306 quae
1848 1236 1899 1289 in

323 1344 515 1393 sancta
567 1332 859 1389 commissa
895 1341 1046 1398 sunt,
1088 1341 1138 1384 et
1195 1329 1315 1385 sicli
1355 1328 1527 1383 sancti
1575 1340 1900 1380 annumera-

324 1430 476 1485 tione
534 1425 881 1483 mercandus.
950 1424 1070 1479 Jam
1150 1422 1398 1492 superius
1458 1420 1695 1474 diximus
1761 1417 1903 1487 quod

322 1517 502 1573 omnis
558 1519 735 1572 hostia
804 1526 986 1586 Iypum
1038 1524 1193 1583 gerat
1245 1522 1298 1566 et
1357 1509 1646 1580 imaginem
1682 1507 1902 1571 Christi,

325 1610 496 1664 multo
556 1609 729 1677 magis
781 1608 948 1669 aries,
1007 1606 1096 1675 qui
1138 1612 1191 1658 et
1235 1619 1330 1673 pro
1380 1602 1532 1654 ls:tac
1573 1600 1843 1669 quondam
1877 1613 1903 1650 a

326 1703 439 1758 Deo
467 1702 797 1757 substitutus
856 1708 943 1754 est
996 1697 1360 1752 immolandus
1414 1694 1482 1747 ”.
1546 1692 1691 1747 Siclo
1742 1691 1908 1760 igitur

325 1806 519 1850 sancto
548 1792 949 1860 comparandus
990 1789 1148 1845 nobis
1182 1799 1266 1842 est
1299 1787 1575 1851 Christus,
1598 1786 1690 1854 qui
1719 1798 1908 1852 pecca-

2012 606 2193 644 rarum
2262 591 2435 656 locis,
2489 590 2720 644 diversis
2783 590 3200 659 appellationum
3267 591 3582 642 nominibus

2009 684 2237 753 pecunia
2319 682 2601 737 Dominica
2714 692 3073 735 memoratur.
3151 681 3257 737 Sed
3331 683 3581 751 quaedam

2010 775 2196 839 proba,
2229 775 2470 842 quaedam
2506 789 2635 827 vero
2691 777 2918 842 reproba
2956 774 3177 829 dicitur.
3220 774 3396 829 Proba
3461 784 3582 828 erat

2010 868 2096 921 illa
2140 867 2364 935 pecunia
2401 867 2466 930 “,
2509 882 2671 936 quam
2736 866 3128 935 paterfamilias
3176 882 3400 936 peregre
3458 885 3582 937 pro-

2011 960 2277 1025 fecturus,
2319 958 2528 1013 vocatis
2561 959 2737 1012 servis
2780 957 2895 1012 suis
2952 959 3106 1013 dedit
3147 961 3443 1029 unicuique
3497 974 3584 1013 se-

2011 1053 2247 1106 cundum
2307 1052 2563 1105 virtutem
2617 1066 2793 1106 suam.
2846 1053 3021 1107 Proba
3082 1061 3202 1107 erat
3249 1062 3305 1108 et
3366 1053 3451 1106 illa
3492 1068 3587 1122 pe-

2010 1144 2194 1205 cunia,
2248 1158 2367 1210 quae
2416 1143 2670 1198 denarius
2726 1145 3053 1207 nominatur,
3110 1146 3201 1214 qui
3277 1144 3587 1214 cum199

2014 1238 2367 1291 mercenariis
2424 1245 2615 1306 pactus
2685 1247 2807 1301 est,
2871 1250 2925 1292 et
2967 1254 2995 1290 a
3051 1239 3360 1293 novissimis
3428 1242 3586 1292 datus

2013 1338 2285 1397 estusque
2313 1331 2377 1383 ad
2400 1331 2625 1399 primos.
2657 1328 2809 1383 Scire
2842 1345 2973 1400 ergo
3004 1339 3055 1384 te
3087 1340 3321 1399 oportet,
3351 1331 3478 1400 quia
3506 1342 3591 1384 est

2014 1428 2067 1473 et
2089 1421 2191 1473 alia
2216 1422 2440 1488 pecunia
2468 1422 2718 1490 reproba.
2738 1423 2873 1475 Audi
2895 1422 3212 1491 prophetam
3236 1424 3502 1477 dicentem
3520 1424 3585 1478 "’t

2020 1518 2347 1586 «Argentum
2377 1525 2614 1570 vestrum
2646 1516 2988 1584 reprobuth
3022 1515 3155 1581 Quia
3180 1532 3309 1587 ergo
3335 1526 3417 1573 cst
3443 1533 3592 1586 quae-

2016 1609 2137 1663 dam
2198 1607 2401 1676 proba,
2472 1607 2718 1676 quaedam
2778 1624 2907 1663 vero
2962 1609 3233 1677 reproba,
3304 1621 3593 1679 propterea

2016 1698 2341 1768 Apostolus,
2386 1698 2531 1753 velut
2581 1699 2647 1752 ad
2697 1698 3004 1769 probabiles
3047 1702 3368 1768 trapezitas,
3423 1718 3593 1770 «pro-

2018 1793 2235 1855 bantes,
2272 1791 2447 1861 inquit
2480 1792 2544 1856 '3,
2580 1793 2778 1852 omnia,
2821 1792 2961 1859 quod
2998 1794 3198 1848 bonum
3236 1804 3318 1847 est
3343 1794 3594 1847 obtinen-

328 1896 384 1939 ta
415 1893 597 1939 nostra
660 1882 948 1937 dissolvat.
1004 1879 1185 1934 Sicllts
1249 1889 1474 1934 sanctus
1532 1878 1653 1932 ﬁdei
1715 1887 1911 1931 ηοειτέῐξ
1942 1861 1983 1915 Β
2018 1897 2145 1940 tes.»
2179 1885 2337 1940 Solus
2364 1887 2507 1941 enim
2542 1897 2624 1939 est
2650 1886 2909 1940 Dominus
2937 1896 3121 1941 uoster
3145 1886 3301 1942 Jesus
3322 1888 3591 1959 Christus,

328 1979 566 2032 formam
601 1984 765 2029 tenet.
808 1974 864 2028 Si
912 1974 1056 2027 enim
1100 1973 1263 2026 ﬁdem
1326 1972 1593 2027 obtuleris
1653 1981 1908 2039 tanquam

324 2070 591 2140 pretium,
622 2068 842 2123 Christo
877 2067 1025 2120 velut
1064 2067 1236 2120 ariete
1292 2065 1642 2120 immaculato
1699 2064 1750 2117 in
1816 2066 1914 2117 ho-

326 2164 490 2218 stiam
522 2162 648 2215 dato
677 2159 1056 2213 remissionem
1095 2158 1334 2228 accipies
1368 2168 1739 2227 peccatorum.
1773 2158 1913 2212 Sen-

332 2255 411 2307 tio
433 2253 574 2322 quod
615 2253 668 2306 in
699 2250 1045 2318 explanando
1075 2249 1217 2303 vires
1263 2260 1476 2305 nostras
1525 2250 1912 2320 mysteriorum

328 2354 555 2412 superat
614 2344 946 2413 magnitudo.
1016 2341 1123 2395 Sed
1180 2342 1427 2409 quamvis
1478 2357 1582 2395 non
1635 2340 1915 2394 valeamus

330 2445 527 2489 cuncta
557 2434 856 2497 disserere,
912 2444 1090 2488 tamen
1159 2433 1424 2488 sentimus
1464 2442 1661 2487 cuncta
1712 2432 1913 2502 repleta

329 2544 453 2581 esse
495 2529 788 2597 mysteriis.
825 2526 887 2580 Et
911 2528 1031 2581 ideo
1065 2526 1325 2581 studiosis
1369 2525 1674 2595 quibusque
1716 2525 1916 2578 indicia

332 2623 581 2689 posuisse
605 2621 855 2685 sufﬁciat,
888 2620 1084 2690 quibus
1114 2622 1337 2674 excitati
1385 2621 1451 2673 ad
1491 2619 1683 2673 altiora
1725 2622 1917 2673 horum

331 2725 390 2766 et
430 2716 783 2783 profundiora
820 2715 1160 2783 perveniant,
1192 2726 1246 2769 et
1289 2714 1591 2783 intelligant
1630 2730 1696 2767 ex
1721 2716 1919 2784 quibus

334 2805 415 2859 eis
436 2808 691 2876 gregibus
730 2816 1010 2876 quaeratur
1040 2808 1249 2863 vitulus
1273 2806 1339 2861 ad
1369 2807 1645 2871 hostiam,
1694 2822 1759 2859 ex
1803 2807 1922 2881 qui-

334 2894 436 2949 bus
490 2897 684 2949 ovibus
728 2899 871 2951 aries
920 2897 1290 2967 providendus
1317 2897 1409 2950 sit.
1474 2915 1494 2950 ι
1548 2897 1733 2951 Habeo
1775 2898 1919 2950 enim

335 2984 550 3057 (inquit
598 2988 756 3044 Jesus
786 2989 874 3057 “)
915 2997 969 3041 et
1009 2989 1143 3042 alias
1178 3004 1329 3055 oves,
1373 3004 1492 3055 quae
1540 3005 1645 3043 non
1695 2998 1822 3041 sunt
1859 2990 1924 3041 de

335 3078 438 3134 hoc
480 3081 636 3143 ovili,
669 3088 725 3132 et
787 3079 905 3132 illas
952 3076 1168 3145 oportet
1224 3094 1309 3132 me
1338 3078 1611 3132 adducere
1660 3094 1671 3128 :
1731 3091 1788 3133 ut
1830 3078 1926 3131 ﬁat

2013 1982 2105 2049 qui
2142 1991 2193 2035 te
2231 1979 2539 2049 huiusmodi
2590 1992 2758 2034 artem
2790 1980 2959 2050 possit
2990 1982 3248 2048 edocere,
3291 1999 3386 2052 per
3426 2001 3588 2053 quam

2015 2076 2157 2128 scias
2191 2075 2518 2139 discernere,
2568 2089 2687 2142 quae
2737 2075 2805 2127 sit
2850 2078 3098 2143 pecunia,
3145 2092 3267 2145 qua:
3296 2078 3405 2130 veri
3452 2082 3595 2145 regis

2018 2164 2308 2231 imaginem
2353 2173 2533 2228 tenet;
2582 2178 2702 2231 quae
2732 2178 2860 2217 vero
2899 2165 2970 2218 sit
3016 2165 3363 2229 adulterina,
3421 2177 3474 2222 et
3535 2180 3593 2221 ut

2018 2255 2174 2323 vulgo
2206 2256 2427 2319 dicitur,
2462 2265 2616 2309 extra
2650 2266 2922 2309 monetam
2963 2256 3217 2321 formata,
3248 2272 3366 2325 quae
3395 2275 3590 2313 nomen

2018 2347 2234 2416 quidem
2278 2347 2479 2402 habeat
2521 2348 2694 2415 regis,
2730 2348 3023 2400 veritatem
3055 2358 3233 2402 autem
3264 2350 3423 2419 regiae
3455 2351 3593 2419 ﬁgu—

2022 2451 2095 2490 rzu
2155 2452 2258 2490 non
2312 2446 2515 2491 teneat.
2560 2437 2708 2491 Multi
2774 2454 3009 2508 namque
3058 2449 3184 2493 sunt
3244 2443 3335 2509 qui
3393 2458 3590 2496 nomen

2020 2528 2222 2583 Christi
2262 2530 2481 2594 habent,
2534 2529 2629 2583 sed
2681 2532 2966 2585 veritatem
3000 2547 3103 2586 non
3136 2532 3332 2587 habent
3368 2533 3592 2589 Christi.

2023 2618 2091 2672 Et
2116 2627 2339 2689 propter
2371 2619 2473 2674 hoc
2499 2620 2629 2676 dicit
2657 2621 2935 2691 apostolus
2967 2622 3165 2679 Paulus
3203 2626 3246 2657 '9
3275 2644 3288 2679 :
3329 2645 3347 2678 ι
3372 2624 3598 2696 Oportet

2022 2711 2168 2765 enim
2220 2719 2273 2764 et
2324 2712 2562 2768 haereses
2601 2728 2759 2782 esse,
2814 2724 2869 2768 ut
2902 2716 3112 2785 probati
3155 2716 3423 2773 manifesti
3467 2719 3602 2773 liaut

2026 2802 2165 2856 inter
2209 2818 2322 2859 vos.
2356 2822 2374 2854 ι
2422 2804 2629 2859 IdcirCo
2673 2808 2837 2874 igitur
2870 2817 2924 2861 et
2964 2809 3014 2860 in
3061 2810 3316 2877 praesenti
3367 2810 3600 2865 lectione

2025 2891 2335 2961 legislator,
2373 2904 2518 2949 totus
2564 2896 2629 2949 ad
2670 2898 2958 2967 mysticum
2998 2908 3054 2950 et
3092 2898 3389 2967 spiritalem
3414 2901 3601 2969 .respi-

2026 2986 2177 3038 ciens
2223 2999 2461 3051 sensum,
2512 2986 2722 3039 addidit
2758 2997 2817 3041 ut
2866 2988 3009 3040 aries
3062 2987 3189 3051 iste,
3248 2988 3338 3056 qui
3387 2989 3457 3043 ob
3499 2988 3604 3043 hoc

2027 3085 2394 3143 comparatur,
2446 3085 2504 3130 ut
2554 3087 2834 3154 peccatum
2887 3079 3057 3146 possit
3109 3079 3433 3142 absolvere,
3492 3096 3598 3134 non

334 3187 478 3225 unus
518 3187 650 3241 grex
691 3179 746 3223 et
777 3184 919 3223 unus
953 3180 1161 3237 pastor.
1197 3188 1213 3220 ι
1264 3168 1454 3222 Sciant
1485 3169 1650 3222 etiam
1677 3169 1766 3222 ubi
1811 3180 1921 3222 tur-
1951 3191 1992 3247 ε
2029 3167 2395 3236 qualicunque
2422 3168 2585 3232 siclo,
2618 3168 2721 3224 hoc
2763 3179 2867 3233 est,
2905 3185 3009 3222 non
3046 3170 3407 3239 qualicunque
3439 3185 3602 3240 pecu-

336 3271 506 3325 tures,
548 3264 634 3315 ubi
665 3259 932 3313 columbae
961 3259 1300 3326 requirenda:
1349 3268 1494 3313 sunt.
1557 3277 1574 3310 t
1610 3257 1786 3325 Oculi,
1838 3263 1921 3313 iu-

335 3355 457 3422 quit
490 3354 556 3413 “,
591 3351 665 3404 ιιιί
696 3351 838 3403 sicut
864 3350 1128 3405 columbae
1159 3365 1326 3419 super
1362 3350 1725 3419 pleuitudiues
1748 3369 1913 3423 aqua-

340 3458 481 3493 rum.
523 3459 539 3491 ι
568 3443 649 3494 Ad
688 3456 949 3508 aquarum
1012 3457 1143 3510 ergo
1200 3441 1567 3511 plenitudiues
1628 3458 1923 3511 properan-

340 3532 467 3583 dum
496 3542 600 3595 est,
636 3532 688 3585 in
724 3531 809 3585 his
840 3532 982 3585 enim
1026 3548 1238 3601 sponsae
1293 3534 1624 3587 describitur
1680 3535 1920 3602 pulchri-

339 3624 490 3678 tudo.
523 3643 542 3675 ι
577 3626 641 3679 Ει
680 3623 901 3690 collum,
947 3624 1119 3693 inquit
1146 3627 1211 3691 ’⁵,
1258 3635 1407 3678 tuum
1441 3625 1581 3679 sicut
1606 3627 1856 3681 turturis.
1895 3648 1913 3679 ι

332 3716 392 3770 1η
454 3718 721 3771 columbis
758 3719 898 3771 oculi
944 3716 1326 3783 praedicantur.
1371 3718 1524 3785 Quod
1566 3722 1711 3775 enim
1759 3722 1919 3786 dixit,

338 3827 361 3862 ‹
401 3810 665 3866 columbae
703 3826 867 3880 super
890 3812 1258 3880 plenitudiues
1306 3829 1593 3882 aquarum,
1644 3833 1662 3865 ι
1738 3814 1919 3869 ferunt

334 3903 441 3958 hoc
469 3919 640 3973 genus
683 3904 824 3970 avis,
867 3920 991 3959 cum
1024 3907 1091 3959 ad
1134 3921 1311 3975 aquas
1344 3908 1597 3971 venerit,
1653 3907 1780 3977 quia
1846 3909 1919 3969 ibi

336 3996 479 4050 solet
518 3996 797 4065 accipitris
847 3996 1076 4051 insidias
1128 3999 1259 4067 pati,
1304 4000 1614 4052 venientem
1689 3999 1923 4066 desuper

334 4086 646 4154 inimicum,
684 4086 969 4140 volitantis
1000 4088 1189 4141 umbra
1229 4087 1387 4153 aquis
1422 4088 1663 4154 inspecta
1726 4087 1922 4153 depre-

335 4181 600 4244 hendere,
642 4190 697 4232 et
728 4177 1007 4233 oculorum
1050 4176 1390 4245 perspicacia
1425 4176 1668 4230 fraudem
1698 4175 1918 4245 periculi

336 4274 683 4327 imminentis
706 4272 962 4326 evadere.
1002 4270 1155 4335 Quod
1196 4270 1240 4324 si
1280 4279 1335 4322 et
1373 4279 1427 4323 tu
1491 4268 1564 4322 ita
1606 4268 1923 4337 prospicere

334 4364 584 4435 potueris
616 4363 844 4417 insidias
876 4361 1074 4416 diaboli
1110 4371 1163 4415 et
1191 4375 1410 4427 cavere,
1452 4359 1780 4414 sacriﬁcium
1816 4358 1922 4413 Deo

331 4457 622 4512 Columbas
655 4454 951 4509 obtuleris.
972 4452 1081 4506 Sed
1107 4462 1163 4507 et
1187 4452 1385 4521 quibus
1418 4453 1543 4506 talia
1586 4465 1731 4505 curae
1770 4459 1916 4516 sunt,

2029 3259 2138 3325 uia,
2195 3259 2288 3312 sed
2327 3258 2461 3314 siclo
2506 3270 2695 3313 sancto
2754 3270 3121 3329 comparetur.
3188 3259 3340 3326 Quod
3392 3262 3437 3315 si
3493 3277 3597 3315 nou

2030 3350 2352 3419 respiciebat
2386 3351 2453 3403 ad
2481 3352 2815 3420 mysterium,
2851 3352 2979 3420 quid
3019 3352 3245 3406 rationis
3284 3367 3405 3407 esse
3449 3355 3598 3409 vide-

2026 3445 2208 3508 batur,
2244 3455 2303 3496 ιιι
2347 3443 2491 3497 aries
2535 3452 2750 3511 emptus
2790 3442 3078 3496 olferretur
3130 3443 3196 3496 ad
3242 3444 3498 3509 hostiam,
3548 3455 3603 3497 et

2024 3545 2174 3590 certo
2211 3535 2433 3603 pretio?
2482 3542 2536 3588 et
2572 3549 2676 3588 non
2720 3533 2920 3589 sulﬁcit
2947 3550 3142 3588 nomen
3188 3536 3438 3601 pecuniae
3461 3537 3596 3591 siclo

2028 3627 2358 3691 nominasse,
2400 3629 2494 3682 sed
2541 3626 2750 3681 addidit
2794 3636 2850 3680 et
2899 3637 3089 3681 sancto
3143 3626 3317 3681 siclo?
3367 3628 3505 3695 Quid
3555 3630 3602 3683 si

2027 3720 2252 3774 haberet
2280 3717 2480 3786 aliquis
2510 3716 2560 3770 in
2598 3717 2855 3788 gregibus
2883 3718 2997 3771 suis
3030 3718 3229 3771 arietes
3260 3721 3495 3786 optimos
3546 3727 3603 3771 et

2026 3809 2225 3864 divinis
2270 3810 2554 3864 sacriliciis
2607 3808 2841 3878 dignos?
2887 3810 2995 3862 Aut
3023 3809 3150 3877 quiti
3194 3809 3240 3862 si
3283 3809 3477 3876 aliquis
3530 3810 3599 3861 ita

2025 3910 2419 3969 pauper-esset,
2455 3898 2726 3952 utsiclum
2761 3909 3007 3952 sanctum
3036 3897 3603 3969 haberenouposset?

2028 3991 2153 4045 llaec
2183 4001 2266 4044 est
2299 4007 2431 4059 ergo
2477 3989 2804 4060 legislatoris
2852 3990 3186 4055 moderatio,
3221 4001 3281 4045 ut
3326 3992 3428 4045 nisi
3474 3992 3602 4060 quis

2026 4083 2223 4137 habeat
2252 4095 2463 4137 certum
2498 4083 2742 4150 pecuniae
2772 4082 3011 4145 modum,
3045 4094 3326 4151 peccatum
3351 4083 3468 4151 ejus
3494 4100 3600 4137 non

2025 4177 2199 4243 possit
2256 4176 2504 4230 absolvi?
2548 4176 2701 4240 Quod
2756 4186 2941 4244 aperte
2995 4177 3292 4229 secundum
3363 4179 3601 4231 litteram

2026 4252 2238 4335 quidem
2296 4269 2507 4320 videtur
2557 4267 2895 4333 absurdum;
2953 4270 3248 4322 secundum
3305 4268 3600 4337 spiritalem

2028 4372 2154 4411 vero
2196 4357 2611 4424 intelligentiam
2656 4367 2864 4410 certum
2898 4366 2979 4411 est
3020 4357 3161 4427 quod
3219 4360 3601 4415 remissionem

2027 4461 2376 4518 peccatorum
2404 4450 2579 4505 nullus
2613 4450 2867 4518 accipiat,
2903 4453 3002 4506 nisi
3034 4452 3285 4507 detulerit
3314 4454 3603 4523 integram,

330 4547 472 4602 illud
510 4548 674 4601 etiam
714 4548 1018 4615 requirant,
1060 4558 1125 4597 ex
1179 4545 1376 4613 quibus
1413 4545 1493 4600 eis
1524 4544 1672 4615 agris
1741 4544 1915 4599 simila
1952 4527 1998 4585 D
2031 4544 2254 4615 probam
2296 4553 2350 4597 et
2373 4555 2617 4597 sanetam
2647 4544 2834 4606 ﬁdem,
2865 4559 3145 4614 perquam
3172 4547 3402 4600 mercari
3435 4550 3603 4617 possit

332 4641 501 4695 debet
559 4638 764 4697 oli'erri.
808 4638 916 4707 Ego
983 4641 1222 4697 arbitror
1261 4641 1404 4709 quod
1457 4654 1523 4694 ex
1572 4640 1722 4695 illius
1759 4648 1919 4695 terrae

330 4734 634 4805 segetibus,
705 4748 824 4801 quae
863 4732 994 4786 facit
1062 4732 1229 4787 alium
1293 4733 1649 4789 centesimum
1687 4776 1703 4800 ,
1752 4734 1918 4789 alium

334 4824 740 4893 sexagesimum
776 4862 791 4885 ,
836 4821 1000 4876 alittm
1044 4823 1377 4878 tricesimum
1415 4826 1670 4879 fructum.
1717 4824 1920 4895 Requi-

333 4930 469 4974 rant
493 4918 683 4981 etiam,
719 4917 845 4983 nisi,
876 4916 1159 4986 plusquam
1190 4916 1375 4981 debet,
1407 4920 1684 4973 curiosum
1728 4920 1916 4974 videa-

335 5017 459 5073 tur,
497 5008 695 5076 quibus
730 5007 1063 5063 molentibus
1127 5008 1306 5063 simila
1359 5007 1460 5062 ista
1531 5009 1596 5062 ad
1648 5009 1917 5064 sacriﬁcia

330 5108 698 5171 praeparetur.
738 5097 852 5155 Nec
897 5115 995 5154 eos
1057 5100 1225 5154 lateat
1277 5102 1411 5155 duas
1477 5114 1597 5155 esse
1636 5116 1766 5170 quae
1800 5117 1918 5157 mo-

332 5192 481 5256 lunt,
526 5206 758 5259 quarum
819 5207 925 5257 una
978 5199 1307 5254 assumetur,
1371 5202 1428 5246 et
1480 5192 1584 5245 alia
1651 5191 1923 5262 relinque-

332 5295 448 5339 tur.
492 5284 569 5339 Ex
622 5284 764 5338 illius
830 5299 960 5354 ergo
1006 5283 1144 5338 mola
1216 5298 1341 5352 quae
1403 5282 1724 5337 assumenda
1799 5293 1919 5350 est,

332 5376 577 5433 similam
616 5378 891 5445 oportebit
931 5376 1151 5432 oll'erre.
1210 5376 1317 5430 Sed
1358 5385 1413 5430 et
1449 5375 1615 5431 siclus
1670 5386 1919 5443 sanctus,

331 5470 434 5541 qui
473 5469 541 5524 ad
594 5469 782 5523 arietis
847 5470 1079 5538 pretium
1136 5468 1477 5522 necessarius
1551 5468 1771 5533 dicitur,
1800 5469 1922 5522 vide

336 5563 487 5617 unde
550 5570 605 5617 et
651 5562 923 5632 quomodo
989 5560 1389 5629 perquireudus
1456 5560 1547 5614 sit.
1598 5557 1773 5614 Siclus
1826 5575 1920 5629 pe-

410 5750 458 5781 ”
490 5748 680 5802 Matth.
720 5765 836 5811 xm,
868 5748 956 5803 52.

333 5821 385 5853 "
414 5820 604 5874 Matth.
637 5835 759 5873 xxv.
836 5821 881 5851 ⁸⁷
922 5818 1031 5875 Jer.
1076 5836 1148 5885 vn,
1190 5818 1279 5873 50.
1357 5817 1630 5876 "ITitCSS.
1665 5836 1713 5886 ν,
1760 5822 1848 5875 (21.

1057 5750 1099 5779 ἰ
1143 5748 1315 5805 lCnr.
1360 5764 1397 5807 ι,
1430 5748 1483 5801 :‘i.
1551 5751 1595 5781 υ
1625 5749 1821 5804 Cenes.
1860 5769 1991 5805 xxii.
2094 5751 2135 5781 ³³
2177 5750 2330 5803 Joau.
2374 5768 2384 5803 ι

1076 5836 1148 5875 γι.
1190 5818 1279 5873 50.
1357 5817 1630 5875 "lTltcss.
1665 5836 1713 5875 ν.
1760 5822 1848 5875 (21.
1930 5825 1970 5852 ²¹¹
2013 5820 2036 5875 ι
2074 5824 2190 5875 (Zur.
2240 5822 2384 5875 .xt.l!l

1930 5825 1970 5852 ²¹¹
2013 5824 2036 5875 ι
2074 5824 2190 5876 ’.ἷιιικ
2240 5824 2405 5881 .\I,l!l.

2031 4634 2294 4699 arietem;
2325 4634 2477 4702 cujus
2509 4644 2702 4689 natura
2746 4637 2860 4689 haec
2889 4648 2995 4701 est,
3027 4646 3083 4690 ut
3113 4650 3351 4707 peccata
3376 4640 3602 4695 creden-

2032 4727 2098 4780 tis
2140 4727 2438 4795 abstergat.
2469 4726 2533 4780 Et
2572 4728 2657 4780 hic
2687 4736 2773 4781 est
2795 4727 2959 4781 siclus
2988 4739 3230 4795 sanctus,
3266 4732 3511 4799 probata,
3546 4743 3607 4786 ut

2030 4819 2285 4882 diximus,
2315 4827 2369 4871 et
2409 4818 2622 4872 sincera
2660 4818 2813 4883 ﬁdes,
2855 4821 2905 4872 id
2947 4831 3070 4887 est,
3106 4821 3194 4875 ubi
3230 4822 3405 4875 nullus
3441 4825 3605 4891 perli-

2028 4911 2128 4965 diae
2174 4911 2348 4974 dolus,
2401 4910 2544 4965 nulla
2588 4911 2858 4964 haeretica:
2913 4911 3227 4968 calliditatis
3276 4916 3608 4982 perversitas

2030 5003 2381 5065 admiscetur,
2436 5014 2492 5057 ut
2536 5003 2803 5057 sinceram
2851 5002 3009 5057 ﬁdem
3052 5003 3340 5059 oll‘ereutes
3368 5008 3605 5074 pretioso

2027 5098 2230 5152 Christi
2290 5098 2597 5166 sanguine,
2661 5106 2918 5165 tauquam
2983 5097 3344 5153 immaculata:
3413 5101 3604 5154 hostiae

2029 5189 2318 5249 diluamur,
2368 5204 2462 5257 per
2513 5204 2674 5257 quem
2737 5199 2821 5243 est
2868 5188 2977 5244 Deo
3027 5188 3172 5243 Patri
3221 5190 3603 5257 omnipotenti.

2026 5298 2145 5334 cum
2185 5282 2389 5350 Spiritu
2421 5292 2642 5345 sancto,
2693 5281 2863 5352 gloria
2908 5294 2959 5337 et
2996 5283 3280 5352 imperium
3319 5284 3368 5335 in
3405 5282 3601 5335 Saecula

2026 5375 2372 5429 saeculorum.
2404 5376 2597 5429 Amen.

2611 5465 2891 5521 HOMILLA
2933 5465 3019 5520 IV.

2031 5562 2105 5615 De
2152 5578 2211 5613 eo
2258 5563 2398 5630 quod
2442 5562 2693 5627 scriptum
2725 5573 2798 5614 est
2829 5562 2871 5591 ³ο
2900 5580 2913 5614 :
2946 5580 2962 5611 t
2990 5558 3046 5613 Si
3072 5557 3359 5630 peccaverit
3398 5558 3604 5625 animo,

2094 5751 2135 5781 ³³
2177 5750 2330 5803 Joan.
2374 5767 2426 5810 κ,
2474 5748 2551 5802 l6.
2650 5749 2693 5778 "‘
2726 5748 2953 5805 Cant.v,
2999 5745 3082 5799 l2.
3164 5743 3208 5776 "
3231 5743 3387 5799 Cant.
3437 5761 3525 5798 HI.
3555 5749 3584 5797 Α

2487 5820 2526 5850 ³ο
2581 5818 2751 5874 chit.
2799 5833 2870 5875 vt,
2913 5817 2971 5868 '2.
