4110 6408
468 350 573 406 455

1975 344 2297 403 ORIGENIS

3649 339 3757 396 438

542 484 591 526 et
651 470 953 539 prrrteriens
1015 467 1327 536 prwtcrierit
1386 476 1647 534 pra'cepta
1701 466 1960 534 Domini,
2014 480 2060 523 et
2092 474 2138 531 Α
2171 471 2345 535 Absit,
2384 468 2547 533 absit,
2588 467 2839 537 inquam,
2904 475 2963 520 ut
2992 466 3113 521 haec
3148 479 3250 534 ego
3292 464 3358 519 de
3399 463 3581 532 aliquo
3629 466 3759 516 tide-

541 538 826 595 ntcntietur
865 542 1106 609 proximo
1138 555 1236 592 suo
1264 554 1422 605 super
1449 538 1687 606 deposito
1708 579 1723 606 ,
1768 549 1858 593 aut
1898 542 2061 594 sacie-

546 625 670 672 lute,
704 632 721 662 ι
786 623 832 665 et
882 622 1097 664 cwlera.

542 727 592 778 ι.
640 724 695 776 Si
747 722 1046 776 secundum
1116 719 1315 775 divina:
1377 719 1513 790 legis
1563 720 1722 775 ﬁdem
1777 721 1893 775 haec
1942 736 2063 789 quae

470 824 724 885 teguntur
790 814 968 878 nobis,
1026 813 1294 868 Dominus
1328 813 1545 867 locutus
1582 824 1664 866 est
1712 814 1779 866 ad
1818 813 2059 884 Moysen,

468 921 599 978 puto
638 908 781 980 quod
817 918 1077 977 tanquam
1110 907 1203 962 Dei
1241 907 1404 963 verba
1452 922 1556 961 non
1595 908 1830 961 debeant
1862 922 2062 963 secun-

468 1012 596 1055 dum
673 1000 1100 1069 incapacitatem
1163 998 1544 1060 audientium,
1601 997 1695 1051 sed
1765 998 2060 1052 secundum

474 1093 817 1161 tuajcstatent
844 1090 1115 1160 loquentis
1143 1089 1391 1159 intelligi.
1426 1108 1443 1138 ι
1475 1088 1756 1152 Dominus,
1785 1090 1963 1157 inquit
1993 1089 2059 1154 ",

472 1186 683 1239 luctlltts
731 1193 834 1237 est.
867 1203 884 1233 ι
939 1181 1079 1248 Quid
1134 1191 1219 1235 est
1259 1180 1565 1235 Dominus?
1624 1182 1915 1250 Apostolus
1966 1182 2059 1235 tibi

474 1276 821 1345 respondeat,
856 1284 909 1329 et
939 1274 1005 1329 ab
1028 1274 1144 1346 ipso
1176 1274 1330 1329 disce
1359 1275 1503 1344 quod
1565 1294 1582 1325 ι
1611 1274 1871 1329 Dominus
1904 1274 2063 1343 spiri-

474 1380 558 1421 tus
596 1378 678 1421 est
718 1368 781 1424 δ’.
810 1386 827 1418 ι
857 1367 1009 1434 Quod
1042 1368 1085 1422 si
1138 1368 1233 1421 tibi
1265 1366 1511 1437 Apostoli
1550 1382 1729 1421 sermo
1766 1382 1871 1420 non
1910 1364 2061 1420 solii-

469 1461 563 1522 cit,
617 1460 742 1514 audi
797 1461 971 1525 ipsum
1022 1460 1310 1513 Dominum
1358 1459 1409 1513 in
1465 1461 1770 1528 Evangeliis
1832 1462 2061 1528 loquen-

473 1567 577 1607 tem
618 1552 686 1616 ³³,
718 1553 843 1621 quia
884 1571 901 1602 ι
934 1551 1075 1606 Deus
1106 1550 1335 1620 Spiritus
1369 1560 1471 1605 est.
1516 1570 1534 1602 ι
1592 1550 1647 1605 Si
1696 1566 1827 1621 ergo
1865 1561 1920 1605 et
1967 1551 2063 1606 Do-

472 1647 679 1709 minus,
717 1656 770 1699 et
815 1646 954 1698 Deus
991 1628 1219 1714 spiritus
1248 1652 1352 1710 est,
1390 1659 1510 1713 qua:
1551 1646 1776 1713 spiritus
1821 1645 2062 1715 loquitur

468 1738 790 1805 spiritaliter
831 1736 1090 1790 debemus
1133 1738 1344 1791 audire.
1386 1734 1499 1808 Ego
1530 1737 1710 1791 adhuc
1743 1749 1796 1793 et
1825 1739 2061 1806 amplius

2168 563 2298 616 lium
2332 560 2593 616 sentiam.
2623 556 2979 613 Conlidenter
3008 571 3144 627 ergo
3173 557 3241 611 de
3270 556 3425 610 vobis
3454 556 3598 619 dico,
3627 554 3755 622 quia

2166 671 2263 711 vos
2318 670 2427 709 non
2480 654 2554 707 ita
2591 651 2861 706 didicistis
2893 649 3208 715 Christum,
3248 660 3426 717 neque
3481 646 3554 700 ita
3608 646 3753 700 docti

2165 746 2320 806 estis,
2350 744 2445 798 sed
2504 758 2681 812 neque
2729 742 2812 795 lex
2846 740 2959 809 ipsa
2996 741 3108 792 inec
3150 738 3355 791 sanctis
3398 746 3454 790 et
3504 735 3755 790 ﬁdelibus

2166 836 2434 905 przecipit.
2486 833 2583 889 Vis
2627 834 2770 887 scire
2793 871 2808 895 ,
2836 832 2964 901 quia
2998 846 3104 883 non
3146 829 3212 882 ad
3244 837 3466 883 sanctos
3490 836 3548 882 et
3575 826 3756 895 justus

2168 929 2269 983 ista
2305 927 2604 982 dicantur?
2636 925 2775 981 Audi
2803 922 3123 993 Apostolnm
3151 923 3252 975 ista
3285 920 3752 990 distinguentem:

2173 1038 2191 1070 ι
2230 1017 2407 1082 Justo,
2444 1017 2623 1085 inquit
2663 1018 2727 1079 ³⁸,
2786 1016 2872 1069 lex
2912 1031 3020 1069 non
3064 1022 3147 1068 cst
3187 1012 3385 1082 posita,
3443 1012 3607 1082 200
3657 1012 3757 1067 sed

2167 1111 2407 1180 injustis,
2441 1119 2497 1164 et
2530 1124 2636 1163 non
2672 1108 2908 1163 subditis
2930 1148 2947 1174 ,
2980 1106 3226 1161 scelestis
3259 1116 3312 1161 et
3348 1104 3756 1168 contaminatis.

2168 1203 2476 1271 patricidis,
2524 1200 2848 1264 matricidis,
2880 1218 2897 1251 ι
2944 1207 2999 1254 et
3037 1200 3231 1253 horum
3265 1197 3564 1251 similibus.
3610 1195 3755 1263 Quia

2165 1309 2296 1363 ergo
2352 1292 2667 1363 huiusmodi
2714 1289 3031 1345 hominibus
3078 1289 3370 1356 Apostolus
3418 1290 3588 1356 legem
3625 1286 3759 1339 dicit

2168 1382 2500 1449 impositam,
2546 1381 2787 1436 Ecclesia
2818 1379 2936 1444 Dei,
2986 1394 3150 1448 quam
3178 1379 3325 1433 absit
3352 1378 3404 1430 iu
3439 1376 3753 1444 hujusmodi

2170 1474 2510 1529 facinoribus
2546 1473 2836 1535 maculari,
2870 1472 3063 1527 relicta
3099 1471 3221 1525 aliis
3252 1470 3431 1525 littera
3460 1509 3475 1534 ,
3505 1469 3759 1523 sanctius

2166 1568 2467 1621 mdilicctur
2504 1582 2532 1619 a
2570 1566 2784 1635 spiritu.

2236 1743 2293 1797 3.
2342 1743 2637 1797 Videamus
2682 1742 2865 1811 itaque
2896 1755 3041 1795 nunc
3103 1742 3247 1810 quod
3300 1751 3381 1795 est
3421 1739 3757 1808 depositum,

467 1828 670 1895 aliquid
703 1828 855 1889 dico,
893 1828 1018 1896 quia
1048 1842 1169 1896 qua:
1205 1826 1469 1883 Dominus
1497 1828 1762 1897 loquitur,
1808 1845 1915 1882 non
1950 1830 2055 1898 spi-
2094 1832 2133 1887 Β
2164 1836 2308 1904 quod
2342 1835 2578 1889 ﬁdelium
2606 1833 2983 1902 unusquisque
3012 1832 3277 1901 suscepit.
3311 1832 3423 1902 Ego
3447 1840 3577 1901 puto
3608 1833 3755 1900 quod

468 1921 646 1974 uitalia
683 1930 891 1974 tantum
919 1960 934 1984 ,
964 1920 1056 1975 sed
1097 1928 1152 1975 et
1196 1921 1421 1990 spiritus
1449 1936 1571 1977 esse
1602 1922 1873 1975 credenda
1907 1932 2053 1977 sunt.

468 2018 583 2072 Non
615 2034 734 2073 meo
765 2034 930 2074 sensu
964 2020 1112 2085 haec,
1149 2020 1241 2075 sed
1274 2020 1339 2073 de
1382 2019 1691 2089 Evangeliis
1722 2020 2055 2088 approbabo.

467 2108 602 2162 Audi
638 2108 925 2164 Dominum
969 2119 1023 2166 et
1056 2109 1399 2165 Salvatorem
1442 2122 1691 2165 nostrum
1721 2113 1788 2165 ad
1820 2112 2058 2181 discipu-

468 2201 550 2254 los
603 2218 733 2259 suos
785 2204 1054 2258 dicentem
1107 2202 1193 2255 3”:
1234 2222 1252 2255 ι
1299 2203 1473 2259 Verba
1507 2219 1630 2273 qua:
1677 2204 1890 2258 locutus
1934 2220 2054 2257 sum

470 2297 641 2358 vobis,
682 2297 912 2366 spiritus
938 2306 995 2351 et
1023 2296 1134 2350 vita
1171 2307 1321 2351 sunt.
1356 2316 1375 2349 ι
1426 2297 1482 2351 Si
1519 2313 1647 2367 ergo
1675 2299 1842 2368 ipsius
1869 2297 2056 2353 Salva-

471 2389 603 2443 toris
644 2404 778 2444 voce
828 2390 1153 2453 didicimus,
1190 2391 1315 2458 quia
1349 2390 1513 2444 verba
1565 2406 1686 2459 quae
1735 2392 1947 2445 locutus
1975 2403 2058 2446 est

471 2479 751 2549 apostolis,
786 2480 1014 2550 spiritus
1037 2480 1217 2534 etvita
1239 2488 1390 2541 Slllll,
1426 2493 1771 2546 nequaquam
1806 2478 2057 2532 dubitare

467 2570 749 2635 debemus,
777 2573 920 2639 quod
950 2574 1112 2625 etiam
1151 2586 1270 2640 qua:
1313 2585 1410 2637 per
1442 2569 1663 2639 Moyeeu
1705 2570 1917 2624 locutus
1945 2580 2047 2633 est,

467 2662 691 2728 spiritus
729 2670 783 2715 et
822 2661 929 2714 vita
963 2662 1234 2716 credenda
1268 2661 1397 2715 sint.

537 2775 592 2828 2.
638 2774 741 2829 Sed
767 2776 1050 2830 videamus
1075 2791 1195 2845 qua:
1225 2778 1368 2839 sint,
1412 2777 1477 2830 de
1505 2777 1701 2844 quibus
1730 2791 1871 2830 nunc
1894 2785 2053 2847 prout

469 2882 776 2932 possumus,
812 2867 994 2937 aliqua
1023 2867 1206 2923 dicere
1252 2868 1538 2922 debemus.
1576 2886 1594 2919 ι
1616 2868 1689 2923 Ει
1712 2867 1924 2923 locutus
1948 2880 2051 2937 est,

468 2957 645 3026 inquit
675 2957 741 3022 ³⁵,
778 2958 1041 3013 Dominus
1068 2960 1135 3012 ad
1172 2957 1418 3029 Moysen,
1448 2958 1658 3023 dicens,
1682 2962 1872 3013 Anima
1905 2975 2052 3029 quaa-

467 3069 679 3123 runquc
706 3056 1039 3123 peccaverit,
1081 3063 1135 3108 et
1185 3055 1507 3123 praeteriens
1542 3055 1871 3123 prmterierit
1908 3069 2049 3120 prae-

2162 1938 2215 1981 et
2271 1928 2441 1996 ipsam
2496 1927 2734 1980 animam
2772 1935 3043 1989 nostram,
3085 1934 3139 1978 et
3188 1939 3394 1993 corpus
3444 1925 3755 1992 depositqu

2163 2021 2475 2088 accepimus
2508 2033 2537 2071 a
2565 2018 2699 2072 Deo.
2731 2018 2797 2072 Et
2826 2018 2907 2071 vis
2943 2017 3132 2071 videre
3159 2016 3333 2085 majus
3361 2017 3515 2070 aliud
3538 2017 3755 2086 deposi-

2163 2122 2295 2177 tum,
2323 2112 2465 2179 quod
2496 2110 2752 2180 accepisti
2792 2125 2824 2164 a
2865 2110 3020 2165 Deo?
3075 2108 3176 2179 Ipsi
3235 2110 3433 2163 auium
3470 2119 3577 2165 tua:
3599 2114 3751 2178 Deus

2164 2205 2457 2275 imaginem
2522 2218 2681 2257 suam
2737 2212 2795 2257 ct
2849 2202 3261 2257 similitudinem
3324 2203 3751 2257 commendavit.

2164 2296 2307 2349 Istud
2337 2310 2467 2365 ergo
2500 2296 2805 2364 depositum
2828 2333 2842 2361 ,
2874 2305 2982 2349 tam
3020 2295 3291 2363 integrum
3328 2294 3426 2349 tibi
3461 2296 3753 2349 restituens

2160 2390 2285 2443 dum
2308 2398 2393 2444 est
2420 2388 2554 2461 (89),
2589 2405 2752 2459 quam
2792 2406 2820 2442 ει
2850 2398 2902 2443 te
2932 2398 3150 2442 constat
3176 2403 3299 2442 esse
3323 2399 3658 2457 susceptum.
3690 2387 3749 2442 Si

2160 2483 2305 2535 enim
2331 2483 2406 2537 sis
2436 2484 2771 2547 misericors,
2800 2484 2945 2539 sicut
2974 2483 3139 2537 Pater
3169 2493 3295 2537 tuus
3323 2482 3375 2535 in
3407 2481 3563 2536 oculis
3589 2482 3753 2538 mise-

2163 2576 2339 2630 ricors
2376 2585 2486 2639 est,
2532 2578 2712 2646 imago
2748 2578 2841 2631 Dei
2880 2578 2934 2631 in
2972 2587 3023 2632 te
3051 2586 3168 2644 est,
3200 2587 3253 2631 et
3286 2576 3556 2643 integrum
3586 2577 3755 2645 depo-

2160 2669 2325 2723 situm
2357 2684 2567 2724 sertas.
2621 2669 2675 2724 Si
2727 2670 3001 2739 perfectus
3026 2684 3107 2735 es,
3144 2668 3291 2723 sicut
3327 2665 3489 2720 Pater
3532 2677 3658 2724 tuus
3696 2671 3750 2724 in

2158 2760 2315 2815 cadis
2349 2761 2625 2830 perfectus
2664 2772 2785 2827 est,
2825 2761 3081 2831 imaginis
3126 2761 3220 2817 Dei
3264 2763 3318 2817 in
3357 2774 3410 2820 te
3446 2764 3750 2832 depositum

2161 2863 2366 2907 manet.
2394 2852 2663 2909 Similiter
2691 2864 2745 2910 et
2776 2864 2974 2909 caetera
3006 2858 3190 2912 omnia
3214 2898 3229 2923 ,
3258 2858 3305 2913 si
3335 2857 3477 2926 pius,
3504 2856 3548 2911 si
3571 2855 3753 2923 justus

2159 2962 2241 3010 es,
2274 2949 2315 3001 si
2358 2958 2605 3015 sanctus,
2639 2949 2682 3003 si
2712 2950 2949 3005 mundus
2987 2952 3196 3017 corde;
3236 2962 3288 3007 et
3337 2951 3518 3004 omnia
3552 2963 3671 3019 quae
3697 2946 3753 3002 in

2165 3043 2274 3097 Deo
2317 3054 2513 3111 praesto
2560 3051 2686 3096 sunt
2730 3058 2829 3111 per
2858 3053 3137 3108 naturam,
3176 3045 3218 3099 si
3266 3046 3364 3099 tibi
3412 3058 3509 3114 per
3570 3041 3752 3097 imita-

466 3154 622 3211 cepta
656 3143 890 3209 Domini,
920 3154 973 3198 et
1002 3146 1292 3199 mentietur
1312 3148 1565 3213 proximo
1590 3162 1755 3215 super
1778 3147 2048 3216 deposito,

2165 3136 2364 3189 tionem
2445 3135 2802 3197 subsistant,
2872 3136 3180 3204 depositum
3245 3138 3386 3204 apttd
3452 3147 3505 3191 te
3559 3136 3755 3191 divina

467 3248 557 3290 aut
596 3237 878 3303 societate,
905 3249 1001 3292 aut
1026 3240 1214 3306 rapina
1243 3256 1255 3291 :
1287 3250 1384 3293 aut
1416 3240 1599 3293 noruit
1633 3239 1835 3309 aliquid
1873 3243 2057 3309 proxi-

469 3344 579 3393 nto,
628 3339 723 3383 aut
763 3330 974 3383 invenit
1009 3331 1399 3398 perditionem,
1453 3340 1507 3385 et
1537 3332 1834 3385 mentietur
1870 3335 1936 3388 de
1964 3348 2055 3399 ea,

469 3432 563 3473 aut
592 3421 859 3486 juraverit
894 3421 1079 3490 inique
1124 3422 1190 3475 de
1240 3438 1348 3474 uno
1397 3423 1463 3475 ab
1500 3421 1754 3476 omnibus
1799 3437 2058 3491 quincun-

471 3528 576 3578 que
630 3510 823 3565 fecerit
869 3513 1056 3577 homo,
1105 3523 1162 3565 ιιι
1203 3522 1397 3581 peccet
1440 3511 1493 3565 iu
1548 3514 1629 3567 his
1662 3532 1673 3565 :
1704 3522 1760 3567 et
1799 3514 1905 3567 erit
1934 3528 2053 3567 cum

473 3608 803 3672 pct'cgivvt‘il,
834 3619 887 3660 et
928 3606 1245 3676 deliquerit,
1287 3615 1344 3660 et
1387 3607 1578 3661 reddet
1612 3611 1859 3676 rapinam
1890 3623 2054 3677 quam

472 3699 671 3767 rapuit,
723 3708 817 3751 aut
864 3697 1123 3763 iniuriam
1179 3712 1283 3764 qua
1342 3700 1549 3763 nocuit,
1611 3706 1705 3751 aut
1749 3698 2053 3767 depositum

466 3792 609 3859 quod
650 3788 1090 3844 commemlatum
1138 3787 1250 3859 (87)
1281 3799 1365 3843 est
1388 3791 1477 3855 ei,
1532 3799 1629 3843 aut
1668 3790 2053 3858 perditionem,

469 3902 629 3951 quam
663 3885 861 3937 invenit
883 3882 951 3936 ab
978 3882 1125 3937 omni
1156 3898 1233 3945 re,
1262 3897 1362 3952 pro
1385 3898 1490 3953 qua
1528 3883 1803 3950 juraverit
1837 3884 2054 3952 injuste,

470 3989 523 4028 et
561 3976 811 4029 restituet
842 3975 1015 4044 ipsum
1062 3984 1244 4044 caput,
1284 3986 1338 4030 et
1377 3976 1599 4045 quiutas
1630 3977 1855 4046 insuper
1888 3993 2057 4048 auge-

476 4068 570 4127 bit,
605 4078 655 4121 et
684 4066 835 4131 cujus
855 4077 937 4120 est
965 4068 1012 4121 ei
1044 4066 1254 4131 reddet,
1279 4082 1381 4136 qua
1407 4068 1495 4121 die
1521 4068 1807 4122 convictus
1833 4067 2050 4123 fuerit.»

474 4160 764 4225 llucusquc
798 4159 1013 4212 interitu
1054 4159 1164 4230 (88)
1200 4160 1405 4227 peccati
1442 4159 1651 4226 species
1686 4171 2052 4229 exponuntur,

468 4263 649 4319 postea
701 4268 829 4305 vero
870 4252 1122 4320 purgatio
1172 4252 1289 4319 ejus
1339 4266 1436 4319 per
1487 4249 1693 4305 hostias
1726 4251 2050 4320 imperatur.

467 4347 522 4399 Si
580 4345 674 4415 qui
745 4345 942 4399 inﬁrmi
1017 4353 1145 4399 sunt
1196 4355 1252 4399 et
1309 4344 1601 4414 incapaces
1676 4342 2055 4412 profundioris

467 4440 735 4507 mysterii,
778 4439 1117 4492 zediﬁcentur
1149 4451 1217 4491 ex
1249 4436 1460 4499 littera,
1509 4445 1565 4491 et
1597 4437 1780 4490 sciant
1832 4438 1963 4506 quia
2006 4440 2051 4492 si

2164 3227 2417 3295 imaginis
2468 3226 2675 3281 salvum
2734 3236 2839 3281 est.
2880 3224 2938 3280 Si
2987 3242 3116 3282 vero
3142 3228 3454 3282 econtrario
3491 3242 3648 3298 agas,
3698 3236 3756 3282 et

2162 3335 2261 3388 pro
2320 3318 2677 3373 miscricorde
2731 3322 2994 3384 crudelis,
3053 3335 3153 3390 pro
3209 3322 3301 3390 pio
3362 3320 3593 3387 impius,
3655 3334 3755 3388 pro

2160 3410 2400 3480 benigno
2457 3408 2754 3475 violentus,
2816 3425 2917 3481 pro
2976 3411 3161 3480 quieto
3211 3411 3593 3475 turbulentus,
3656 3426 3756 3479 pro

2160 3500 2370 3556 liberali
2423 3511 2612 3570 raptor
2644 3504 2907 3567 exsistas,
2942 3504 3155 3573 abiecta
3206 3504 3442 3574 imagine
3478 3503 3603 3567 Dei,
3637 3503 3755 3557 dia-

2160 3594 2267 3649 boli
2304 3595 2359 3649 in
2419 3604 2469 3649 te
2508 3595 2803 3665 imaginem
2850 3598 3175 3666 suscepisti,
3220 3610 3273 3652 et
3304 3598 3504 3651 bonmu
3537 3598 3755 3668 deposi-

2164 3696 2276 3741 tum
2329 3687 2426 3742 tibi
2477 3688 2741 3744 divinitus
2792 3694 3237 3745 commendatum
3287 3690 3589 3760 abnegasti.
3646 3690 3753 3742 Ant

2162 3794 2266 3833 non
2295 3781 2400 3835 hoc
2432 3789 2554 3835 erat
2603 3783 2749 3852 quod
2799 3783 2902 3838 sub
2938 3784 3200 3853 mysterio
3251 3783 3543 3854 Apostolus
3578 3782 3755 3836 electo

2162 3871 2427 3941 discipulo
2454 3875 2753 3929 mandabat
2784 3874 3097 3938 Timotheo,
3133 3876 3324 3931 dicens
3353 3877 3397 3907 ³⁷
3441 3894 3455 3930 z
3500 3875 3547 3931 Ο
3570 3874 3755 3930 Timo-

2167 3961 2313 4029 thec,
2344 3981 2362 4014 ι
2396 3965 2594 4018 bonum
2626 3966 2933 4036 depositum
2963 3967 3200 4022 custodi.
3238 3986 3256 4020 ι
3296 3968 3405 4038 Ego
3427 3968 3593 4022 etiam
3626 3967 3754 4021 illud

2161 4055 2324 4125 addo,
2348 4057 2493 4126 quod
2526 4068 2578 4112 et
2609 4058 2895 4114 Christum
2925 4060 3211 4115 Dominum
3238 4062 3539 4130 depositum
3568 4076 3755 4116 susce-

2161 4150 2364 4218 pimus,
2408 4158 2462 4205 et
2502 4161 2751 4206 sanctum
2800 4153 3065 4221 Spiritum
3120 4154 3425 4223 depositum
3470 4154 3750 4207 habemus.

2163 4243 2464 4297 Videndum
2508 4259 2641 4315 ergo
2675 4247 2832 4301 nobis
2864 4256 2947 4301 est
2972 4287 2987 4311 ,
3031 4261 3097 4300 ne
3136 4249 3238 4301 hoc
3273 4254 3465 4299 sancto
3509 4246 3755 4315 deposito

2160 4352 2265 4391 non
2296 4348 2487 4393 sancte
2525 4351 2746 4393 utamur
2769 4380 2784 4405 ,
2816 4350 2871 4394 et
2905 4356 3029 4394 cum
3070 4354 3170 4393 nos
3215 4340 3265 4392 in
3300 4353 3632 4394 consensum
3670 4340 3753 4392 sui

2156 4439 2381 4498 peccata
2435 4431 2771 4497 sollicitant,
2819 4431 3070 4498 iuremus
3125 4446 3224 4484 nos
3278 4444 3385 4483 non
3439 4432 3755 4498 suscepisse

466 4531 590 4594 quis
651 4530 965 4594 prmtcriens
1001 4528 1331 4597 praeterierit
1388 4536 1660 4596 praecepta
1716 4528 1951 4595 Domini,
2001 4541 2053 4584 et
2089 4523 2132 4580 D
2163 4525 2488 4593 depositum.
2556 4525 2711 4590 Quod
2778 4523 2971 4591 utique
3008 4521 3054 4574 si
3118 4521 3418 4575 habeamus
3469 4522 3521 4575 in
3574 4522 3749 4587 nobis,

471 4618 728 4672 nwntitus
766 4617 935 4672 fuerit
969 4620 1220 4685 proximo
1251 4632 1413 4686 super
1446 4618 1715 4686 deposito,
1750 4630 1842 4673 aut
1877 4621 2054 4675 socie-

469 4717 601 4771 Iatc,
654 4714 745 4760 aut
797 4708 1009 4775 rapina,
1064 4708 1272 4775 peccati
1322 4708 1557 4774 ingentis
1587 4720 1860 4765 statuetur
1905 4727 2047 4767 rcus.

467 4801 574 4853 Sed
608 4802 749 4854 absit
774 4801 879 4854 hoc
904 4800 973 4855 ab
1000 4800 1242 4855 Ecclesia
1281 4799 1398 4862 Dei,
1440 4808 1497 4853 ut
1533 4814 1633 4871 ego
1666 4802 1888 4855 credam
1932 4817 2054 4855 esse

467 4894 704 4961 aliquem
745 4895 796 4947 in
836 4902 982 4947 cmtu
1014 4894 1117 4947 isto
1168 4901 1507 4955 sanctorum,
1533 4893 1709 4962 quise
1738 4902 1847 4946 tam
1873 4892 2053 4947 infelio

465 4989 604 5040 ('ilcr
641 4996 788 5057 agat,
838 4998 897 5041 ut
950 4987 1257 5057 depositum
1288 4986 1523 5053 proximi
1573 4986 1659 5040 sui
1705 4994 1905 5056 neget,
1957 4995 2054 5040 aut

463 5083 782 5136 societatem
820 5080 1010 5134 fraude
1040 5080 1413 5145 contaminet,
1454 5077 1663 5133 autch
1705 5078 1820 5147 ipse
1868 5078 2048 5131 aliena

464 5174 712 5244 diripiat,
744 5185 836 5227 aut
864 5174 932 5229 ab
964 5172 1087 5229 aliis
1119 5182 1273 5243 rapta
1307 5171 1593 5241 suscipiat,
1646 5180 1702 5225 et
1732 5185 1832 5240 pro
1875 5170 1959 5224 his
2004 5172 2048 5225 si

462 5270 530 5322 ab
588 5285 655 5322 eo
725 5268 1097 5336 requirantur,
1150 5274 1344 5321 contra
1405 5264 1805 5321 conscientiam
1876 5264 2048 5332 juret.

418 5485 499 5536 ,τ’
534 5456 586 5536 ⁸.ίῂ
618 5457 749 5536 ιιιιιι.
793 5458 838 5511 l.
895 5458 962 5536 _’_’
986 5454 1026 5511 ll
1072 5455 1196 5511 Cor.
1232 5471 1311 5521 ιιι,
1348 5452 1434 5510 l7.
1512 5454 1557 5487 ³³
1583 5452 1741 5509 Joan.
1783 5468 1858 5518 tv,
1890 5453 1982 5509 24.

463 5528 499 5555 ³⁷
551 5528 588 5579 ll
631 5529 771 5581 Tim.
812 5546 848 5591 ι,
893 5530 974 5583 Μ.

540 5670 650 5739 (δῖ)
709 5672 912 5728 Omnes
973 5674 1365 5743 manuscripti,
1441 5691 1459 5724 ι
1509 5672 1972 5728 commendatum.
2022 5690 2039 5722 ›

465 5738 777 5795 Libinediti
805 5783 819 5805 ,
875 5762 891 5793 ι
927 5738 1355 5799 commodatum.
1400 5762 1419 5795 ι

537 5813 647 5882 ιὸὃ)
681 5812 834 5866 Libb.
884 5816 1038 5879 cditi,
1094 5816 1310 5878 teuim,
1348 5834 1362 5867 ι
1407 5824 1456 5868 ct
1516 5814 1678 5884 paulo
1715 5822 1856 5882 post,
1908 5811 2045 5864 tsed

2060 5452 2104 5484 δε
2133 5450 2290 5507 Joau.
2322 5463 2393 5512 vt,
2440 5446 2532 5501 (il.

2165 4624 2391 4686 peccato
2413 4616 2729 4670 consentire
2758 4628 2864 4667 non
2889 4628 3196 4681 possumus.
3221 4611 3324 4667 Sed
3348 4624 3399 4666 et
3424 4613 3536 4682 ipse
3561 4627 3753 4667 sensus

2166 4707 2532 4770 rationabilis,
2566 4707 2657 4774 qui
2686 4706 2737 4759 in
2773 4720 2857 4759 me
2897 4715 3013 4767 est,
3042 4704 3456 4759 commendatus
3488 4704 3617 4758 mihi
3646 4714 3752 4767 est,

2164 4814 2223 4859 ut
2253 4821 2319 4861 co
2356 4812 2481 4858 utar
2521 4803 2588 4856 ad
2621 4798 3032 4870 intelligentiam
3058 4800 3366 4855 divinorum
3398 4816 3412 4865 ;
3450 4800 3751 4868 ingenium,
3808 4856 3813 4859 ν

2162 4899 2447 4961 memoria,
2482 4896 2786 4968 judicium,
2832 4895 2994 4958 ratio,
3036 4904 3092 4948 et
3126 4909 3317 4949 omnes
3352 4894 3446 4962 qui
3486 4894 3630 4947 intra
3670 4909 3755 4948 me

2161 4999 2290 5044 sunt
2320 4998 2524 5053 motus,
2571 4986 2939 5042 commendati
2981 4985 3112 5039 mihi
3161 4986 3414 5040 videntur
3450 5000 3479 5038 a
3511 4985 3656 5050 Deo,
3693 4995 3753 5040 ut

2163 5082 2244 5136 eis
2277 5091 2401 5135 utar
2435 5082 2489 5135 in
2542 5080 2627 5136 his
2675 5095 2796 5150 quae
2842 5080 3100 5149 pratcepit
3147 5079 3233 5133 lex
3273 5079 3478 5133 divina.
3522 5079 3578 5134 Si
3627 5094 3755 5133 vero

2161 5175 2228 5228 ad
2269 5173 2442 5228 malas
2475 5183 2625 5229 artes
2660 5173 2836 5227 solers
2875 5180 2931 5225 et
2964 5172 3247 5242 perspicax
3282 5181 3562 5226 vertamus
3604 5172 3753 5241 inge-

2161 5268 2333 5333 nium,
2372 5277 2426 5322 et
2464 5268 2629 5323 rebus
2674 5268 2767 5323 Dei
2817 5270 3111 5323 abutamur
3138 5268 3191 5321 in
3224 5267 3307 5322 bis
3335 5282 3455 5335 quae
3498 5282 3605 5321 non
3639 5267 3751 5320 vult

2612 5448 2655 5480 ³⁵
2682 5445 2943 5513 Levit.v1,
2979 5449 3003 5503 1
3035 5454 3091 5502 et
3117 5459 3271 5517 seqq.
3349 5445 3394 5476 ³⁸
3421 5445 3437 5498 l
3464 5444 3605 5499 Tim.
3630 5459 3670 5511 ι,
3692 5441 3750 5499 9.

2156 5669 2247 5737 qui
2282 5666 2482 5720 inﬁrmi
2526 5675 2671 5722 ειιιιι.
2699 5683 2717 5716 ι
2756 5666 2998 5737 Αιᾼιιιεε.
3037 5672 3095 5737 ut
3124 5661 3176 5714 in
3215 5667 3408 5737 nostro
3432 5664 3602 5737 textu.

2233 5738 2344 5808 (89)
2375 5738 2466 5791 Sic
2501 5735 2895 5802 manuscripti;
2925 5734 3050 5789 libri
3106 5746 3240 5788 vero
3279 5730 3447 5796 editi,
3492 5747 3510 5779 ι
3537 5728 3739 5797 integre

2162 5812 2255 5865 tibi
2292 5809 2690 5864 restituendum
2729 5817 2830 5860 est.
2874 5825 2889 5855 ι
