4110 6406
334 333 436 394 457

1499 334 1566 390 lN
1602 330 1980 390 LEVITICUM
2015 330 2300 386 HOMILIA
2336 329 2425 385 ιν.

3501 326 3606 381 458

336 453 512 513 Deus;
565 453 671 510 boc
726 464 810 513 est
863 455 1122 526 abjnrare
1169 457 1503 528 depositum,
1554 464 1610 512 et
1656 455 1918 512 beneficia
1949 456 1996 514 A
2028 467 2275 521 rapaces,
2347 464 2578 521 regnum
2639 445 2731 501 Dei
2787 443 3204 516 possidebunt.»
3267 441 3362 498 Est
3425 451 3608 498 tamen

333 554 546 600 vertere
569 547 622 598 in
648 546 957 616 perlidiam.

406 643 458 691 ι.
506 635 800 693 Videamus
840 656 983 695 nunc
1029 640 1161 710 quid
1210 641 1376 696 etiam
1427 641 1662 698 societas
1716 641 1916 698 intelli-

334 729 506 796 genda
535 729 629 782 sit.
675 727 839 783 Putas
863 741 945 784 est
975 733 1195 802 aliquis,
1232 732 1321 802 qui
1355 734 1651 788 secundum
1681 733 1915 788 litteram

333 822 674 874 commoneri
729 823 944 891 debeat,
996 840 1062 878 ne
1104 825 1243 879 forte
1299 827 1351 881 in
1399 827 1615 881 ratione
1651 827 1916 897 pecuniae,

336 912 420 965 vel
467 912 710 982 qualibet
763 913 867 967 alia
903 918 1082 986 specie
1126 917 1436 984 societatis,
1478 918 1686 973 socium
1730 918 1919 974 fraude

334 1009 616 1077 decipiat?
647 1008 863 1066 Ultima:
902 1011 1296 1067 misericordiae
1342 1020 1426 1067 est
1460 1009 1644 1066 anima
1691 1009 1810 1074 illa,
1863 1009 1918 1064 in

333 1113 501 1168 quam
558 1102 756 1157 cadere
804 1103 984 1158 adhuc
1043 1103 1253 1158 fraudis
1319 1103 1424 1158 hoc
1485 1116 1658 1171 genus
1714 1110 1916 1171 potest.

334 1189 727 1248 Verumtamen
754 1195 1010 1265 quoniam
1041 1197 1205 1250 multa
1243 1205 1326 1251 est
1359 1196 1414 1250 itt
1463 1195 1685 1251 homine
1713 1195 1920 1267 fragili-

336 1292 442 1347 tas,
479 1284 646 1338 etiam
671 1287 738 1338 de
771 1286 855 1342 his
877 1302 1326 1342 commoneamus
1348 1329 1366 1354 ,
1406 1288 1531 1358 quia
1565 1303 1664 1342 nec
1683 1288 1918 1359 Aposto-

336 1376 449 1431 lum
485 1377 658 1446 piguit
687 1376 788 1430 ista
818 1379 1100 1435 mandare.
1137 1379 1280 1434 Dicit
1311 1381 1457 1434 enim
1494 1380 1538 1412 ³⁸
1574 1399 1587 1436 :
1635 1399 1653 1434 ι
1685 1380 1760 1436 Ne
1795 1386 1920 1452 quis

336 1469 759 1524 circumscribat
814 1470 867 1524 in
909 1471 1129 1542 negotio
1159 1472 1388 1527 fratrem
1431 1487 1587 1526 suum
1611 1514 1626 1538 ,
1659 1474 1919 1543 quoniam

336 1560 538 1613 vindex
601 1569 684 1615 est
737 1561 806 1616 de
867 1562 950 1618 bis
981 1563 1235 1619 omnibus
1295 1564 1501 1619 Deus.»
1562 1564 1717 1620 Nunc
1791 1581 1921 1621 vero

340 1657 708 1721 requiramus,
746 1669 867 1722 quae
898 1654 969 1708 sit
1001 1655 1168 1710 eziatn
1200 1657 1437 1714 societas
1481 1658 1728 1727 spiritus.
1782 1659 1919 1713 Audi

336 1743 408 1797 de
461 1742 545 1796 his
598 1743 730 1811 ipsis
780 1745 961 1799 verbis
1013 1745 1328 1814 Apostolum
1382 1748 1646 1802 dicentem
1691 1749 1734 1781 ”
1770 1767 1781 1802 :
1816 1749 1916 1803 «Si

2025 546 2228 614 aliquid
2278 543 2392 616 (90)
2425 553 2479 598 et
2513 541 2814 598 secundum
2848 537 3148 608 spiritalem
3193 537 3608 606 intelligentiam

2023 637 2368 706 cnipabiliter
2399 650 2610 706 rapere,
2671 634 2816 689 sicut
2855 631 2930 686 illi
2983 630 3333 686 laudabiliter
3389 629 3612 697 rapiunt

2027 747 2189 802 regna
2218 729 2503 784 cmlorutn.
2538 727 2604 784 Ut
2644 726 2796 781 verbi
2838 740 3030 789 causa,
3071 725 3338 788 dicamus,
3369 723 3414 777 si
3446 722 3609 777 homo

2027 825 2262 878 nondum
2314 833 2578 893 purgatus
2623 837 2654 876 a
2689 821 2860 885 vitiis,
2929 820 3164 874 nomium
3214 827 3532 887 segregatus
3575 829 3606 866 a

2025 913 2268 984 profanis
2306 923 2360 968 et
2405 914 2642 969 sordidis
2695 913 2942 975 actibus,
2981 910 3111 964 velit
3162 923 3222 964 se
3259 909 3424 964 coetui
3482 921 3611 960 san-

2026 1018 2236 1064 ctorum
2276 1017 2331 1063 et
2354 1007 2720 1080 perfecturum
2758 1008 2988 1062 latenter
3022 1006 3270 1075 ingerere
3302 1009 3357 1056 et
3396 1013 3608 1055 sermo-

2029 1115 2151 1154 nem
2197 1117 2304 1166 quo
2355 1100 2595 1172 perfecta
2652 1109 2707 1155 et
2747 1101 2976 1171 mystica
3036 1104 3342 1152 tractantur
3397 1093 3608 1156 audire,

2027 1195 2332 1265 hujusmodi
2367 1194 2528 1250 homo
2563 1201 2901 1251 secretorum
2941 1201 2996 1246 et
3027 1190 3396 1262 perfectormn
3430 1189 3611 1244 scien-

2031 1292 2160 1345 tiam
2197 1303 2302 1343 non
2346 1288 2484 1343 bene
2514 1286 2676 1357 rapit.
2709 1284 3024 1340 Meminisse
3052 1283 3196 1338 enim
3232 1289 3447 1350 oportet
3475 1294 3611 1349 prae-

2027 1384 2168 1454 cepti
2206 1381 2544 1445 Salvatoris,
2592 1394 2700 1449 quo
2744 1378 2882 1432 dicit
2907 1375 2972 1442 δε,
3003 1375 3127 1446 quia
3182 1393 3200 1426 ι
3249 1388 3408 1428 nemo
3444 1372 3614 1426 mittit

2029 1477 2212 1530 vinum
2253 1489 2450 1529 novum
2501 1470 2554 1525 in
2615 1477 2764 1524 utres
2797 1478 3037 1534 veteres,
3093 1466 3334 1535 alioquin
3377 1473 3431 1518 et
3460 1472 3611 1516 utres

2029 1563 2186 1632 201
2235 1568 2576 1630 rumpentur,
2632 1566 2686 1613 et
2732 1557 2918 1611 viuum
2971 1556 3208 1623 peribit:
3246 1575 3264 1607 ι
3315 1553 3612 1609 ostendens

2029 1656 2170 1727 quod
2215 1654 2412 1709 animae
2457 1651 2693 1707 nomium
2741 1658 3048 1715 renovatae,
3092 1648 3187 1703 sed
3239 1648 3291 1701 in
3341 1654 3612 1701 vetustate

2032 1749 2224 1803 littera}
2291 1743 2402 1819 (9|)
2456 1743 2810 1814 perduranti,
2864 1755 2969 1796 non
3029 1747 3280 1808 oporteat
3337 1753 3607 1792 novorum

337 1832 484 1900 quod
517 1831 774 1887 solatium
805 1835 1094 1890 cbaritatis
1118 1876 1134 1900 ,
1170 1836 1216 1892 si
1258 1851 1364 1906 qua
1399 1838 1635 1893 societas
1672 1838 1920 1907 spiritus,
1957 1816 1997 1874 ³
2029 1816 2436 1912 mysteriorum,
2477 1851 2600 1906 qua:
2633 1851 2730 1906 per
2770 1835 3052 1890 Christum
3092 1831 3326 1886 mundus
3356 1829 3606 1899 agnovit,

336 1925 384 1979 si
442 1940 550 1994 qua
623 1925 834 1980 viscera
907 1928 1331 1996 miserationis,
1397 1930 1616 2000 implete
1667 1933 1922 2002 gaudium

335 2031 542 2072 meum.
580 2035 598 2068 ι
646 2015 809 2073 Vides
863 2021 1146 2077 societatis
1187 2024 1393 2092 legem,
1443 2023 1714 2090 quomodo
1761 2024 1923 2079 intel-

339 2107 472 2163 lexit
505 2110 782 2179 apostolus
808 2109 1028 2168 Paulus.
1077 2113 1213 2170 Audi
1240 2125 1294 2170 et
1333 2113 1623 2182 Joannem,
1653 2117 1926 2184 quomodo

342 2215 453 2253 uno
480 2201 782 2273 eodemque
806 2205 998 2274 spiritu
1031 2205 1409 2276 proloqnatnr.
1462 2207 1560 2262 «Et
1584 2209 1922 2274 societatem,

340 2290 519 2362 inquit
549 2291 616 2354 ”,
659 2293 920 2350 habemus
963 2311 1084 2350 cum
1135 2295 1320 2361 Patre,
1379 2308 1436 2353 et
1486 2313 1611 2353 cum
1645 2297 1784 2354 Filio
1812 2300 1927 2368 ejus

333 2375 468 2437 Jesu
509 2383 748 2439 Christo.
781 2404 800 2437 ι
857 2386 923 2440 Ει
956 2387 1155 2442 iterum
1210 2387 1403 2443 Petrus
1439 2390 1573 2446 dicit
1603 2405 1618 2446 :
1656 2408 1674 2441 ‹
1702 2389 1928 2445 Consor-

341 2485 444 2542 tes,
474 2477 650 2546 inquit
680 2478 746 2541 ",
779 2477 905 2533 facti
930 2481 1063 2535 estis
1091 2480 1288 2535 divinas
1329 2490 1559 2547 naturis,
1585 2501 1603 2534 ι
1657 2483 1801 2552 quod
1845 2492 1927 2538 est

336 2569 495 2623 socii.
535 2570 598 2624 Et
639 2570 836 2626 iterum
881 2573 1016 2628 dicit
1053 2573 1338 2644 apostolus
1377 2573 1576 2630 Paulus
1615 2576 1704 2630 δίε
1745 2594 1764 2628 ‹
1790 2576 1922 2643 Quze

337 2660 486 2714 enim
527 2662 762 2718 societas
797 2663 903 2720 luci
933 2666 1001 2720 ad
1037 2667 1332 2723 tenebras?
1357 2685 1376 2719 ι
1420 2666 1577 2736 Quod
1620 2668 1667 2724 si
1715 2671 1822 2725 luci
1857 2670 1926 2725 ad

340 2752 592 2810 tenebras
633 2756 870 2812 societas
910 2757 1056 2812 nulla
1086 2768 1190 2824 est,
1222 2768 1407 2829 potest
1443 2775 1574 2831 ergo
1601 2762 1926 2818 societatem

341 2842 432 2898 lux
463 2845 665 2903 habere
694 2863 818 2904 cum
847 2851 992 2907 luce.
1027 2851 1194 2921 Igitur
1231 2851 1275 2905 si
1323 2853 1481 2908 nobis
1508 2868 1634 2909 cum
1666 2853 1849 2920 Patre,
1873 2864 1931 2912 et

339 2933 500 3004 Filio,
537 2949 592 2994 et
632 2939 839 3010 Spiritu
896 2953 1089 2998 saneto
1139 2944 1380 2999 societas
1419 2945 1544 3000 data
1587 2956 1693 3009 est,
1734 2948 1930 3003 viden-

339 3029 468 3082 dum
538 3033 698 3088 nobis
759 3041 884 3098 est,
940 3048 1007 3088 ne
1049 3042 1302 3088 sanctam
1356 3035 1515 3089 istam
1580 3036 1928 3107 divinamque

2027 1941 2237 1989 secreta
2266 1930 2562 1986 committi.

2101 2025 2154 2080 5.
2187 2023 2350 2078 Addit
2399 2021 2597 2077 dehinc
2627 2019 2908 2091 leg-islator
2935 2018 2979 2052 ἰ’
3013 2036 3028 2075 :
3057 2036 3076 2072 ι
3109 2018 3217 2072 Aut
3259 2016 3303 2070 si
3342 2014 3468 2084 quid
3500 2028 3600 2068 no-

2028 2117 2140 2172 cuit
2166 2116 2535 2187 proximo,vel
2570 2111 3181 2182 invenitperditionem.
3214 2129 3234 2162 ι
3266 2108 3380 2164 Lex
3413 2107 3609 2163 littera:

2029 2209 2116 2264 hic
2151 2208 2366 2263 videtur
2425 2206 2710 2272 mandare,
2741 2217 2800 2262 ut
2847 2207 2892 2263 si
2919 2207 3040 2278 quis
3061 2203 3270 2260 invenit
3293 2202 3436 2274 quod
3468 2201 3610 2254 alius

2029 2302 2284 2371 perdidit,
2312 2309 2368 2356 et
2401 2300 2724 2369 requisitum
2767 2297 2951 2362 fuerit,
2992 2297 3206 2360 reddat,
3230 2311 3328 2350 nec
3369 2292 3612 2362 periuret

2030 2407 2127 2460 pro
2160 2407 2246 2448 eo.
2303 2392 2396 2446 Est
2426 2401 2480 2448 et
2521 2391 2635 2446 haec
2681 2391 2831 2448 utilis
2875 2390 3238 2446 audientibus
3293 2386 3606 2441 aedificatio.

2028 2484 2183 2539 Multi
2242 2484 2387 2539 enim
2440 2485 2562 2541 sine
2598 2492 2826 2554 peccato
2858 2491 3054 2554 putant
3109 2495 3253 2547 esse,
3289 2479 3334 2536 si
3371 2478 3609 2532 alienum

2028 2580 2176 2648 quod
2212 2576 2540 2642 invenerint,
2570 2584 2790 2631 teneant
2822 2584 2879 2630 et
2905 2574 3096 2630 dicant
3127 2590 3141 2626 :
3172 2572 3314 2627 Deus
3348 2570 3477 2624 mitti
3511 2568 3608 2622 de-

2028 2671 2140 2737 dit;
2170 2669 2256 2725 cui
2284 2669 2458 2724 habeo
2494 2666 2766 2722 reddere?
2793 2666 3017 2720 Discant
3037 2680 3081 2719 e2
3099 2679 3166 2734 go
3188 2671 3471 2732 peccatum
3503 2661 3607 2712 hoc

2029 2778 2150 2818 esse
2207 2761 2390 2816 simile
2462 2760 2686 2828 rapiare,
2737 2759 2781 2813 si
2813 2757 2940 2828 quis
2991 2756 3211 2811 inventa
3247 2771 3354 2809 non
3390 2752 3611 2807 reddat.

2033 2851 2418 2906 Verumtamen
2444 2849 2488 2904 si
2505 2850 2610 2904 hoc
2636 2856 2846 2904 tantum
2874 2846 3014 2914 quod
3049 2845 3346 2900 secundum
3371 2845 3609 2898 litteram

2029 2951 2270 3014 putatur,
2324 2942 2604 3012 legislator
2649 2940 2911 2995 voluisset
2943 2937 3200 3006 intelligi,
3237 2944 3496 3004 potuerat
3530 2937 3615 2991 di-

2031 3050 2200 3091 cere:
2237 3035 2293 3089 Si
2344 3033 2554 3088 invenit
2597 3033 2740 3099 quod
2791 3031 3062 3099 perierat,
3106 3027 3189 3083 vel
3228 3029 3372 3097 quod
3416 3028 3616 3097 aliquis

341 3125 666 3178 societatem
716 3124 993 3192 peccando
1022 3123 1379 3192 abnegemus.
1432 3123 1488 3177 Si
1531 3126 1676 3180 enim
1705 3142 1928 3195 agamus
1955 3155 1996 3210 ο
2031 3126 2358 3196 perdiderat.
2419 3125 2576 3180 Nunc
2607 3133 2790 3176 autem
2827 3135 2948 3174 cum
2996 3118 3124 3174 dicit
3155 3137 3169 3173 :
3201 3136 3220 3169 ι
3257 3119 3465 3174 invenit
3491 3135 3614 3189 per-

340 3230 504 3282 opera
562 3214 946 3276 tenebrarum,
1019 3223 1230 3266 certum
1286 3224 1372 3268 est
1419 3215 1543 3285 quia
1605 3218 1925 3274 societatem

343 3303 666 3372 negavimus
699 3300 862 3354 lucis.
897 3301 1003 3355 Sed
1028 3310 1082 3355 et
1114 3309 1432 3357 sanctorum
1466 3305 1646 3359 socios
1677 3320 1774 3360 nos
1798 3307 1932 3361 dicit

341 3393 657 3462 Apostolus,
702 3407 804 3446 nec
839 3394 1060 3452 mirum.
1090 3393 1145 3448 Si
1187 3395 1332 3448 enim
1361 3411 1484 3450 cum
1520 3397 1683 3452 Patre
1713 3407 1770 3454 et
1793 3399 1930 3453 Filio

341 3484 727 3558 diciturnobis
764 3500 884 3541 esse
919 3486 1187 3550 societas,
1252 3489 1530 3558 quomodo
1571 3505 1673 3544 non
1707 3501 1762 3545 et
1793 3505 1918 3546 cum

339 3577 568 3642 sanctis,
603 3591 706 3632 n0n
745 3578 919 3632 solum
952 3579 1043 3648 qui
1073 3578 1127 3633 in
1162 3587 1310 3634 terra
1341 3589 1490 3646 sunt,
1524 3582 1619 3636 sed
1670 3591 1724 3637 et
1756 3584 1847 3654 qui
1874 3584 1927 3639 in

339 3668 538 3723 caelis?
564 3670 687 3739 quia
722 3678 776 3723 et
809 3668 1060 3725 Christus
1099 3685 1195 3740 per
1227 3671 1552 3743 sanguinem
1588 3690 1743 3728 suum
1777 3677 1927 3746 paci-

342 3759 524 3813 ticavit
558 3758 798 3813 caelestia
829 3768 885 3812 et
917 3761 1206 3816 terrestria
1231 3801 1246 3823 .
1280 3771 1339 3816 ut
1366 3761 1680 3820 ctelestibus
1710 3776 1926 3822 terrena

338 3852 599 3906 sociarct.
635 3850 788 3917 Quod
819 3853 1104 3908 evidenter
1137 3853 1364 3919 indicat,
1397 3855 1488 3909 ubi
1517 3855 1649 3911 dicit
1672 3859 1926 3928 gaudium

338 3958 462 3996 esse
527 3946 580 3997 in
645 3943 802 3997 cuelis
882 3958 1045 4013 super
1117 3959 1224 3999 uno
1298 3954 1586 4014 peccatore
1650 3948 1926 4018 poeniten-

341 4035 472 4086 tiam
501 4046 693 4102 agente
722 4033 787 4087 "3.
826 4034 889 4086 Et
925 4049 1141 4088 rursum
1170 4050 1292 4088 cum
1319 4035 1474 4102 dicit,
1499 4050 1596 4092 eos
1621 4038 1714 4106 qui
1750 4053 1932 4093 resur-

339 4136 470 4196 gunt
511 4144 538 4179 a
579 4127 830 4190 mortuis,
867 4124 1078 4179 futuros
1113 4140 1235 4180 esse
1290 4127 1435 4183 sicut
1483 4130 1706 4200 angelos
1737 4131 1830 4186 Dei
1873 4134 1926 4187 itt

338 4219 483 4272 cu'lo
535 4218 600 4282 “,
661 4229 712 4272 et
765 4234 888 4272 cum
944 4233 1006 4270 ex
1056 4217 1272 4289 integro
1305 4219 1620 4276 hominibus
1665 4222 1927 4278 cmlorum

342 4327 508 4376 regna
540 4310 827 4380 promittit.
868 4307 1017 4362 Hanc
1049 4324 1180 4378 ergo
1212 4311 1530 4366 societatem
1564 4312 1844 4382 dirumpil,
1875 4325 1932 4371 et

338 4400 598 4470 abnegat,
655 4401 963 4470 quicunque
1015 4397 1174 4453 malis
1219 4401 1433 4456 actibus
1480 4403 1596 4457 suis
1653 4404 1926 4473 malisque

2033 3222 2317 3284 ditionem,
2359 3237 2376 3270 ι
2412 3217 2650 3284 amplius
2691 3231 2788 3270 nos
2830 3213 3035 3282 aliquid
3066 3211 3242 3269 voluit
3279 3211 3610 3282 intelligere,

2031 3313 2134 3382 Qui
2200 3312 2362 3365 nimis
2424 3318 2673 3380 peccant,
2713 3313 2765 3362 in
2817 3306 3119 3377 Seripturis
3167 3304 3402 3374 perditio
3431 3306 3618 3374 appel-

2032 3405 2232 3467 lantur,
2253 3403 2394 3458 sicut
2416 3402 2466 3456 in
2493 3399 2784 3454 Ezechiele
2811 3399 3071 3469 pr0p|teta
3108 3397 3339 3467 legimus
3366 3397 3608 3451 dictum:

2037 3515 2056 3550 ι
2091 3496 2348 3559 Perditio,
2387 3493 2566 3562 inquit
2600 3492 2668 3553 ⁵ο,
2713 3491 2885 3546 factus
2915 3504 2993 3551 es.
3027 3499 3083 3544 et
3131 3506 3236 3545 non
3263 3491 3529 3546 subsistes
3555 3488 3610 3543 in

2033 3599 2296 3646 tet-eruum
2328 3597 2562 3655 tempus.
2594 3603 2613 3638 ι
2655 3583 2749 3638 Est
2777 3599 2907 3654 ergo
2931 3582 3222 3639 ostendere
3260 3583 3351 3652 qui
3381 3583 3610 3636 multum

2031 3680 2330 3750 quaerendo
2351 3676 2557 3732 invenit
2589 3674 2954 3744 perditionem
2985 3694 2999 3728 :
3029 3683 3088 3728 ut
3127 3675 3274 3729 verbi
3311 3674 3508 3742 gratia,
3539 3673 3616 3728 di-

2031 3787 2222 3826 camus
2270 3787 2284 3822 :
2335 3769 2574 3826 haeretici
2608 3768 2675 3822 ad
2733 3765 3100 3821 construenda
3157 3774 3213 3821 et
3266 3765 3613 3820 defendenda

2033 3862 2286 3932 dogmata
2326 3875 2421 3914 sua
2479 3859 2706 3912 multum
2751 3859 3080 3928 perquirunt
3127 3867 3181 3912 et
3222 3855 3522 3912 discutiunt
3557 3855 3610 3908 in

2032 3952 2330 4022 Scripturis
2359 3951 2577 4016 divinis,
2617 3959 2672 4002 ut
2722 3948 3003 4003 inveniant
3043 3948 3428 4018 perditionem.
3473 3947 3610 4004 Cum

2032 4045 2178 4099 enim
2221 4043 2387 4097 multa
2451 4040 2564 4113 (92)
2621 4040 2940 4109 quaesierint
2985 4041 3345 4106 testimonia,
3407 4041 3609 4109 quibus

2033 4145 2431 4204 astruantqum
2471 4149 2636 4203 prave
2679 4133 2946 4199 sentiunt,
2986 4133 3354 4200 perditionem
3397 4133 3498 4188 sibi
3526 4133 3613 4185 in-

2030 4228 2250 4283 venisse
2286 4227 2502 4282 dicendi
2551 4235 2695 4280 sunt.
2728 4223 2838 4278 Sed
2891 4224 2937 4279 si
2992 4225 3135 4280 forte
3175 4225 3375 4295 aliquis
3414 4228 3610 4280 borum

2031 4320 2256 4374 audiens
2285 4319 2336 4372 in
2374 4317 2614 4372 Ecclesia
2652 4318 2877 4372 verbum
2932 4317 3024 4372 Dei
3053 4316 3325 4373 catholice
3361 4318 3610 4381 tractari,

2032 4411 2340 4482 resipiscat,
2365 4421 2419 4466 et
2443 4411 2709 4482 intelligat
2739 4412 2866 4481 quia
2894 4413 3037 4480 quod
3067 4411 3350 4465 invenerat
3379 4410 3612 4478 perditio

341 4495 596 4549 sensibus
633 4495 701 4548 ab
751 4510 936 4550 eorum
1000 4492 1384 4564 conjunctione
1435 4505 1750 4564 separatur.
1797 4496 1928 4552 Post
1955 4496 2004 4557 Ι)
2030 4514 2136 4569 est,
2185 4505 2398 4570 reddet,
2443 4503 2641 4573 inquit,
2674 4505 2821 4574 quod
2863 4505 3090 4558 invenit.
3133 4501 3198 4556 Et
3235 4501 3283 4556 is
3314 4501 3406 4570 qui
3435 4500 3613 4570 perdi-

340 4592 459 4644 haec
518 4589 584 4641 de
652 4589 838 4656 rapina
905 4587 1152 4642 dicitur:
1204 4601 1452 4657 raptores
1513 4598 1640 4644 sunt
1692 4589 1815 4644 mali
1873 4600 1929 4646 et

340 4681 469 4737 boui
495 4700 508 4747 ;
539 4692 593 4735 et
625 4680 748 4735 boui
775 4681 989 4750 quidem
1033 4680 1129 4748 illi,
1165 4682 1230 4734 de
1266 4681 1466 4751 quibus
1493 4683 1625 4736 dicit
1654 4682 1925 4752 Salvator,

336 4773 468 4843 quia
508 4787 732 4842 regnum
767 4771 1032 4826 caelorum
1073 4772 1340 4842 diripiunt
1367 4772 1434 4827 δ’.
1483 4771 1624 4827 Sunt
1655 4783 1839 4827 autem
1874 4783 1930 4830 et

341 4865 470 4918 ntali
509 4875 755 4932 raptores
781 4903 794 4925 ,
853 4865 918 4918 de
959 4865 1157 4931 quibus
1198 4865 1329 4919 dicit
1379 4864 1641 4934 prepheta
1679 4867 1768 4918 δθε
1818 4885 1836 4918 ι
1863 4867 1927 4922 Ει

338 4960 532 5028 rapina
574 4975 873 5028 pauperum
928 4961 980 5012 in
1038 4959 1288 5013 domibus
1323 4960 1520 5014 vestris
1563 4970 1668 5014 est.
1697 4979 1716 5012 ι
1774 4960 1927 5030 Apo-

339 5050 520 5106 stolus
555 5066 682 5104 vero
710 5051 939 5121 abrupte
974 5055 1320 5119 pronuntiat,
1353 5052 1544 5107 dicens
1571 5051 1613 5083 ⁸⁵⁷
1641 5071 1654 5106 :
1700 5072 1717 5104 ι
1749 5053 1928 5110 Nolite

336 5165 556 5212 errare,
599 5148 724 5218 quia
763 5159 938 5213 neque
971 5143 1234 5208 adulteri,
1267 5159 1446 5212 neque
1487 5145 1714 5209 molles,
1751 5159 1927 5214 neque

339 5240 711 5296 masculorum
771 5238 1194 5303 concubitores,
1263 5251 1440 5306 neque
1497 5237 1682 5303 fures,
1749 5252 1926 5307 neque

414 5371 461 5402 ³⁸
489 5369 507 5424 1
532 5369 722 5425 Thess.
753 5385 827 5434 tv,
856 5368 908 5424 6.
987 5369 1030 5401 ³³
1055 5369 1248 5435 Philip.
1295 5383 1370 5431 tv,
1403 5370 1454 5424 1.

337 5440 386 5474 ⁸⁸
437 5441 628 5495 Matth.
683 5458 808 5496 xxn.
849 5440 939 5492 ‘20.
1016 5439 1060 5470 ⁸⁵
1112 5440 1302 5495 Matth.
1357 5456 1442 5506 tu,
1487 5440 1572 5492 1‘2.

338 5512 542 5572 νίκη.
570 5511 627 5577 2,
657 5513 709 5566 5.
789 5510 833 5542 ⁸ο
857 5509 1057 5564 Ezeclt.
1093 5524 1259 5574 μνη,
1284 5511 1375 5565 56.
1451 5511 1494 5541 ⁵¹
1521 5509 1572 5564 Li

416 5628 527 5699 (90)
587 5629 680 5682 Es!
730 5638 910 5704 tamen
964 5628 1186 5698 aliquid.
1253 5629 1331 5704 _|_ta
1368 5631 1564 5704 Acodex
1635 5631 1923 5704 Sangerm.

340 5700 467 5754 libri
513 5716 643 5754 vero
675 5701 825 5760 editi,
862 5719 879 5749 ι
908 5709 959 5752 et
997 5711 1174 5752 tamen
1217 5701 1379 5766 aliqui
1415 5703 1614 5754 sciunt.
1653 5722 1669 5752 ι

427 5771 533 5840 (Ἡ)
565 5772 749 5826 Codex
815 5771 1124 5839 Sauget‘ltl.,
1169 5787 1188 5821 ι
1251 5770 1463 5825 “itcrat.
1508 5791 1524 5822 ι
1567 5772 1720 5830 Libl).
1756 5773 1920 5837 editi,

1530 5368 1621 5423 ‘°l
1656 5367 1812 5423 Joan.
1849 5387 1888 5435 ι,
1929 5369 1984 5424 5.

1674 5440 1720 5472 ’⁵⁸
1773 5439 1872 5495 lsa.
1916 5455 1996 5500 ill,
2037 5441 2122 5494 14.

789 5510 833 5542 ⁸ο
857 5509 1057 5564 Ezcclt.
1093 5524 1259 5574 μνη,
1284 5511 1375 5565 56.
1451 5511 1494 5541 “
1521 5509 1778 5576 Levit.vt,
1813 5511 1866 5566 5.
1942 5510 1988 5540 δ’
2017 5511 2150 5565 ibid.
2183 5515 2235 5577 ti,
2271 5513 2322 5568 7.

2030 4598 2236 4652 tionem
2261 4595 2488 4659 invenit,
2524 4606 2579 4650 et
2630 4595 2720 4651 ille
2748 4595 2840 4665 qni
2874 4595 3145 4662 rapinam,
3181 4594 3277 4650 sed
3311 4605 3365 4648 et
3393 4593 3484 4646 ille
3517 4593 3609 4660 qui

2031 4688 2339 4759 depositum
2373 4689 2683 4761 abnegavit,
2721 4701 2777 4745 et
2802 4689 2980 4746 omnis
3003 4689 3320 4758 quicunque
3343 4689 3525 4757 aliqua
3543 4703 3611 4742 ex

2031 4789 2188 4850 parte
2221 4780 2417 4836 anima:
2455 4781 2644 4835 nocuit
2699 4782 2974 4850 proximo,
3001 4789 3095 4836 aut
3120 4780 3332 4850 iuravit
3361 4779 3562 4847 injuste
3589 4796 3606 4834 :

2039 4887 2058 4920 ι
2104 4869 2396 4937 Restituet,
2447 4871 2715 4941 inquit“,
2739 4873 2917 4939 ipsum
2958 4882 3140 4942 caput,
3171 4883 3228 4930 et
3263 4873 3484 4943 quintas
3513 4891 3609 4930 su-

2036 4976 2134 5027 per
2159 4962 2400 5032 augebit,
2426 4971 2479 5016 et
2505 4964 2552 5018 ei
2582 4963 2738 5032 cujus
2758 4973 2858 5025 est.
2887 4963 3093 5028 reddet,
3121 4983 3139 5014 ι
3160 4965 3457 5019 secundum
3489 4982 3610 5020 eam

2035 5051 2299 5108 duntaxat
2351 5055 2746 5124 expositionem
2801 5073 2964 5125 quam
3015 5057 3080 5110 de
3116 5057 3327 5127 quintis
3351 5057 3613 5113 addendis

2035 5153 2163 5198 ante
2213 5144 2327 5213 jam
2359 5147 2614 5203 diximus.
2638 5164 2665 5199 ~¢
2712 5147 2780 5201 Et
2823 5146 3040 5212 oerret,
3072 5147 3248 5218 inquit
3277 5148 3348 5204 ⁵⁸.
3384 5148 3614 5202 Domitio

2035 5239 2262 5294 arietem
2300 5237 2579 5294 deovibus
2601 5238 2726 5292 sine
2762 5239 3000 5306 macula,
3031 5239 3208 5309 pretio
3259 5238 3311 5292 itt
3364 5237 3416 5291 id
3465 5238 3610 5304 quod

2063 5369 2102 5401 δ’
2143 5369 2182 5423 ΙΙ
2209 5369 2355 5425 Pelr.
2391 5389 2428 5436 I,
2463 5370 2517 5428 4.
2596 5373 2640 5402 *³
2672 5370 2712 5423 ιι
2739 5372 2863 5425 Cor.
2909 5387 2987 5436 γι,
3025 5370 3109 5424 Η.

2225 5442 2268 5472 ⁸⁷
2312 5444 2325 5495 Ι
2368 5445 2494 5497 Cor.
2539 5458 2613 5509 Vl,
2653 5443 2744 5498 .lO.
2820 5444 2866 5475 ⁴⁸
2917 5443 3106 5495 Matth.
3149 5458 3227 5504 ιιι,
3261 5443 3343 5493 l7.

3190 5371 3234 5402 ⁸³
3257 5369 3386 5423 Luc.
3425 5383 3510 5427 xv,
3557 5368 3607 5420 7.

3423 5437 3465 5469 ιν
3503 5439 3609 5493 Le-

2045 5651 2062 5684 ι
2101 5634 2340 5688 malitiae.
2373 5654 2392 5687 ι

2093 5704 2386 5778 (οξμιιω).
2430 5703 2583 5772 editi,
2624 5722 2642 5755 ι
2691 5705 2938 5761 ιιιυΙιιιιιι.
2973 5720 2992 5754 ι
3034 5700 3187 5766 Mss,
3216 5717 3234 5750 t
3272 5696 3463 5752 multa.
3500 5713 3524 5750 θ
