4110 6406
474 352 579 407 639

1965 352 2292 409 OlthENlS

3647 370 3751 426 ΗΟ

475 470 725 538 deliquit,
769 475 824 523 et
849 467 1028 522 orabit
1077 483 1173 536 pro
1225 482 1289 521 eo
1334 468 1593 523 sacerdos
1637 479 1827 523 contra
1884 469 2061 523 Dmui-
2092 464 2142 524 A
2168 470 2329 537 latus,
2362 486 2458 525 cor
2488 472 2790 525 contritum
2828 480 2881 523 ct
2918 470 3261 524 humiliatttm
3292 470 3434 526 Deus
3460 485 3565 524 non
3600 485 3749 539 Sper-

477 579 629 626 num,
657 573 709 616 et
754 561 1067 615 remittetur
1088 560 1135 613 ei
1178 576 1275 629 pro
1308 576 1415 614 uno
1456 562 1523 615 ab
1555 562 1813 617 omnibus
1840 579 1959 631 qua:
1990 564 2064 615 l'e—

471 659 550 713 cit
605 666 661 709 et
710 654 937 724 deliquit
982 657 1038 711 in
1084 667 1168 706 eo.
1198 674 1215 706 ι
1261 654 1510 709 Diximus
1563 656 1614 708 in
1666 655 2060 724 superioribus,

471 748 602 816 quid
628 756 711 799 est
742 745 942 800 oll‘erre
978 748 1233 813 arietem,
1268 750 1491 803 ethunc
1527 751 1704 818 pretio
1734 751 1853 805 sicli
1883 751 2059 803 sancti

471 852 735 906 emptum.
772 838 927 893 Nunc
972 851 1244 908 superest,
1296 850 1354 894 ut
1394 841 1757 895 diﬁ'erentiam
1804 843 1951 895 illam
1984 844 2067 895 di-

470 947 659 984 camus
690 949 702 985 :
735 932 880 1001 quod
932 932 1004 985 ibi
1036 932 1269 1000 pretium
1318 933 1498 1001 posuit
1547 932 1667 987 sicli
1716 934 1916 995 sancti,
1978 933 2065 987 hic

476 1025 856 1078 tantumnodo
883 1023 1118 1092 pretium
1148 1022 1321 1087 dicit,
1358 1037 1459 1076 nec
1486 1023 1845 1091 quantitatem
1878 1024 2062 1093 pretii,

475 1135 578 1172 nec
632 1134 827 1171 nomen
883 1114 1127 1184 pecuniae
1176 1114 1505 1183 designavit.
1569 1115 1626 1168 In
1683 1117 2064 1183 superioribus

473 1211 618 1263 enim
661 1209 750 1263 ubi
798 1223 895 1277 pro
939 1213 1163 1276 peccato
1208 1206 1353 1274 quod
1384 1206 1435 1259 in
1483 1216 1673 1261 sancta
1707 1208 2059 1261 commissum

476 1303 665 1364 fuerit,
698 1302 785 1357 lex
835 1298 1088 1361 dabatur,
1120 1296 1315 1351 siclum
1339 1309 1593 1353 sanctum
1629 1299 1866 1353 diximus
1890 1299 2058 1352 nomi-

474 1397 686 1451 natum,
734 1394 789 1441 et
830 1387 1026 1442 siclutn
1074 1401 1273 1441 nomen
1335 1402 1457 1443 esse
1502 1389 1778 1459 pecuniae;
1830 1399 1885 1441 ut
1934 1388 2062 1442 alibi

475 1484 691 1551 obolus,
744 1482 873 1538 alibi
924 1483 1211 1549 drachma,
1267 1483 1400 1539 alibi
1446 1499 1594 1550 mna,
1633 1484 1716 1537 vel
1768 1484 2060 1547 talentum,

473 1580 558 1631 vel
590 1578 855 1632 minutum
884 1592 957 1631 tes
986 1577 1069 1632 vel
1103 1576 1361 1632 denarius
1385 1577 1606 1632 dicitur.
1641 1576 1737 1631 ilic
1759 1593 1888 1647 ergo
1926 1576 2059 1630 nihil

475 1671 668 1724 borum
702 1672 1036 1737 nominatur,
1062 1672 1155 1727 sed
1182 1681 1389 1726 tantum
1422 1671 1596 1741 pretio
1614 1671 1925 1724 oll’erendus
1946 1670 2057 1741 (95)

477 1766 626 1819 aries
654 1765 878 1819 dicitur.
934 1765 1170 1820 Interest
1207 1766 1353 1820 enim
1394 1780 1623 1835 peccare
1659 1765 1710 1817 in
1744 1764 1972 1827 sanctis,
2005 1773 2059 1817 et

472 1871 700 1923 peccare
729 1866 885 1910 extra
945 1865 1159 1910 sancta.
1208 1856 1302 1911 Vis
1337 1865 1391 1911 et
1426 1854 1554 1908 alibi
1590 1855 1777 1908 videre
1816 1853 1959 1906 hanc
1986 1853 2058 1921 ip-

470 1966 585 2004 sam
638 1950 1046 2003 distinctionem
1074 1949 1098 2003 ?
1130 1949 1266 2003 Audi
1328 1947 1603 2017 quomodo
1633 1947 1686 1999 in
1745 1945 2059 2013 Regnorum

471 2040 629 2093 libris
681 2039 814 2092 dicit
868 2037 986 2092 lleli
1043 2038 1309 2092 sacerdos
1340 2037 1408 2090 ad
1447 2036 1587 2090 ﬁlios
1645 2050 1776 2089 suos
1810 2034 1854 2065 ⁸³
1890 2050 1903 2085 :
1943 2054 1960 2083 ι
2004 2034 2060 2087 Si

470 2131 616 2185 enim
649 2130 963 2199 peccaverit
1004 2129 1129 2198 quis
1165 2131 1219 2182 in
1256 2129 1554 2188 hominem,
1588 2127 1837 2181 exorabit
1863 2141 1959 2193 pro
1996 2141 2060 2181 eo

473 2223 755 2275 sacerdos.
795 2220 852 2274 Si
889 2229 1073 2273 autem
1105 2220 1159 2273 in
1196 2220 1366 2275 Deum
1403 2219 1735 2287 peccaverit,
1768 2218 1895 2285 quis
1924 2232 2058 2270 exo-

472 2312 619 2365 rabit
654 2327 752 2380 pro
786 2326 849 2365 eo
877 2311 901 2364 ?
931 2330 949 2362 ι
989 2308 1252 2365 Similiter
1299 2320 1353 2364 et
1374 2309 1614 2365 Joannes
1660 2309 1937 2377 apostolus
1981 2310 2063 2361 dio

477 2403 623 2458 cit“
654 2423 669 2460 :
706 2423 724 2456 ι
764 2403 863 2459 Est
929 2414 1212 2473 peccatum
1263 2404 1329 2458 ad
1369 2414 1623 2467 mortem,
1675 2418 1784 2457 non
1826 2418 1925 2473 pro
1969 2402 2062 2455 illo

475 2496 600 2552 dico
627 2505 910 2553 utoretur.
944 2516 962 2548 ι
993 2497 1131 2562 Quia
1161 2510 1290 2565 ergo
1321 2496 1673 2550 diversitates
1710 2506 2058 2565 peccatorum

474 2589 689 2642 discere
736 2601 803 2642 ex
858 2586 1094 2655 spiritali
1133 2587 1252 2657 lege
1287 2587 1574 2651 debemus,
1608 2587 1660 2639 in
1699 2587 1897 2654 quibus
1938 2599 2063 2654 pec-

473 2679 618 2733 catis
673 2678 1052 2732 tantummodo
1098 2678 1363 2731 emendus
1419 2679 1491 2731 sit
1551 2676 1717 2739 aries,
1767 2676 1820 2729 in
1867 2676 2063 2740 quibus

471 2785 606 2824 vero
659 2769 792 2824 siclo
845 2776 1040 2823 sancto
1100 2768 1448 2832 mercandus,
1489 2767 1582 2838 qui
1624 2767 1790 2823 etiam
1830 2767 1939 2819 sint
1970 2764 2059 2818 isti

472 2861 565 2927 qui
597 2860 832 2913 vendant
872 2859 1095 2922 arietes,
1139 2858 1513 2928 requiramus.
1563 2857 1673 2927 Ego
1702 2857 1941 2909 arbitror
1983 2859 2063 2923 ip-

476 2967 571 3006 sos
594 2965 716 3006 esse
751 2951 910 3014 istos,
950 2950 1041 3019 qui
1103 2950 1307 3004 arietes
1364 2952 1432 3003 ad
1485 2948 1818 3003 sacriﬁcium
1854 2947 2060 3000 distra-

473 3045 631 3111 hunt,
667 3044 759 3113 qui
792 3052 919 3099 sunt
954 3052 1010 3096 et
1035 3043 1145 3108 illi,
1181 3042 1271 3111 qui
1307 3041 1484 3095 oleum
1523 3041 1588 3094 ad
1636 3040 1916 3109 lampadas
1949 3040 2059 3091 vir-

2169 564 2270 617 nit.
2305 581 2322 613 ο
2380 562 2514 617 Cum
2572 577 2706 633 ergo
2756 564 2953 633 singuli
3000 566 3413 633 prophetarum,
3459 564 3540 619 vel
3588 566 3752 619 etiam

2172 656 2540 722 apostolorum
2585 656 2874 709 consilium
2927 657 3011 710 his
3063 657 3153 723 qui
3201 658 3544 725 delinquunt.
3591 660 3749 713 dede-
3804 698 3809 699 ν

2171 745 2302 807 rint,
2333 762 2440 813 quo
2467 746 2677 814 possint
2703 747 2982 815 corrigere
3010 746 3093 798 vel
3126 748 3420 800 emendare
3444 758 3751 816 peccatum,

2170 839 2367 891 merito
2404 838 2488 891 his
2535 839 2845 893 vendidisse
2878 840 3080 892 arietes
3115 840 3180 891 ad
3217 839 3553 894 sacriﬁcium
3594 842 3745 895 vide-

2167 927 2394 985 buntur.
2447 927 2587 994 Quid
2644 940 2825 983 autem
2869 930 3030 998 pretii
3081 947 3109 983 a
3160 933 3607 1001 comparantibus
3660 950 3751 987 su—

2168 1029 2341 1087 mant,
2396 1021 2526 1075 illud
2570 1022 2782 1089 opinor,
2844 1022 3058 1091 legendi
3090 1024 3358 1084 studium,
3394 1026 3603 1094 vigilias
3654 1045 3750 1080 au-

2167 1114 2348 1167 dicndi
2378 1113 2527 1167 verbi
2562 1115 2675 1178 Dei,
2712 1125 2766 1168 et
2795 1130 2959 1183 super
2988 1116 3166 1169 omnia
3199 1117 3577 1185 dignissimum
3627 1136 3750 1186 pre-

2170 1205 2303 1257 tium
2335 1204 2704 1258 obedientiam
2753 1215 2900 1275 puto,
2957 1208 3022 1261 tle
3049 1222 3155 1275 qua
3193 1208 3329 1262 dicit
3376 1208 3640 1263 Dominus
3669 1211 3746 1261 “2

2172 1311 2190 1345 ι
2222 1294 2601 1348 Obedientiam
2639 1295 2781 1348 malo
2808 1310 2972 1363 quam
3003 1297 3355 1363 sacriﬁcium,
3390 1308 3445 1352 et
3471 1300 3612 1353 dicto
3656 1318 3751 1353 au-

2165 1384 2425 1440 dientiam
2462 1387 2636 1454 magis
2665 1401 2831 1454 quam
2864 1388 3201 1443 holocausta.
3226 1410 3243 1442 ι

2232 1473 2288 1528 6.
2309 1474 2435 1529 Post
2456 1476 2569 1529 haec
2586 1476 2934 1544 subsequitur
2954 1479 2996 1516 ⁸⁸
3020 1493 3032 1528 :
3057 1499 3074 1529 ι
3104 1480 3167 1533 Et
3185 1480 3513 1545 locutusest.
3544 1484 3715 1552 inquit
3732 1527 3745 1544 .

2167 1565 2429 1621 Dominus
2452 1569 2517 1620 ad
2544 1568 2784 1638 Moysen,
2816 1570 3002 1625 dicens
3033 1589 3045 1625 :
3074 1571 3310 1642 Pttecipe
3337 1576 3516 1629 Aaron
3540 1587 3593 1629 et
3626 1578 3751 1630 ﬁliis

2163 1662 2301 1728 ejus,
2330 1661 2517 1716 dicens
2551 1679 2565 1715 :
2603 1661 2727 1715 "th
2747 1673 2829 1715 est
2862 1663 2943 1717 lex
2969 1664 3129 1734 202
3156 1667 3484 1722 holocausti:
3508 1668 3616 1724 lloc
3651 1672 3750 1723 ho-

2166 1755 2473 1807 locaustnm
2515 1754 2567 1807 in
2602 1756 2942 1809 crematione
2962 1773 3055 1809 sua
3090 1758 3194 1810 erit
3228 1774 3392 1827 super
3432 1760 3605 1814 altare
3636 1772 3745 1817 tota

2168 1853 2324 1897 nocte
2362 1844 2603 1913 usqueiu
2641 1860 2798 1899 mane
2840 1856 2936 1899 :et
2963 1848 3103 1913 ignis
3126 1849 3316 1903 altaris
3351 1850 3749 1921 ardebitsuper

2168 1935 2317 1997 illud,
2358 1950 2458 1987 nec
2510 1935 2916 2003 exstinguelur.
2950 1937 3009 1991 EI
3049 1940 3236 1993 induet
3275 1956 3333 1994 se
3370 1944 3626 1997 sacerdos
3655 1956 3741 1997 tu-

2169 2028 2347 2079 nieam
2400 2027 2623 2091 lineam,
2677 2037 2733 2080 et
2787 2038 3097 2098 campestre
3128 2032 3328 2084 lineum
3381 2032 3566 2089 induet
3600 2037 3745 2092 circa

2166 2131 2366 2185 corpus
2387 2130 2578 2180 suum;
2610 2125 2663 2168 et
2682 2117 2893 2171 auferet
2925 2119 3183 2184 hostiam,
3211 2136 3373 2189 quam
3401 2138 3747 2194 consumpse-

2167 2210 2237 2260 rit
2270 2208 2437 2274 ignis,
2484 2218 2538 2261 et
2593 2207 2979 2261 holocaustum
3010 2208 3077 2263 de
3111 2209 3296 2277 altari,
3331 2223 3385 2265 et
3414 2225 3581 2281 ponet
3614 2217 3745 2271 illud

2165 2314 2322 2353 secus
2347 2299 2555 2363 altare;
2593 2309 2646 2353 et
2681 2299 3008 2366 despoliabit
3040 2314 3098 2353 se
3132 2301 3267 2355 stola
3306 2318 3423 2365 sua,
3458 2316 3511 2359 et
3544 2307 3745 2362 indue-

2167 2400 2256 2443 tnr
2285 2390 2417 2443 stola
2474 2391 2610 2455 alia;
2672 2399 2725 2444 et
2753 2391 2934 2459 ejiciet
2981 2391 3213 2446 hostiam
3248 2410 3367 2463 qua:
3394 2408 3634 2452 cremata
3664 2409 3748 2454 est

2164 2493 2316 2537 extra
2344 2492 2523 2535 castra
2556 2483 2607 2535 in
2660 2482 2837 2535 locum
2878 2484 3159 2537 mundum.
3196 2484 3264 2538 Et
3298 2486 3437 2555 ignis
3470 2504 3638 2557 super
3669 2492 3749 2544 al-

2165 2584 2281 2629 tare
2312 2575 2549 2641 ardebit,
2584 2590 2683 2629 nec
2726 2576 3128 2644 exstinguetur,
3180 2588 3233 2631 et
3270 2582 3555 2635 comburet
3585 2600 3749 2651 super

2167 2668 2294 2721 illud
2357 2670 2615 2723 sacerdos
2663 2668 2805 2737 ligna
2844 2682 3028 2732 mane,
3067 2677 3123 2722 et
3162 2672 3493 2740 constipabit
3532 2675 3583 2726 in
3615 2675 3746 2731 illtul

2166 2761 2563 2823 holocaustum,
2592 2769 2648 2814 et
2701 2760 2942 2827 imponet
2978 2774 3141 2827 super
3166 2760 3297 2814 illud
3342 2764 3556 2832 adipem
3600 2768 3747 2819 salu-

2169 2854 2323 2919 taris,
2368 2863 2423 2907 et
2481 2853 2621 2923 ignis
2664 2866 2881 2920 semper
2921 2850 3133 2906 ardebit
3188 2869 3356 2921 super
3404 2856 3593 2922 altare,
3646 2874 3748 2914 nec

2170 2946 2574 3014 exstinguetur.
2617 2964 2635 2996 ι
2689 2943 2826 2998 Audi
2893 2956 3113 3011 semper
3167 2943 3363 2999 debere
3396 2961 3517 3000 esse
3566 2947 3747 3019 ignem

2164 3056 2330 3109 super
2383 3040 2558 3092 altare
2595 3048 2649 3092 et
2690 3049 2767 3101 tu,
2803 3037 2847 3091 si
2887 3036 2969 3090 vis
3017 3053 3141 3093 esse
3189 3042 3445 3096 sacerdos
3474 3042 3589 3108 Dei,
3637 3043 3747 3097 sic-

476 3133 660 3201 giuum
691 3134 955 3198 vendunt,
992 3134 1058 3186 de
1090 3133 1292 3201 quibus
1330 3132 1588 3185 dicebant
1628 3130 1731 3185 illae
1762 3131 2060 3199 prudentes
2089 3169 2131 3225 ϐ
2174 3144 2233 3187 ιιι
2288 3135 2557 3202 scriptum
2607 3146 2688 3187 est
2717 3136 2761 3166 ⁶¹
2789 3153 2832 3189 ζ(
2878 3136 3079 3190 Omnes
3133 3136 3279 3190 enim
3327 3152 3421 3190 vos
3485 3141 3750 3190 sacerdo-

475 3225 659 3280 stultis
702 3224 1009 3292 virginibus
1042 3225 1130 3276 '5:
1171 3242 1191 3275 ι
1234 3223 1310 3277 Ite
1340 3225 1406 3278 ad
1458 3225 1772 3282 vendentes,
1804 3233 1859 3276 et
1894 3224 2061 3275 emite

472 3317 649 3371 vobis.
704 3337 723 3368 ι
782 3315 1033 3371 Vendunt
1085 3331 1216 3385 ergo
1248 3316 1332 3371 vel
1375 3316 1553 3370 oleum
1620 3315 1938 3380 luminibus,
1979 3315 2060 3369 vel

474 3411 678 3463 arietes
710 3408 1022 3473 sacriﬁciis,
1052 3409 1143 3477 qui
1178 3408 1271 3463 alii
1328 3408 1433 3463 nisi
1482 3408 1763 3477 propheta:
1804 3408 1976 3460 sancti
2010 3415 2063 3461 et

474 3501 732 3569 apostoli,
788 3504 878 3570 qui
931 3502 1064 3556 mihi
1111 3517 1236 3555 cum
1295 3516 1596 3569 peccavero
1642 3503 1959 3563 ostendunt,
2010 3512 2063 3555 et

475 3591 761 3646 consilium
795 3593 924 3647 dant
951 3594 1225 3661 quomodo
1264 3593 1489 3647 debeam
1520 3592 1800 3661 corrigere
1846 3607 2063 3646 errores

475 3699 628 3738 meos
690 3695 745 3739 et
795 3685 1087 3740 emendare
1133 3684 1391 3753 peccata?
1455 3682 1652 3738 Vendit
1720 3683 1849 3737 mihi
1897 3683 2063 3737 Isaias

475 3776 706 3830 arietem
753 3778 821 3830 ad
870 3774 1289 3830 sacriﬁcandum
1328 3790 1427 3843 pro
1475 3785 1719 3845 peccato,
1760 3792 1884 3830 cum
1931 3777 2060 3830 mihi

475 3868 630 3933 dicit,
684 3878 939 3937 tauquam
1006 3884 1071 3923 ex
1126 3868 1217 3922 Dei
1272 3883 1503 3938 persona
1546 3870 1635 3922 '°:
1676 3889 1692 3919 ι
1736 3868 2060 3923 llolocmtsta

474 3959 731 4024 arietum,
778 3970 834 4015 et
865 3960 1055 4029 adipes
1107 3975 1397 4031 agnorum,
1429 3970 1483 4015 et
1522 3961 1843 4031 sanguinem
1878 3961 2061 4015 hirco-

476 4067 595 4105 rum
632 4063 686 4104 et
714 4062 994 4107 taurorum
1027 4052 1174 4107 uolo.
1202 4053 1304 4107 oEt
1323 4052 1485 4123 paulo
1511 4062 1635 4119 post
1667 4051 1950 4123 subjungit
1981 4052 2056 4105 ":

481 4160 499 4193 ι
535 4143 754 4199 Auferte
785 4146 1057 4214 nequitias
1091 4144 1159 4199 ab
1194 4145 1395 4199 animis
1432 4147 1649 4208 vestris,
1693 4159 1722 4196 a
1762 4153 2058 4211 conspectu

472 4238 757 4292 oculorum
781 4250 1125 4303 vestrorum;
1154 4238 1350 4293 discite
1385 4238 1587 4292 bonum
1624 4237 1827 4299 facere,
1865 4236 2061 4304 eripite

474 4331 728 4400 injuriatn
779 4332 1162 4400 accipientem,
1206 4332 1452 4401 judicate
1506 4329 1735 4400 pupillo,
1766 4339 1820 4383 et
1853 4328 2057 4399 justiﬁ-

472 4435 593 4476 eate
629 4424 867 4485 viduam,
902 4432 957 4477 et
984 4424 1167 4477 venite
1205 4423 1569 4492 disputemus,
1599 4422 1732 4475 dicit
1774 4420 2056 4474 Dominus.

2169 3238 2249 3279 tes
2311 3226 2520 3277 Domini
2570 3226 2748 3279 eritis.
2797 3246 2815 3279 ι
2863 3226 2930 3280 Et
2978 3227 3045 3281 ad
3105 3238 3154 3281 te
3195 3228 3339 3281 enim
3393 3227 3602 3281 dicitur
3652 3227 3740 3280 “z

2169 3334 2187 3365 ι
2218 3316 2361 3369 Gens
2390 3316 2579 3377 elecza,
2620 3317 2799 3386 regale
2818 3318 3206 3382 sacerdotium,
3234 3318 3463 3387 populus
3493 3319 3545 3372 in
3568 3321 3752 3389 acqui-

2163 3409 2440 3463 sitiouem.
2480 3429 2497 3459 ι
2527 3410 2582 3461 Si
2639 3425 2770 3479 ergo
2810 3411 2892 3464 vis
2938 3411 3308 3465 Sacerdotium
3354 3426 3520 3481 agere
3548 3415 3749 3469 animte

2167 3510 2296 3560 tuae,
2327 3515 2602 3568 nunquam
2640 3502 2862 3555 recedat
2889 3502 3029 3570 ignis
3068 3502 3135 3556 de
3167 3503 3325 3557 altari
3376 3515 3489 3557 tuo.
3521 3503 3633 3559 Hoc
3663 3517 3749 3560 est

2166 3593 2308 3661 quod
2358 3582 2422 3646 'ct
2469 3593 2732 3649 Dominus
2784 3594 2836 3648 in
2888 3594 3198 3663 Evangeliis
3263 3598 3507 3667 przecipit
3556 3600 3635 3662 “,
3691 3607 3750 3653 ut

2170 3701 2189 3736 ι
2214 3686 2325 3738 sint
2357 3685 2520 3738 lumbi
2552 3686 2716 3739 vestri
2743 3687 3044 3755 przccincti,
3073 3700 3125 3741 et
3150 3689 3387 3743 lucerna:
3406 3700 3599 3744 vestra:
3613 3705 3748 3744 sem-

2164 3792 2260 3845 per
2315 3781 2590 3833 ardentes.
2633 3798 2650 3829 ι
2685 3779 2913 3847 Semper
2965 3779 3077 3851 (9t)
3112 3796 3240 3851 ergo
3296 3783 3393 3836 tibi
3430 3783 3570 3853 ignis
3600 3784 3746 3850 ﬁdei,

2164 3880 2217 3924 et
2248 3871 2466 3923 lucerna
2494 3872 2738 3926 sricntbe
2776 3892 3007 3930 accensa
3053 3877 3141 3929 sit.
3175 3877 3281 3929 Sed
3319 3876 3540 3949 etquod
3589 3877 3746 3940 dixit,

2170 3982 2187 4014 ι
2229 3963 2395 4016 lutnbi
2427 3964 2590 4016 vestri
2625 3966 2924 4032 przecincti,
2963 3985 2981 4017 ι
3023 3968 3284 4021 Dominus
3317 3968 3368 4020 in
3406 3966 3700 4036 Evangelio
3730 3982 3747 4028 ;

2164 4054 2263 4108 hoc
2290 4054 2432 4107 idem
2463 4065 2568 4117 est,
2601 4055 2744 4124 quod
2788 4068 2842 4111 et
2886 4072 3034 4111 nunc
3071 4057 3352 4129 legislator
3378 4059 3658 4127 prazcepit,
3692 4068 3750 4112 ut

2162 4144 2455 4215 campestri
2490 4145 2634 4200 lineo
2668 4148 3037 4219 pra‘cingatur
3071 4150 3352 4211 sacerdos,
3384 4158 3439 4203 et
3464 4150 3540 4203 ita
3574 4150 3748 4206 veteri

2163 4240 2345 4293 cinere
2364 4239 2636 4310 deposito,
2670 4241 2890 4296 innovet
2926 4259 3117 4297 sacros
3144 4243 3317 4311 ignes.
3343 4242 3571 4309 Oportet
3601 4244 3746 4295 enim

2162 4333 2332 4386 etiam
2386 4350 2480 4391 nos
2539 4334 2722 4388 dicere
2752 4335 2838 4388 ":
2875 4354 2893 4386 ι
2930 4334 3072 4389 Ecce
3137 4345 3323 4387 vetera
3380 4333 3747 4399 transierunt,

2164 4436 2215 4480 et
2242 4425 2382 4479 facta
2416 4437 2545 4481 sunt
2570 4429 2751 4481 omnia
2802 4442 2965 4482 nova.
3008 4445 3027 4475 ι
3058 4425 3367 4492 Catnpestri
3418 4424 3562 4476 enim
3598 4425 3748 4479 lineo

470 4513 537 4565 Et
561 4515 603 4567 si
627 4513 831 4566 l‘uerint
862 4524 1081 4583 peccata
1112 4522 1297 4569 vestra
1325 4514 1763 4581 utphmnicium,
1796 4525 1853 4567 ut
1877 4514 2055 4567 nivem
2090 4525 2133 4579 ι)
2165 4520 2425 4588 cingitur,
2466 4521 2573 4584 vel,
2607 4521 2748 4574 sicut
2783 4518 2913 4571 alibi
2967 4516 3198 4581 dicitur,
3235 4514 3594 4571 femoralihus
3641 4519 3749 4568 uti.

471 4605 766 4668 dealbabo;
804 4607 848 4659 si
887 4616 1067 4660 autem
1106 4613 1166 4660 ut
1214 4606 1524 4673 coccinum,
1558 4617 1617 4661 ut
1657 4607 1836 4660 lanam
1869 4607 2059 4662 eandi-

472 4699 593 4750 dant
620 4696 873 4751 efﬁciam.
901 4715 919 4748 ι
960 4697 1164 4752 Vendit
1201 4696 1335 4751 mihi
1372 4698 1601 4753 arietem
1626 4708 1681 4753 et
1715 4697 1901 4753 Daniel
1928 4712 2054 4751 eum

474 4789 611 4843 dicit
634 4788 700 4852 ³⁸,
756 4789 883 4860 quia
914 4808 933 4841 ι
967 4806 1073 4846 non
1100 4797 1185 4846 est
1242 4790 1395 4845 locus
1423 4790 1492 4844 ad
1541 4790 1962 4845 sacriﬁcandum
2000 4789 2053 4842 in

478 4893 773 4953 conspectu
797 4892 906 4950 tuo,
939 4894 998 4937 ut
1024 4884 1296 4954 possimus
1316 4883 1558 4938 invenire
1591 4882 2050 4937 misericordiam.

478 4977 585 5029 Sed
647 4975 699 5029 in
754 4977 934 5031 anima
994 4978 1358 5033 contribulata
1406 4984 1462 5030 et
1486 4974 1682 5045 spiritu
1725 4973 2055 5027 humilitatis

472 5069 840 5137 suscipiantur
900 5059 1043 5124 velut
1092 5071 1143 5125 in
1201 5068 1556 5125 multitudine
1620 5082 1883 5135 agnorum
1938 5066 2055 5136 pitt-

470 5162 677 5228 guium,
710 5158 791 5213 sic
824 5160 915 5214 ﬁat
937 5162 1266 5216 sacriﬁcium
1294 5171 1541 5214 nostrum
1566 5158 1621 5212 in
1644 5166 1939 5227 conspectu
1965 5168 2057 5211 tuo

475 5256 657 5307 hodie.
687 5272 704 5305 ι
739 5254 937 5307 Vendit
983 5254 1143 5308 nobis
1171 5264 1225 5307 et
1270 5253 1435 5306 David
1485 5251 1715 5306 arietem
1759 5250 2012 5305 sacriﬁcii
2039 5290 2055 5314 ,

471 5361 596 5398 cum
636 5345 764 5399 dicit
797 5346 882 5397 '9:
920 5363 939 5395 ι
987 5346 1333 5400 Sacriﬁcium
1370 5345 1481 5399 Deo
1510 5344 1734 5412 spiritus
1778 5343 2056 5398 contribu-

541 5440 586 5468 ⁵³
616 5439 629 5491 Ι
665 5440 795 5505 Reg.
833 5456 896 5505 ll,
931 5440 1020 5493 25.
1102 5439 1148 5470 ⁸³
1190 5441 1202 5492 l
1242 5439 1402 5493 Joan.
1438 5455 1490 5501 ν,
1528 5438 1616 5492 16.

472 5505 672 5579 58,59.
772 5510 817 5541 ³³
854 5512 971 5564 Psal
1019 5528 1092 5568 Li.
1126 5512 1210 5564 l9.
1314 5512 1357 5541 ⁸ο
1391 5511 1404 5561 Ι
1445 5510 1578 5579 lleg.
1633 5525 1720 5574 xv,
1759 5510 1849 5562 22.

477 5576 520 5608 “
552 5577 678 5632 Luc.
706 5596 804 5643 xu,
832 5582 920 5635 55.
999 5582 1042 5614 ⁸⁵
1067 5582 1247 5635 IICOr.
1287 5597 1340 5645 ν,
1385 5580 1473 5634 17.

547 5669 658 5737 (95)
701 5670 878 5726 Pretio
903 5675 1226 5743 offerendas.
1260 5675 1333 5727 lta
1377 5675 1545 5728 codex
1577 5674 1865 5742 Sangerm.
1903 5674 2049 5732 Libri

480 5752 655 5813 autem
686 5743 842 5813 editi,
880 5762 897 5794 t
927 5748 1161 5813 pretium
1198 5764 1304 5810 quo
1337 5744 1669 5801 olTerettdus.
1716 5763 1735 5794 ι

551 5811 661 5878 (Oi)
692 5811 1045 5882 Advcrbium,
1081 5833 1096 5865 t
1140 5832 1375 5885 sctupet',
1424 5834 1438 5865 ι
1488 5816 1643 5870 deest
1674 5816 1725 5869 in
1750 5824 1905 5868 antea
1937 5816 2052 5869 edi-

1694 5440 1740 5471 ⁵⁸
1776 5438 1967 5492 Matth.
2003 5454 2126 5500 xxv,
2159 5441 2210 5494 9.

1956 5509 1997 5539 ⁶¹
2035 5510 2203 5564 Levit.
2250 5527 2325 5578 vr,
2360 5512 2644 5584 8etseqq.

2167 4620 2273 4677 tur,
2302 4611 2389 4678 qui
2417 4610 2685 4666 luxuriam
2719 4612 2877 4665 ﬂuxa:
2922 4609 3166 4665 libidinis
3190 4610 3415 4680 cingulo
3443 4609 3748 4663 restrinxe-

2167 4704 2236 4757 rit
2269 4703 2562 4757 castitatis.
2594 4704 2733 4757 Ante
2760 4702 2944 4756 omnia
2979 4703 3122 4756 enim
3172 4702 3432 4758 sacerdos
3479 4702 3570 4771 qui
3611 4704 3749 4755 divi-

2165 4790 2249 4843 nis
2308 4790 2517 4843 assistit
2561 4790 2827 4845 altaribus
2870 4792 3124 4846 castitate
3165 4792 3324 4846 debet
3365 4792 3600 4860 accingi,
3650 4808 3747 4844 nec

2163 4882 2324 4933 aliter
2373 4897 2605 4951 purgare
2654 4892 2836 4936 vetera
2869 4893 2922 4938 et
2963 4884 3275 4939 instaurare
3319 4886 3522 4954 poterit
3581 4900 3742 4949 nova,

2165 4977 2267 5030 nisi
2301 4978 2734 5034 liueisinduatur
2760 4979 2894 5053 (95).
2928 4980 3003 5033 De
3030 4981 3189 5037 lineis
3226 4998 3366 5050 saepe
3396 4980 3507 5049 jam
3542 4981 3745 5034 dictum

2164 5076 2269 5132 est,
2295 5075 2349 5118 et
2384 5076 2511 5120 tunc
2539 5070 2777 5122 maxime
2810 5086 2933 5124 cum
2964 5072 3031 5125 de
3080 5071 3411 5126 indumentis
3432 5071 3747 5124 sacerdota-

2165 5155 2306 5213 libus
2354 5158 2692 5223 dicebamus,
2728 5166 2873 5230 quod
2911 5164 3124 5232 species
3157 5164 3262 5218 ista
3303 5163 3535 5217 formam
3567 5172 3749 5217 teneat

2163 5253 2468 5307 castitatis:
2493 5254 2619 5321 quia
2650 5256 2802 5323 origo
2832 5255 2925 5308 lini
2960 5256 3034 5309 ita
3073 5272 3102 5310 e
3148 5266 3290 5309 terra
3329 5256 3566 5319 ducitur,
3602 5264 3655 5308 et
3682 5254 3749 5308 de

2168 5353 2315 5399 terra
2346 5346 2549 5409 editur,
2589 5360 2647 5403 ut
2698 5365 2762 5403 ex
2811 5350 2954 5402 nulla
2988 5350 3317 5403 admisdone
3354 5357 3615 5415 concepta
3647 5347 3743 5399 sit.

2302 5441 2350 5472 “
2383 5443 2484 5497 lsa.
2519 5460 2553 5505 l,
2582 5446 2669 5498 ll.
2743 5445 2788 5475 δ’
2847 5445 2975 5497 ibid.
3014 5446 3094 5501 16.
3132 5443 3217 5509 17,
3261 5444 3342 5496 18.
3421 5442 3468 5474 ⁸⁸
3501 5442 3629 5495 De".
3662 5456 3747 5504 Ill.

2760 5516 2804 5547 δ’
2837 5516 2939 5570 lsa.
2978 5532 3089 5583 LM,
3117 5517 3170 5569 6.
3278 5515 3322 5544 ⁸³
3358 5513 3373 5566 l
3403 5511 3547 5565 Petr.
3587 5528 3649 5575 ll,
3684 5509 3740 5565 9.

2168 5675 2259 5735 tis,
2288 5674 2379 5746 sed
2400 5673 2682 5746 reperitur
2707 5674 2757 5726 in
2786 5691 2913 5727 mss.
3034 5744 3040 5746 Α
3111 5744 3120 5746 _
3404 5740 3420 5746 _
3452 5740 3482 5746 η.
3507 5740 3517 5746 _
3645 5738 3671 5746 __
3710 5737 3717 5746 _

2236 5745 2351 5813 (95)
2388 5739 2573 5796 Codex
2614 5746 2925 5813 Saugettn.,
2968 5764 2983 5795 t
3032 5744 3312 5797 induatur.
3351 5761 3366 5792 ι
3404 5740 3555 5793 Libb.
3592 5739 3747 5803 ciliti,

2169 5836 2184 5866 (
2221 5815 2459 5868 indutus.
2500 5832 2518 5865 ι
