4110 6448
435 393 535 448 ιιι

1603 383 1668 437 1N
1714 383 2087 438 LEVITICUM
2130 382 2411 437 llOMlLIA
2452 382 2537 437 IV.

3588 383 3690 437 “'3

439 502 850 561 Observandum
906 512 1083 557 tamen
1108 510 1190 556 est
1234 501 1375 570 quod
1405 500 1529 555 aliis
1562 500 1892 554 indumentis
1925 515 2011 552 sa-
2041 505 2086 560 Α
2122 500 2262 553 hanc
2316 499 2435 552 dedi
2485 501 2552 551 ab
2601 498 2791 551 hostiis
2842 498 3075 553 Domini.
3124 498 3323 553 Sancta
3377 510 3688 555 sam-torum

439 596 635 651 cerdos
660 594 830 648 utitur
860 594 987 647 dum
1012 602 1093 648 est
1136 594 1187 647 in
1232 590 1632 645 sacriﬁciorum
1680 591 2007 655 ministerio,

439 696 495 739 et
530 684 655 738 aliis
701 699 822 737 cttm
854 685 1099 753 procedit
1133 683 1198 736 ad
1249 681 1527 751 populum.
1558 679 1670 734 Hoc
1701 679 1933 734 faciebat
1961 689 2016 735 et

441 777 644 832 Paulus
679 776 1072 829 scientissimus
1093 775 1498 843 pontiﬁcum,et
1528 773 1895 843 peritissimus
1923 789 2015 827 sa-

439 867 1009 933 cerdotum.Quicum
1057 868 1278 921 essetin
1318 876 1458 921 casto
1488 866 2017 935 perfectorum,tan-

437 976 601 1029 quam
634 960 774 1013 intra
800 960 1000 1013 Sancta
1032 970 1343 1012 sanctorum
1366 962 1591 1029 positus,
1638 970 1691 1013 et
1730 960 1866 1013 stula
1891 976 2014 1029 per-

439 1052 693 1107 feCtionis
723 1052 939 1106 indutus
961 1052 1173 1105 dicebat
1204 1052 1246 1082 ⁵⁸
1277 1069 1289 1103 :
1323 1070 1340 1102 ι
1378 1052 1707 1120 Sapientiam
1740 1052 2014 1120 loquimur

443 1145 589 1199 inter
616 1142 915 1213 perfectos,
945 1145 1266 1212 sapientiam
1304 1153 1607 1197 autemnon
1635 1145 1790 1213 hujus
1811 1147 2014 1210 rnundi,

435 1250 614 1303 neque
662 1235 974 1303 principum
1037 1232 1196 1301 hujus
1246 1233 1456 1299 mundi,
1490 1235 1581 1302 qui
1641 1236 2016 1303 destruantur,

436 1327 529 1381 sed
562 1325 837 1393 loquimur
879 1324 974 1378 Dei
1010 1324 1329 1392 sapientiam
1359 1325 1411 1379 in
1447 1330 1705 1397 mysterio
1732 1329 2015 1382 abscondi-

441 1427 571 1482 tam,
588 1432 750 1487 quam
774 1432 937 1472 nemo
958 1416 1263 1485 principum
1287 1416 1443 1485 hujus
1462 1419 1641 1471 saeculi
1665 1421 1939 1488 cognovit.
1960 1420 2016 1473 Si

432 1514 580 1566 enim
612 1513 1022 1581 cognovissent,
1084 1525 1358 1579 nunquam
1395 1512 1680 1567 Dominum
1716 1512 2017 1580 majestatis

432 1604 863 1658 cruciﬁxissent.
896 1621 910 1657 ι
955 1600 1058 1656 Sed
1095 1612 1215 1672 post
1242 1604 1357 1656 htee
1381 1611 1635 1671 tanquam
1669 1605 1734 1658 ad
1764 1606 2017 1674 pupulum

433 1698 623 1749 exiens
680 1705 851 1749 mutat
907 1694 1125 1755 stolam,
1151 1702 1205 1747 et
1255 1694 1357 1747 alia
1401 1696 1641 1749 induitur
1687 1697 1848 1767 longe
1882 1698 2017 1753 infe-

428 1787 602 1851 riore,
672 1801 838 1855 quam
885 1786 994 1840 illa.
1042 1787 1107 1840 Et
1150 1788 1279 1856 quid
1340 1787 1475 1840 dicit
1506 1788 1584 1840 ‘7?
1621 1807 1639 1838 ‹
1675 1788 1817 1842 Nihil
1844 1790 2010 1854 aliud,

431 1877 631 1947 inquit,
658 1878 906 1948 juilieavi
928 1892 1013 1933 me
1038 1879 1184 1933 scire
1211 1880 1349 1933 inter
1379 1894 1491 1943 vos,
1514 1879 1616 1933 nisi
1645 1879 1827 1935 Jesutu
1856 1880 2014 1935 Chri-

430 1982 603 2038 stum,
629 1983 682 2027 et
728 1973 881 2029 hrnc
920 1972 1261 2027 cruciﬁxum.
1298 1992 1317 2025 ι
1360 1970 1517 2026 Vides
1552 1988 1680 2043 ergo
1717 1974 1875 2027 istum
1916 1975 2013 2029 do-

431 2064 734 2118 ctissimum
784 2065 1145 2129 sacerdotem,
1180 2064 1450 2133 quomodo
1494 2066 1710 2118 indutus
1748 2066 1840 2118 sit.
1877 2065 2012 2120 Cum

430 2165 515 2210 est
542 2157 718 2210 iturus
754 2157 897 2211 inter
941 2156 1236 2226 perfectos,
1268 2156 1414 2210 velut
1458 2156 1511 2209 in
1560 2158 1762 2213 Sancta
1798 2168 2014 2213 sancto-

432 2262 576 2314 rum,
600 2244 707 2299 alia
750 2246 920 2299 utitur
961 2245 1096 2300 stola
1143 2246 1423 2300 doctrinae.
1451 2247 1584 2301 Cum
1634 2264 1760 2303 vero
1794 2251 1908 2304 exit
1950 2252 2014 2306 ad

431 2350 548 2403 eos,
577 2335 667 2405 qui
695 2335 979 2405 incapaces
1007 2346 1152 2402 sunt,
1175 2346 1345 2389 mutat
1374 2336 1564 2391 stolam
1591 2340 1739 2392 verbi
1788 2351 1842 2394 et
1881 2341 2017 2395 infe.

435 2429 581 2483 riora
616 2428 811 2493 docet;
846 2438 901 2481 et
935 2427 1069 2482 alios
1103 2427 1248 2483 lacte
1292 2437 1538 2495 potat,ut
1566 2430 1847 2497 parvulos:
1883 2433 2016 2486 alios

436 2518 679 2573 oleribus
713 2518 914 2583 nutrit,
964 2528 1023 2573 ut
1052 2519 1334 2584 inﬁrmos;
1364 2521 1488 2574 aliis
1520 2535 1648 2575 vero
1673 2523 1846 2576 fortes
1874 2540 2013 2592 prte-

437 2618 593 2681 parat
629 2606 808 2674 cibos,
839 2608 923 2664 his
967 2609 1175 2665 scilicet
1212 2630 1230 2662 ι
1283 2611 1374 2679 qui
1400 2627 1501 2681 pro
1527 2613 1883 2680 possibilitate
1925 2630 2016 2668 su-

437 2700 616 2756 mendi
648 2702 981 2756 exercitatos
1031 2699 1231 2755 habent
1283 2717 1474 2757 sensus
1517 2704 1583 2756 ad
1623 2705 2010 2760 discretionem

442 2792 591 2857 boni,
619 2790 702 2843 vel
734 2791 859 2845 mali
881 2791 946 2844 ⁸³.
977 2811 995 2842 ι
1036 2792 1125 2846 Sic
1165 2793 1374 2847 sciebat
1418 2791 1615 2847 Paulus
1646 2808 1857 2848 mutare
1899 2809 2012 2851 sto-

439 2884 541 2948 las,
578 2894 631 2940 et
658 2884 760 2940 alia
783 2886 859 2939 uti
897 2885 963 2938 ad
994 2886 1270 2955 populum,
1302 2886 1406 2939 alia
1456 2887 1507 2938 in
1546 2887 1851 2941 ministerio
1891 2903 2015 2940 sau-

439 2988 675 3033 otorum.
711 2975 832 3044 Ipse
877 2985 1056 3029 autem
1101 2976 1417 3043 pontiﬁcum
1461 2976 1807 3043 poutifex,et
1833 2994 2015 3031 sacer-

440 3072 628 3124 dotum
683 3066 939 3121 sacerdos
985 3064 1244 3119 Dominus
1284 3075 1340 3119 et
1379 3065 1631 3118 Salvator
1681 3076 1887 3130 noster,
1950 3070 2015 3122 de

2123 601 2269 657 sunt,
2298 592 2436 643 sicut
2470 601 2551 643 est
2593 605 2689 659 pro
2734 601 2953 657 peccato
2990 600 3042 644 et
3094 606 3192 656 pro
3223 591 3443 645 delicto.
3491 594 3691 646 Omnes

2117 683 2344 736 masmtli
2384 684 2727 735 sacerdotum
2773 683 2932 735 edent
2972 696 3115 737 eam.
3152 680 3474 752 Legitimum
3535 696 3690 735 a-Ier-

2118 791 2243 828 ιιιιιιι
2279 774 2333 828 ἱιι
2363 775 2647 843 progenies
2702 785 2912 827 veSIras
2965 773 3032 826 ab
3069 774 3258 827 hostiis
3302 773 3534 829 Domini.
3558 774 3691 829 Οιιι-

2123 866 2205 919 nis
2250 866 2341 933 qui
2395 864 2632 931 tetigerit
2684 878 2770 926 ea,
2816 862 3268 917 sanctificabitur.
3307 883 3324 914 ι
3366 865 3418 917 lu
3460 864 3542 917 his
3574 881 3692 932 qua:

2119 960 2391 1029 proposita
2426 966 2580 1020 sunt,
2620 972 2737 1011 mos
2772 958 2989 1024 quidem
3023 957 3365 1010 sacrificandi
3392 959 3693 1012 sacerdoti-

2118 1054 2216 1106 bus
2242 1054 2419 1114 datttr,
2452 1060 2505 1103 et
2528 1050 2886 1102 observantia:
2922 1050 3121 1117 quibus
3147 1049 3246 1102 coli
3288 1050 3448 1114 Deus,
3479 1050 3561 1103 vel
3599 1068 3691 1118 pu-

2122 1144 2322 1197 rificari
2354 1140 2580 1210 populus
2622 1142 2918 1204 videretur,
2962 1141 3042 1194 vel
3078 1142 3241 1195 etiam
3274 1142 3326 1194 in
3367 1145 3693 1197 necessariis

2119 1234 2294 1288 victus
2317 1248 2481 1287 causa
2516 1231 2896 1286 consuleretur
2922 1234 3299 1287 sacerdotibus
3321 1243 3375 1287 et
3406 1235 3691 1288 ministris.

2120 1323 2416 1379 Ol'f'erenda:
2445 1324 2589 1376 enim
2631 1324 2826 1377 simila:
2864 1324 2913 1375 in
2939 1324 3208 1377 sacriﬁcio
3241 1340 3492 1378 mensura
3520 1328 3694 1394 posita

2120 1425 2223 1479 est,
2248 1428 2367 1483 qua:
2418 1412 2627 1466 decima
2666 1428 2791 1481 pars
2823 1413 2948 1481 cphi
2981 1414 3308 1481 appellantur,
3361 1415 3486 1468 huic
3514 1419 3692 1471 oleum

2121 1504 2550 1573 superfunditur,
2593 1515 2647 1558 et
2704 1506 2829 1558 thus
2877 1512 3282 1575 superponitur.
3333 1510 3439 1565 Sed
3478 1526 3598 1562 cum
3628 1512 3694 1563 ad

2122 1596 2291 1649 altare
2326 1594 2657 1663 pervenerit,
2689 1598 2962 1661 sacerdos,
3002 1596 3195 1664 inquit,
3226 1599 3439 1667 plenam
3475 1617 3695 1653 ntanum

2121 1708 2187 1745 ex
2214 1710 2278 1746 eo
2316 1703 2513 1753 summ,
2539 1693 2607 1743 ita
2644 1699 2701 1741 ut
2736 1690 2876 1743 intra
2912 1691 3303 1758 plenitudinen‘t
3340 1711 3530 1748 manus
3567 1712 3697 1748 con-

2120 1784 2299 1840 cludat
2346 1784 2503 1854 203
2540 1794 2594 1839 et
2642 1784 2817 1837 oleum
2869 1783 3010 1849 quod
3063 1783 3294 1837 infusum
3334 1796 3437 1847 est,
3485 1797 3537 1838 et
3574 1788 3700 1840 thus

2116 1875 2253 1944 quod
2293 1876 2687 1944 superpositum
2716 1882 2816 1935 est,
2852 1883 2910 1926 ut
2934 1874 3002 1926 sit
3035 1874 3135 1927 hoc
3167 1875 3399 1928 libamen
3433 1886 3486 1930 et
3513 1877 3697 1931 sacri-

2117 1968 2297 2021 ficium
2350 1967 2457 2020 Deo
2508 1967 2559 2019 in
2613 1968 2829 2020 odorem
2870 1968 3177 2020 suavitatis.
3219 1965 3451 2030 Caetera,
3499 1968 3695 2034 inquit,

2116 2070 2374 2113 ntaneant
2405 2061 2778 2115 sacerdotibus
2812 2062 2878 2114 ad
2911 2064 3202 2126 edendum,
3256 2063 3346 2116 st-d
3389 2064 3594 2115 edemla
3634 2077 3697 2113 ea

2117 2153 2331 2206 tradidit
2360 2153 2443 2205 lex
2476 2153 2530 2205 in
2561 2153 2680 2207 loco
2714 2165 2924 2219 sancto,
2965 2155 3015 2207 in
3046 2156 3187 2207 atrio
3229 2153 3588 2217 tabernaculi,
3624 2152 3697 2203 ita

2118 2244 2331 2297 utnihil
2383 2243 2736 2299 fermentetur
2789 2264 2854 2300 ex
2919 2248 3017 2300 eis.
3077 2245 3227 2300 llanc
3270 2246 3438 2307 enim,
3497 2245 3697 2311 inquit,

2117 2334 2236 2388 dedi
2274 2345 2481 2403 partem
2510 2339 2905 2400 sacerdotibus,
2940 2349 2993 2390 et
3028 2341 3138 2390 Ιιςυυ
3186 2347 3309 2389 sunt
3338 2336 3537 2389 Sancta
3575 2350 3700 2388 san-

2118 2436 2346 2480 ctorum.
2398 2426 2502 2480 Sed
2551 2440 2604 2481 et
2656 2428 2781 2481 illud
2818 2427 3098 2482 observari
3136 2427 3323 2488 voluit,
3358 2436 3409 2478 ut
3446 2426 3542 2478 soli
3583 2442 3700 2477 ma-

2118 2519 2249 2573 sculi
2282 2519 2446 2573 edant
2481 2536 2544 2573 ex
2577 2536 2662 2582 eo,
2694 2519 2889 2572 femina
2927 2520 3067 2572 nulla
3115 2518 3412 2583 contingat.
3448 2517 3612 2569 Addit
3642 2525 3701 2570 et

2127 2611 2248 2677 hoc,
2275 2612 2415 2681 quod
2448 2613 2540 2681 qui
2576 2612 2808 2682 tetigerit
2854 2628 2915 2666 ea
2957 2612 3346 2667 sanctilicrtur.
3379 2608 3484 2662 Sed
3516 2609 3560 2661 si
3605 2600 3695 2661 ve.

2118 2706 2277 2759 limus
2312 2721 2453 2758 nunc
2481 2703 2547 2757 ab
2583 2705 2646 2759 iis
2685 2706 2774 2773 qni
2810 2706 2859 2758 in
2897 2704 3184 2757 manifesto
3230 2700 3395 2756 Judaei
3429 2710 3579 2766 sunt,
3606 2714 3697 2753 re-

2116 2798 2337 2865 quirere
2368 2798 2434 2851 de
2469 2796 2696 2866 singulis
2728 2814 2830 2865 qua
2869 2798 3075 2849 ratione
3128 2793 3251 2847 illud
3286 2795 3384 2847 hoc
3422 2793 3577 2845 mulo
3611 2790 3700 2843 di-

2118 2899 2263 2944 ctum
2298 2890 2391 2954 sit,
2425 2899 2516 2942 aut
2550 2889 2678 2943 illud
2719 2889 2824 2941 alio
2876 2889 3053 2949 modo,
3108 2885 3349 2939 absoluta
3403 2885 3556 2938 nobis
3611 2900 3699 2936 ro-

2118 2981 2410 3049 sponsione
2455 2981 2827 3043 satisfacient,
2872 2981 3110 3033 dicentes
3142 2995 3154 3029 :
3185 2977 3259 3030 lta
3301 2979 3472 3030 visum
3508 2988 3588 3031 est
3624 2977 3702 3030 le-

2118 3087 2238 3138 gem
2268 3072 2439 3133 danti,
2482 3088 2639 3126 nemo
2680 3071 2901 3124 discutit
2947 3069 3232 3123 Dominum
3261 3085 3437 3122 suum.
3474 3070 3538 3122 Et
3579 3070 3700 3124 ideo

441 3175 549 3230 quo
586 3156 718 3211 dicit
747 3151 1117 3223 Apostolus“,
1140 3153 1269 3220 Quia
1292 3169 1313 3204 ι
1347 3151 1586 3221 νοηιίίθκ
1606 3154 1677 3206 sil
1705 3156 2009 3208 fulIII'OI‘IIIII
2044 3184 2089 3244 ρ
2120 3165 2372 3216 cedentes
2401 3162 2479 3215 eis
2515 3165 2566 3215 in
2608 3161 2839 3227 caeteris,
2870 3163 2935 3215 de
2976 3165 3077 3215 hoc
3124 3160 3419 3213 novissimo
3449 3178 3702 3219 sermone

441 3251 733 3309 bonorum,
773 3262 793 3295 ι
837 3241 962 3295 audi
988 3241 1260 3308 quomodo
1324 3241 1529 3310 primus
1573 3244 1685 3297 haec
1720 3245 1931 3310 fecerit,
1961 3258 2015 3300 et

439 3340 517 3393 ita
548 3334 828 3402 discipulis
858 3334 969 3387 suis
994 3334 1111 3387 hanc
1155 3332 1411 3386 imitanda
1446 3332 1743 3401 reliquerit.
1774 3336 2015 3406 Evange-

443 3430 573 3482 lium
607 3425 772 3482 refert
805 3428 869 3480 de
892 3441 974 3489 eo,
1025 3436 1080 3481 et
1112 3425 1243 3481 dicit
1286 3427 1359 3493 "°,
1407 3428 1531 3495 quia
1575 3448 1593 3480 ι
1641 3429 1692 3481 in
1740 3430 2015 3500 parabolis

442 3519 764 3589 loquebatur
796 3520 863 3572 ad
889 3519 1098 3585 turbas,
1142 3527 1197 3571 et
1223 3519 1343 3573 siue
1374 3520 1648 3588 parabolis
1693 3538 1800 3576 nou
1830 3522 2014 3591 loque-

444 3610 603 3661 batur
649 3608 751 3665 eis.
790 3626 809 3659 ι
846 3607 1113 3662 Seorsum
1143 3616 1321 3661 autem
1363 3608 1608 3663 solvebat
1645 3626 1707 3663 ea
1734 3612 2015 3681 discipulis

438 3698 575 3752 suis.
614 3696 772 3751 Vides
796 3698 1067 3767 quomodo
1114 3696 1229 3765 ipse
1289 3698 1471 3753 docuit
1518 3699 1640 3753 aliis
1678 3700 2014 3758 indumentis

440 3794 516 3847 uti
563 3793 761 3849 debere
811 3794 1164 3864 pontiﬁcem,
1221 3809 1343 3848 cum
1396 3794 1639 3863 procedit
1687 3795 1754 3847 ad
1793 3796 2012 3862 turbas;

442 3884 584 3952 aliis,
621 3899 743 3939 cum
782 3884 1012 3939 eruditis
1038 3894 1093 3938 et
1124 3882 1383 3952 perfectis
1412 3884 1683 3940 ministrat
1711 3885 1760 3938 in
1787 3888 2008 3941 sanctis.

441 3975 594 4031 Unde
622 3977 917 4045 optandum
951 3976 1106 4030 nobis
1131 3988 1213 4030 est
1251 3987 1306 4030 et
1335 3977 1626 4047 agendum,
1663 3994 1729 4032 ne
1756 3979 1889 4032 tales
1912 3995 2011 4034 uos

441 4069 682 4123 inveniat
723 4066 904 4131 Jesus,
943 4069 1013 4121 ita
1056 4066 1356 4137 imparatos
1392 4079 1446 4122 et
1487 4069 1559 4121 ita
1597 4070 1779 4123 sarculi
1807 4071 2012 4124 solliei-

438 4160 714 4215 tudinibus
769 4159 1042 4229 alligatos,
1071 4167 1127 4211 ut
1176 4175 1300 4213 cum
1342 4160 1520 4214 turbis
1562 4160 1817 4229 loquatur
1852 4163 2008 4216 nobis

440 4254 494 4307 in
520 4250 811 4320 parabolis,
849 4259 908 4303 ut
951 4249 1195 4305 videntes
1228 4267 1331 4303 non
1360 4252 1662 4316 videamus,
1698 4263 1753 4307 et
1784 4256 2005 4307 audien-

442 4354 522 4395 tes
568 4356 671 4395 non
723 4340 1044 4407 audiamus;
1091 4341 1185 4394 sed
1232 4341 1411 4409 potius
1459 4342 1598 4395 inter
1644 4360 1735 4398 eos
1777 4345 2006 4399 inveniri

440 4450 768 4497 mereamur,
819 4432 886 4486 ad
944 4447 1082 4500 quos
1120 4433 1253 4486 dicit
1295 4434 1337 4464 '”
1374 4452 1388 4488 :
1429 4454 1446 4486 ι
1503 4433 1666 4489 Vobis
1716 4436 1897 4489 datum
1928 4448 2004 4491 est

440 4542 600 4582 nosse
629 4525 885 4598 mysteria
919 4524 1070 4594 regni
1096 4524 1211 4580 Dei.
1250 4543 1269 4576 ι

509 4619 563 4673 7.
594 4618 721 4672 POSt
758 4617 858 4670 hoc
891 4631 905 4668 :
943 4634 959 4666 ι
991 4614 1113 4671 llaec
1140 4626 1244 4681 est,
1288 4617 1462 4686 inquit
1515 4619 1585 4683 ⁷³,
1628 4618 1714 4672 lex
1753 4620 2008 4674 sacriﬁcii

436 4718 579 4788 quod
604 4716 841 4770 offerent
873 4716 965 4770 ﬁlii
998 4717 1174 4771 Aaron
1207 4717 1505 4771 sacerdotis
1529 4726 1653 4771 ante
1683 4716 1853 4771 altare
1880 4732 2011 4770 eon-

440 4823 520 4864 tra
576 4808 884 4864 Dominum.
946 4808 1172 4863 Auferet
1214 4810 1281 4863 ab
1303 4824 1369 4863 eo
1412 4809 1625 4878 plenam
1673 4825 1891 4863 manum
1945 4810 2011 4862 de

434 4900 747 4969 similagine
804 4899 1057 4956 sacrificii
1111 4915 1232 4954 cum
1277 4900 1398 4954 oleo
1446 4899 1584 4968 ejus,
1619 4909 1828 4954 etcum
1862 4901 2007 4955 omni

438 4992 596 5045 thure
614 4993 751 5061 ejus,
778 5006 899 5059 quae
925 4997 1051 5043 sunt
1074 4991 1139 5044 ad
1176 4991 1526 5053 sacrificium,
1561 4999 1616 5044 et
1647 4990 1886 5058 imponet
1918 5006 2009 5043 su-

437 5097 534 5151 per
561 5083 730 5136 altare
773 5082 1001 5136 hOstiam
1052 5082 1273 5135 odorem
1324 5083 1609 5136 suavitatis
1639 5123 1653 5146 ,
1697 5082 2015 5136 memorialo

432 5178 551 5244 ejus
575 5175 825 5229 Domino.
858 5174 1010 5240 Quod
1047 5184 1229 5227 autem
1276 5174 1608 5242 superfuerit
1637 5190 1702 5228 ex
1738 5189 1823 5236 ea,
1852 5189 2009 5227 man-

434 5266 852 5321 ducabitAarou
893 5276 947 5319 et
987 5265 1079 5318 ﬁlii
1110 5264 1247 5333 ejus.
1305 5268 1506 5336 Azyma
1554 5266 1749 5320 edetur
1793 5265 1844 5318 in
1887 5265 2005 5319 loco

434 5368 645 5422 sancto,
679 5358 730 5411 in
784 5358 925 5410 atrio
965 5357 1298 5412 tabernaculi
1359 5358 1654 5412 testimonii
1709 5358 2001 5413 manduca—

431 5448 565 5502 bunt
599 5465 741 5503 eam.
769 5449 884 5503 Non
910 5459 1174 5516 coquetur
1200 5448 1611 5512 fermentatum,
1652 5457 1861 5518 partem
1893 5449 1997 5503 illis

503 5565 550 5596 “
578 5565 591 5617 I
616 5565 739 5619 Cor.
778 5580 836 5627 ll,
872 5563 925 5626 6,
954 5563 1006 5626 7,
1038 5564 1091 5616 8.
1171 5563 1213 5593 ⁸⁷
1244 5562 1372 5616 ibid.
1419 5565 1475 5617 ‘2.
1555 5565 1597 5595 ⁸⁸
1630 5564 1791 5618 Hebr.
1834 5580 1887 5629 ν,
1931 5564 2015 5619 Η.

432 5634 479 5666 "
506 5633 677 5690 Levit.
708 5650 780 5697 vi,
824 5634 883 5687 l4
911 5643 965 5687 et
993 5649 1145 5702 seqq.

2121 3251 2480 3319 requiramus,
2510 3260 2569 3303 ut
2616 3250 2798 3304 dicant
2871 3251 3141 3319 quomodo
3167 3252 3344 3303 omnis
3384 3254 3473 3320 qui
3512 3255 3701 3323 tetige-

2120 3344 2190 3395 rit
2222 3356 2287 3395 ex
2319 3342 2589 3395 sacrificio
2636 3350 2973 3407 sanctorum,
3015 3343 3402 3401 sanctificetur.
3438 3344 3493 3398 Si
3527 3346 3700 3399 homi-

2118 3431 2236 3484 cida
2261 3431 2518 3500 tetigerit,
2544 3432 2585 3486 si
2608 3432 2888 3502 profanus,
2908 3434 2951 3486 si
2977 3434 3206 3500 adulter,
3224 3434 3269 3487 si
3297 3435 3532 3489 incestus
3556 3435 3695 3509 (96),

2118 3524 2490 3577 sanctificatus
2535 3524 2679 3578 erit?
2720 3523 2832 3577 Non
2875 3525 3018 3579 enim
3064 3527 3276 3594 excepit
3318 3528 3576 3595 aliquem,
3604 3531 3697 3584 sed

2119 3615 2255 3669 dixit
2287 3632 2301 3667 :
2339 3632 2359 3663 ι
2396 3614 2582 3669 Omnis
2625 3615 2713 3682 qui
2770 3616 3010 3683 tetigerit
3044 3632 3126 3678 ea,
3178 3618 3630 3671 sauctiflcabitur.
3671 3638 3692 3672 ι

2120 3707 2387 3761 Ponamus
2415 3709 2580 3771 enim,
2616 3707 2759 3774 quod
2799 3707 2959 3760 etiam
2994 3722 3140 3760 nunc
3177 3707 3388 3775 integer
3419 3708 3489 3763 sit
3523 3718 3699 3765 status

2122 3803 2263 3857 illius
2320 3800 2528 3870 templi,
2581 3799 2879 3855 offerantur
2927 3799 3139 3864 hostia),
3173 3799 3440 3854 sacrificia
3499 3815 3698 3854 consu-

2120 3904 2355 3947 mantur.
2392 3892 2666 3961 Ingressus
2718 3899 2800 3944 est
2837 3889 3036 3957 aliquis
3090 3889 3348 3959 templum
3410 3890 3694 3955 scelestus,

2120 3984 2360 4053 iniquus,
2394 3984 2657 4051 impurus,
2698 3981 2900 4035 invenit
2930 3997 3125 4036 carnes
3162 3997 3227 4036 ex
3258 3986 3543 4040 sacriﬁciis
3574 4001 3698 4054 pro-

2117 4079 2341 4146 positas,
2375 4085 2430 4127 et
2467 4074 2643 4142 tetigit
2685 4089 2798 4134 eas,
2850 4073 3224 4128 sanetilicatus
3267 4076 3525 4129 continuo
3573 4092 3698 4146 pro-

2118 4164 2493 4221 nuntiabitur?
2520 4164 2810 4216 Enimvero
2852 4164 2999 4215 nullo
3029 4165 3207 4229 modo,
3249 4165 3327 4218 vel
3364 4166 3439 4219 rei
3480 4177 3694 4232 natura,

2119 4259 2201 4313 vel
2230 4259 2431 4311 veritas
2484 4257 2760 4325 religionis
2794 4254 2895 4307 hoc
2934 4252 3164 4321 recipit:
3197 4267 3251 4309 et
3297 4258 3417 4311 ideo
3467 4258 3695 4311 redeun-

2120 4354 2242 4407 dum
2300 4351 2454 4403 nobis
2502 4360 2584 4403 est
2630 4352 2695 4403 ad
2747 4352 3113 4417 expositiones
3157 4351 3497 4417 evangelicas
3530 4360 3695 4418 atque

2122 4442 2467 4513 apostolicus,
2513 4452 2569 4494 ut
2606 4441 2685 4495 lex
2718 4441 2887 4509 possit
2920 4440 3166 4509 intelligi.
3202 4440 3310 4495 Nisi
3355 4442 3498 4494 enim
3545 4445 3691 4494 vela-

2120 4548 2238 4587 men
2299 4532 2587 4587 abstulerit
2632 4530 2980 4600 Evangelium
3030 4533 3094 4586 de
3148 4533 3286 4587 facie
3340 4532 3531 4603 Moysi,
3585 4548 3690 4586 non

2119 4636 2297 4695 potest
2323 4626 2493 4679 videri
2529 4624 2705 4678 vultus
2735 4623 2873 4691 ejus,
2911 4640 3009 4678 nec
3053 4640 3244 4679 sensus
3281 4624 3398 4692 ejus
3440 4626 3688 4694 intelligi.

2122 4717 2250 4770 Vide
2286 4731 2416 4785 ergo
2463 4716 2730 4784 quomodo
2767 4717 2817 4769 in
2851 4714 3089 4769 Ecclesia
3127 4716 3493 4785 apostolorqu
3527 4716 3705 4771 disci-,

2116 4807 2225 4876 puli
2259 4808 2453 4860 adsunt
2478 4806 2564 4861 his
2609 4823 2729 4875 qua:
2778 4807 2990 4877 Moyses
3027 4808 3354 4876 scripsit,-ct
3392 4806 3690 4861 defendunt

2116 4913 2203 4960 ea,
2229 4897 2367 4965 quod
2395 4908 2448 4950 et
2482 4897 2693 4965 impleri
2721 4909 2939 4965 queant,
2974 4908 3027 4952 et
3058 4898 3452 4951 rationabiliter
3486 4898 3687 4963 scripta

2115 4997 2264 5043 sum.
2289 4986 2598 5042 Iudaeorum
2630 5001 2760 5041 vero
2789 4988 3065 5051 doctores,
3095 4996 3148 5042 et
3196 4987 3547 5054 impossibilia
3576 4988 3689 5042 haec

2113 5088 2167 5135 et
2202 5077 2616 5139 irrationabilia,
2648 5087 2938 5146 sequentes
2962 5078 3198 5131 litteram
3234 5078 3458 5132 faciant.

2181 5172 2232 5226 8.
2264 5172 2426 5241 Igitur
2458 5170 2806 5232 sacriﬁcium,
2840 5184 2938 5239 pro
2972 5185 3080 5239 quo
3120 5169 3233 5223 haec
3262 5168 3443 5223 omnia
3472 5167 3683 5222 sacrifi-

2107 5263 2189 5317 cia
2224 5264 2275 5317 in
2305 5272 2429 5333 typo
2457 5275 2510 5316 et
2557 5266 2724 5330 figura
2756 5273 3168 5331 praecesserant,
3202 5278 3363 5314 unum
3410 5271 3463 5315 et
3504 5261 3683 5329 perfe-

2104 5370 2271 5418 etum,
2309 5354 2614 5409 immolatus
2659 5363 2741 5408 est
2773 5354 3045 5409 Christus.
3082 5353 3249 5422 llujus
3282 5351 3533 5407 sacriﬁcii
3566 5368 3687 5405 car-

2106 5466 2223 5502 ncm
2277 5449 2318 5502 si
2378 5450 2501 5516 quis
2555 5450 2825 5516 tetigerit,
2879 5448 3134 5502 continuo
3186 5445 3582 5501 sattctiﬁcatur.
3626 5445 3683 5499 Si

2119 5567 2163 5597 ⁸³
2207 5566 2367 5621 llchr.
2424 5580 2497 5632 Ix,
2555 5565 2641 5619 ll.
2743 5564 2789 5597 "
2814 5564 3002 5619 Matth.
3048 5560 3283 5627 xm,54.
3358 5561 3402 5593 “
3434 5560 3680 5619 ibid.l£.

505 5779 611 5839 (96)
646 5777 789 5833 Idem
821 5791 942 5842 ms,
976 5794 992 5828 ι
1031 5777 1075 5830 si
1102 5775 1363 5831 incestus.
1399 5795 1415 5827 ι
1458 5776 1616 5831 Libb.
1652 5776 1801 5842 editi,
1841 5794 1856 5827 ι
1894 5776 1935 5829 si
1967 5775 2324 5833 incestuosus.
2358 5793 2377 5827 ι
