4110 6448
423 315 528 371 445

1894 315 2217 374 ORIGENIS

3585 321 3689 371 444

423 432 734 490 immundus
763 439 865 496 est,
896 434 1220 498 muniatur;
1255 433 1300 488 si
1341 435 1391 488 in
1435 434 1592 504 plaga
1632 445 1713 491 cst
1747 436 1878 506 (97).
1913 454 2001 488 sa-
2034 439 2078 495 Α
2109 435 2189 488 vir
2217 431 2598 504 qnznritur,qui
2628 447 2822 487 carnes
2855 441 3074 488 sanctas
3103 432 3276 503 possit
3299 432 3604 499 comedere,
3634 448 3689 492 et

424 539 606 582 natur.
639 525 730 580 Sic
759 525 991 595 denique
1015 527 1280 580 intellexit
1313 527 1424 591 illa,
1455 530 1520 581 de
1559 544 1663 597 qua
1693 530 1850 598 paulo
1880 542 2005 582 ante

426 618 743 681 memoravi,
777 633 897 685 quae
930 616 1247 685 profluvium
1283 620 1564 689 sanguinis
1597 621 1903 690 patiebatur
1929 620 2001 684 ⁷³,

422 711 547 778 quia
581 710 692 778 ipse
739 717 882 761 esset
913 723 1041 762 caro
1073 707 1347 774 sacriﬁcii,
1381 719 1434 763 et
1474 725 1604 764 caro
1647 709 1842 766 Sancta
1879 727 2005 766 san-

423 811 669 861 ctormn;
702 809 755 852 et
785 800 912 868 quia
941 815 1076 870 vere
1105 799 1374 855 intellexit
1400 816 1520 870 qua:
1544 812 1685 857 esset
1715 818 1842 858 caro
1873 803 2006 857 San-

421 901 503 944 cta
539 901 876 957 sanctorum,
929 895 1131 949 idcirco
1170 894 1423 949 accessit.
1457 893 1522 947 Et
1566 895 1736 964 ipsam
1787 896 2002 964 quidem

419 997 636 1036 carnem
684 993 930 1036 sanetam
976 985 1291 1052 contingere
1340 997 1448 1036 non
1500 985 1661 1038 amlet
1704 1004 1716 1038 :
1764 987 2002 1040 nondum

419 1076 565 1127 enim
595 1076 850 1128 mundata
891 1075 1088 1140 fuerat,
1141 1091 1240 1130 nec
1288 1091 1405 1146 quae
1453 1077 1690 1146 perfecta
1725 1089 1871 1143 sunt,
1904 1095 2002 1149 ap-

419 1167 818 1233 prehenderat;
861 1168 952 1222 sed
994 1167 1261 1222 ﬁmbriam
1315 1168 1492 1238 tetigit
1525 1171 1858 1237 vestimenti,
1895 1189 2002 1243 quo

419 1268 606 1311 sancta
637 1274 765 1314 caro
801 1260 1106 1327 tegebatur,
1145 1269 1200 1315 et
1245 1263 1388 1319 fideli
1425 1275 1567 1321 tactu
1601 1265 1852 1321 virtutem
1901 1267 2002 1320 eli-

419 1349 531 1402 cuit
561 1365 626 1404 ex
653 1365 838 1416 carne,
871 1367 992 1421 qua:
1031 1369 1090 1408 se
1118 1365 1173 1408 et
1211 1355 1279 1408 ab
1312 1356 1651 1411 immunditia
1683 1357 2000 1412 sanctiﬁca—

421 1449 526 1503 ret,
552 1451 607 1494 et
650 1458 677 1494 a
726 1442 880 1512 plaga
919 1459 1083 1513 quam
1119 1446 1431 1514 patiebatur
1466 1459 1706 1504 sanaret.
1756 1450 1869 1503 Non
1905 1451 1998 1504 tibi

419 1531 673 1586 videntur
707 1534 810 1589 isto
844 1537 1013 1605 magis
1043 1538 1233 1593 ordine
1260 1547 1408 1595 stare
1439 1556 1597 1609 posse
1630 1542 1773 1595 dicta
1808 1541 1995 1612 Moysi,

419 1625 616 1692 quibus
651 1628 782 1681 dicit
811 1644 824 1680 :
858 1627 1046 1682 Omnis
1075 1630 1165 1698 qui
1207 1631 1446 1700 tetigerit
1477 1647 1540 1687 ex
1583 1632 1838 1688 carnibus
1869 1649 1997 1687 san-

417 1717 523 1770 ctis
569 1717 1036 1773 sanctiﬁcabitur?
1084 1720 1186 1775 llas
1229 1723 1372 1776 enim
1446 1739 1663 1782 carnes.
1707 1740 1844 1795 quas
1900 1741 1997 1779 nos

2107 526 2392 580 comedere
2417 541 2522 579 non
2551 525 2602 579 in
2630 540 2954 594 quocunque
2976 525 3113 591 loco,
3135 526 3226 580 sed
3247 526 3299 580 in
3331 525 3450 580 loco
3473 538 3685 593 sancto,

2102 619 2245 681 intra
2279 617 2473 670 atrium
2505 617 2865 673 tabernaculi.
2893 618 3130 672 Audiant
3162 619 3277 672 haec
3308 618 3398 687 qui
3430 620 3686 674 scindunt

2105 709 2426 775 Eeclesiam,
2456 719 2512 764 et
2553 709 2867 779 peregrinas
2906 723 2970 762 ac
3016 723 3210 777 pravas
3253 708 3571 764 inducentes
3597 712 3688 764 do-

2104 801 2311 856 ctrinas
2345 811 2532 873 putant
2563 816 2621 857 se
2659 816 2846 855 sacras
2875 814 3066 854 carnes
3099 810 3254 854 extra
3287 801 3540 868 templum
3566 800 3686 867 Dei,

2103 904 2158 946 et
2182 905 2331 948 extra
2361 896 2540 947 aulam
2575 893 2910 948 Dominicam
2941 909 3098 963 posse
3123 893 3427 948 comedere.
3452 890 3683 947 Profaua

2104 994 2231 1038 sunt
2266 1001 2455 1040 eorum
2496 984 2786 1045 sacriﬁcia,
2817 1000 2936 1053 qua:
2979 993 3172 1038 contra
3225 982 3462 1036 mandati
3513 982 3682 1053 legem

2106 1088 2387 1144 geruntur.
2421 1073 2478 1128 In
2517 1076 2634 1131 loco
2681 1085 2870 1128 sancto
2917 1075 3001 1129 edi
3041 1074 3296 1142 iubentur
3342 1074 3482 1127 intra
3536 1075 3676 1128 atrla

2107 1166 2444 1219 tabernaculi
2477 1165 2792 1223 testimonii.
2830 1166 2978 1218 Atria
3016 1163 3349 1220 tabernaculi
3383 1163 3680 1219 testimonii

2103 1265 2247 1318 sunt,
2278 1272 2398 1324 qua:
2423 1255 2543 1310 ﬁdei
2579 1271 2764 1310 nmrns
2790 1256 2978 1318 ambit,
3005 1257 3115 1324 spei
3148 1254 3413 1309 columnae
3448 1268 3680 1322 suspen-

2102 1345 2266 1411 dunt,
2315 1347 2597 1402 cliaritatis
2653 1347 2947 1415 amplitudo
2993 1347 3204 1399 dilatat.
3261 1345 3360 1400 Ubi
3404 1346 3517 1398 hare
3572 1360 3680 1398 non

2101 1447 2247 1499 sunt,
2274 1453 2465 1492 carnes
2495 1447 2694 1492 sanctzr.
2715 1453 2811 1492 nec
2831 1438 3016 1492 haberi
3054 1446 3298 1506 possunt,
3325 1451 3423 1491 nec
3443 1436 3678 1491 comedi.
3736 1484 3742 1489 .

2172 1529 2226 1584 9.
2263 1531 2408 1584 Ilette
2458 1539 2636 1583 autem
2689 1531 2832 1597 quod
2883 1540 2936 1584 et
2974 1544 3072 1593 ea,
3127 1542 3252 1600 quae
3299 1543 3364 1583 ex
3412 1526 3681 1582 sacriﬁcio

2100 1621 2265 1692 205
2303 1621 2627 1688 similaginis
2652 1621 2971 1686 oll'eruntur,
3006 1621 3162 1689 plena
3199 1636 3358 1674 manu
3393 1635 3516 1674 cum
3561 1620 3682 1673 oleo

2099 1713 2404 1767 offeruntur
2429 1723 2482 1768 et
2525 1715 2702 1779 thure,
2738 1699 2792 1766 in.
2837 1715 3061 1766 odorem
3109 1712 3392 1767 suavitatis
3429 1711 3679 1767 Domino.

419 1811 784 1876 cxposuimus,
818 1813 1110 1880 tetigerunt
1145 1831 1334 1869 omnes
1366 1817 1455 1885 qui
1501 1833 1564 1871 ex
1597 1820 1848 1883 gentibus
1875 1835 1994 1874 cre-

2103 1803 2265 1857 lstmn
2304 1805 2480 1858 locum
2517 1806 2754 1860 breviter
2799 1805 3109 1874 explanavit
3159 1804 3440 1872 apostolus
3481 1803 3682 1860 Paulus

415 1899 686 1954 didrrunt.
737 1901 842 1956 llas
879 1904 1051 1972 tetigit
1080 1915 1130 1958 et
1167 1905 1274 1969 ille,
1304 1909 1392 1976 qui
1449 1908 1658 1963 dicebat
1682 1910 1770 1963 τις
1806 1929 1824 1961 t
1875 1910 2002 1964 Fui-

418 2007 536 2043 mns
568 1993 714 2046 enim
751 2004 802 2047 et
839 2010 936 2048 nos
979 1995 1275 2065 aliquando
1304 1999 1458 2054 stulti
1492 2008 1548 2054 et
1592 2001 1875 2068 increduli,
1905 2017 1998 2058 er-

418 2092 624 2146 rantes,
656 2085 956 2140 servientes
1009 2087 1291 2143 desideriis
1320 2098 1374 2143 et
1406 2091 1776 2161 voluptatibus
1807 2093 1995 2158 variis,

417 2166 472 2219 in
498 2167 700 2221 malitia
723 2177 779 2221 et
804 2167 1002 2222 invidia
1031 2177 1271 2237 agentes.
1311 2170 1559 2236 odibiles,
1590 2173 1838 2229 odientes
1864 2175 2008 2229 invi-

415 2272 557 2312 cem.
587 2257 693 2313 Scd
724 2275 847 2312 cum
878 2259 1184 2329 benignitas
1206 2271 1260 2316 et
1287 2262 1595 2318 humanitas
1622 2265 1795 2322 illuxit
1820 2265 2007 2322 Salva-

418 2351 553 2407 toris
583 2353 754 2407 nostri
788 2354 902 2416 Dei,
933 2356 1108 2411 salvos
1137 2373 1236 2411 nos
1268 2357 1395 2413 fecit
1422 2375 1519 2429 per
1547 2359 1820 2416 lavacrum
1848 2378 2007 2434 rege-

415 2443 716 2497 nerationis
742 2452 796 2498 et
836 2447 1203 2502 renovationis
1229 2447 1463 2519 Spiritus
1485 2452 1677 2505 sancti.
1728 2470 1745 2502 ι
1779 2453 1846 2507 Et
1879 2453 2008 2510 alibi

413 2535 542 2591 dicit
567 2555 580 2590 :
608 2559 624 2587 ι
661 2539 724 2592 Et
748 2538 882 2604 haec,
909 2540 1083 2610 inquit
1103 2542 1169 2604 ⁷⁵,
1197 2543 1414 2612 quidem
1458 2544 1656 2608 fuistis,
1686 2547 1780 2601 sed
1803 2547 2007 2616 justiﬁ-

415 2631 519 2684 cati
542 2631 693 2696 estis,
723 2633 818 2687 sed
847 2634 1166 2690 sanctiﬁcati
1198 2637 1329 2692 estis
1355 2637 1407 2691 in
1431 2640 1653 2694 nomine
1675 2639 1886 2696 Domini
1915 2658 2008 2698 no-

413 2724 508 2778 stri
539 2723 667 2778 Jcsu
695 2724 918 2790 Christi,
949 2736 1003 2782 et
1031 2727 1083 2781 in
1118 2728 1310 2798 spiritu
1343 2731 1436 2785 Dei
1470 2731 1661 2786 nostri.
1703 2752 1719 2781 ι
1751 2734 1804 2788 Si
1829 2735 2001 2802 enim,

412 2825 473 2870 ut
504 2816 758 2880 diximus,
804 2827 989 2890 tangat
1029 2821 1151 2890 quis
1186 2837 1404 2877 carnem
1443 2823 1571 2879 .lesu
1613 2842 1678 2880 eo
1709 2828 1871 2883 modo
1895 2845 2004 2899 quo

411 2923 574 2977 Supra
598 2913 967 2982 exposuimus,
995 2922 1103 2968 tota
1131 2913 1256 2979 ﬁde,
1279 2917 1424 2970 omni
1447 2918 1754 2974 obedientia
1781 2923 2005 2979 accedat

409 3002 476 3056 ad
498 3003 704 3070 Jesum,
735 3015 990 3076 tanquam
1018 3007 1085 3062 ad
1109 3007 1344 3063 Verbum
1371 3025 1592 3066 carnem
1636 3012 1858 3080 factum,
1899 3014 2003 3070 iste

2101 1898 2168 1949 ad
2224 1897 2592 1967 Philippenses
2617 1937 2632 1962 ,
2684 1898 2872 1952 dicens
2899 1897 2948 1928 ’⁷³
2978 1915 2990 1950 :
3021 1916 3039 1949 ι
3085 1896 3337 1964 Repletus
3381 1913 3499 1952 sum
3541 1897 3682 1953 acci-

2100 1990 2257 2058 piens
2291 1991 2358 2043 ab
2387 1990 2774 2059 Epaphrodito,
2811 2005 2874 2044 ea
2904 2005 3024 2058 quae
3046 2005 3074 2043 a
3105 1990 3258 2044 vobis
3289 1991 3449 2045 missa
3476 1991 3678 2045 suntin

2097 2082 2316 2135 odorem
2361 2083 2681 2148 suavitatis,
2737 2083 2968 2136 hostiam
3016 2091 3330 2150 acceptam,
3375 2083 3676 2150 placentem

2101 2174 2232 2228 Deo.
2276 2192 2294 2226 ι
2329 2174 2385 2228 lu
2417 2190 2522 2244 quo
2561 2175 2820 2239 ostendit,
2845 2176 2986 2244 quod
3035 2173 3408 2229 misericordia
3435 2175 3678 2244 quidem,

2097 2282 2219 2336 qua:
2247 2282 2374 2334 erga
2398 2282 2664 2337 pauperes
2707 2269 2788 2333 ﬁt,
2827 2269 3003 2323 oleum
3052 2266 3284 2322 infundit
3324 2267 3376 2321 in
3405 2269 3680 2322 sacriﬁcio

2098 2359 2231 2424 Dei;
2267 2361 2625 2414 ministerium
2677 2376 2807 2415 vero
2848 2361 2992 2430 quod
3029 2362 3233 2415 sanctis
3263 2360 3528 2423 defertur,
3553 2375 3678 2414 sua-

2096 2452 2316 2504 vitatem
2368 2450 2541 2504 thuris
2574 2451 2820 2520 imponit.
2868 2450 2974 2504 Sed
3019 2449 3123 2504 hoc
3170 2450 3325 2518 plena
3366 2465 3523 2503 manu
3558 2450 3676 2504 ﬁeri

2094 2541 2292 2595 debere
2315 2540 2642 2611 praecipitur.
2674 2540 2764 2595 Sic
2789 2541 2931 2594 enim
2962 2541 3100 2594 idem
3139 2541 3428 2612 Apostolus
3453 2542 3582 2596 dicit
3605 2541 3674 2608 τ’,

2094 2633 2221 2701 quia
2257 2652 2275 2684 ι
2309 2633 2398 2701 qui
2427 2647 2591 2700 parce
2637 2633 2888 2696 seminat,
2923 2648 3087 2702 parce
3132 2645 3188 2688 et
3227 2643 3410 2689 metet.
3441 2634 3543 2702 Qui
3573 2650 3673 2688 au-

2097 2735 2203 2779 tem
2247 2725 2479 2780 seminat
2520 2725 2570 2778 in
2622 2725 3028 2789 benedictione,
3077 2726 3143 2779 de
3193 2727 3568 2781 benedictione
3620 2736 3676 2782 et

2095 2825 2257 2870 metet
2287 2816 2450 2870 vitam
2487 2825 2767 2870 aeternam.
2813 2835 2832 2869 ›
2875 2816 2969 2870 Est
3009 2825 3187 2872 tamen
3232 2817 3434 2886 aliquid
3465 2821 3516 2873 in
3560 2820 3675 2888 ipso

2094 2909 2391 2972 sacriﬁcio,
2422 2909 2564 2978 quod
2613 2907 2928 2962 memoriale
2965 2909 3284 2976 appellatur,
3315 2911 3458 2979 quod
3494 2909 3674 2964 oﬂerri

2098 3001 2322 3054 Domino
2349 3001 2566 3055 dicitur.
2595 2999 2706 3070 Ego
2745 2999 2788 3053 si
2814 3014 3026 3068 possein
3059 3000 3145 3055 die
3175 3015 3239 3054 ac
3283 3011 3442 3055 nocte
3471 3001 3522 3055 in
3558 3003 3677 3072 lege

410 3095 588 3164 tetigit
617 3112 837 3152 carnem
868 3099 1118 3153 sacriﬁcii
1142 3145 1154 3162 ,
1183 3111 1238 3156 et
1267 3102 1637 3160 sanctiﬁcatus
1667 3116 1770 3161 est.
1802 3107 1994 3180 Tangit

2099 3093 2306 3146 Domini
2337 3092 2610 3155 meditari,
2635 3099 2690 3145 et
2723 3105 2911 3148 omnes
2943 3092 3257 3161 Scripturas
3300 3093 3560 3147 memoria
3593 3109 3679 3148 re-

405 3197 589 3242 autem
618 3206 811 3245 carnes
834 3190 993 3246 Verbi
1019 3203 1073 3249 et
1095 3194 1201 3259 ille,
1229 3193 1297 3249 de
1315 3211 1424 3265 quo
1445 3197 1577 3252 dicit
1600 3197 1891 3268 Apostolus
1911 3202 1957 3232 ⁷⁶
1981 3218 1994 3255 :

411 3300 431 3332 ι
481 3281 850 3363 Perfectornm
891 3294 1071 3340 autem
1112 3297 1196 3363 cst
1234 3290 1388 3344 cibus
1427 3291 1634 3345 solidus
1673 3307 1860 3348 eorum
1902 3292 1995 3363 qui

413 3367 514 3420 pro
545 3355 904 3422 possibilitate
934 3362 1175 3414 sumendi
1209 3367 1536 3424 exercitatos
1567 3369 1769 3423 habent
1799 3355 1994 3428 sena-us

411 3444 482 3496 ad
515 3441 896 3501 discretionem
929 3450 1050 3504 boni
1083 3466 1149 3505 ac
1177 3454 1325 3511 mali.
1364 3475 1382 3507 ι
1411 3455 1605 3529 Tangit
1647 3475 1778 3530 ergo
1814 3471 1867 3517 et
1905 3464 1994 3519 ille

411 3551 632 3590 carnem
672 3538 830 3593 Verbi
889 3542 1001 3608 Dei,
1047 3545 1138 3612 qui
1193 3548 1452 3604 interiora
1493 3551 1608 3619 ejus
1650 3553 1897 3620 discutit,
1941 3567 1994 3612 et

410 3629 620 3682 occulta
653 3639 829 3700 potest
859 3635 1151 3703 explanare
1185 3641 1461 3710 mysteria.
1505 3643 1566 3697 Et
1599 3659 1698 3699 nos
1732 3647 1778 3701 si
1828 3648 1994 3703 habe-

415 3736 595 3776 remus
643 3725 800 3779 talem
858 3726 1188 3783 intellectum
1219 3773 1234 3798 ,
1277 3748 1558 3802 possemus
1608 3738 1815 3807 singula
1873 3757 1993 3810 qua:

411 3817 724 3871 scribuntur
756 3820 806 3873 in
847 3819 984 3888 lege,
1027 3823 1256 3891 Spiritali
1307 3827 1754 3898 interpretatione
1788 3833 1992 3888 discere

413 3920 563 3968 nere,
593 3918 646 3961 et
689 3910 962 3964 obtectum
1016 3915 1442 3987 uniuscujusque
1491 3923 1758 3978 sermonis
1805 3940 1989 3979 sacra-

412 4010 674 4064 mentum,
722 4002 772 4054 in
803 4002 972 4057 lucem
1027 4007 1269 4060 scientiae
1305 4009 1599 4064 subtilioris
1637 4016 1900 4074 educere:
1942 4018 1987 4071 si

410 4091 479 4143 ita
521 4094 713 4148 docere
735 4111 1013 4166 pos<emns
1049 4100 1365 4168 Ecclesiam,
1393 4114 1447 4157 ut
1481 4105 1610 4160 nihil
1651 4124 1714 4162 es
1751 4111 1833 4164 bis
1869 4128 1989 4181 qua:

409 4181 543 4235 lecta
587 4193 712 4237 sunt
748 4199 1054 4242 remaneret
1100 4191 1429 4260 ambiguum,
1479 4196 1610 4248 nihil
1658 4199 1990 4268 relinquere-

406 4281 492 4324 tur
531 4275 850 4341 obscurum,
889 4278 1137 4334 fortassis
1184 4290 1238 4334 et
1283 4283 1350 4337 de
1397 4287 1550 4340 nobis
1598 4289 1704 4344 dici
1754 4303 1984 4359 poterat,

402 4367 527 4429 quia
563 4367 836 4438 tetigimus
871 4385 1064 4426 carnes
1107 4386 1325 4429 sanctas
1353 4379 1511 4432 Verbi
1576 4379 1665 4434 Dei
1700 4393 1753 4436 et
1787 4386 1987 4438 sancti-

2097 3187 2289 3251 tinere,
2325 3185 2642 3239 memoriale
2665 3185 2920 3240 sacriﬁcii
2953 3184 3057 3238 mei
3083 3183 3309 3238 Domino
3331 3185 3673 3239 obtulissem.

2094 3276 2254 3329 Certe
2285 3275 2328 3328 si
2361 3290 2468 3330 non
2509 3277 2688 3330 omnia
2731 3292 3038 3346 possumus,
3064 3276 3255 3330 saltem
3295 3291 3356 3328 ea
3381 3290 3501 3342 qua:
3535 3290 3676 3328 nunc

2095 3370 2355 3422 docentur
2385 3369 2438 3423 in
2478 3368 2726 3432 ecclesia,
2767 3367 2849 3424 vel
2885 3382 3004 3437 quae
3050 3367 3367 3433 recitantur,
3397 3366 3674 3420 memoriae

2093 3461 2565 3527 commendemus;
2593 3471 2650 3514 ut
2679 3469 2943 3515 exeuntes
2965 3459 3030 3513 de
3081 3460 3335 3523 ecclesia,
3372 3469 3424 3512 et
3449 3469 3676 3525 agentes

2093 3567 2256 3622 opera
2301 3551 2784 3616 misericordize,et
2830 3551 3116 3622 implentes
3160 3552 3338 3606 divina
3378 3559 3671 3620 prmcepta,

2094 3645 2421 3700 sacriﬁcium
2459 3661 2580 3700 cum
2618 3646 2778 3700 thure
2815 3656 2871 3699 et
2899 3645 3020 3700 oleo
3054 3643 3346 3700 oﬂ‘eratnus
3383 3644 3438 3697 in
3469 3659 3672 3696 memo-

2093 3737 2227 3790 riam
2263 3737 2501 3791 Domiuo.
2542 3737 2614 3791 Ex
2644 3737 2726 3790 his
2752 3753 2880 3808 ergo
2916 3737 3238 3799 edocemiui,
3271 3745 3332 3789 ut
3369 3751 3488 3804 quze
3525 3734 3673 3787 andi-

2092 3829 2187 3881 stis
2209 3825 2322 3899 (98)
2342 3828 2394 3882 in
2430 3827 2682 3890 ecclesia,
2711 3839 2963 3898 tanquam
2995 3829 3189 3881 nutnda
3213 3827 3670 3891 animalia,veluti

2094 3919 2433 3973 ruminantes
2458 3935 2518 3973 ea
2549 3919 2811 3973 revocetis
2833 3920 2898 3971 ad
2922 3919 3256 3980 memoriam,
3283 3929 3337 3970 et
3363 3934 3484 3971 cum
3509 3919 3674 3973 corde

2091 4023 2270 4063 vestro
2321 4026 2440 4079 qua:
2489 4009 2628 4064 dicta
2672 4021 2797 4064 sunt
2848 4009 3161 4064 conferatis.
3208 4010 3361 4076 Quod
3403 4010 3446 4065 si
3493 4009 3670 4078 aliqua

2091 4103 2364 4156 memoria:
2405 4101 2795 4170 super-fuerint,
2834 4112 2889 4155 et
2925 4103 3254 4156 intellectum
3297 4113 3534 4156 vestrum
3583 4117 3672 4156 su-

2089 4195 2419 4260 peraverint,
2453 4191 2620 4246 facite
2650 4195 2790 4263 quod
2838 4197 3123 4264 praesentis
3173 4195 3409 4246 tumulati
3443 4193 3672 4246 auctori-

2090 4296 2172 4342 tas
2219 4289 2484 4357 praecipit,
2529 4290 2715 4344 dicens
2745 4288 2789 4319 3°
2823 4305 2837 4342 :
2868 4304 2886 4337 ι
2923 4287 3076 4353 Quod
3125 4297 3304 4339 autem
3339 4286 3671 4353 superfuerit

2088 4393 2151 4431 ex
2191 4380 2296 4443 his,
2341 4379 2742 4434 manducabunt
2777 4375 2886 4449 (99)
2930 4378 3107 4431 Aaron
3143 4388 3199 4431 et
3230 4376 3324 4430 ﬁlii
3375 4380 3516 4445 ejus.
3557 4397 3575 4428 ›
3611 4377 3666 4431 Si

403 4456 546 4510 licati
576 4473 782 4513 sumus.
813 4460 906 4517 Sic
929 4472 1109 4516 autem
1146 4467 1352 4535 accipio
1376 4479 1429 4522 et
1454 4471 1582 4524 illud
1607 4475 1748 4541 quod
1773 4475 1975 4530 dictum

2094 4470 2212 4537 quid
2255 4471 2594 4539 superaverit
2622 4480 2676 4524 et
2703 4467 3003 4523 excesserit
3039 4469 3372 4522 intellectum
3404 4479 3549 4521 tuum
3585 4469 3666 4522 vel

402 4556 505 4606 est,
535 4551 658 4616 quia
689 4566 882 4604 omnes
907 4555 1129 4607 masculi
1157 4570 1221 4609 ex
1253 4560 1626 4615 sacerdotibus
1653 4567 1810 4617 edent
1835 4581 1978 4621 eam.

400 4635 552 4690 Nulla
586 4640 728 4693 enim
763 4641 983 4705 femina,
1015 4659 1116 4697 nec
1151 4647 1371 4699 remissa
1415 4659 1468 4703 et
1510 4651 1772 4707 dissoluta
1803 4657 1982 4710 anima

401 4728 601 4793 poterit
645 4731 807 4783 cdere
853 4748 1048 4788 carnes
1098 4747 1312 4792 sanctas
1344 4737 1505 4792 Verbi
1562 4740 1674 4796 Dei.
1712 4743 1980 4803 Masculus

399 4817 662 4889 quater-itur
705 4821 796 4888 qui
851 4837 941 4876 eas
977 4825 1119 4877 edat.
1163 4825 1382 4882 Maseuli
1439 4830 1671 4900 denique
1707 4843 1852 4898 sunt,
1890 4837 1979 4904 qui

399 4909 766 4974 perducuntur
798 4913 866 4966 ad
907 4930 1214 4980 numerum,
1269 4935 1530 4988 nusquam
1585 4921 1816 4982 femime.
1849 4943 1980 4978 tttts-

395 5015 557 5066 quam
592 5003 798 5070 parvuli
829 5015 1202 5061 numerantur.
1237 5007 1388 5064 Unde
1420 5022 1473 5064 et
1505 5014 1794 5082 Apostolus
1834 5018 1980 5071 dice-

396 5093 485 5144 bat
516 5092 560 5123 "
591 5111 604 5146 :
646 5113 662 5145 ι
705 5095 837 5149 Cum
869 5108 1046 5152 autem
1097 5102 1272 5156 factus
1320 5122 1437 5158 sum
1473 5105 1573 5170 vir,
1607 5107 1823 5175 deposui
1857 5125 1976 5178 ane

391 5194 552 5237 cram
579 5187 812 5254 parvuli.
861 5206 880 5239 ι
929 5187 1076 5245 Talis
1115 5208 1244 5265 ergo
1280 5197 1386 5251 iste
1432 5200 1726 5264 masculus,
1769 5212 1822 5255 ct
1854 5203 1974 5258 talis

461 5331 506 5361 ⁷³
537 5331 693 5385 Marc.
720 5348 770 5388 ν.

392 5415 466 5464 Ix,
511 5405 542 5453 6

849 5335 894 5367 ⁷⁵
917 5335 1024 5392 Tit.
1048 5354 1130 5397 ιιι,
1154 5340 1206 5394 5.
1283 5341 1328 5373 ⁷⁵
1359 5342 1515 5400 lCor.
1542 5361 1616 5407 vi.
1645 5347 1730 5399 ll.

461 5541 573 5626 (Ἦ)
603 5544 746 5626 Idem
798 5563 923 5626 ms"
953 5566 971 5598 ι
1009 5550 1377 5607 sanctiﬁcatur
1421 5553 1464 5608 si
1515 5555 1820 5611 immundus
1859 5568 1965 5624 est,

391 5621 616 5687 sanatur
643 5619 694 5687 si
731 5619 782 5667 in
815 5619 970 5687 plaga
1002 5629 1105 5676 est.
1149 5639 1167 5672 ι

395 5750 429 5801 li
463 5679 570 5748 (93)
603 5682 744 5737 idem
778 5679 971 5753 nis.,'t
1021 5691 1268 5748 audistis.
1319 5711 1338 5746 ι
1375 5691 1529 5750 Libb.
1561 5695 1714 5762 editi,
1755 5716 1772 5749 ι
1810 5698 1963 5753 audi-

440 5773 477 5801 δ.
527 5771 542 5801 ι

440 5771 542 5802 5.)

1807 5349 1851 5379 "
1875 5349 2091 5415 llcbr.v,
2127 5354 2211 5411 Η.

637 5405 682 5435 ⁸ο
716 5405 884 5461 chit.
929 5424 998 5468 v1.
1055 5410 1140 5464 iti.
1215 5410 1256 5442 ⁸¹
1313 5412 1469 5467 Deut.
1513 5405 1684 5481 Xltill,
1727 5416 1828 5470 7.”
1862 5419 2034 5474 Levit.
2072 5405 2142 5487 vi,
2173 5405 2241 5478 l9
2291 5405 2524 5494 et-seqq.

2087 4565 2399 4617 memoriam
2454 4571 2620 4626 tuam,
2665 4578 2819 4618 serva
2879 4562 3057 4616 Aaron
3103 4575 3120 4615 :
3179 4563 3278 4615 hoc
3301 4569 3403 4624 est,
3450 4577 3664 4617 reserva

2084 4653 2380 4716 sacerdoti,
2416 4668 2631 4707 reserva
2669 4653 2900 4719 doctori,
2948 4664 3005 4708 ut
3051 4655 3163 4724 ipse
3204 4654 3304 4708 hoc
3351 4655 3662 4717 manducet,

2085 4747 2200 4814 ipse
2245 4747 2523 4810 discutiat,
2575 4748 2688 4816 ipse
2738 4756 3004 4814 exponat;
3057 4747 3197 4802 sicut
3251 4755 3305 4800 et
3348 4747 3474 4802 alibi
3521 4747 3662 4802 idem

2085 4837 2298 4908 Moyses
2327 4838 2458 4892 dicit
2480 4839 2523 4868 *τί
2555 4856 2567 4894 :
2604 4858 2620 4889 ι
2660 4837 2933 4908 Interroga
2981 4847 3162 4907 patres
3199 4847 3339 4905 tuos,
3369 4848 3424 4894 et
3451 4854 3665 4895 annun-

2085 4930 2296 4983 tiabnnt
2323 4931 2443 4994 tibi,
2476 4932 2827 5002 presbyteros
2857 4943 2997 4996 tuos,
3025 4941 3080 4986 et
3131 4932 3311 4987 dicent
3352 4932 3469 4990 tibi.
3504 4951 3522 4984 ι
3556 4931 3664 5003 Ipsi

2085 5023 2226 5075 enim
2258 5025 2435 5077 sciunt
2475 5027 2746 5092 quomodo
2779 5026 2892 5080 hare
2934 5039 3121 5096 azyma
3159 5025 3390 5078 debeant
3433 5027 3662 5080 mandu-

2084 5116 2216 5177 cari,
2243 5118 2375 5169 etin
2403 5119 2611 5186 azymis
2638 5119 2972 5173 sinceritatis
3001 5127 3056 5171 et
3088 5117 3336 5171 veritatis
3358 5117 3577 5186 exponi.

2154 5208 2239 5262 t0.
2276 5208 2502 5261 Additur
2547 5210 2598 5263 in
2645 5209 3000 5279 sequentibus
3034 5208 3117 5262 "z
3153 5225 3171 5259 ι
3210 5208 3275 5262 Et
3313 5208 3530 5264 locutus
3575 5216 3662 5265 est

2286 5355 2330 5385 ⁷⁷
2357 5354 2521 5407 lCor.
2544 5371 2664 5420 xm,
2692 5355 2778 5410 ll.
2853 5356 2900 5388 ⁷⁸
2921 5355 3116 5425 Philip.
3137 5369 3212 5421 tv,
3242 5355 3330 5412 l8.
3409 5357 3454 5390 ¹¹⁹
3474 5353 3658 5412 “Cor.

2145 5563 2256 5632 (99)
2286 5563 2430 5617 idem
2477 5581 2557 5618 ms
2592 5608 2602 5624 ,
2641 5585 2659 5616 ι
2692 5581 2757 5618 ex
2805 5566 2889 5619 his
2912 5608 2926 5632 ,
2983 5567 3406 5619 manducabunt.
3448 5583 3467 5617 ι
3500 5563 3654 5620 Libb.

2072 5635 2222 5697 mliti,
2269 5654 2284 5685 t
2317 5652 2376 5686 ex
2410 5636 2475 5687 iis
2502 5637 2860 5688 ιιιιιιιιΙιιιεηΙήι.
2897 5657 2912 5686 ›
2949 5637 3084 5688 Iul-ra
3124 5637 3262 5688 idem
3300 5652 3426 5697 ms.,
3456 5654 3474 5684 t
3518 5636 3655 5688 idem

2077 5704 2286 5774 Moyses
2337 5707 2484 5759 dicit.
2535 5724 2551 5756 ι
2587 5704 2743 5760 Libb.
2787 5707 2939 5770 editi,
2979 5725 2996 5752 ι
3039 5708 3151 5775 ipse
3183 5705 3389 5774 Moyses
3439 5705 3586 5758 dicit.
3631 5723 3652 5757 ι
