4110 6462
422 348 445 398 4
467 348 522 399 ιε)

1623 346 1689 400 ΙΝ
1741 342 2117 402 LEVITICUM
2160 343 2443 399 llOMlLlA
2490 345 2551 398 ν.

3594 346 3699 402 446

425 465 685 517 hominus
726 463 792 516 ad
830 462 1073 532 Moysen,
1100 460 1336 515 dicens:
1369 460 1480 516 lloc
1523 479 1721 518 munus
1755 464 1933 517 Aaron
1966 475 2019 519 et
2050 467 2092 523 A
2126 463 2361 525 ciantur,
2397 464 2526 515 sicut
2569 472 2624 516 et
2658 462 2917 516 Dominus
2946 461 3142 517 fecisse
3175 461 3410 517 refertur
3440 461 3491 516 in
3519 461 3701 518 Evan-

421 558 653 610 ﬁlinrum
680 554 816 624 ejus,
852 554 998 623 quod
1044 552 1273 608 ederent
1310 554 1533 611 Domino
1571 559 1622 610 in
1653 558 1740 611 die
1771 574 1875 627 qua
1912 574 2008 611 un-

418 650 565 703 xeris
596 664 742 710 eum,
769 648 1035 701 decimam
1061 655 1270 713 partem
1296 649 1422 718 ephi
1468 648 1791 718 similaginis
1827 650 1877 702 in
1921 664 2009 701 sa-

418 741 628 795 criﬁcio
672 754 905 806 semper,
940 739 1222 793 dimidium
1262 739 1379 807 ejus
1427 755 1607 804 mane,
1639 749 1693 795 et
1723 740 2005 794 dimidium

414 836 535 901 ejus
573 840 693 901 post
736 831 1042 885 meridiem.
1094 830 1151 885 ln
1204 833 1480 901 sartagine
1529 847 1596 886 ex
1650 832 1769 886 oleo
1818 832 1908 886 ﬁet
1954 841 2011 886 et.

417 938 769 993 conspersam
800 922 877 993 (t)
906 921 1096 976 oﬁeret
1135 937 1253 977 eam
1282 933 1550 989 teneram,
1589 924 1919 992 sacriﬁcium
1944 924 2010 980 de

420 1017 775 1087 fragmentis,
822 1015 1151 1071 sacriﬁcium
1198 1016 1248 1069 in
1296 1017 1517 1072 odorem
1560 1017 1849 1072 suavitatis
1907 1016 2007 1071 Do-

421 1110 586 1163 mino.
623 1106 895 1163 Sacerdos
932 1109 1022 1177 qui
1064 1118 1262 1161 unctus
1304 1106 1472 1161 fuerit
1507 1123 1604 1177 pro
1650 1120 1714 1164 eo
1770 1122 1836 1162 ex
1886 1107 2009 1162 ﬁliis

417 1199 567 1268 ejus,
597 1199 761 1253 faciat
798 1215 858 1254 ea
888 1218 901 1253 :
930 1200 1012 1254 lex
1055 1208 1257 1253 aeterna
1287 1217 1300 1253 :
1326 1199 1508 1253 omnia
1551 1200 2011 1254 consummabun-

420 1301 528 1345 tur.
576 1292 644 1345 Et
685 1307 846 1345 omne
893 1293 1224 1347 sacriﬁcium
1274 1294 1578 1350 sacerdotis
1629 1291 2009 1347 holocaustum

416 1385 546 1447 erit,
568 1392 622 1435 et
660 1399 764 1436 non
813 1385 1027 1437 edetur.
1066 1402 1084 1436 ι
1115 1384 1168 1438 ln
1204 1387 1416 1442 caeteris
1447 1384 1662 1454 quidem
1698 1384 2008 1452 praeceptis,

422 1472 660 1541 pont‘fex
697 1473 748 1525 in
779 1471 1069 1528 oﬁ‘erendis
1105 1475 1391 1530 sacriﬁciis
1419 1474 1616 1544 pepqu
1644 1476 1847 1543 prtehet
1890 1473 2005 1527 otii-

418 1568 601 1631 cimn;
638 1566 688 1618 in
733 1567 831 1619 hoc
866 1581 994 1620 vero
1028 1566 1302 1631 mandato,
1329 1583 1451 1637 qua:
1499 1567 1713 1635 propria
1746 1573 1874 1619 sunt
1912 1579 2010 1619 cu-

424 1669 526 1721 rat,
554 1668 608 1710 et
640 1658 780 1726 quod
805 1657 872 1712 ad
896 1674 955 1712 se
986 1669 1215 1728 spectat,
1245 1660 1583 1729 exsequitur.
1609 1658 1842 1713 Juhetur
1866 1657 2009 1713 enim

420 1769 484 1807 cx
529 1752 638 1816 die,
671 1768 776 1820 qua
807 1761 1000 1806 unctus
1032 1752 1214 1817 fuerit,
1243 1768 1459 1822 semper
1500 1760 1554 1806 et
1597 1752 1651 1805 in
1689 1762 2007 1820 perpetuum

2112 554 2269 621 geliis
2301 554 2365 618 ³³,
2403 554 2486 607 ubi
2536 554 2809 608 benedixit
2852 570 3041 622 panes,
3096 564 3150 609 et
3199 554 3348 610 dedit
3394 554 3695 624 discipulis,

2115 654 2168 698 ct
2215 644 2461 714 discipuli
2511 645 2919 715 confringentes
2964 653 3336 715 apposuerunt
3386 645 3579 700 turbis.
3634 644 3701 698 Et

2116 754 2236 790 cum
2290 737 2471 791 satiati
2522 737 2749 791 fuissent
2781 752 2995 800 omnes,
3048 737 3457 807 superfuerunt,
3500 737 3695 806 inquit,

2118 828 2544 899 tragmentorum
2598 829 2815 897 cophini
2876 829 3179 883 duodecim.
3236 828 3381 884 lstud
3442 839 3525 885 est
3567 844 3698 900 ergo

2116 918 2442 975 sacriﬁcium
2488 935 2558 974 ex
2607 918 2962 988 fragmentis,
3017 934 3139 973 eum
3204 920 3509 975 minutatim
3577 936 3699 990 quae

2117 1021 2245 1066 sunt
2287 1012 2420 1079 legis
2465 1021 2654 1065 saneta
2700 1010 3041 1075 disculimus,
3093 1019 3151 1065 ut
3192 1011 3487 1080 spiritalem
3516 1028 3579 1067 ex
3610 1013 3697 1069 his

2118 1105 2296 1159 cibum
2340 1118 2646 1173 purumque
2695 1104 2993 1171 capiamus.
3050 1102 3116 1158 Et
3161 1103 3300 1167 hate,
3358 1103 3569 1172 inquit,
3615 1113 3699 1158 est

2119 1193 2199 1248 lex
2247 1204 2472 1248 attenta.
2531 1190 2773 1248 Joannes
2836 1192 3055 1261 quidem
3112 1192 3391 1260 apostolus
3444 1194 3498 1248 in
3547 1193 3695 1262 Apoc

2118 1287 2321 1357 ealypsi
2382 1286 2513 1341 dicit
2560 1300 2679 1340 esse
2739 1284 3091 1354 Evangelium
3147 1294 3408 1341 aeternum
3446 1285 3494 1318 ⁸⁵
3548 1304 3562 1340 :
3616 1287 3699 1340 in-

2120 1382 2367 1435 venimus
2424 1390 2477 1433 ct
2535 1380 2623 1434 hic
2686 1383 2950 1449 scriptum
2999 1394 3120 1435 esse
3180 1378 3357 1449 legem
3411 1388 3695 1443 azternam,

2120 1475 2280 1543 205
2310 1475 2404 1529 sed
2456 1476 2541 1528 isti
2583 1475 2675 1543 qui
2711 1474 2880 1545 legem
2913 1476 3212 1529 secundum
3248 1474 3493 1527 litteram
3537 1473 3695 1541 sequi

2121 1570 2331 1633 volunt,
2354 1570 2512 1622 velim
2542 1569 2669 1622 mihi
2693 1585 2835 1623 nunc
2859 1569 3104 1623 dicerent
3133 1570 3405 1639 quomodo
3428 1568 3513 1623 lex
3538 1568 3698 1637 hujus

2120 1660 2372 1715 sacriﬁcii
2402 1675 2520 1714 esse
2562 1660 2731 1729 possit
2753 1666 2955 1713 acterna
2992 1675 3006 1713 :
3041 1673 3164 1713 cum
3202 1660 3393 1729 utique
3417 1660 3697 1714 destructo

2123 1750 2341 1819 templo,
2374 1750 2635 1803 subverso
2663 1749 2846 1813 altari,
2897 1759 2951 1803 et
2984 1749 3239 1805 omnibus
3265 1765 3389 1819 qua}
3437 1752 3696 1806 diceban-

418 1844 617 1897 oﬁerrc
664 1843 1029 1913 similaginem
1069 1843 1190 1898 oleo
1232 1858 1617 1912 conspersam,
1664 1851 1903 1896 teneram
1947 1856 2011 1897 ex
2048 1826 2092 1881 Β
2123 1851 2215 1894 tur
2244 1848 2431 1893 saneta
2461 1838 2785 1908 profanatis,
2834 1838 2970 1892 ritus
3012 1838 3117 1893 iste
3149 1839 3544 1894 sacriﬁciorum
3584 1855 3693 1896 non

419 1937 719 2005 sartagine.
774 1932 937 2003 quue
988 1935 1337 2005 cognominat
1385 1934 1717 1989 sacriﬁcium
1783 1950 1850 1989 ex
1907 1934 2015 1987 fra-

422 2028 680 2098 gmentis,
715 2027 765 2080 in
805 2029 1026 2081 odorem
1057 2026 1376 2093 suavitatis;
1406 2035 1461 2081 et
1502 2029 1603 2082 hoc
1649 2027 1765 2097 lege
1807 2039 2011 2082 acterna

422 2133 766 2188 permanere,
798 2127 854 2173 et
903 2120 1193 2172 transmitti
1231 2118 1295 2171 ad
1326 2128 1578 2187 posteros
1626 2118 1801 2187 jubet.
1850 2118 2014 2173 Addit

423 2227 554 2264 sane
585 2212 1003 2275 observandum,
1031 2226 1099 2264 ne
1128 2211 1290 2264 ullum
1324 2211 1659 2265 sacriﬁcium
1692 2213 2011 2277 sacerdotis,

422 2302 525 2355 hoc
554 2312 656 2366 est,
690 2302 835 2369 quod
872 2317 968 2371 pro
1005 2304 1187 2373 seipse
1225 2302 1418 2357 olli-ret
1449 2301 1550 2374 (2),
1582 2305 1776 2357 edatur
1816 2320 1844 2357 a
1878 2319 2015 2373 quo-

421 2408 614 2458 quam;
649 2394 741 2447 sed
770 2394 1145 2447 holocaustum
1185 2396 1300 2458 ﬁat,
1337 2396 1478 2463 quod
1514 2404 1599 2449 est
1632 2395 1739 2464 igni
1776 2394 2012 2451 absumi.

422 2484 760 2554 Prmeeptum
794 2488 1012 2556 quidem
1049 2488 1345 2543 secundum
1380 2489 1614 2542 litteram
1658 2488 1863 2541 clarum
1907 2498 2010 2554 est,

422 2580 579 2632 velint
615 2590 790 2635 tamen
825 2581 1007 2636 videre
1035 2583 1126 2652 qui
1165 2581 1216 2635 in
1262 2582 1361 2637 hoc
1403 2592 1581 2653 typus,
1616 2590 1671 2635 et
1694 2598 1813 2652 qum
1846 2583 2012 2653 ﬁgura

425 2670 711 2729 formetur.
755 2673 1042 2728 Dimidium
1079 2673 1334 2728 sacriﬁcii
1376 2674 1534 2742 hujus
1580 2688 1738 2727 mante
1775 2673 1887 2726 vult
1932 2673 2016 2728 of-

424 2756 575 2826 ferri,
609 2770 662 2815 et
692 2762 973 2816 dimidium
1023 2778 1269 2833 vespere,
1318 2772 1463 2816 certa
1518 2779 1769 2818 mensura
1816 2765 2012 2820 simila:

423 2852 541 2905 oleo
572 2868 875 2923 conspersa:
909 2864 1107 2909 tenerae
1138 2871 1165 2907 a
1197 2855 1491 2923 sartagine.
1537 2853 1668 2909 Vide
1700 2856 1745 2909 si
1781 2870 1909 2919 non,
1950 2866 2009 2909 ut.

425 2958 522 3011 ego
545 2943 814 3011 suspicor,
840 2943 1170 2998 sacriﬁcium
1195 2945 1495 2997 sacerdotis
1517 2943 1634 2998 tunc
1663 2947 1775 3013 ipsa
1801 2949 1872 2999 sit
1901 2948 2014 3012 lex,

422 3050 539 3101 qua:
567 3050 662 3101 per
690 3034 906 3104 Moysen
931 3033 1324 3101 promulgatur,
1350 3033 1503 3102 cujus
1540 3034 1817 3087 dimidium
1855 3052 2016 3091 mane

414 3122 636 3189 jubetur
668 3124 873 3187 oll'erii,
912 3124 1191 3176 dimidium
1228 3138 1360 3177 vero
1392 3124 1457 3175 ad
1498 3138 1803 3192 vesperam.
1835 3126 2006 3191 Quam

424 3216 590 3284 legem
625 3217 674 3268 in
723 3215 859 3267 duas
910 3222 1092 3281 partes
1140 3214 1303 3267 dividi
1358 3218 1634 3284 praecepit,
1668 3217 1719 3269 in
1770 3218 2002 3273 litteram

425 3305 678 3357 videlicet
703 3314 753 3357 et
784 3304 1057 3370 spiritum.
1097 3302 1162 3356 Et
1198 3303 1476 3356 dimidiam
1516 3304 1732 3372 quidem
1773 3317 2004 3373 partem,

424 3412 543 3465 qua:
579 3404 660 3449 est
691 3396 890 3459 littera,
925 3394 1105 3450 ollerri
1150 3397 1304 3465 jubet
1349 3411 1525 3459 mane,
1572 3397 1748 3466 primo
1798 3398 2005 3452 scilicet

425 3489 558 3556 legis
605 3500 879 3559 tempore:
913 3489 1053 3559 quod
1117 3490 1221 3543 illis
1275 3489 1470 3557 quibus
1523 3499 1653 3544 tunc
1703 3495 2003 3547 secondum

424 3582 659 3634 litteram
691 3584 813 3635 data
851 3593 956 3645 est,
990 3597 1179 3635 novam
1216 3581 1386 3634 lucem
1431 3588 1484 3634 et
1538 3597 1741 3637 novum
1777 3586 2006 3654 protulit

419 3673 581 3735 diem,
625 3673 904 3726 dimidium
958 3688 1087 3728 vero
1129 3672 1245 3740 ejus
1274 3673 1456 3728 offerri
1506 3673 1672 3744 jussit
1712 3677 1762 3730 in
1811 3692 2002 3748 vespe-

426 3780 559 3818 ram.
606 3764 658 3817 In
695 3779 915 3832 vespera
958 3766 1100 3818 enim
1149 3765 1305 3820 nobis
1358 3766 1516 3820 datus
1552 3777 1639 3822 est
1697 3768 2000 3826 Salvatnris

420 3858 700 3919 adventus,
737 3858 788 3908 in
818 3873 931 3926 quo
961 3873 1088 3925 pars
1140 3857 1225 3910 illa
1274 3859 1519 3924 dimidia,
1554 3860 1658 3915 hoc
1694 3871 1776 3915 est
1807 3877 2002 3918 sensus

423 3946 501 3997 vel
530 3948 750 4014 spiritus
783 3946 935 4014 legis,
970 3948 1265 4000 secundum
1301 3949 1443 4017 quod
1483 3951 1565 4003 lex
1604 3950 1865 4020 spiritalis
1897 3962 2000 4019 est,

421 4037 675 4090 ochratur
704 4041 823 4091 oleo
863 4054 1153 4106 conspersa
1200 4049 1402 4093 tenera.
1450 4043 1639 4097 Oleum
1681 4044 1746 4095 ad
1785 4045 2000 4097 miseri-

420 4131 659 4184 cordiam
706 4139 1011 4191 revocatur,
1047 4146 1167 4199 qua:
1198 4131 1357 4184 debet
1400 4132 1450 4185 in
1491 4135 1871 4187 sacerdotibus
1905 4135 2003 4187 ab-

422 4225 642 4276 undare.
674 4224 880 4276 “l‘enera
908 4223 971 4275 ad
1006 4224 1257 4277 subtilem
1286 4231 1339 4275 et
1367 4240 1554 4291 puram
1587 4226 1999 4295 intelligentiam

420 4316 667 4383 pertinet.
694 4315 845 4381 Quod
879 4324 1056 4368 autem
1083 4331 1109 4367 a
1141 4316 1416 4386 sartagine
1446 4317 1666 4380 dicitur,
1706 4326 1833 4387 puto
1857 4318 2001 4386 quod

420 4407 746 4470 districtum,
781 4416 835 4461 et
870 4406 1035 4459 multa
1083 4407 1416 4461 continentia
1455 4409 1688 4474 aridttm,
1736 4417 1790 4462 et
1837 4410 2001 4462 torri-

417 4501 542 4552 dmn
576 4500 700 4552 velit
734 4514 849 4551 esse
890 4499 1252 4563 sacerdotem,
1290 4499 1343 4553 in
1380 4514 1487 4569 quo
1524 4500 1655 4552 nihil
1707 4500 1992 4554 remissum
2028 4521 2073 4575 ῃ

419 4594 603 4646 haberi
637 4593 700 4645 ad
731 4591 1018 4658 luxuriam,
1051 4592 1183 4645 nihil
1208 4590 1428 4646 ﬂuitans
1458 4592 1525 4646 ad
1558 4591 1836 4646 libidinem
1874 4608 1997 4661 pos-

417 4688 507 4737 sit.
550 4685 699 4750 Quod
742 4693 921 4737 autem
963 4685 1290 4739 sacriﬁcium
1336 4685 1511 4753 ipsum
1555 4701 1620 4740 ex
1675 4684 1994 4754 fragmentis

418 4776 707 4829 nominavit
763 4775 814 4828 in
864 4776 1081 4830 odorem
1136 4777 1439 4841 suavitatis,
1499 4786 1631 4846 puto
1684 4778 1826 4847 quod
1886 4777 1997 4829 rra-

415 4876 631 4936 gmcnta
679 4866 1019 4920 sacerdotum
1069 4865 1194 4919 velit
1242 4866 1665 4938 intelligizeum
1722 4868 1855 4938 legis
1903 4882 2000 4936 pcr

414 4971 507 5010 cos
540 4958 712 5012 littera
743 4956 1029 5027 frangitur,
1061 4964 1117 5011 et
1159 4957 1312 5012 cibus
1338 4973 1406 5012 ex
1435 4974 1496 5013 ea
1528 4960 1701 5015 latens
1743 4961 1998 5013 intrinse-

412 5064 509 5103 cus
570 5048 829 5117 spiritalis
885 5048 1136 5115 elicitur;
1189 5059 1251 5104 ut
1304 5050 1588 5108 audientes
1650 5054 1818 5107 turba:
1874 5052 1997 5107 reﬁ-

483 5217 527 5248 ⁸³
558 5216 744 5271 Matth.
780 5233 892 5274 xiv.
966 5215 1013 5250 ⁸⁸
1037 5219 1205 5287 Apoc.
1248 5232 1358 5283 xlv,
1400 5215 1455 5272 6.

485 5352 559 5422 (t)
590 5352 732 5424 Idem
768 5367 953 5424 ms.,_t
990 5362 1045 5408 et
1075 5368 1420 5424 conspersum
1451 5370 1464 5418 ;
1503 5375 1521 5407 ι
1555 5363 1608 5409 et
1656 5354 1819 5423 paulo
1854 5366 1992 5422 post,

413 5443 430 5471 α
464 5422 790 5477 sacriﬁcium
809 5423 875 5477 de
899 5422 1245 5490 fragmentis,
1270 5425 1600 5479 sacriﬁcium
1628 5422 1678 5477 in
1699 5426 1943 5478 odorem.
1969 5444 1987 5473 ι

410 5493 471 5544 In
529 5500 689 5549 antea
755 5494 917 5548 editis
947 5493 1504 5563 legitur,cconspersa,
1546 5513 1564 5546 ι
1598 5502 1791 5562 etpost
1832 5514 1847 5543 l
1886 5496 1994 5546 l'ra-

412 5566 644 5632 gmentis
674 5581 693 5615 ι
728 5578 833 5617 non
865 5564 1126 5633 repetitur
1160 5582 1179 5615 ι
1217 5564 1567 5619 sacriﬁcium.
1607 5582 1625 5614 ι
1661 5563 1804 5617 Infra
1851 5565 1989 5618 idem

414 5648 542 5705 ms,
569 5634 699 5705 «Alex
734 5644 959 5705 aeterna.
984 5651 1015 5705 AD
1054 5632 1370 5700 l..ibb.editi,
1410 5636 1583 5705 (lege
1632 5646 1854 5688 δτιθιιιιιι.
1896 5654 1913 5685 ι

488 5704 562 5769 (2)
604 5703 755 5774 Idem
776 5703 944 5757 codex
973 5703 1283 5774 Sangerm.,
1316 5722 1334 5754 ι
1372 5703 1581 5760 οίΪετιΞι.
1610 5724 1628 5755 ι
1657 5706 1809 5760 Libb.
1836 5704 1989 5767 editi,

418 5790 439 5824 ι
478 5774 655 5830 oﬁ'ert.
698 5792 716 5826 ι
745 5773 883 5829 Infra
917 5774 1055 5831 idem
1089 5789 1214 5841 ms.,
1252 5793 1271 5827 σ
1300 5774 1523 5845 jubetur
1548 5776 1746 5832 oﬁerri.
1785 5795 1804 5828 ι
1832 5775 1987 5831 Libb.

1533 5218 1578 5250 ⁸⁸
1607 5217 1793 5272 Matth.
1837 5232 1981 5282 xxtv,
2012 5215 2099 5270 l5.

2119 1931 2350 1999 potuerit
2404 1944 2747 1998 permanere.
2790 1925 3082 1995 Quomodo
3130 1944 3261 1999 ergo
3308 1939 3569 1984 internum
3614 1931 3696 1984 di-

2116 2032 2263 2086 cent,
2296 2024 2439 2090 quod
2472 2023 2598 2076 olim
2653 2037 2901 2077 cessasse
2951 2032 3005 2076 ct
3036 2022 3245 2076 ﬁnitum
3272 2037 3395 2077 esse
3424 2021 3530 2091 jam
3560 2038 3691 2077 cono

2116 2115 2265 2168 stat?
2308 2114 2495 2168 Restat
2543 2125 2601 2167 ut
2656 2114 2952 2168 secundum
3006 2128 3126 2166 eam
3186 2124 3393 2182 partem
3442 2114 3527 2169 lex
3578 2116 3694 2169 haec

2116 2217 2319 2260 reterna
2352 2209 2588 2269 dicatur,
2618 2222 2725 2275 qua
2768 2221 2865 2259 nos
2909 2207 3141 2260 dicimus
3175 2205 3344 2274 legem
3384 2220 3504 2260 esse
3533 2207 3696 2276 spiri-

2119 2299 2301 2364 talem,
2336 2308 2386 2352 ct
2412 2314 2506 2367 per
2543 2314 2658 2352 eam
2685 2298 2951 2367 spiritalia
2986 2312 3145 2367 posse
3171 2298 3353 2351 offerri
3384 2300 3652 2353 sacriﬁcia
3677 2339 3693 2362 ,

2116 2407 2234 2461 quae
2266 2405 2441 2457 neque
2464 2389 2788 2457 interrumpi
2820 2406 3055 2459 unquam
3109 2406 3288 2458 neque
3321 2406 3543 2444 cessare
3572 2406 3695 2459 pos-

2116 2495 2260 2537 sunt.
2301 2481 2415 2536 Non
2454 2483 2596 2537 enim
2636 2483 2687 2537 in
2730 2484 2846 2539 loco
2875 2494 3002 2539 sunt
3052 2485 3153 2558 (5),
3207 2484 3297 2553 qui
3333 2483 3691 2550 subvertitur,

2118 2583 2213 2627 aut
2243 2575 2294 2627 in
2321 2584 2563 2643 tempore
2594 2576 2737 2644 quod
2770 2585 3028 2643 mutatur,
3059 2576 3154 2633 sed
3183 2578 3234 2629 in
3262 2575 3366 2630 ﬁde
3394 2576 3693 2640 credentis,

2116 2677 2171 2721 et
2202 2666 2254 2719 in
2282 2666 2447 2720 corde
2477 2664 2855 2720 saeriﬁeantis.
2889 2667 3034 2721 Sane
3063 2667 3205 2735 quod
3228 2667 3325 2731 ait,
3356 2666 3466 2720 Non
3504 2666 3697 2721 cdetur

2117 2758 2182 2812 de
2209 2757 2478 2813 sacriﬁcio
2505 2759 2837 2822 sacerdotis,
2871 2760 2965 2813 sed
2993 2758 3368 2813 holocaustum
3406 2757 3535 2821 erit,
3568 2771 3694 2811 cer-

2118 2858 2229 2902 tum
2255 2859 2338 2902 est
2369 2849 2437 2902 ad
2483 2848 2694 2904 Domini
2742 2859 2798 2904 et
2834 2849 3135 2905 Salvatoris
3183 2850 3349 2904 nostri
3404 2865 3693 2921 personam

2118 2944 2333 2996 referri.
2377 2944 2451 2997 De
2488 2945 2635 2998 illius
2669 2944 2815 2997 enim
2875 2946 3144 2999 sacriﬁcio
3202 2960 3310 2998 non
3345 2946 3560 3007 citetur,
3602 2945 3696 2998 sed

2117 3034 2491 3088 holocaustum
2519 3036 2642 3091 erit.
2679 3034 2788 3089 Hoc
2817 3036 2869 3089 in
2909 3038 3029 3091 loco
3074 3036 3432 3101 sacriﬁcium,
3466 3038 3693 3090 verbum

2123 3126 2296 3193 ipsum
2326 3124 2700 3193 accipiendum
2749 3135 2855 3190 est,
2892 3136 2946 3180 et
2972 3128 3244 3190 doctrina,
3275 3129 3340 3181 de
3373 3144 3476 3196 qua
3506 3127 3691 3181 nullus

2109 3217 2256 3280 edet,
2291 3216 2392 3269 hoc
2432 3227 2510 3269 est
2547 3216 2725 3269 uultus
2749 3216 3009 3285 disputat,
3063 3216 3241 3270 nullus
3277 3225 3555 3281 retractat,
3590 3219 3686 3271 sed

2111 3306 2490 3360 holocaustum
2543 3319 2644 3361 est.
2686 3307 2956 3376 Quidquid
3009 3310 3150 3363 enim
3202 3308 3371 3370 dixit,
3421 3308 3687 3377 quidquid

2109 3397 2325 3463 statuit,
2359 3407 2563 3452 aeterna
2600 3400 3012 3454 consecratione
3048 3399 3332 3467 perdurat,
3371 3413 3469 3453 nec
3497 3399 3696 3467 aliquis

2110 3492 2183 3544 ita
2222 3490 2445 3545 insanus
2494 3493 2571 3564 (4)
2607 3493 2880 3546 invenitur
2908 3501 3003 3546 aut
3052 3491 3330 3562 profanus,
3363 3493 3455 3562 qui
3511 3503 3692 3545 retra-

2107 3595 2261 3636 ctare
2282 3584 2347 3634 de
2376 3583 2493 3653 ejus
2520 3584 2866 3639 sermonibus
2897 3585 3101 3653 possit;
3138 3600 3274 3652 quos
3312 3592 3567 3655 tanquam
3596 3585 3694 3638 ho-

2110 3674 2437 3737 locaustum,
2466 3676 2796 3730 sacriﬁcium
2834 3677 2941 3730 Deo
2965 3678 3208 3730 ohlatmn
3230 3717 3244 3739 ,
3276 3677 3327 3730 in
3356 3676 3503 3730 omni
3541 3674 3692 3732 cultu

2107 3776 2162 3819 et
2190 3769 2541 3822 veneratione
2597 3768 2800 3821 habere
2850 3768 3108 3823 debemus
3141 3785 3155 3821 :
3194 3769 3317 3838 quia
3354 3787 3372 3819 ι
3413 3768 3608 3823 coelum
3638 3778 3693 3822 et

2109 3866 2251 3910 terra
2275 3860 2603 3920 transibunt,
2621 3862 2784 3913 verba
2801 3872 2977 3912 autem
2998 3861 3113 3929 ejus
3132 3876 3235 3913 non
3260 3859 3691 3925 transilmut",s

2107 3949 2200 4003 sed
2253 3965 2473 4019 semper
2519 3961 2762 4014 manent,
2798 3952 2937 4004 sicut
2976 3962 3027 4005 et
3067 3953 3181 4019 ipse
3236 3966 3449 4020 semper
3484 3961 3691 4008 manet.

2106 4040 2209 4093 l‘er
2252 4044 2426 4111 ipsum
2477 4044 2583 4095 [leo
2625 4042 2769 4094 l’atri
2804 4057 2926 4094 cum
2970 4042 3173 4108 Spiritu
3215 4053 3405 4096 sancto
3432 4042 3603 4112 gloria
3634 4052 3693 4101 et

2109 4135 2398 4202 imperium
2429 4135 2480 4188 in
2518 4135 2715 4189 saecula
2753 4134 3100 4188 saeculorum.
3137 4138 3329 4188 Amen.

2713 4244 2994 4298 llOMlLlA
3037 4245 3098 4299 ν.

2106 4336 2180 4389 De
2203 4352 2261 4389 eo
2293 4337 2431 4405 quod
2466 4337 2718 4403 scriptum
2750 4343 2826 4405 cst
2867 4350 2884 4385 :
2920 4354 2937 4384 ι
2979 4336 3105 4391 Ilwc
3134 4337 3218 4390 tea:
3247 4342 3534 4400 peccati.'iu
3571 4344 3686 4396 loco

2170 4424 2270 4475 quo
2304 4402 2700 4482 jugulul'untur
2741 4402 3073 4470 holocausta,
3109 4411 3345 4462 occident
3371 4421 3418 4463 et
3460 4413 3513 4464 id
3545 4416 3690 4482 quod

2169 4479 2369 4545 peccati
2397 4486 2494 4538 est,
2528 4496 2544 4526 9
2578 4488 2683 4530 etc.

2180 4585 2229 4639 l.
2270 4603 2288 4635 ‹
2322 4586 2385 4638 Ει
2434 4584 2642 4639 loculus
2688 4596 2769 4639 est
2803 4586 3061 4640 Dominus
3105 4586 3169 4638 ad
3197 4585 3412 4657 Moysen
3448 4586 3681 4641 dicens:

2107 4676 2350 4744 Loquere
2392 4679 2458 4730 ad
2502 4683 2707 4741 Aaron,
2752 4688 2808 4734 et
2845 4681 2910 4734 ad
2955 4680 3093 4735 ﬁlios
3130 4680 3246 4749 ejus
3293 4681 3522 4734 dicens:
3564 4679 3685 4733 then

2103 4782 2187 4825 est
2216 4773 2297 4825 lex
2326 4773 2536 4840 peccati
2561 4786 2572 4819 ε
2596 4772 2649 4824 lu
2679 4774 2800 4827 loco
2826 4789 2931 4842 quo
2954 4774 3275 4844 jugulautur
3310 4773 3386 4845 (5)
3428 4775 3681 4829 holocau:

2104 4876 2207 4929 sta,
2242 4866 2489 4918 occident
2537 4876 2587 4919 ct
2634 4866 2686 4918 id
2724 4866 2866 4936 quod
2905 4868 3112 4935 peccati
3160 4878 3243 4922 est
3285 4879 3473 4921 contra
3509 4868 3684 4921 Domi-

2106 4976 2231 5011 num
2262 4976 2273 5012 :
2315 4959 2511 5012 Sancta
2538 4968 2853 5013 sanctorum
2885 4968 3030 5012 sunt.
3068 4961 3340 5015 Sacerdos
3365 4961 3455 5031 qui
3495 4959 3686 5013 oﬁeret

2104 5050 2259 5115 illud,
2285 5051 2340 5105 in
2366 5051 2484 5106 loco
2512 5060 2700 5106 saneto
2722 5050 2870 5119 edet,
2908 5053 2961 5106 in
2986 5052 3130 5109 atrio
3160 5052 3496 5109 tabernaculi
3532 5053 3685 5107 testi-

2090 5354 2239 5413 cditi,
2277 5371 2294 5403 ι
2334 5352 2554 5420 jubetttr
2580 5350 2794 5407 oll'erre.
2832 5373 2851 5406 ι

2166 5425 2241 5495 (ὃ)
2285 5422 2428 5495 Idem
2464 5437 2593 5484 ηιξ..
2632 5435 2827 5495 (sunt.
2870 5443 2888 5475 ι
2922 5423 3077 5495 Libb.
3109 5423 3267 5486 editi,
3296 5440 3316 5472 ι
3352 5429 3455 5495 est.
3497 5440 3516 5470 ι

2164 5492 2241 5560 (4)
2280 5494 2419 5547 ldem
2446 5510 2573 5557 ms.,
2600 5511 2618 5542 ι
2649 5493 2719 5547 ita
2750 5494 2992 5549 insanus.
3015 5512 3032 5543 ›
3056 5492 3112 5546 ln
3140 5503 3297 5547 antea
3317 5492 3475 5543 editis
3497 5496 3670 5556 deest,

2093 5583 2112 5617 ι
2150 5566 2244 5620 ita.
2272 5585 2292 5615 ο

2162 5635 2239 5704 (5)
2287 5633 2470 5689 Codex
2524 5633 2834 5701 Sangerm.,
2872 5653 2889 5683 ‹
2916 5633 3247 5702 jngulantur.
3284 5648 3301 5681 ι
3334 5630 3486 5704 Libb.
3514 5633 3666 5704 editi,

2096 5724 2114 5758 ι
2150 5701 2561 5775 jugulabuutur.
2609 5722 2627 5752 ι
2662 5704 2806 5757 Infra
2843 5701 3168 5775 idemlmsq
3199 5718 3234 5775 _t
3280 5701 3539 5775 sacerdos
3576 5703 3666 5770 qui

2088 5771 2300 5833 oneret.
2346 5795 2364 5829 ι
2397 5774 2553 5834 Libb.
2584 5775 2711 5829 editi
2736 5815 2749 5840 ,
2786 5792 2805 5826 ς
2837 5772 3093 5828 sacerdos
3119 5771 3211 5843 qui
3245 5771 3422 5828 elicit.
3456 5788 3479 5826 ι
