  <div class='ocr_page' id='page_1' title='image "/cluster/home/n/w/nwhite01/storage/ocr_20150623/12:no.2/coo.31924054873074/238.png"; bbox 0 0 4110 6462; ppageno 0'>
   <div class='ocr_carea' id='block_1_1' title="bbox 432 424 538 476">
    <p class='ocr_par' dir='ltr' id='par_1_1' title="bbox 432 424 538 476">
     <span class='ocr_line' id='line_1_1' title="bbox 432 424 538 476; baseline 0 0"><span class='ocrx_word' id='word_1_1' title='bbox 432 424 538 476; x_wconf 67' lang='grc'><strong>449</strong></span> 
     </span>
    </p>
   </div>
   <div class='ocr_carea' id='block_1_2' title="bbox 1621 422 2526 479">
    <p class='ocr_par' dir='ltr' id='par_1_2' title="bbox 1621 422 2526 479">
     <span class='ocr_line' id='line_1_2' title="bbox 1621 422 2526 479; baseline -0.003 0"><span class='ocrx_word' id='word_1_2' title='bbox 1621 426 1686 479; x_wconf 82' lang='grc' dir='ltr'><strong>ΙΝ</strong></span> <span class='ocrx_word' id='word_1_3' title='bbox 1731 423 2104 479; x_wconf 68' lang='lat' dir='ltr'><strong>LICVITICUM</strong></span> <span class='ocrx_word' id='word_1_4' title='bbox 2146 422 2427 476; x_wconf 63' lang='lat' dir='ltr'><strong>IillBIiIJA</strong></span> <span class='ocrx_word' id='word_1_5' title='bbox 2468 423 2526 476; x_wconf 65' lang='grc' dir='ltr'><strong>Υ.</strong></span> 
     </span>
    </p>
   </div>
   <div class='ocr_carea' id='block_1_3' title="bbox 3596 432 3700 485">
    <p class='ocr_par' dir='ltr' id='par_1_3' title="bbox 3596 432 3700 485">
     <span class='ocr_line' id='line_1_3' title="bbox 3596 432 3700 485; baseline 0 0"><span class='ocrx_word' id='word_1_6' title='bbox 3596 432 3700 485; x_wconf 62' lang='grc'><strong>430</strong></span> 
     </span>
    </p>
   </div>
   <div class='ocr_carea' id='block_1_4' title="bbox 432 543 3701 614">
    <p class='ocr_par' dir='ltr' id='par_1_4' title="bbox 432 543 3701 614">
     <span class='ocr_line' id='line_1_4' title="bbox 432 543 3701 614; baseline 0.001 -16"><span class='ocrx_word' id='word_1_7' title='bbox 432 544 618 609; x_wconf 79' lang='lat' dir='ltr'><strong>Israel,</strong></span> <span class='ocrx_word' id='word_1_8' title='bbox 644 543 763 596; x_wconf 82' lang='lat' dir='ltr'><strong>sine</strong></span> <span class='ocrx_word' id='word_1_9' title='bbox 798 545 964 597; x_wconf 89' lang='lat' dir='ltr'><strong>dubio</strong></span> <span class='ocrx_word' id='word_1_10' title='bbox 1008 545 1207 598; x_wconf 85' lang='lat' dir='ltr'><strong>habent</strong></span> <span class='ocrx_word' id='word_1_11' title='bbox 1250 544 1594 614; x_wconf 73' lang='lat' dir='ltr'><strong>participium</strong></span> <span class='ocrx_word' id='word_1_12' title='bbox 1624 548 1785 600; x_wconf 87' lang='lat' dir='ltr'><strong>etiam</strong></span> <span class='ocrx_word' id='word_1_13' title='bbox 1828 562 2013 601; x_wconf 75' lang='lat' dir='ltr'><strong>sacer-</strong></span> <span class='ocrx_word' id='word_1_14' title='bbox 2044 552 2087 606; x_wconf 78' lang='grc' dir='ltr'>Α</span> <span class='ocrx_word' id='word_1_15' title='bbox 2123 543 2315 606; x_wconf 86' lang='lat' dir='ltr'><strong>Deum,</strong></span> <span class='ocrx_word' id='word_1_16' title='bbox 2346 545 2486 597; x_wconf 88' lang='lat' dir='ltr'><strong>sicut</strong></span> <span class='ocrx_word' id='word_1_17' title='bbox 2514 544 2626 612; x_wconf 90' lang='lat' dir='ltr'><strong>ipse</strong></span> <span class='ocrx_word' id='word_1_18' title='bbox 2658 557 2753 611; x_wconf 85' lang='lat' dir='ltr'><strong>per</strong></span> <span class='ocrx_word' id='word_1_19' title='bbox 2798 545 3117 614; x_wconf 73' lang='lat' dir='ltr'><strong>prophetam</strong></span> <span class='ocrx_word' id='word_1_20' title='bbox 3162 545 3296 601; x_wconf 91' lang='lat' dir='ltr'><strong>dicit</strong></span> <span class='ocrx_word' id='word_1_21' title='bbox 3323 548 3366 578; x_wconf 82' lang='grc'>⁹¹</span> <span class='ocrx_word' id='word_1_22' title='bbox 3399 561 3412 599; x_wconf 93' lang='lat'><strong>:</strong></span> <span class='ocrx_word' id='word_1_23' title='bbox 3453 566 3471 600; x_wconf 76' lang='grc' dir='ltr'><strong>ι</strong></span> <span class='ocrx_word' id='word_1_24' title='bbox 3512 547 3701 606; x_wconf 84' lang='lat' dir='ltr'><strong>Nonne</strong></span> 
     </span>
    </p>
   </div>
   <div class='ocr_carea' id='block_1_5' title="bbox 434 635 2015 700">
    <p class='ocr_par' dir='ltr' id='par_1_5' title="bbox 434 635 2015 700">
     <span class='ocr_line' id='line_1_5' title="bbox 434 635 2015 700; baseline 0.003 -13"><span class='ocrx_word' id='word_1_25' title='bbox 434 636 588 688; x_wconf 90' lang='lat' dir='ltr'><strong>dotes</strong></span> <span class='ocrx_word' id='word_1_26' title='bbox 630 643 686 687; x_wconf 90' lang='lat' dir='ltr'><strong>et</strong></span> <span class='ocrx_word' id='word_1_27' title='bbox 730 635 825 687; x_wconf 90' lang='lat' dir='ltr'><strong>ﬁlii</strong></span> <span class='ocrx_word' id='word_1_28' title='bbox 874 636 1251 700; x_wconf 84' lang='lat' dir='ltr'><strong>sacerdotum;</strong></span> <span class='ocrx_word' id='word_1_29' title='bbox 1290 652 1395 689; x_wconf 92' lang='lat' dir='ltr'><strong>non</strong></span> <span class='ocrx_word' id='word_1_30' title='bbox 1429 646 1608 690; x_wconf 89' lang='lat' dir='ltr'><strong>tamen</strong></span> <span class='ocrx_word' id='word_1_31' title='bbox 1650 652 1715 692; x_wconf 87' lang='lat' dir='ltr'><strong>ex</strong></span> <span class='ocrx_word' id='word_1_32' title='bbox 1740 640 1884 691; x_wconf 89' lang='lat' dir='ltr'><strong>onmi</strong></span> <span class='ocrx_word' id='word_1_33' title='bbox 1918 640 2015 693; x_wconf 84' lang='lat' dir='ltr'><strong>ho-</strong></span> 
     </span>
    </p>
   </div>
   <div class='ocr_carea' id='block_1_6' title="bbox 433 728 2015 793">
    <p class='ocr_par' dir='ltr' id='par_1_6' title="bbox 433 728 2015 793">
     <span class='ocr_line' id='line_1_6' title="bbox 433 728 2015 793; baseline 0.004 -14"><span class='ocrx_word' id='word_1_34' title='bbox 433 728 562 789; x_wconf 85' lang='lat' dir='ltr'><strong>stia,</strong></span> <span class='ocrx_word' id='word_1_35' title='bbox 605 740 769 793; x_wconf 90' lang='lat' dir='ltr'><strong>quam</strong></span> <span class='ocrx_word' id='word_1_36' title='bbox 812 728 933 781; x_wconf 91' lang='lat' dir='ltr'><strong>edet</strong></span> <span class='ocrx_word' id='word_1_37' title='bbox 963 728 1242 789; x_wconf 88' lang='lat' dir='ltr'><strong>sacerdos,</strong></span> <span class='ocrx_word' id='word_1_38' title='bbox 1286 729 1451 782; x_wconf 91' lang='lat' dir='ltr'><strong>etiam</strong></span> <span class='ocrx_word' id='word_1_39' title='bbox 1485 729 1625 783; x_wconf 92' lang='lat' dir='ltr'><strong>ﬁlios</strong></span> <span class='ocrx_word' id='word_1_40' title='bbox 1665 729 1829 783; x_wconf 92' lang='lat' dir='ltr'><strong>Israel</strong></span> <span class='ocrx_word' id='word_1_41' title='bbox 1854 731 2015 786; x_wconf 88' lang='lat' dir='ltr'><strong>edere</strong></span> 
     </span>
    </p>
   </div>
   <div class='ocr_carea' id='block_1_7' title="bbox 432 818 2012 887">
    <p class='ocr_par' dir='ltr' id='par_1_7' title="bbox 432 818 2012 887">
     <span class='ocr_line' id='line_1_7' title="bbox 432 818 2012 887; baseline 0.004 -17"><span class='ocrx_word' id='word_1_42' title='bbox 432 818 641 872; x_wconf 87' lang='lat' dir='ltr'><strong>licebit.</strong></span> <span class='ocrx_word' id='word_1_43' title='bbox 679 819 845 887; x_wconf 90' lang='lat' dir='ltr'><strong>Igitur</strong></span> <span class='ocrx_word' id='word_1_44' title='bbox 881 834 1001 871; x_wconf 88' lang='lat' dir='ltr'><strong>cum</strong></span> <span class='ocrx_word' id='word_1_45' title='bbox 1039 820 1156 873; x_wconf 64' lang='lat' dir='ltr'><strong>ista;</strong></span> <span class='ocrx_word' id='word_1_46' title='bbox 1190 822 1297 873; x_wconf 93' lang='lat' dir='ltr'><strong>sint</strong></span> <span class='ocrx_word' id='word_1_47' title='bbox 1324 822 1624 874; x_wconf 85' lang='lat' dir='ltr'><strong>hostiarum</strong></span> <span class='ocrx_word' id='word_1_48' title='bbox 1673 822 2012 886; x_wconf 64' lang='lat' dir='ltr'><strong>diﬂ&#39;erentim,</strong></span> 
     </span>
    </p>
   </div>
   <div class='ocr_carea' id='block_1_8' title="bbox 433 906 2014 980">
    <p class='ocr_par' dir='ltr' id='par_1_8' title="bbox 433 906 2014 980">
     <span class='ocr_line' id='line_1_8' title="bbox 433 906 2014 980; baseline 0.005 -21"><span class='ocrx_word' id='word_1_49' title='bbox 433 906 584 959; x_wconf 87' lang='lat' dir='ltr'><strong>illam</strong></span> <span class='ocrx_word' id='word_1_50' title='bbox 621 922 786 975; x_wconf 88' lang='lat' dir='ltr'><strong>quam</strong></span> <span class='ocrx_word' id='word_1_51' title='bbox 828 907 1068 962; x_wconf 81' lang='lat' dir='ltr'><strong>diximus</strong></span> <span class='ocrx_word' id='word_1_52' title='bbox 1108 909 1278 964; x_wconf 90' lang='lat' dir='ltr'><strong>solius</strong></span> <span class='ocrx_word' id='word_1_53' title='bbox 1304 910 1393 964; x_wconf 86' lang='lat' dir='ltr'><strong>Dei</strong></span> <span class='ocrx_word' id='word_1_54' title='bbox 1429 927 1570 976; x_wconf 91' lang='lat' dir='ltr'><strong>esse,</strong></span> <span class='ocrx_word' id='word_1_55' title='bbox 1606 927 1669 965; x_wconf 82' lang='lat' dir='ltr'><strong>ex</strong></span> <span class='ocrx_word' id='word_1_56' title='bbox 1700 928 1804 980; x_wconf 91' lang='lat' dir='ltr'><strong>qua</strong></span> <span class='ocrx_word' id='word_1_57' title='bbox 1839 927 2014 980; x_wconf 89' lang='lat' dir='ltr'><strong>neque</strong></span> 
     </span>
    </p>
   </div>
   <div class='ocr_carea' id='block_1_9' title="bbox 381 994 2012 1072">
    <p class='ocr_par' dir='ltr' id='par_1_9' title="bbox 381 994 2012 1072">
     <span class='ocr_line' id='line_1_9' title="bbox 381 994 2012 1072; baseline 0.004 -20"><span class='ocrx_word' id='word_1_58' title='bbox 381 994 385 1002; x_wconf 71' lang='grc'><em>’</em></span> <span class='ocrx_word' id='word_1_59' title='bbox 432 998 679 1068; x_wconf 79' lang='lat' dir='ltr'><strong>Moysen,</strong></span> <span class='ocrx_word' id='word_1_60' title='bbox 718 1015 893 1068; x_wconf 85' lang='lat' dir='ltr'><strong>neque</strong></span> <span class='ocrx_word' id='word_1_61' title='bbox 931 1001 1134 1066; x_wconf 82' lang='lat' dir='ltr'><strong>Aaron,</strong></span> <span class='ocrx_word' id='word_1_62' title='bbox 1171 1017 1344 1072; x_wconf 88' lang='lat' dir='ltr'><strong>neque</strong></span> <span class='ocrx_word' id='word_1_63' title='bbox 1380 1003 1519 1057; x_wconf 90' lang='lat' dir='ltr'><strong>ﬁlios</strong></span> <span class='ocrx_word' id='word_1_64' title='bbox 1541 1002 1659 1071; x_wconf 93' lang='lat' dir='ltr'><strong>ejus</strong></span> <span class='ocrx_word' id='word_1_65' title='bbox 1683 1006 2012 1072; x_wconf 83' lang='lat' dir='ltr'><strong>participare</strong></span> 
     </span>
    </p>
   </div>
   <div class='ocr_carea' id='block_1_10' title="bbox 432 1091 2014 1163">
    <p class='ocr_par' dir='ltr' id='par_1_10' title="bbox 432 1091 2014 1163">
     <span class='ocr_line' id='line_1_10' title="bbox 432 1091 2014 1163; baseline 0.004 -21"><span class='ocrx_word' id='word_1_66' title='bbox 432 1091 517 1143; x_wconf 81' lang='lat' dir='ltr'><strong>fas</strong></span> <span class='ocrx_word' id='word_1_67' title='bbox 565 1101 668 1155; x_wconf 84' lang='lat' dir='ltr'><strong>est,</strong></span> <span class='ocrx_word' id='word_1_68' title='bbox 713 1091 1005 1160; x_wconf 72' lang='lat' dir='ltr'><strong>aliquando</strong></span> <span class='ocrx_word' id='word_1_69' title='bbox 1045 1094 1270 1163; x_wconf 84' lang='lat' dir='ltr'><strong>quidem</strong></span> <span class='ocrx_word' id='word_1_70' title='bbox 1316 1095 1784 1149; x_wconf 89' lang='lat' dir='ltr'><strong>holocaustomata</strong></span> <span class='ocrx_word' id='word_1_71' title='bbox 1838 1098 2014 1150; x_wconf 92' lang='lat' dir='ltr'><strong>nomi-</strong></span> 
     </span>
    </p>
   </div>
   <div class='ocr_carea' id='block_1_11' title="bbox 430 1182 2013 1254">
    <p class='ocr_par' dir='ltr' id='par_1_11' title="bbox 430 1182 2013 1254">
     <span class='ocr_line' id='line_1_11' title="bbox 430 1182 2013 1254; baseline 0.006 -19"><span class='ocrx_word' id='word_1_72' title='bbox 430 1182 548 1236; x_wconf 89' lang='lat' dir='ltr'><strong>nari</strong></span> <span class='ocrx_word' id='word_1_73' title='bbox 603 1184 950 1249; x_wconf 87' lang='lat' dir='ltr'><strong>invenimus;</strong></span> <span class='ocrx_word' id='word_1_74' title='bbox 1004 1185 1297 1254; x_wconf 79' lang='lat' dir='ltr'><strong>aliquando</strong></span> <span class='ocrx_word' id='word_1_75' title='bbox 1339 1204 1468 1242; x_wconf 90' lang='lat' dir='ltr'><strong>vero</strong></span> <span class='ocrx_word' id='word_1_76' title='bbox 1513 1204 1616 1242; x_wconf 92' lang='lat' dir='ltr'><strong>non</strong></span> <span class='ocrx_word' id='word_1_77' title='bbox 1670 1189 2013 1244; x_wconf 89' lang='lat' dir='ltr'><strong>bolocausto-</strong></span> 
     </span>
    </p>
   </div>
   <div class='ocr_carea' id='block_1_12' title="bbox 430 1274 2010 1350">
    <p class='ocr_par' dir='ltr' id='par_1_12' title="bbox 430 1274 2010 1350">
     <span class='ocr_line' id='line_1_12' title="bbox 430 1274 2010 1350; baseline 0.007 -25"><span class='ocrx_word' id='word_1_78' title='bbox 430 1282 599 1336; x_wconf 88' lang='lat' dir='ltr'><strong>mata,</strong></span> <span class='ocrx_word' id='word_1_79' title='bbox 642 1274 734 1327; x_wconf 83' lang='lat' dir='ltr'><strong>sed</strong></span> <span class='ocrx_word' id='word_1_80' title='bbox 778 1275 1250 1344; x_wconf 88' lang='lat' dir='ltr'><strong>holocarpomata,</strong></span> <span class='ocrx_word' id='word_1_81' title='bbox 1299 1281 1463 1334; x_wconf 84' lang='lat' dir='ltr'><strong>veluti</strong></span> <span class='ocrx_word' id='word_1_82' title='bbox 1497 1280 1539 1333; x_wconf 93' lang='lat' dir='ltr'><strong>si</strong></span> <span class='ocrx_word' id='word_1_83' title='bbox 1577 1280 1825 1335; x_wconf 77' lang='lat' dir='ltr'><strong>dicamus</strong></span> <span class='ocrx_word' id='word_1_84' title='bbox 1868 1284 2010 1350; x_wconf 91' lang='lat' dir='ltr'><strong>quod</strong></span> 
     </span>
    </p>
   </div>
   <div class='ocr_carea' id='block_1_13' title="bbox 430 1365 2008 1440">
    <p class='ocr_par' dir='ltr' id='par_1_13' title="bbox 430 1365 2008 1440">
     <span class='ocr_line' id='line_1_13' title="bbox 430 1365 2008 1440; baseline 0.008 -24"><span class='ocrx_word' id='word_1_85' title='bbox 430 1374 577 1418; x_wconf 90' lang='lat' dir='ltr'><strong>totus</strong></span> <span class='ocrx_word' id='word_1_86' title='bbox 609 1365 722 1435; x_wconf 81' lang='grc'><strong>(15)</strong></span> <span class='ocrx_word' id='word_1_87' title='bbox 756 1367 967 1420; x_wconf 81' lang='lat' dir='ltr'><strong>fructus</strong></span> <span class='ocrx_word' id='word_1_88' title='bbox 1007 1370 1097 1433; x_wconf 89' lang='lat' dir='ltr'><strong>sit,</strong></span> <span class='ocrx_word' id='word_1_89' title='bbox 1132 1370 1221 1423; x_wconf 91' lang='lat' dir='ltr'><strong>ille</strong></span> <span class='ocrx_word' id='word_1_90' title='bbox 1252 1372 1461 1426; x_wconf 87' lang='lat' dir='ltr'><strong>scilicet</strong></span> <span class='ocrx_word' id='word_1_91' title='bbox 1497 1373 1588 1440; x_wconf 90' lang='lat' dir='ltr'><strong>qui</strong></span> <span class='ocrx_word' id='word_1_92' title='bbox 1621 1372 1728 1427; x_wconf 91' lang='lat' dir='ltr'><strong>Deo</strong></span> <span class='ocrx_word' id='word_1_93' title='bbox 1761 1373 2008 1429; x_wconf 68' lang='lat' dir='ltr'><strong>oﬁ‘ertur.</strong></span> 
     </span>
    </p>
   </div>
   <div class='ocr_carea' id='block_1_14' title="bbox 428 1455 2006 1529">
    <p class='ocr_par' dir='ltr' id='par_1_14' title="bbox 428 1455 2006 1529">
     <span class='ocr_line' id='line_1_14' title="bbox 428 1455 2006 1529; baseline 0.006 -20"><span class='ocrx_word' id='word_1_94' title='bbox 428 1455 523 1509; x_wconf 65' lang='lat' dir='ltr'><strong>E51</strong></span> <span class='ocrx_word' id='word_1_95' title='bbox 579 1472 710 1527; x_wconf 82' lang='lat' dir='ltr'><strong>ergo</strong></span> <span class='ocrx_word' id='word_1_96' title='bbox 762 1458 935 1525; x_wconf 92' lang='lat' dir='ltr'><strong>prima</strong></span> <span class='ocrx_word' id='word_1_97' title='bbox 973 1460 1239 1529; x_wconf 75' lang='lat' dir='ltr'><strong>legis-latio</strong></span> <span class='ocrx_word' id='word_1_98' title='bbox 1284 1462 1351 1517; x_wconf 91' lang='lat' dir='ltr'><strong>de</strong></span> <span class='ocrx_word' id='word_1_99' title='bbox 1399 1464 1708 1526; x_wconf 87' lang='lat' dir='ltr'><strong>sacriﬁciis,</strong></span> <span class='ocrx_word' id='word_1_100' title='bbox 1744 1465 1788 1517; x_wconf 90' lang='lat' dir='ltr'><strong>si</strong></span> <span class='ocrx_word' id='word_1_101' title='bbox 1828 1473 2006 1518; x_wconf 88' lang='lat' dir='ltr'><strong>tamen</strong></span> 
     </span>
    </p>
   </div>
   <div class='ocr_carea' id='block_1_15' title="bbox 428 1550 2006 1626">
    <p class='ocr_par' dir='ltr' id='par_1_15' title="bbox 428 1550 2006 1626">
     <span class='ocr_line' id='line_1_15' title="bbox 428 1550 2006 1626; baseline 0.006 -25"><span class='ocrx_word' id='word_1_102' title='bbox 428 1550 509 1603; x_wconf 86' lang='lat' dir='ltr'><strong>vel</strong></span> <span class='ocrx_word' id='word_1_103' title='bbox 560 1550 892 1606; x_wconf 87' lang='lat' dir='ltr'><strong>observastis</strong></span> <span class='ocrx_word' id='word_1_104' title='bbox 957 1555 1039 1608; x_wconf 87' lang='lat' dir='ltr'><strong>vel</strong></span> <span class='ocrx_word' id='word_1_105' title='bbox 1097 1555 1343 1609; x_wconf 86' lang='lat' dir='ltr'><strong>retinetis</strong></span> <span class='ocrx_word' id='word_1_106' title='bbox 1385 1556 1673 1625; x_wconf 79' lang='lat' dir='ltr'><strong>diligenter</strong></span> <span class='ocrx_word' id='word_1_107' title='bbox 1718 1572 1838 1626; x_wconf 68' lang='lat' dir='ltr'><strong>qua:</strong></span> <span class='ocrx_word' id='word_1_108' title='bbox 1872 1556 2006 1610; x_wconf 81' lang='lat' dir='ltr'><strong>lecta</strong></span> 
     </span>
    </p>
   </div>
   <div class='ocr_carea' id='block_1_16' title="bbox 424 1645 2007 1709">
    <p class='ocr_par' dir='ltr' id='par_1_16' title="bbox 424 1645 2007 1709">
     <span class='ocr_line' id='line_1_16' title="bbox 424 1645 2007 1709; baseline 0.006 -15"><span class='ocrx_word' id='word_1_109' title='bbox 424 1653 550 1696; x_wconf 88' lang='lat' dir='ltr'><strong>sunt</strong></span> <span class='ocrx_word' id='word_1_110' title='bbox 586 1659 649 1697; x_wconf 86' lang='lat' dir='ltr'><strong>ac</strong></span> <span class='ocrx_word' id='word_1_111' title='bbox 683 1645 935 1709; x_wconf 89' lang='lat' dir='ltr'><strong>disserta,</strong></span> <span class='ocrx_word' id='word_1_112' title='bbox 970 1654 1026 1699; x_wconf 91' lang='lat' dir='ltr'><strong>et</strong></span> <span class='ocrx_word' id='word_1_113' title='bbox 1059 1662 1165 1699; x_wconf 87' lang='lat' dir='ltr'><strong>non</strong></span> <span class='ocrx_word' id='word_1_114' title='bbox 1201 1657 1582 1701; x_wconf 87' lang='lat' dir='ltr'><strong>transcurrunt</strong></span> <span class='ocrx_word' id='word_1_115' title='bbox 1612 1664 1770 1702; x_wconf 85' lang='lat' dir='ltr'><strong>aures</strong></span> <span class='ocrx_word' id='word_1_116' title='bbox 1800 1661 2007 1704; x_wconf 73' lang='lat' dir='ltr'><strong>veSIt&#39;as</strong></span> 
     </span>
    </p>
   </div>
   <div class='ocr_carea' id='block_1_17' title="bbox 425 1735 2004 1803">
    <p class='ocr_par' dir='ltr' id='par_1_17' title="bbox 425 1735 2004 1803">
     <span class='ocr_line' id='line_1_17' title="bbox 425 1735 2004 1803; baseline 0.004 -17"><span class='ocrx_word' id='word_1_117' title='bbox 425 1736 477 1786; x_wconf 92' lang='lat' dir='ltr'><strong>in</strong></span> <span class='ocrx_word' id='word_1_118' title='bbox 533 1750 752 1800; x_wconf 88' lang='lat' dir='ltr'><strong>vanum,</strong></span> <span class='ocrx_word' id='word_1_119' title='bbox 790 1735 874 1789; x_wconf 86' lang='lat' dir='ltr'><strong>vel</strong></span> <span class='ocrx_word' id='word_1_120' title='bbox 911 1750 1032 1803; x_wconf 71' lang='lat' dir='ltr'><strong>qua:</strong></span> <span class='ocrx_word' id='word_1_121' title='bbox 1068 1750 1098 1789; x_wconf 83' lang='lat' dir='ltr'><strong>a</strong></span> <span class='ocrx_word' id='word_1_122' title='bbox 1146 1737 1301 1789; x_wconf 90' lang='lat' dir='ltr'><strong>nobis</strong></span> <span class='ocrx_word' id='word_1_123' title='bbox 1332 1738 1622 1801; x_wconf 89' lang='lat' dir='ltr'><strong>dicuntur,</strong></span> <span class='ocrx_word' id='word_1_124' title='bbox 1665 1737 1747 1790; x_wconf 89' lang='lat' dir='ltr'><strong>vel</strong></span> <span class='ocrx_word' id='word_1_125' title='bbox 1786 1754 1906 1801; x_wconf 70' lang='lat' dir='ltr'><strong>qua:</strong></span> <span class='ocrx_word' id='word_1_126' title='bbox 1937 1755 2004 1792; x_wconf 78' lang='lat' dir='ltr'><strong>ex</strong></span> 
     </span>
    </p>
   </div>
   <div class='ocr_carea' id='block_1_18' title="bbox 427 1822 2005 1896">
    <p class='ocr_par' dir='ltr' id='par_1_18' title="bbox 427 1822 2005 1896">
     <span class='ocr_line' id='line_1_18' title="bbox 427 1822 2005 1896; baseline 0.002 -20"><span class='ocrx_word' id='word_1_127' title='bbox 427 1822 624 1877; x_wconf 84' lang='lat' dir='ltr'><strong>divinis</strong></span> <span class='ocrx_word' id='word_1_128' title='bbox 652 1824 1018 1879; x_wconf 79' lang='lat' dir='ltr'><strong>voluminibus</strong></span> <span class='ocrx_word' id='word_1_129' title='bbox 1061 1826 1384 1878; x_wconf 87' lang='lat' dir='ltr'><strong>recitantur.</strong></span> <span class='ocrx_word' id='word_1_130' title='bbox 1419 1826 1600 1879; x_wconf 83' lang='lat' dir='ltr'><strong>Prima</strong></span> <span class='ocrx_word' id='word_1_131' title='bbox 1634 1842 1764 1896; x_wconf 86' lang='lat' dir='ltr'><strong>ergo</strong></span> <span class='ocrx_word' id='word_1_132' title='bbox 1787 1838 1869 1881; x_wconf 89' lang='lat' dir='ltr'><strong>est</strong></span> <span class='ocrx_word' id='word_1_133' title='bbox 1908 1829 2005 1880; x_wconf 87' lang='lat' dir='ltr'><strong>ho-</strong></span> 
     </span>
    </p>
   </div>
   <div class='ocr_carea' id='block_1_19' title="bbox 2118 636 3691 710">
    <p class='ocr_par' dir='ltr' id='par_1_19' title="bbox 2118 636 3691 710">
     <span class='ocr_line' id='line_1_19' title="bbox 2118 636 3691 710; baseline 0.004 -22"><span class='ocrx_word' id='word_1_134' title='bbox 2118 636 2312 689; x_wconf 86' lang='lat' dir='ltr'><strong>coelum</strong></span> <span class='ocrx_word' id='word_1_135' title='bbox 2344 644 2397 688; x_wconf 88' lang='lat' dir='ltr'><strong>et</strong></span> <span class='ocrx_word' id='word_1_136' title='bbox 2424 646 2625 689; x_wconf 83' lang='lat' dir='ltr'><strong>terram</strong></span> <span class='ocrx_word' id='word_1_137' title='bbox 2653 651 2752 706; x_wconf 90' lang='lat' dir='ltr'><strong>ego</strong></span> <span class='ocrx_word' id='word_1_138' title='bbox 2787 638 2968 705; x_wconf 90' lang='lat' dir='ltr'><strong>repleo</strong></span> <span class='ocrx_word' id='word_1_139' title='bbox 3004 638 3143 710; x_wconf 84' lang='lat' dir='ltr'><strong>(I6),</strong></span> <span class='ocrx_word' id='word_1_140' title='bbox 3175 639 3304 693; x_wconf 88' lang='lat' dir='ltr'><strong>dicit</strong></span> <span class='ocrx_word' id='word_1_141' title='bbox 3357 641 3691 697; x_wconf 65' lang='lat' dir='ltr'><strong>Dominus?»</strong></span> 
     </span>
    </p>
   </div>
   <div class='ocr_carea' id='block_1_20' title="bbox 2114 726 3700 798">
    <p class='ocr_par' dir='ltr' id='par_1_20' title="bbox 2114 726 3700 798">
     <span class='ocr_line' id='line_1_20' title="bbox 2114 726 3700 798; baseline 0.008 -22"><span class='ocrx_word' id='word_1_142' title='bbox 2114 726 2252 778; x_wconf 84' lang='lat' dir='ltr'><strong>Audi</strong></span> <span class='ocrx_word' id='word_1_143' title='bbox 2272 741 2423 791; x_wconf 77' lang='lat' dir='ltr'><strong>ergo,</strong></span> <span class='ocrx_word' id='word_1_144' title='bbox 2439 727 2552 793; x_wconf 89' lang='lat' dir='ltr'><strong>ipse</strong></span> <span class='ocrx_word' id='word_1_145' title='bbox 2570 731 2913 795; x_wconf 89' lang='lat' dir='ltr'><strong>omnipotens</strong></span> <span class='ocrx_word' id='word_1_146' title='bbox 2936 729 3075 782; x_wconf 86' lang='lat' dir='ltr'><strong>Deus</strong></span> <span class='ocrx_word' id='word_1_147' title='bbox 3093 731 3220 798; x_wconf 90' lang='lat' dir='ltr'><strong>quid</strong></span> <span class='ocrx_word' id='word_1_148' title='bbox 3242 733 3406 785; x_wconf 90' lang='lat' dir='ltr'><strong>etiam</strong></span> <span class='ocrx_word' id='word_1_149' title='bbox 3429 734 3494 786; x_wconf 89' lang='lat' dir='ltr'><strong>de</strong></span> <span class='ocrx_word' id='word_1_150' title='bbox 3513 736 3700 797; x_wconf 84' lang='lat' dir='ltr'><strong>te,hoc</strong></span> 
     </span>
    </p>
   </div>
   <div class='ocr_carea' id='block_1_21' title="bbox 2115 818 3698 892">
    <p class='ocr_par' dir='ltr' id='par_1_21' title="bbox 2115 818 3698 892">
     <span class='ocr_line' id='line_1_21' title="bbox 2115 818 3698 892; baseline 0.006 -22"><span class='ocrx_word' id='word_1_151' title='bbox 2115 818 2358 885; x_wconf 90' lang='lat' dir='ltr'><strong>est,qnid</strong></span> <span class='ocrx_word' id='word_1_152' title='bbox 2390 818 2457 870; x_wconf 85' lang='lat' dir='ltr'><strong>de</strong></span> <span class='ocrx_word' id='word_1_153' title='bbox 2483 818 2788 871; x_wconf 90' lang='lat' dir='ltr'><strong>hominibus</strong></span> <span class='ocrx_word' id='word_1_154' title='bbox 2819 819 3016 873; x_wconf 67' lang='lat' dir='ltr'><strong>dicam</strong></span> <span class='ocrx_word' id='word_1_155' title='bbox 3049 820 3335 886; x_wconf 89' lang='lat' dir='ltr'><strong>Ilabitabo,</strong></span> <span class='ocrx_word' id='word_1_156' title='bbox 3365 824 3620 892; x_wconf 77' lang='lat' dir='ltr'><strong>inquit”,</strong></span> <span class='ocrx_word' id='word_1_157' title='bbox 3642 826 3698 882; x_wconf 90' lang='lat' dir='ltr'><strong>in</strong></span> 
     </span>
    </p>
   </div>
   <div class='ocr_carea' id='block_1_22' title="bbox 2114 910 3698 989">
    <p class='ocr_par' dir='ltr' id='par_1_22' title="bbox 2114 910 3698 989">
     <span class='ocr_line' id='line_1_22' title="bbox 2114 910 3698 989; baseline 0.004 -27"><span class='ocrx_word' id='word_1_158' title='bbox 2114 910 2214 974; x_wconf 89' lang='lat' dir='ltr'><strong>eis,</strong></span> <span class='ocrx_word' id='word_1_159' title='bbox 2249 918 2299 961; x_wconf 94' lang='lat' dir='ltr'><strong>et</strong></span> <span class='ocrx_word' id='word_1_160' title='bbox 2328 910 2469 961; x_wconf 93' lang='lat' dir='ltr'><strong>inter</strong></span> <span class='ocrx_word' id='word_1_161' title='bbox 2500 910 2646 976; x_wconf 87' lang='lat' dir='ltr'><strong>ipsos</strong></span> <span class='ocrx_word' id='word_1_162' title='bbox 2667 910 2977 965; x_wconf 86' lang='lat' dir='ltr'><strong>ambulabo.</strong></span> <span class='ocrx_word' id='word_1_163' title='bbox 3003 929 3018 959; x_wconf 86' lang='grc' dir='ltr'><strong>ι</strong></span> <span class='ocrx_word' id='word_1_164' title='bbox 3044 911 3169 963; x_wconf 82' lang='lat' dir='ltr'><strong>Plus</strong></span> <span class='ocrx_word' id='word_1_165' title='bbox 3190 913 3393 982; x_wconf 90' lang='lat' dir='ltr'><strong>aliquid</strong></span> <span class='ocrx_word' id='word_1_166' title='bbox 3417 916 3559 969; x_wconf 89' lang='lat' dir='ltr'><strong>addit</strong></span> <span class='ocrx_word' id='word_1_167' title='bbox 3582 914 3698 989; x_wconf 77' lang='grc' dir='ltr'><strong>(Π)</strong></span> 
     </span>
    </p>
   </div>
   <div class='ocr_carea' id='block_1_23' title="bbox 2114 1002 3698 1074">
    <p class='ocr_par' dir='ltr' id='par_1_23' title="bbox 2114 1002 3698 1074">
     <span class='ocr_line' id='line_1_23' title="bbox 2114 1002 3698 1074; baseline 0.004 -21"><span class='ocrx_word' id='word_1_168' title='bbox 2114 1016 2240 1068; x_wconf 84' lang='lat' dir='ltr'><strong>erga</strong></span> <span class='ocrx_word' id='word_1_169' title='bbox 2264 1016 2546 1068; x_wconf 90' lang='lat' dir='ltr'><strong>personam</strong></span> <span class='ocrx_word' id='word_1_170' title='bbox 2569 1010 2768 1053; x_wconf 72' lang='lat' dir='ltr'><strong>tuanm</strong></span> <span class='ocrx_word' id='word_1_171' title='bbox 2796 1003 2985 1065; x_wconf 66' lang='lat' dir='ltr'><strong>Iitero,</strong></span> <span class='ocrx_word' id='word_1_172' title='bbox 3009 1003 3187 1071; x_wconf 87' lang='lat' dir='ltr'><strong>inquit</strong></span> <span class='ocrx_word' id='word_1_173' title='bbox 3204 1002 3273 1069; x_wconf 69' lang='lat'><strong>9‘,</strong></span> <span class='ocrx_word' id='word_1_174' title='bbox 3294 1004 3372 1057; x_wconf 90' lang='lat' dir='ltr'><strong>eis</strong></span> <span class='ocrx_word' id='word_1_175' title='bbox 3391 1004 3442 1057; x_wconf 93' lang='lat' dir='ltr'><strong>in</strong></span> <span class='ocrx_word' id='word_1_176' title='bbox 3465 1016 3698 1074; x_wconf 84' lang='lat' dir='ltr'><strong>patrem,</strong></span> 
     </span>
    </p>
   </div>
   <div class='ocr_carea' id='block_1_24' title="bbox 2113 1092 3695 1163">
    <p class='ocr_par' dir='ltr' id='par_1_24' title="bbox 2113 1092 3695 1163">
     <span class='ocr_line' id='line_1_24' title="bbox 2113 1092 3695 1163; baseline 0.004 -18"><span class='ocrx_word' id='word_1_177' title='bbox 2319 1102 2371 1146; x_wconf 90' lang='lat' dir='ltr'><strong>et</strong></span> <span class='ocrx_word' id='word_1_178' title='bbox 2410 1092 2510 1160; x_wconf 85' lang='lat' dir='ltr'><strong>ipsi</strong></span> <span class='ocrx_word' id='word_1_179' title='bbox 2566 1103 2727 1147; x_wconf 86' lang='lat' dir='ltr'><strong>erunt</strong></span> <span class='ocrx_word' id='word_1_180' title='bbox 2773 1095 2900 1147; x_wconf 88' lang='lat' dir='ltr'><strong>tnihi</strong></span> <span class='ocrx_word' id='word_1_181' title='bbox 2953 1096 3002 1147; x_wconf 93' lang='lat' dir='ltr'><strong>iu</strong></span> <span class='ocrx_word' id='word_1_182' title='bbox 3048 1096 3185 1149; x_wconf 91' lang='lat' dir='ltr'><strong>ﬁlios</strong></span> <span class='ocrx_word' id='word_1_183' title='bbox 3236 1104 3290 1149; x_wconf 90' lang='lat' dir='ltr'><strong>et</strong></span> <span class='ocrx_word' id='word_1_184' title='bbox 3341 1096 3510 1163; x_wconf 88' lang='lat' dir='ltr'><strong>ﬁlias,</strong></span> <span class='ocrx_word' id='word_1_185' title='bbox 3559 1098 3695 1152; x_wconf 80' lang='lat' dir='ltr'><strong>dicit.</strong></span> 
     </span>
    </p>
   </div>
   <div class='ocr_carea' id='block_1_25' title="bbox 2116 1183 3698 1252">
    <p class='ocr_par' dir='ltr' id='par_1_25' title="bbox 2116 1183 3698 1252">
     <span class='ocr_line' id='line_1_25' title="bbox 2116 1183 3698 1252; baseline 0.005 -15"><span class='ocrx_word' id='word_1_186' title='bbox 2116 1184 2442 1237; x_wconf 70' lang='lat' dir='ltr'><strong>Dominus.)</strong></span> <span class='ocrx_word' id='word_1_187' title='bbox 2489 1183 2662 1238; x_wconf 86' lang='lat' dir='ltr'><strong>Habet</strong></span> <span class='ocrx_word' id='word_1_188' title='bbox 2720 1186 2807 1239; x_wconf 90' lang='lat' dir='ltr'><strong>hic</strong></span> <span class='ocrx_word' id='word_1_189' title='bbox 2858 1187 3090 1239; x_wconf 90' lang='lat' dir='ltr'><strong>mundus</strong></span> <span class='ocrx_word' id='word_1_190' title='bbox 3131 1185 3329 1240; x_wconf 88' lang='lat' dir='ltr'><strong>Filium</strong></span> <span class='ocrx_word' id='word_1_191' title='bbox 3383 1189 3498 1252; x_wconf 87' lang='lat' dir='ltr'><strong>Dei,</strong></span> <span class='ocrx_word' id='word_1_192' title='bbox 3535 1188 3698 1244; x_wconf 83' lang='lat' dir='ltr'><strong>habet</strong></span> 
     </span>
    </p>
   </div>
   <div class='ocr_carea' id='block_1_26' title="bbox 2114 1276 3696 1348">
    <p class='ocr_par' dir='ltr' id='par_1_26' title="bbox 2114 1276 3696 1348">
     <span class='ocr_line' id='line_1_26' title="bbox 2114 1276 3696 1348; baseline 0.003 -19"><span class='ocrx_word' id='word_1_193' title='bbox 2114 1276 2379 1343; x_wconf 89' lang='lat' dir='ltr'><strong>Spiritum</strong></span> <span class='ocrx_word' id='word_1_194' title='bbox 2447 1285 2731 1342; x_wconf 88' lang='lat' dir='ltr'><strong>sanetum,</strong></span> <span class='ocrx_word' id='word_1_195' title='bbox 2795 1281 3092 1333; x_wconf 83' lang='lat' dir='ltr'><strong>secundum</strong></span> <span class='ocrx_word' id='word_1_196' title='bbox 3159 1280 3305 1348; x_wconf 92' lang='lat' dir='ltr'><strong>quod</strong></span> <span class='ocrx_word' id='word_1_197' title='bbox 3365 1279 3497 1335; x_wconf 87' lang='lat' dir='ltr'><strong>dicit</strong></span> <span class='ocrx_word' id='word_1_198' title='bbox 3559 1281 3696 1334; x_wconf 83' lang='lat' dir='ltr'><strong>Pro-</strong></span> 
     </span>
    </p>
   </div>
   <div class='ocr_carea' id='block_1_27' title="bbox 2114 1368 3698 1440">
    <p class='ocr_par' dir='ltr' id='par_1_27' title="bbox 2114 1368 3698 1440">
     <span class='ocr_line' id='line_1_27' title="bbox 2114 1368 3698 1440; baseline 0.004 -19"><span class='ocrx_word' id='word_1_199' title='bbox 2114 1370 2273 1437; x_wconf 79' lang='lat' dir='ltr'><strong>pheta</strong></span> <span class='ocrx_word' id='word_1_200' title='bbox 2296 1368 2341 1401; x_wconf 80' lang='grc'>⁹⁸</span> <span class='ocrx_word' id='word_1_201' title='bbox 2370 1386 2385 1423; x_wconf 87' lang='lat'><strong>:</strong></span> <span class='ocrx_word' id='word_1_202' title='bbox 2422 1387 2439 1419; x_wconf 77' lang='grc' dir='ltr'><strong>ι</strong></span> <span class='ocrx_word' id='word_1_203' title='bbox 2471 1369 2649 1422; x_wconf 87' lang='lat' dir='ltr'><strong>Verbo</strong></span> <span class='ocrx_word' id='word_1_204' title='bbox 2684 1370 2895 1423; x_wconf 91' lang='lat' dir='ltr'><strong>Domini</strong></span> <span class='ocrx_word' id='word_1_205' title='bbox 2931 1371 3052 1425; x_wconf 75' lang='lat' dir='ltr'><strong>cmli</strong></span> <span class='ocrx_word' id='word_1_206' title='bbox 3088 1371 3285 1424; x_wconf 89' lang='lat' dir='ltr'><strong>ﬁrmati</strong></span> <span class='ocrx_word' id='word_1_207' title='bbox 3321 1386 3467 1432; x_wconf 91' lang='lat' dir='ltr'><strong>sunt.</strong></span> <span class='ocrx_word' id='word_1_208' title='bbox 3504 1381 3557 1425; x_wconf 87' lang='lat' dir='ltr'><strong>et</strong></span> <span class='ocrx_word' id='word_1_209' title='bbox 3590 1373 3698 1440; x_wconf 85' lang='lat' dir='ltr'><strong>spi-</strong></span> 
     </span>
    </p>
   </div>
   <div class='ocr_carea' id='block_1_28' title="bbox 2114 1458 3692 1527">
    <p class='ocr_par' dir='ltr' id='par_1_28' title="bbox 2114 1458 3692 1527">
     <span class='ocr_line' id='line_1_28' title="bbox 2114 1458 3692 1527; baseline 0.003 -16"><span class='ocrx_word' id='word_1_210' title='bbox 2114 1458 2224 1512; x_wconf 89' lang='lat' dir='ltr'><strong>ritu</strong></span> <span class='ocrx_word' id='word_1_211' title='bbox 2270 1460 2382 1514; x_wconf 89' lang='lat' dir='ltr'><strong>oris</strong></span> <span class='ocrx_word' id='word_1_212' title='bbox 2432 1459 2552 1527; x_wconf 86' lang='lat' dir='ltr'><strong>ejus</strong></span> <span class='ocrx_word' id='word_1_213' title='bbox 2603 1461 2783 1514; x_wconf 91' lang='lat' dir='ltr'><strong>omnis</strong></span> <span class='ocrx_word' id='word_1_214' title='bbox 2839 1462 3014 1513; x_wconf 89' lang='lat' dir='ltr'><strong>virtus</strong></span> <span class='ocrx_word' id='word_1_215' title='bbox 3067 1478 3279 1514; x_wconf 88' lang='lat' dir='ltr'><strong>eorum.</strong></span> <span class='ocrx_word' id='word_1_216' title='bbox 3318 1480 3335 1512; x_wconf 75' lang='grc' dir='ltr'><strong>ι</strong></span> <span class='ocrx_word' id='word_1_217' title='bbox 3384 1462 3443 1515; x_wconf 88' lang='lat' dir='ltr'><strong>Et</strong></span> <span class='ocrx_word' id='word_1_218' title='bbox 3496 1462 3692 1515; x_wconf 90' lang='lat' dir='ltr'><strong>iterum</strong></span> 
     </span>
    </p>
   </div>
   <div class='ocr_carea' id='block_1_29' title="bbox 2113 1550 3692 1623">
    <p class='ocr_par' dir='ltr' id='par_1_29' title="bbox 2113 1550 3692 1623">
     <span class='ocr_line' id='line_1_29' title="bbox 2113 1550 3692 1623; baseline 0.002 -21"><span class='ocrx_word' id='word_1_219' title='bbox 2113 1550 2241 1605; x_wconf 82' lang='lat' dir='ltr'><strong>alibi</strong></span> <span class='ocrx_word' id='word_1_220' title='bbox 2272 1551 2317 1583; x_wconf 72' lang='grc'><strong>⁸⁸</strong></span> <span class='ocrx_word' id='word_1_221' title='bbox 2357 1568 2370 1605; x_wconf 90' lang='lat'><strong>:</strong></span> <span class='ocrx_word' id='word_1_222' title='bbox 2412 1571 2429 1602; x_wconf 75' lang='grc' dir='ltr'><strong>ι</strong></span> <span class='ocrx_word' id='word_1_223' title='bbox 2462 1551 2700 1619; x_wconf 87' lang='lat' dir='ltr'><strong>Spiritus</strong></span> <span class='ocrx_word' id='word_1_224' title='bbox 2750 1553 2894 1605; x_wconf 90' lang='lat' dir='ltr'><strong>enim</strong></span> <span class='ocrx_word' id='word_1_225' title='bbox 2949 1552 3162 1605; x_wconf 89' lang='lat' dir='ltr'><strong>Domini</strong></span> <span class='ocrx_word' id='word_1_226' title='bbox 3221 1552 3453 1623; x_wconf 87' lang='lat' dir='ltr'><strong>replevit</strong></span> <span class='ocrx_word' id='word_1_227' title='bbox 3506 1553 3692 1607; x_wconf 88' lang='lat' dir='ltr'><strong>orbem</strong></span> 
     </span>
    </p>
   </div>
   <div class='ocr_carea' id='block_1_30' title="bbox 2113 1645 3693 1714">
    <p class='ocr_par' dir='ltr' id='par_1_30' title="bbox 2113 1645 3693 1714">
     <span class='ocr_line' id='line_1_30' title="bbox 2113 1645 3693 1714; baseline 0.004 -19"><span class='ocrx_word' id='word_1_228' title='bbox 2113 1652 2449 1700; x_wconf 66' lang='lat' dir='ltr'><strong>terrarum.»</strong></span> <span class='ocrx_word' id='word_1_229' title='bbox 2501 1645 2637 1697; x_wconf 91' lang='lat' dir='ltr'><strong>Audi</strong></span> <span class='ocrx_word' id='word_1_230' title='bbox 2697 1654 2750 1699; x_wconf 89' lang='lat' dir='ltr'><strong>et</strong></span> <span class='ocrx_word' id='word_1_231' title='bbox 2790 1646 2882 1699; x_wconf 87' lang='lat' dir='ltr'><strong>tibi</strong></span> <span class='ocrx_word' id='word_1_232' title='bbox 2942 1647 3069 1714; x_wconf 90' lang='lat' dir='ltr'><strong>quid</strong></span> <span class='ocrx_word' id='word_1_233' title='bbox 3127 1646 3259 1698; x_wconf 90' lang='lat' dir='ltr'><strong>dicit</strong></span> <span class='ocrx_word' id='word_1_234' title='bbox 3313 1645 3564 1699; x_wconf 83' lang='lat' dir='ltr'><strong>Christus</strong></span> <span class='ocrx_word' id='word_1_235' title='bbox 3590 1645 3693 1701; x_wconf 69' lang='lat'><strong>’7:</strong></span> 
     </span>
    </p>
   </div>
   <div class='ocr_carea' id='block_1_31' title="bbox 2116 1734 3697 1803">
    <p class='ocr_par' dir='ltr' id='par_1_31' title="bbox 2116 1734 3697 1803">
     <span class='ocr_line' id='line_1_31' title="bbox 2116 1734 3697 1803; baseline 0.001 -18"><span class='ocrx_word' id='word_1_236' title='bbox 2116 1752 2135 1785; x_wconf 79' lang='grc' dir='ltr'><strong>ι</strong></span> <span class='ocrx_word' id='word_1_237' title='bbox 2166 1734 2303 1789; x_wconf 86' lang='lat' dir='ltr'><strong>Ecce</strong></span> <span class='ocrx_word' id='word_1_238' title='bbox 2338 1749 2437 1803; x_wconf 88' lang='lat' dir='ltr'><strong>ego</strong></span> <span class='ocrx_word' id='word_1_239' title='bbox 2486 1736 2763 1789; x_wconf 85' lang='lat' dir='ltr'><strong>vobiscum</strong></span> <span class='ocrx_word' id='word_1_240' title='bbox 2812 1750 2929 1788; x_wconf 87' lang='lat' dir='ltr'><strong>smn</strong></span> <span class='ocrx_word' id='word_1_241' title='bbox 2978 1734 3243 1787; x_wconf 90' lang='lat' dir='ltr'><strong>omnibus</strong></span> <span class='ocrx_word' id='word_1_242' title='bbox 3290 1734 3478 1787; x_wconf 89' lang='lat' dir='ltr'><strong>diebus</strong></span> <span class='ocrx_word' id='word_1_243' title='bbox 3523 1749 3697 1802; x_wconf 82' lang='lat' dir='ltr'><strong>usque</strong></span> 
     </span>
    </p>
   </div>
   <div class='ocr_carea' id='block_1_32' title="bbox 2111 1825 3696 1894">
    <p class='ocr_par' dir='ltr' id='par_1_32' title="bbox 2111 1825 3696 1894">
     <span class='ocr_line' id='line_1_32' title="bbox 2111 1825 3696 1894; baseline 0.001 -15"><span class='ocrx_word' id='word_1_244' title='bbox 2111 1826 2177 1879; x_wconf 91' lang='lat' dir='ltr'><strong>ad</strong></span> <span class='ocrx_word' id='word_1_245' title='bbox 2210 1825 2732 1879; x_wconf 80' lang='lat' dir='ltr'><strong>consummationem</strong></span> <span class='ocrx_word' id='word_1_246' title='bbox 2784 1825 2989 1879; x_wconf 67' lang='lat' dir='ltr'><strong>saeculi.</strong></span> <span class='ocrx_word' id='word_1_247' title='bbox 3018 1845 3034 1876; x_wconf 77' lang='grc' dir='ltr'><strong>ι</strong></span> <span class='ocrx_word' id='word_1_248' title='bbox 3074 1826 3137 1879; x_wconf 88' lang='grc' dir='ltr'>Ει</span> <span class='ocrx_word' id='word_1_249' title='bbox 3168 1826 3234 1879; x_wconf 90' lang='lat' dir='ltr'><strong>de</strong></span> <span class='ocrx_word' id='word_1_250' title='bbox 3271 1826 3473 1894; x_wconf 86' lang='lat' dir='ltr'><strong>Spiritu</strong></span> <span class='ocrx_word' id='word_1_251' title='bbox 3502 1834 3696 1880; x_wconf 84' lang='lat' dir='ltr'><strong>sancto</strong></span> 
     </span>
    </p>
   </div>
   <div class='ocr_carea' id='block_1_33' title="bbox 421 1909 3693 1987">
    <p class='ocr_par' dir='ltr' id='par_1_33' title="bbox 421 1909 3693 1987">
     <span class='ocr_line' id='line_1_33' title="bbox 421 1909 3693 1987; baseline 0.001 -18"><span class='ocrx_word' id='word_1_252' title='bbox 421 1916 545 1978; x_wconf 84' lang='lat' dir='ltr'><strong>stia,</strong></span> <span class='ocrx_word' id='word_1_253' title='bbox 578 1916 1076 1971; x_wconf 85' lang='lat' dir='ltr'><strong>bolocaustomata.</strong></span> <span class='ocrx_word' id='word_1_254' title='bbox 1111 1915 1294 1985; x_wconf 73' lang='lat' dir='ltr'><strong>Neque</strong></span> <span class='ocrx_word' id='word_1_255' title='bbox 1340 1918 1485 1971; x_wconf 90' lang='lat' dir='ltr'><strong>enim</strong></span> <span class='ocrx_word' id='word_1_256' title='bbox 1516 1919 1803 1985; x_wconf 88' lang='lat' dir='ltr'><strong>oportebat</strong></span> <span class='ocrx_word' id='word_1_257' title='bbox 1838 1918 1999 1971; x_wconf 91' lang='lat' dir='ltr'><strong>aliam</strong></span> <span class='ocrx_word' id='word_1_258' title='bbox 2034 1909 2076 1967; x_wconf 84' lang='grc' dir='ltr'><strong><em>Β</em></strong></span> <span class='ocrx_word' id='word_1_259' title='bbox 2106 1917 2303 1970; x_wconf 91' lang='lat' dir='ltr'><strong>dicitur</strong></span> <span class='ocrx_word' id='word_1_260' title='bbox 2328 1917 2372 1948; x_wconf 71' lang='grc'><strong>⁸⁸</strong></span> <span class='ocrx_word' id='word_1_261' title='bbox 2406 1935 2419 1970; x_wconf 91' lang='lat'><strong>:</strong></span> <span class='ocrx_word' id='word_1_262' title='bbox 2459 1935 2476 1966; x_wconf 74' lang='grc' dir='ltr'><strong>ι</strong></span> <span class='ocrx_word' id='word_1_263' title='bbox 2508 1916 2795 1970; x_wconf 75' lang='lat' dir='ltr'><strong>Ellundam</strong></span> <span class='ocrx_word' id='word_1_264' title='bbox 2848 1916 2913 1970; x_wconf 88' lang='lat' dir='ltr'><strong>de</strong></span> <span class='ocrx_word' id='word_1_265' title='bbox 2960 1917 3151 1985; x_wconf 85' lang='lat' dir='ltr'><strong>spiritu</strong></span> <span class='ocrx_word' id='word_1_266' title='bbox 3202 1933 3323 1972; x_wconf 89' lang='lat' dir='ltr'><strong>meo</strong></span> <span class='ocrx_word' id='word_1_267' title='bbox 3365 1933 3525 1987; x_wconf 89' lang='lat' dir='ltr'><strong>super</strong></span> <span class='ocrx_word' id='word_1_268' title='bbox 3571 1935 3693 1973; x_wconf 78' lang='lat' dir='ltr'><strong>om-</strong></span> 
     </span>
    </p>
   </div>
   <div class='ocr_carea' id='block_1_34' title="bbox 423 2011 2000 2080">
    <p class='ocr_par' dir='ltr' id='par_1_34' title="bbox 423 2011 2000 2080">
     <span class='ocr_line' id='line_1_34' title="bbox 423 2011 2000 2080; baseline 0.002 -18"><span class='ocrx_word' id='word_1_269' title='bbox 423 2011 596 2078; x_wconf 91' lang='lat' dir='ltr'><strong>primo</strong></span> <span class='ocrx_word' id='word_1_270' title='bbox 624 2011 853 2064; x_wconf 77' lang='lat' dir='ltr'><strong>hosﬁam</strong></span> <span class='ocrx_word' id='word_1_271' title='bbox 886 2012 1181 2075; x_wconf 91' lang='lat' dir='ltr'><strong>nominari,</strong></span> <span class='ocrx_word' id='word_1_272' title='bbox 1214 2012 1313 2065; x_wconf 90' lang='lat' dir='ltr'><strong>nisi</strong></span> <span class='ocrx_word' id='word_1_273' title='bbox 1346 2027 1465 2066; x_wconf 85' lang='lat' dir='ltr'><strong>eam</strong></span> <span class='ocrx_word' id='word_1_274' title='bbox 1502 2027 1619 2080; x_wconf 75' lang='lat' dir='ltr'><strong>qua:</strong></span> <span class='ocrx_word' id='word_1_275' title='bbox 1647 2012 2000 2080; x_wconf 90' lang='lat' dir='ltr'><strong>omnipotenti</strong></span> 
     </span>
    </p>
   </div>
   <div class='ocr_carea' id='block_1_35' title="bbox 424 2101 2003 2173">
    <p class='ocr_par' dir='ltr' id='par_1_35' title="bbox 424 2101 2003 2173">
     <span class='ocr_line' id='line_1_35' title="bbox 424 2101 2003 2173; baseline 0.002 -18"><span class='ocrx_word' id='word_1_276' title='bbox 424 2102 531 2156; x_wconf 90' lang='lat' dir='ltr'><strong>Deo</strong></span> <span class='ocrx_word' id='word_1_277' title='bbox 566 2101 917 2157; x_wconf 72' lang='lat' dir='ltr'><strong>offerebatur.</strong></span> <span class='ocrx_word' id='word_1_278' title='bbox 959 2104 1208 2159; x_wconf 88' lang='lat' dir='ltr'><strong>Secunda</strong></span> <span class='ocrx_word' id='word_1_279' title='bbox 1235 2106 1410 2160; x_wconf 91' lang='lat' dir='ltr'><strong>hostia</strong></span> <span class='ocrx_word' id='word_1_280' title='bbox 1454 2116 1559 2171; x_wconf 79' lang='lat' dir='ltr'><strong>est,</strong></span> <span class='ocrx_word' id='word_1_281' title='bbox 1592 2121 1710 2173; x_wconf 69' lang='lat' dir='ltr'><strong>qua:</strong></span> <span class='ocrx_word' id='word_1_282' title='bbox 1738 2107 1804 2159; x_wconf 87' lang='lat' dir='ltr'><strong>ad</strong></span> <span class='ocrx_word' id='word_1_283' title='bbox 1836 2106 2003 2158; x_wconf 86' lang='lat' dir='ltr'><strong>eden-</strong></span> 
     </span>
    </p>
   </div>
   <div class='ocr_carea' id='block_1_36' title="bbox 419 2194 1998 2266">
    <p class='ocr_par' dir='ltr' id='par_1_36' title="bbox 419 2194 1998 2266">
     <span class='ocr_line' id='line_1_36' title="bbox 419 2194 1998 2266; baseline 0.003 -22"><span class='ocrx_word' id='word_1_284' title='bbox 419 2196 545 2245; x_wconf 88' lang='lat' dir='ltr'><strong>dum</strong></span> <span class='ocrx_word' id='word_1_285' title='bbox 587 2194 961 2251; x_wconf 83' lang='lat' dir='ltr'><strong>sacerdotibus</strong></span> <span class='ocrx_word' id='word_1_286' title='bbox 993 2197 1352 2266; x_wconf 87' lang='lat' dir='ltr'><strong>mancipatur.</strong></span> <span class='ocrx_word' id='word_1_287' title='bbox 1381 2196 1591 2260; x_wconf 88' lang='lat' dir='ltr'><strong>Tertia,</strong></span> <span class='ocrx_word' id='word_1_288' title='bbox 1619 2197 1683 2251; x_wconf 90' lang='lat' dir='ltr'><strong>de</strong></span> <span class='ocrx_word' id='word_1_289' title='bbox 1704 2212 1809 2266; x_wconf 91' lang='lat' dir='ltr'><strong>qua</strong></span> <span class='ocrx_word' id='word_1_290' title='bbox 1836 2198 1998 2249; x_wconf 87' lang='lat' dir='ltr'><strong>etiam</strong></span> 
     </span>
    </p>
   </div>
   <div class='ocr_carea' id='block_1_37' title="bbox 420 2288 1999 2361">
    <p class='ocr_par' dir='ltr' id='par_1_37' title="bbox 420 2288 1999 2361">
     <span class='ocr_line' id='line_1_37' title="bbox 420 2288 1999 2361; baseline 0.003 -20"><span class='ocrx_word' id='word_1_291' title='bbox 420 2288 557 2342; x_wconf 85' lang='lat' dir='ltr'><strong>ﬁlios</strong></span> <span class='ocrx_word' id='word_1_292' title='bbox 599 2288 765 2343; x_wconf 89' lang='lat' dir='ltr'><strong>Israel</strong></span> <span class='ocrx_word' id='word_1_293' title='bbox 801 2293 1141 2360; x_wconf 83' lang='lat' dir='ltr'><strong>contingere,</strong></span> <span class='ocrx_word' id='word_1_294' title='bbox 1169 2290 1250 2343; x_wconf 89' lang='lat' dir='ltr'><strong>vel</strong></span> <span class='ocrx_word' id='word_1_295' title='bbox 1283 2290 1469 2353; x_wconf 90' lang='lat' dir='ltr'><strong>edere,</strong></span> <span class='ocrx_word' id='word_1_296' title='bbox 1498 2292 1643 2358; x_wconf 89' lang='lat' dir='ltr'><strong>ipsos</strong></span> <span class='ocrx_word' id='word_1_297' title='bbox 1670 2292 1881 2347; x_wconf 85' lang='lat' dir='ltr'><strong>scilicet</strong></span> <span class='ocrx_word' id='word_1_298' title='bbox 1909 2293 1999 2361; x_wconf 93' lang='lat' dir='ltr'><strong>qui</strong></span> 
     </span>
    </p>
   </div>
   <div class='ocr_carea' id='block_1_38' title="bbox 418 2380 1997 2449">
    <p class='ocr_par' dir='ltr' id='par_1_38' title="bbox 418 2380 1997 2449">
     <span class='ocr_line' id='line_1_38' title="bbox 418 2380 1997 2449; baseline 0.002 -14"><span class='ocrx_word' id='word_1_299' title='bbox 418 2380 676 2444; x_wconf 78' lang='lat' dir='ltr'><strong>oﬁerunt,</strong></span> <span class='ocrx_word' id='word_1_300' title='bbox 728 2381 809 2435; x_wconf 81' lang='lat' dir='ltr'><strong>fas</strong></span> <span class='ocrx_word' id='word_1_301' title='bbox 846 2390 949 2437; x_wconf 87' lang='lat' dir='ltr'><strong>est.</strong></span> <span class='ocrx_word' id='word_1_302' title='bbox 997 2383 1101 2437; x_wconf 89' lang='lat' dir='ltr'><strong>Sed</strong></span> <span class='ocrx_word' id='word_1_303' title='bbox 1134 2382 1273 2437; x_wconf 87' lang='lat' dir='ltr'><strong>ﬁlius</strong></span> <span class='ocrx_word' id='word_1_304' title='bbox 1304 2383 1465 2436; x_wconf 88' lang='lat' dir='ltr'><strong>Israel</strong></span> <span class='ocrx_word' id='word_1_305' title='bbox 1504 2399 1609 2436; x_wconf 90' lang='lat' dir='ltr'><strong>non</strong></span> <span class='ocrx_word' id='word_1_306' title='bbox 1642 2400 1865 2449; x_wconf 87' lang='lat' dir='ltr'><strong>oumes,</strong></span> <span class='ocrx_word' id='word_1_307' title='bbox 1898 2386 1997 2438; x_wconf 89' lang='lat' dir='ltr'><strong>nisi</strong></span> 
     </span>
    </p>
   </div>
   <div class='ocr_carea' id='block_1_39' title="bbox 419 2472 1998 2545">
    <p class='ocr_par' dir='ltr' id='par_1_39' title="bbox 419 2472 1998 2545">
     <span class='ocr_line' id='line_1_39' title="bbox 419 2472 1998 2545; baseline 0.004 -21"><span class='ocrx_word' id='word_1_308' title='bbox 419 2472 539 2524; x_wconf 91' lang='lat' dir='ltr'><strong>illos</strong></span> <span class='ocrx_word' id='word_1_309' title='bbox 575 2482 780 2527; x_wconf 90' lang='lat' dir='ltr'><strong>tantum</strong></span> <span class='ocrx_word' id='word_1_310' title='bbox 809 2473 900 2543; x_wconf 90' lang='lat' dir='ltr'><strong>qui</strong></span> <span class='ocrx_word' id='word_1_311' title='bbox 940 2475 1122 2528; x_wconf 92' lang='lat' dir='ltr'><strong>mundi</strong></span> <span class='ocrx_word' id='word_1_312' title='bbox 1161 2485 1309 2529; x_wconf 86' lang='lat' dir='ltr'><strong>sunt.</strong></span> <span class='ocrx_word' id='word_1_313' title='bbox 1349 2475 1461 2529; x_wconf 83' lang='lat' dir='ltr'><strong>Soli</strong></span> <span class='ocrx_word' id='word_1_314' title='bbox 1497 2476 1642 2528; x_wconf 92' lang='lat' dir='ltr'><strong>enim</strong></span> <span class='ocrx_word' id='word_1_315' title='bbox 1686 2476 1777 2545; x_wconf 85' lang='lat' dir='ltr'><strong>qui</strong></span> <span class='ocrx_word' id='word_1_316' title='bbox 1815 2477 1998 2530; x_wconf 93' lang='lat' dir='ltr'><strong>mundi</strong></span> 
     </span>
    </p>
   </div>
   <div class='ocr_carea' id='block_1_40' title="bbox 418 2566 2000 2635">
    <p class='ocr_par' dir='ltr' id='par_1_40' title="bbox 418 2566 2000 2635">
     <span class='ocr_line' id='line_1_40' title="bbox 418 2566 2000 2635; baseline 0.002 -18"><span class='ocrx_word' id='word_1_317' title='bbox 418 2574 546 2617; x_wconf 90' lang='lat' dir='ltr'><strong>sunt</strong></span> <span class='ocrx_word' id='word_1_318' title='bbox 583 2566 646 2618; x_wconf 92' lang='lat' dir='ltr'><strong>de</strong></span> <span class='ocrx_word' id='word_1_319' title='bbox 680 2566 965 2620; x_wconf 90' lang='lat' dir='ltr'><strong>sacriﬁciis</strong></span> <span class='ocrx_word' id='word_1_320' title='bbox 993 2567 1155 2621; x_wconf 87' lang='lat' dir='ltr'><strong>edere</strong></span> <span class='ocrx_word' id='word_1_321' title='bbox 1178 2568 1459 2635; x_wconf 90' lang='lat' dir='ltr'><strong>jnbentur.</strong></span> <span class='ocrx_word' id='word_1_322' title='bbox 1494 2567 1692 2621; x_wconf 86' lang='lat' dir='ltr'><strong>Verum</strong></span> <span class='ocrx_word' id='word_1_323' title='bbox 1719 2570 1849 2621; x_wconf 90' lang='lat' dir='ltr'><strong>istas</strong></span> <span class='ocrx_word' id='word_1_324' title='bbox 1881 2583 2000 2622; x_wconf 87' lang='lat' dir='ltr'><strong>om-</strong></span> 
     </span>
    </p>
   </div>
   <div class='ocr_carea' id='block_1_41' title="bbox 420 2657 1997 2727">
    <p class='ocr_par' dir='ltr' id='par_1_41' title="bbox 420 2657 1997 2727">
     <span class='ocr_line' id='line_1_41' title="bbox 420 2657 1997 2727; baseline 0.002 -19"><span class='ocrx_word' id='word_1_325' title='bbox 420 2672 513 2711; x_wconf 86' lang='lat' dir='ltr'><strong>nes</strong></span> <span class='ocrx_word' id='word_1_326' title='bbox 536 2657 739 2711; x_wconf 88' lang='lat' dir='ltr'><strong>hostias</strong></span> <span class='ocrx_word' id='word_1_327' title='bbox 770 2666 825 2710; x_wconf 92' lang='lat' dir='ltr'><strong>tu</strong></span> <span class='ocrx_word' id='word_1_328' title='bbox 850 2659 940 2727; x_wconf 86' lang='lat' dir='ltr'><strong>qui</strong></span> <span class='ocrx_word' id='word_1_329' title='bbox 979 2658 1029 2712; x_wconf 92' lang='lat' dir='ltr'><strong>in</strong></span> <span class='ocrx_word' id='word_1_330' title='bbox 1062 2659 1279 2713; x_wconf 90' lang='lat' dir='ltr'><strong>occulto</strong></span> <span class='ocrx_word' id='word_1_331' title='bbox 1296 2658 1516 2714; x_wconf 73' lang='lat' dir='ltr'><strong>Judzeus</strong></span> <span class='ocrx_word' id='word_1_332' title='bbox 1532 2673 1611 2724; x_wconf 91' lang='lat' dir='ltr'><strong>es,</strong></span> <span class='ocrx_word' id='word_1_333' title='bbox 1649 2673 1756 2711; x_wconf 90' lang='lat' dir='ltr'><strong>non</strong></span> <span class='ocrx_word' id='word_1_334' title='bbox 1789 2658 1842 2711; x_wconf 92' lang='lat' dir='ltr'><strong>in</strong></span> <span class='ocrx_word' id='word_1_335' title='bbox 1874 2665 1997 2712; x_wconf 86' lang='lat' dir='ltr'><strong>ant-</strong></span> 
     </span>
    </p>
   </div>
   <div class='ocr_carea' id='block_1_42' title="bbox 418 2748 1996 2821">
    <p class='ocr_par' dir='ltr' id='par_1_42' title="bbox 418 2748 1996 2821">
     <span class='ocr_line' id='line_1_42' title="bbox 418 2748 1996 2821; baseline 0.003 -21"><span class='ocrx_word' id='word_1_336' title='bbox 418 2748 650 2803; x_wconf 86' lang='lat' dir='ltr'><strong>malibus</strong></span> <span class='ocrx_word' id='word_1_337' title='bbox 682 2751 929 2819; x_wconf 86' lang='lat' dir='ltr'><strong>requiras</strong></span> <span class='ocrx_word' id='word_1_338' title='bbox 962 2751 1265 2806; x_wconf 88' lang='lat' dir='ltr'><strong>visibilibus</strong></span> <span class='ocrx_word' id='word_1_339' title='bbox 1299 2770 1313 2805; x_wconf 89' lang='lat'><strong>:</strong></span> <span class='ocrx_word' id='word_1_340' title='bbox 1344 2766 1445 2805; x_wconf 91' lang='lat' dir='ltr'><strong>nec</strong></span> <span class='ocrx_word' id='word_1_341' title='bbox 1493 2752 1543 2805; x_wconf 91' lang='lat' dir='ltr'><strong>in</strong></span> <span class='ocrx_word' id='word_1_342' title='bbox 1583 2752 1748 2806; x_wconf 93' lang='lat' dir='ltr'><strong>mutis</strong></span> <span class='ocrx_word' id='word_1_343' title='bbox 1784 2752 1996 2821; x_wconf 82' lang='lat' dir='ltr'><strong>pecori-</strong></span> 
     </span>
    </p>
   </div>
   <div class='ocr_carea' id='block_1_43' title="bbox 415 2840 1992 2913">
    <p class='ocr_par' dir='ltr' id='par_1_43' title="bbox 415 2840 1992 2913">
     <span class='ocr_line' id='line_1_43' title="bbox 415 2840 1992 2913; baseline 0.002 -19"><span class='ocrx_word' id='word_1_344' title='bbox 415 2842 518 2895; x_wconf 90' lang='lat' dir='ltr'><strong>bus</strong></span> <span class='ocrx_word' id='word_1_345' title='bbox 574 2840 804 2895; x_wconf 81' lang='lat' dir='ltr'><strong>inveniri</strong></span> <span class='ocrx_word' id='word_1_346' title='bbox 860 2853 1040 2912; x_wconf 88' lang='lat' dir='ltr'><strong>putes,</strong></span> <span class='ocrx_word' id='word_1_347' title='bbox 1075 2844 1217 2912; x_wconf 87' lang='lat' dir='ltr'><strong>quod</strong></span> <span class='ocrx_word' id='word_1_348' title='bbox 1259 2842 1443 2897; x_wconf 82' lang='lat' dir='ltr'><strong>ol&#39;l&#39;erri</strong></span> <span class='ocrx_word' id='word_1_349' title='bbox 1491 2846 1680 2898; x_wconf 89' lang='lat' dir='ltr'><strong>deceat</strong></span> <span class='ocrx_word' id='word_1_350' title='bbox 1709 2844 1823 2913; x_wconf 73' lang='grc'><strong>(14)</strong></span> <span class='ocrx_word' id='word_1_351' title='bbox 1864 2844 1992 2897; x_wconf 85' lang='lat' dir='ltr'><strong>Deo-</strong></span> 
     </span>
    </p>
   </div>
   <div class='ocr_carea' id='block_1_44' title="bbox 412 2931 1997 3003">
    <p class='ocr_par' dir='ltr' id='par_1_44' title="bbox 412 2931 1997 3003">
     <span class='ocr_line' id='line_1_44' title="bbox 412 2931 1997 3003; baseline 0.002 -17"><span class='ocrx_word' id='word_1_352' title='bbox 412 2931 549 2987; x_wconf 89' lang='lat' dir='ltr'><strong>Istas</strong></span> <span class='ocrx_word' id='word_1_353' title='bbox 603 2933 808 2987; x_wconf 88' lang='lat' dir='ltr'><strong>hostias</strong></span> <span class='ocrx_word' id='word_1_354' title='bbox 863 2936 1003 2988; x_wconf 90' lang='lat' dir='ltr'><strong>intra</strong></span> <span class='ocrx_word' id='word_1_355' title='bbox 1074 2936 1303 3002; x_wconf 88' lang='lat' dir='ltr'><strong>teipsnm</strong></span> <span class='ocrx_word' id='word_1_356' title='bbox 1357 2936 1595 3003; x_wconf 86' lang='lat' dir='ltr'><strong>require,</strong></span> <span class='ocrx_word' id='word_1_357' title='bbox 1646 2945 1699 2988; x_wconf 90' lang='lat' dir='ltr'><strong>et</strong></span> <span class='ocrx_word' id='word_1_358' title='bbox 1754 2936 1997 2989; x_wconf 90' lang='lat' dir='ltr'><strong>invenies</strong></span> 
     </span>
    </p>
   </div>
   <div class='ocr_carea' id='block_1_45' title="bbox 412 3024 1997 3094">
    <p class='ocr_par' dir='ltr' id='par_1_45' title="bbox 412 3024 1997 3094">
     <span class='ocr_line' id='line_1_45' title="bbox 412 3024 1997 3094; baseline 0.001 -16"><span class='ocrx_word' id='word_1_359' title='bbox 412 3039 507 3078; x_wconf 87' lang='lat' dir='ltr'><strong>cas</strong></span> <span class='ocrx_word' id='word_1_360' title='bbox 562 3024 701 3078; x_wconf 88' lang='lat' dir='ltr'><strong>intra</strong></span> <span class='ocrx_word' id='word_1_361' title='bbox 756 3026 996 3077; x_wconf 85' lang='lat' dir='ltr'><strong>animam</strong></span> <span class='ocrx_word' id='word_1_362' title='bbox 1052 3032 1221 3077; x_wconf 90' lang='lat' dir='ltr'><strong>tuam.</strong></span> <span class='ocrx_word' id='word_1_363' title='bbox 1278 3025 1524 3094; x_wconf 82' lang='lat' dir='ltr'><strong>Intelligo</strong></span> <span class='ocrx_word' id='word_1_364' title='bbox 1580 3036 1630 3078; x_wconf 89' lang='lat' dir='ltr'><strong>te</strong></span> <span class='ocrx_word' id='word_1_365' title='bbox 1671 3027 1873 3079; x_wconf 88' lang='lat' dir='ltr'><strong>habere</strong></span> <span class='ocrx_word' id='word_1_366' title='bbox 1915 3028 1997 3079; x_wconf 84' lang='lat' dir='ltr'><strong>in-</strong></span> 
     </span>
    </p>
   </div>
   <div class='ocr_carea' id='block_1_46' title="bbox 416 3117 1997 3185">
    <p class='ocr_par' dir='ltr' id='par_1_46' title="bbox 416 3117 1997 3185">
     <span class='ocr_line' id='line_1_46' title="bbox 416 3117 1997 3185; baseline 0.001 -15"><span class='ocrx_word' id='word_1_367' title='bbox 416 3126 499 3171; x_wconf 89' lang='lat' dir='ltr'><strong>tra</strong></span> <span class='ocrx_word' id='word_1_368' title='bbox 541 3120 880 3185; x_wconf 82' lang='lat' dir='ltr'><strong>temetipsum</strong></span> <span class='ocrx_word' id='word_1_369' title='bbox 935 3131 1124 3185; x_wconf 77' lang='lat' dir='ltr'><strong>greges</strong></span> <span class='ocrx_word' id='word_1_370' title='bbox 1157 3118 1342 3179; x_wconf 91' lang='lat' dir='ltr'><strong>boum,</strong></span> <span class='ocrx_word' id='word_1_371' title='bbox 1386 3117 1505 3170; x_wconf 86' lang='lat' dir='ltr'><strong>illos</strong></span> <span class='ocrx_word' id='word_1_372' title='bbox 1539 3117 1629 3185; x_wconf 90' lang='lat' dir='ltr'><strong>qui</strong></span> <span class='ocrx_word' id='word_1_373' title='bbox 1673 3120 1997 3171; x_wconf 86' lang='lat' dir='ltr'><strong>benedicun-</strong></span> 
     </span>
    </p>
   </div>
   <div class='ocr_carea' id='block_1_47' title="bbox 412 3205 1989 3277">
    <p class='ocr_par' dir='ltr' id='par_1_47' title="bbox 412 3205 1989 3277">
     <span class='ocr_line' id='line_1_47' title="bbox 412 3205 1989 3277; baseline -0.003 -14"><span class='ocrx_word' id='word_1_374' title='bbox 412 3222 503 3263; x_wconf 91' lang='lat' dir='ltr'><strong>tur</strong></span> <span class='ocrx_word' id='word_1_375' title='bbox 527 3212 576 3260; x_wconf 93' lang='lat' dir='ltr'><strong>in</strong></span> <span class='ocrx_word' id='word_1_376' title='bbox 602 3209 897 3261; x_wconf 85' lang='lat' dir='ltr'><strong>Abraham.</strong></span> <span class='ocrx_word' id='word_1_377' title='bbox 926 3207 1173 3275; x_wconf 90' lang='lat' dir='ltr'><strong>Intellige</strong></span> <span class='ocrx_word' id='word_1_378' title='bbox 1202 3205 1404 3260; x_wconf 87' lang='lat' dir='ltr'><strong>habere</strong></span> <span class='ocrx_word' id='word_1_379' title='bbox 1444 3216 1493 3259; x_wconf 90' lang='lat' dir='ltr'><strong>te</strong></span> <span class='ocrx_word' id='word_1_380' title='bbox 1516 3217 1569 3259; x_wconf 93' lang='lat' dir='ltr'><strong>et</strong></span> <span class='ocrx_word' id='word_1_381' title='bbox 1597 3223 1785 3277; x_wconf 81' lang='lat' dir='ltr'><strong>greges</strong></span> <span class='ocrx_word' id='word_1_382' title='bbox 1808 3209 1989 3262; x_wconf 90' lang='lat' dir='ltr'><strong>ovium</strong></span> 
     </span>
    </p>
   </div>
   <div class='ocr_carea' id='block_1_48' title="bbox 409 3297 1992 3366">
    <p class='ocr_par' dir='ltr' id='par_1_48' title="bbox 409 3297 1992 3366">
     <span class='ocr_line' id='line_1_48' title="bbox 409 3297 1992 3366; baseline 0 -14"><span class='ocrx_word' id='word_1_383' title='bbox 409 3310 466 3352; x_wconf 87' lang='lat' dir='ltr'><strong>ct</strong></span> <span class='ocrx_word' id='word_1_384' title='bbox 504 3312 694 3366; x_wconf 79' lang='lat' dir='ltr'><strong>grcch</strong></span> <span class='ocrx_word' id='word_1_385' title='bbox 725 3312 1033 3365; x_wconf 90' lang='lat' dir='ltr'><strong>caprarum,</strong></span> <span class='ocrx_word' id='word_1_386' title='bbox 1068 3297 1121 3349; x_wconf 90' lang='lat' dir='ltr'><strong>in</strong></span> <span class='ocrx_word' id='word_1_387' title='bbox 1152 3297 1348 3365; x_wconf 88' lang='lat' dir='ltr'><strong>quibus</strong></span> <span class='ocrx_word' id='word_1_388' title='bbox 1386 3299 1652 3352; x_wconf 84' lang='lat' dir='ltr'><strong>benedicti</strong></span> <span class='ocrx_word' id='word_1_389' title='bbox 1705 3310 1759 3353; x_wconf 90' lang='lat' dir='ltr'><strong>et</strong></span> <span class='ocrx_word' id='word_1_390' title='bbox 1808 3299 1992 3352; x_wconf 86' lang='lat' dir='ltr'><strong>multi-</strong></span> 
     </span>
    </p>
   </div>
   <div class='ocr_carea' id='block_1_49' title="bbox 413 3389 1994 3460">
    <p class='ocr_par' dir='ltr' id='par_1_49' title="bbox 413 3389 1994 3460">
     <span class='ocr_line' id='line_1_49' title="bbox 413 3389 1994 3460; baseline 0.003 -23"><span class='ocrx_word' id='word_1_391' title='bbox 413 3390 599 3457; x_wconf 80' lang='lat' dir='ltr'><strong>plicati</strong></span> <span class='ocrx_word' id='word_1_392' title='bbox 623 3398 747 3442; x_wconf 91' lang='lat' dir='ltr'><strong>sunt</strong></span> <span class='ocrx_word' id='word_1_393' title='bbox 778 3390 1122 3457; x_wconf 57' lang='lat' dir='ltr'><strong>patriarcha.</strong></span> <span class='ocrx_word' id='word_1_394' title='bbox 1151 3389 1398 3460; x_wconf 86' lang='lat' dir='ltr'><strong>lntellige</strong></span> <span class='ocrx_word' id='word_1_395' title='bbox 1432 3406 1555 3445; x_wconf 89' lang='lat' dir='ltr'><strong>esse</strong></span> <span class='ocrx_word' id='word_1_396' title='bbox 1580 3391 1718 3446; x_wconf 91' lang='lat' dir='ltr'><strong>intra</strong></span> <span class='ocrx_word' id='word_1_397' title='bbox 1748 3403 1801 3445; x_wconf 90' lang='lat' dir='ltr'><strong>te</strong></span> <span class='ocrx_word' id='word_1_398' title='bbox 1829 3391 1994 3445; x_wconf 83' lang='lat' dir='ltr'><strong>etiam</strong></span> 
     </span>
    </p>
   </div>
   <div class='ocr_carea' id='block_1_50' title="bbox 412 3481 1997 3552">
    <p class='ocr_par' dir='ltr' id='par_1_50' title="bbox 412 3481 1997 3552">
     <span class='ocr_line' id='line_1_50' title="bbox 412 3481 1997 3552; baseline 0.001 -17"><span class='ocrx_word' id='word_1_399' title='bbox 412 3496 544 3535; x_wconf 74' lang='lat' dir='ltr'><strong>aves</strong></span> <span class='ocrx_word' id='word_1_400' title='bbox 584 3482 728 3536; x_wconf 69' lang='lat' dir='ltr'><strong>mali.</strong></span> <span class='ocrx_word' id='word_1_401' title='bbox 759 3481 868 3537; x_wconf 88' lang='lat' dir='ltr'><strong>Nec</strong></span> <span class='ocrx_word' id='word_1_402' title='bbox 908 3482 1125 3536; x_wconf 90' lang='lat' dir='ltr'><strong>mireris</strong></span> <span class='ocrx_word' id='word_1_403' title='bbox 1153 3484 1298 3552; x_wconf 90' lang='lat' dir='ltr'><strong>quod</strong></span> <span class='ocrx_word' id='word_1_404' title='bbox 1334 3484 1448 3537; x_wconf 72' lang='lat' dir='ltr'><strong>hmc</strong></span> <span class='ocrx_word' id='word_1_405' title='bbox 1485 3485 1623 3537; x_wconf 92' lang='lat' dir='ltr'><strong>intra</strong></span> <span class='ocrx_word' id='word_1_406' title='bbox 1664 3494 1713 3538; x_wconf 89' lang='lat' dir='ltr'><strong>te</strong></span> <span class='ocrx_word' id='word_1_407' title='bbox 1755 3499 1877 3538; x_wconf 90' lang='lat' dir='ltr'><strong>esse</strong></span> <span class='ocrx_word' id='word_1_408' title='bbox 1916 3485 1997 3536; x_wconf 88' lang='lat' dir='ltr'><strong>di-</strong></span> 
     </span>
    </p>
   </div>
   <div class='ocr_carea' id='block_1_51' title="bbox 410 3576 1993 3646">
    <p class='ocr_par' dir='ltr' id='par_1_51' title="bbox 410 3576 1993 3646">
     <span class='ocr_line' id='line_1_51' title="bbox 410 3576 1993 3646; baseline 0.001 -18"><span class='ocrx_word' id='word_1_409' title='bbox 410 3578 605 3639; x_wconf 86' lang='lat' dir='ltr'><strong>cimus,</strong></span> <span class='ocrx_word' id='word_1_410' title='bbox 667 3577 903 3646; x_wconf 81' lang='lat' dir='ltr'><strong>intellige</strong></span> <span class='ocrx_word' id='word_1_411' title='bbox 960 3586 1011 3630; x_wconf 91' lang='lat' dir='ltr'><strong>te</strong></span> <span class='ocrx_word' id='word_1_412' title='bbox 1057 3584 1112 3629; x_wconf 89' lang='lat' dir='ltr'><strong>et</strong></span> <span class='ocrx_word' id='word_1_413' title='bbox 1164 3576 1328 3628; x_wconf 88' lang='lat' dir='ltr'><strong>alium</strong></span> <span class='ocrx_word' id='word_1_414' title='bbox 1382 3577 1639 3630; x_wconf 91' lang='lat' dir='ltr'><strong>mundum</strong></span> <span class='ocrx_word' id='word_1_415' title='bbox 1693 3593 1814 3632; x_wconf 87' lang='lat' dir='ltr'><strong>esse</strong></span> <span class='ocrx_word' id='word_1_416' title='bbox 1867 3594 1993 3645; x_wconf 87' lang='lat' dir='ltr'><strong>par-</strong></span> 
     </span>
    </p>
   </div>
   <div class='ocr_carea' id='block_1_52' title="bbox 411 3669 1989 3737">
    <p class='ocr_par' dir='ltr' id='par_1_52' title="bbox 411 3669 1989 3737">
     <span class='ocr_line' id='line_1_52' title="bbox 411 3669 1989 3737; baseline 0.002 -17"><span class='ocrx_word' id='word_1_417' title='bbox 411 3685 533 3721; x_wconf 87' lang='lat' dir='ltr'><strong>vum</strong></span> <span class='ocrx_word' id='word_1_418' title='bbox 563 3670 693 3737; x_wconf 80' lang='lat' dir='ltr'><strong>(I5),</strong></span> <span class='ocrx_word' id='word_1_419' title='bbox 727 3679 781 3723; x_wconf 88' lang='lat' dir='ltr'><strong>et</strong></span> <span class='ocrx_word' id='word_1_420' title='bbox 808 3685 926 3723; x_wconf 90' lang='lat' dir='ltr'><strong>esse</strong></span> <span class='ocrx_word' id='word_1_421' title='bbox 956 3669 1099 3721; x_wconf 88' lang='lat' dir='ltr'><strong>intra</strong></span> <span class='ocrx_word' id='word_1_422' title='bbox 1132 3678 1182 3722; x_wconf 88' lang='lat' dir='ltr'><strong>te</strong></span> <span class='ocrx_word' id='word_1_423' title='bbox 1213 3669 1406 3729; x_wconf 88' lang='lat' dir='ltr'><strong>solem,</strong></span> <span class='ocrx_word' id='word_1_424' title='bbox 1440 3684 1561 3723; x_wconf 86' lang='lat' dir='ltr'><strong>esse</strong></span> <span class='ocrx_word' id='word_1_425' title='bbox 1593 3670 1802 3731; x_wconf 89' lang='lat' dir='ltr'><strong>lunam,</strong></span> <span class='ocrx_word' id='word_1_426' title='bbox 1823 3671 1989 3724; x_wconf 88' lang='lat' dir='ltr'><strong>etiam</strong></span> 
     </span>
    </p>
   </div>
   <div class='ocr_carea' id='block_1_53' title="bbox 409 3762 1994 3831">
    <p class='ocr_par' dir='ltr' id='par_1_53' title="bbox 409 3762 1994 3831">
     <span class='ocr_line' id='line_1_53' title="bbox 409 3762 1994 3831; baseline 0.001 -18"><span class='ocrx_word' id='word_1_427' title='bbox 409 3763 615 3816; x_wconf 68' lang='lat' dir='ltr'><strong>stellas.</strong></span> <span class='ocrx_word' id='word_1_428' title='bbox 647 3762 761 3816; x_wconf 88' lang='lat' dir='ltr'><strong>lloc</strong></span> <span class='ocrx_word' id='word_1_429' title='bbox 788 3762 931 3816; x_wconf 90' lang='lat' dir='ltr'><strong>enim</strong></span> <span class='ocrx_word' id='word_1_430' title='bbox 966 3763 1007 3816; x_wconf 89' lang='lat' dir='ltr'><strong>si</strong></span> <span class='ocrx_word' id='word_1_431' title='bbox 1030 3763 1101 3816; x_wconf 80' lang='lat' dir='ltr'><strong>ita</strong></span> <span class='ocrx_word' id='word_1_432' title='bbox 1136 3777 1239 3814; x_wconf 88' lang='lat' dir='ltr'><strong>non</strong></span> <span class='ocrx_word' id='word_1_433' title='bbox 1260 3770 1427 3826; x_wconf 89' lang='lat' dir='ltr'><strong>esset,</strong></span> <span class='ocrx_word' id='word_1_434' title='bbox 1460 3777 1735 3831; x_wconf 87' lang='lat' dir='ltr'><strong>nunquam</strong></span> <span class='ocrx_word' id='word_1_435' title='bbox 1765 3763 1994 3815; x_wconf 81' lang='lat' dir='ltr'><strong>dixisset</strong></span> 
     </span>
    </p>
   </div>
   <div class='ocr_carea' id='block_1_54' title="bbox 412 3854 1991 3919">
    <p class='ocr_par' dir='ltr' id='par_1_54' title="bbox 412 3854 1991 3919">
     <span class='ocr_line' id='line_1_54' title="bbox 412 3854 1991 3919; baseline 0 -13"><span class='ocrx_word' id='word_1_436' title='bbox 412 3855 669 3907; x_wconf 77' lang='lat' dir='ltr'><strong>lloininns</strong></span> <span class='ocrx_word' id='word_1_437' title='bbox 715 3856 780 3908; x_wconf 86' lang='lat' dir='ltr'><strong>ad</strong></span> <span class='ocrx_word' id='word_1_438' title='bbox 821 3856 1098 3909; x_wconf 83' lang='lat' dir='ltr'><strong>Abraham</strong></span> <span class='ocrx_word' id='word_1_439' title='bbox 1140 3855 1185 3886; x_wconf 83' lang='lat'><strong>’°</strong></span> <span class='ocrx_word' id='word_1_440' title='bbox 1219 3870 1232 3906; x_wconf 91' lang='lat'>:</span> <span class='ocrx_word' id='word_1_441' title='bbox 1275 3872 1294 3904; x_wconf 73' lang='grc' dir='ltr'><strong>ι</strong></span> <span class='ocrx_word' id='word_1_442' title='bbox 1342 3855 1539 3919; x_wconf 85' lang='lat' dir='ltr'><strong>Aspice</strong></span> <span class='ocrx_word' id='word_1_443' title='bbox 1574 3854 1626 3907; x_wconf 87' lang='lat' dir='ltr'><strong>in</strong></span> <span class='ocrx_word' id='word_1_444' title='bbox 1682 3856 1903 3918; x_wconf 69' lang='lat' dir='ltr'><strong>cmlum,</strong></span> <span class='ocrx_word' id='word_1_445' title='bbox 1935 3863 1991 3907; x_wconf 88' lang='lat' dir='ltr'><strong>et</strong></span> 
     </span>
    </p>
   </div>
   <div class='ocr_carea' id='block_1_55' title="bbox 408 3945 1987 4013">
    <p class='ocr_par' dir='ltr' id='par_1_55' title="bbox 408 3945 1987 4013">
     <span class='ocr_line' id='line_1_55' title="bbox 408 3945 1987 4013; baseline -0.001 -15"><span class='ocrx_word' id='word_1_446' title='bbox 408 3949 531 3999; x_wconf 78' lang='lat' dir='ltr'><strong>vide</strong></span> <span class='ocrx_word' id='word_1_447' title='bbox 567 3947 777 4011; x_wconf 90' lang='lat' dir='ltr'><strong>stellas,</strong></span> <span class='ocrx_word' id='word_1_448' title='bbox 813 3946 856 4000; x_wconf 91' lang='lat' dir='ltr'><strong>si</strong></span> <span class='ocrx_word' id='word_1_449' title='bbox 905 3947 1236 3999; x_wconf 89' lang='lat' dir='ltr'><strong>dinumerari</strong></span> <span class='ocrx_word' id='word_1_450' title='bbox 1293 3955 1520 4013; x_wconf 89' lang='lat' dir='ltr'><strong>possunt</strong></span> <span class='ocrx_word' id='word_1_451' title='bbox 1552 3960 1579 3997; x_wconf 91' lang='lat' dir='ltr'><strong>a</strong></span> <span class='ocrx_word' id='word_1_452' title='bbox 1618 3945 1987 4008; x_wconf 71' lang='lat' dir='ltr'><strong>multitudine,</strong></span> 
     </span>
    </p>
   </div>
   <div class='ocr_carea' id='block_1_56' title="bbox 405 4037 1988 4106">
    <p class='ocr_par' dir='ltr' id='par_1_56' title="bbox 405 4037 1988 4106">
     <span class='ocr_line' id='line_1_56' title="bbox 405 4037 1988 4106; baseline -0.001 -15"><span class='ocrx_word' id='word_1_453' title='bbox 405 4040 483 4093; x_wconf 90' lang='lat' dir='ltr'><strong>sic</strong></span> <span class='ocrx_word' id='word_1_454' title='bbox 511 4042 615 4093; x_wconf 88' lang='lat' dir='ltr'><strong>erit</strong></span> <span class='ocrx_word' id='word_1_455' title='bbox 649 4055 831 4092; x_wconf 81' lang='lat' dir='ltr'><strong>semen</strong></span> <span class='ocrx_word' id='word_1_456' title='bbox 872 4048 1043 4092; x_wconf 90' lang='lat' dir='ltr'><strong>tuum.</strong></span> <span class='ocrx_word' id='word_1_457' title='bbox 1081 4058 1097 4090; x_wconf 82' lang='grc' dir='ltr'><strong>ι</strong></span> <span class='ocrx_word' id='word_1_458' title='bbox 1136 4038 1246 4092; x_wconf 89' lang='lat' dir='ltr'><strong>Nec</strong></span> <span class='ocrx_word' id='word_1_459' title='bbox 1275 4038 1512 4101; x_wconf 83' lang='lat' dir='ltr'><strong>mireris,</strong></span> <span class='ocrx_word' id='word_1_460' title='bbox 1564 4039 1804 4106; x_wconf 84' lang='lat' dir='ltr'><strong>inquam,</strong></span> <span class='ocrx_word' id='word_1_461' title='bbox 1833 4037 1875 4091; x_wconf 88' lang='lat' dir='ltr'><strong>si</strong></span> <span class='ocrx_word' id='word_1_462' title='bbox 1906 4037 1988 4090; x_wconf 59' lang='lat' dir='ltr'><strong>di»</strong></span> 
     </span>
    </p>
   </div>
   <div class='ocr_carea' id='block_1_57' title="bbox 400 4128 1989 4201">
    <p class='ocr_par' dir='ltr' id='par_1_57' title="bbox 400 4128 1989 4201">
     <span class='ocr_line' id='line_1_57' title="bbox 400 4128 1989 4201; baseline -0.003 -15"><span class='ocrx_word' id='word_1_463' title='bbox 400 4134 546 4186; x_wconf 88' lang='lat' dir='ltr'><strong>citur</strong></span> <span class='ocrx_word' id='word_1_464' title='bbox 572 4136 639 4187; x_wconf 87' lang='lat' dir='ltr'><strong>ad</strong></span> <span class='ocrx_word' id='word_1_465' title='bbox 676 4134 973 4197; x_wconf 87' lang='lat' dir='ltr'><strong>Abraham,</strong></span> <span class='ocrx_word' id='word_1_466' title='bbox 1003 4133 1128 4201; x_wconf 86' lang='lat' dir='ltr'><strong>quia</strong></span> <span class='ocrx_word' id='word_1_467' title='bbox 1157 4133 1235 4185; x_wconf 90' lang='lat' dir='ltr'><strong>sic</strong></span> <span class='ocrx_word' id='word_1_468' title='bbox 1267 4132 1372 4184; x_wconf 89' lang='lat' dir='ltr'><strong>erit</strong></span> <span class='ocrx_word' id='word_1_469' title='bbox 1403 4140 1587 4184; x_wconf 87' lang='lat' dir='ltr'><strong>semen</strong></span> <span class='ocrx_word' id='word_1_470' title='bbox 1647 4140 1798 4182; x_wconf 90' lang='lat' dir='ltr'><strong>tuum</strong></span> <span class='ocrx_word' id='word_1_471' title='bbox 1841 4128 1989 4183; x_wconf 84' lang='lat' dir='ltr'><strong>sicut.</strong></span> 
     </span>
    </p>
   </div>
   <div class='ocr_carea' id='block_1_58' title="bbox 404 4220 1988 4291">
    <p class='ocr_par' dir='ltr' id='par_1_58' title="bbox 404 4220 1988 4291">
     <span class='ocr_line' id='line_1_58' title="bbox 404 4220 1988 4291; baseline -0.003 -12"><span class='ocrx_word' id='word_1_472' title='bbox 404 4225 575 4279; x_wconf 73' lang='lat' dir='ltr'><strong>stella:</strong></span> <span class='ocrx_word' id='word_1_473' title='bbox 610 4234 735 4279; x_wconf 84' lang='lat' dir='ltr'><strong>sunt</strong></span> <span class='ocrx_word' id='word_1_474' title='bbox 777 4225 943 4291; x_wconf 71' lang='lat' dir='ltr'><strong>cmli;</strong></span> <span class='ocrx_word' id='word_1_475' title='bbox 988 4224 1053 4276; x_wconf 89' lang='lat' dir='ltr'><strong>de</strong></span> <span class='ocrx_word' id='word_1_476' title='bbox 1088 4222 1196 4276; x_wconf 90' lang='lat' dir='ltr'><strong>illis</strong></span> <span class='ocrx_word' id='word_1_477' title='bbox 1243 4222 1451 4276; x_wconf 91' lang='lat' dir='ltr'><strong>scilicet</strong></span> <span class='ocrx_word' id='word_1_478' title='bbox 1488 4223 1580 4290; x_wconf 89' lang='lat' dir='ltr'><strong>qui</strong></span> <span class='ocrx_word' id='word_1_479' title='bbox 1617 4238 1681 4275; x_wconf 77' lang='lat' dir='ltr'><strong>ex</strong></span> <span class='ocrx_word' id='word_1_480' title='bbox 1730 4222 1833 4274; x_wconf 87' lang='lat' dir='ltr'><strong>ﬁde</strong></span> <span class='ocrx_word' id='word_1_481' title='bbox 1872 4220 1988 4288; x_wconf 88' lang='lat' dir='ltr'><strong>ejus</strong></span> 
     </span>
    </p>
   </div>
   <div class='ocr_carea' id='block_1_59' title="bbox 406 4313 1986 4390">
    <p class='ocr_par' dir='ltr' id='par_1_59' title="bbox 406 4313 1986 4390">
     <span class='ocr_line' id='line_1_59' title="bbox 406 4313 1986 4390; baseline -0.004 -18"><span class='ocrx_word' id='word_1_482' title='bbox 406 4319 571 4390; x_wconf 81' lang='lat' dir='ltr'><strong>geniti</strong></span> <span class='ocrx_word' id='word_1_483' title='bbox 602 4317 1001 4372; x_wconf 89' lang='lat' dir='ltr'><strong>rationabiliter</strong></span> <span class='ocrx_word' id='word_1_484' title='bbox 1024 4316 1230 4379; x_wconf 89' lang='lat' dir='ltr'><strong>vivant,</strong></span> <span class='ocrx_word' id='word_1_485' title='bbox 1254 4330 1316 4369; x_wconf 85' lang='lat' dir='ltr'><strong>ac</strong></span> <span class='ocrx_word' id='word_1_486' title='bbox 1348 4314 1561 4367; x_wconf 89' lang='lat' dir='ltr'><strong>divinas</strong></span> <span class='ocrx_word' id='word_1_487' title='bbox 1594 4313 1739 4383; x_wconf 80' lang='lat' dir='ltr'><strong>leges</strong></span> <span class='ocrx_word' id='word_1_488' title='bbox 1774 4323 1825 4366; x_wconf 91' lang='lat' dir='ltr'><strong>et</strong></span> <span class='ocrx_word' id='word_1_489' title='bbox 1848 4327 1986 4380; x_wconf 68' lang='lat' dir='ltr'><strong>pra!-</strong></span> 
     </span>
    </p>
   </div>
   <div class='ocr_carea' id='block_1_60' title="bbox 405 4404 1981 4479">
    <p class='ocr_par' dir='ltr' id='par_1_60' title="bbox 405 4404 1981 4479">
     <span class='ocr_line' id='line_1_60' title="bbox 405 4404 1981 4479; baseline -0.006 -15"><span class='ocrx_word' id='word_1_490' title='bbox 405 4422 561 4479; x_wconf 89' lang='lat' dir='ltr'><strong>cepta</strong></span> <span class='ocrx_word' id='word_1_491' title='bbox 589 4410 921 4464; x_wconf 87' lang='lat' dir='ltr'><strong>custodiant.</strong></span> <span class='ocrx_word' id='word_1_492' title='bbox 971 4408 1108 4462; x_wconf 90' lang='lat' dir='ltr'><strong>Audi</strong></span> <span class='ocrx_word' id='word_1_493' title='bbox 1139 4406 1371 4477; x_wconf 89' lang='lat' dir='ltr'><strong>amplius</strong></span> <span class='ocrx_word' id='word_1_494' title='bbox 1404 4405 1608 4474; x_wconf 87' lang='lat' dir='ltr'><strong>aliquid</strong></span> <span class='ocrx_word' id='word_1_495' title='bbox 1644 4404 1981 4458; x_wconf 89' lang='lat' dir='ltr'><strong>Salvatorem</strong></span> 
     </span>
    </p>
   </div>
   <div class='ocr_carea' id='block_1_61' title="bbox 407 4494 1977 4571">
    <p class='ocr_par' dir='ltr' id='par_1_61' title="bbox 407 4494 1977 4571">
     <span class='ocr_line' id='line_1_61' title="bbox 407 4494 1977 4571; baseline -0.006 -15"><span class='ocrx_word' id='word_1_496' title='bbox 407 4503 473 4557; x_wconf 92' lang='lat' dir='ltr'><strong>ad</strong></span> <span class='ocrx_word' id='word_1_497' title='bbox 508 4499 803 4571; x_wconf 87' lang='lat' dir='ltr'><strong>discipulos</strong></span> <span class='ocrx_word' id='word_1_498' title='bbox 834 4500 1101 4554; x_wconf 87' lang='lat' dir='ltr'><strong>dicentem</strong></span> <span class='ocrx_word' id='word_1_499' title='bbox 1135 4500 1178 4531; x_wconf 81' lang='grc'><strong>⁹¹</strong></span> <span class='ocrx_word' id='word_1_500' title='bbox 1207 4516 1221 4552; x_wconf 91' lang='lat'><strong>:</strong></span> <span class='ocrx_word' id='word_1_501' title='bbox 1253 4515 1272 4549; x_wconf 73' lang='grc' dir='ltr'><strong>ι</strong></span> <span class='ocrx_word' id='word_1_502' title='bbox 1305 4496 1413 4552; x_wconf 83' lang='lat' dir='ltr'><strong>Vos</strong></span> <span class='ocrx_word' id='word_1_503' title='bbox 1443 4496 1576 4551; x_wconf 89' lang='lat' dir='ltr'><strong>estis</strong></span> <span class='ocrx_word' id='word_1_504' title='bbox 1607 4497 1692 4549; x_wconf 77' lang='lat' dir='ltr'><strong>lux</strong></span> <span class='ocrx_word' id='word_1_505' title='bbox 1727 4494 1930 4549; x_wconf 90' lang='lat' dir='ltr'><strong>mundi.</strong></span> <span class='ocrx_word' id='word_1_506' title='bbox 1958 4513 1977 4546; x_wconf 76' lang='grc' dir='ltr'><strong>ι</strong></span> 
     </span>
    </p>
   </div>
   <div class='ocr_carea' id='block_1_62' title="bbox 2107 2007 3688 2076">
    <p class='ocr_par' dir='ltr' id='par_1_62' title="bbox 2107 2007 3688 2076">
     <span class='ocr_line' id='line_1_62' title="bbox 2107 2007 3688 2076; baseline 0.001 -15"><span class='ocrx_word' id='word_1_507' title='bbox 2107 2024 2226 2062; x_wconf 91' lang='lat' dir='ltr'><strong>nem</strong></span> <span class='ocrx_word' id='word_1_508' title='bbox 2259 2022 2503 2069; x_wconf 89' lang='lat' dir='ltr'><strong>carnem,</strong></span> <span class='ocrx_word' id='word_1_509' title='bbox 2533 2016 2589 2060; x_wconf 87' lang='lat' dir='ltr'><strong>et</strong></span> <span class='ocrx_word' id='word_1_510' title='bbox 2624 2007 3047 2076; x_wconf 85' lang='lat' dir='ltr'><strong>prophetabnnt.</strong></span> <span class='ocrx_word' id='word_1_511' title='bbox 3072 2026 3091 2059; x_wconf 80' lang='grc' dir='ltr'><strong>ι</strong></span> <span class='ocrx_word' id='word_1_512' title='bbox 3135 2007 3270 2062; x_wconf 88' lang='lat' dir='ltr'><strong>Cum</strong></span> <span class='ocrx_word' id='word_1_513' title='bbox 3320 2023 3452 2076; x_wconf 84' lang='lat' dir='ltr'><strong>ergo</strong></span> <span class='ocrx_word' id='word_1_514' title='bbox 3500 2010 3688 2063; x_wconf 86' lang='lat' dir='ltr'><strong>videas</strong></span> 
     </span>
    </p>
   </div>
   <div class='ocr_carea' id='block_1_63' title="bbox 2106 2099 3682 2167">
    <p class='ocr_par' dir='ltr' id='par_1_63' title="bbox 2106 2099 3682 2167">
     <span class='ocr_line' id='line_1_63' title="bbox 2106 2099 3682 2167; baseline 0.001 -16"><span class='ocrx_word' id='word_1_515' title='bbox 2106 2099 2306 2153; x_wconf 90' lang='lat' dir='ltr'><strong>habere</strong></span> <span class='ocrx_word' id='word_1_516' title='bbox 2338 2108 2388 2153; x_wconf 92' lang='lat' dir='ltr'><strong>te</strong></span> <span class='ocrx_word' id='word_1_517' title='bbox 2417 2099 2601 2152; x_wconf 86' lang='lat' dir='ltr'><strong>omnia</strong></span> <span class='ocrx_word' id='word_1_518' title='bbox 2634 2114 2752 2167; x_wconf 67' lang='lat' dir='ltr'><strong>quae</strong></span> <span class='ocrx_word' id='word_1_519' title='bbox 2784 2100 3019 2154; x_wconf 91' lang='lat' dir='ltr'><strong>mundus</strong></span> <span class='ocrx_word' id='word_1_520' title='bbox 3057 2100 3242 2165; x_wconf 85' lang='lat' dir='ltr'><strong>habet,</strong></span> <span class='ocrx_word' id='word_1_521' title='bbox 3281 2100 3536 2156; x_wconf 89' lang='lat' dir='ltr'><strong>dubitare</strong></span> <span class='ocrx_word' id='word_1_522' title='bbox 3576 2117 3682 2156; x_wconf 91' lang='lat' dir='ltr'><strong>non</strong></span> 
     </span>
    </p>
   </div>
   <div class='ocr_carea' id='block_1_64' title="bbox 2103 2191 3692 2260">
    <p class='ocr_par' dir='ltr' id='par_1_64' title="bbox 2103 2191 3692 2260">
     <span class='ocr_line' id='line_1_64' title="bbox 2103 2191 3692 2260; baseline 0.002 -17"><span class='ocrx_word' id='word_1_523' title='bbox 2103 2191 2269 2244; x_wconf 89' lang='lat' dir='ltr'><strong>debes</strong></span> <span class='ocrx_word' id='word_1_524' title='bbox 2296 2192 2437 2258; x_wconf 89' lang='lat' dir='ltr'><strong>quod</strong></span> <span class='ocrx_word' id='word_1_525' title='bbox 2476 2192 2641 2245; x_wconf 89' lang='lat' dir='ltr'><strong>etiam</strong></span> <span class='ocrx_word' id='word_1_526' title='bbox 2686 2191 2941 2243; x_wconf 86' lang='lat' dir='ltr'><strong>animalia</strong></span> <span class='ocrx_word' id='word_1_527' title='bbox 2975 2207 3097 2260; x_wconf 68' lang='lat' dir='ltr'><strong>qua:</strong></span> <span class='ocrx_word' id='word_1_528' title='bbox 3144 2191 3448 2246; x_wconf 73' lang='lat' dir='ltr'><strong>offeruntur</strong></span> <span class='ocrx_word' id='word_1_529' title='bbox 3492 2194 3543 2246; x_wconf 93' lang='lat' dir='ltr'><strong>in</strong></span> <span class='ocrx_word' id='word_1_530' title='bbox 3592 2194 3692 2246; x_wconf 87' lang='lat' dir='ltr'><strong>ho-</strong></span> 
     </span>
    </p>
   </div>
   <div class='ocr_carea' id='block_1_65' title="bbox 2103 2270 3679 2355">
    <p class='ocr_par' dir='ltr' id='par_1_65' title="bbox 2103 2270 3679 2355">
     <span class='ocr_line' id='line_1_65' title="bbox 2103 2270 3679 2355; baseline 0.001 -18"><span class='ocrx_word' id='word_1_531' title='bbox 2103 2283 2241 2347; x_wconf 89' lang='lat' dir='ltr'><strong>stiis,</strong></span> <span class='ocrx_word' id='word_1_532' title='bbox 2292 2283 2495 2336; x_wconf 88' lang='lat' dir='ltr'><strong>habeas</strong></span> <span class='ocrx_word' id='word_1_533' title='bbox 2538 2270 2691 2335; x_wconf 87' lang='lat' dir='ltr'><strong>intra</strong></span> <span class='ocrx_word' id='word_1_534' title='bbox 2727 2293 2810 2345; x_wconf 89' lang='lat' dir='ltr'><strong>te,</strong></span> <span class='ocrx_word' id='word_1_535' title='bbox 2843 2291 2895 2336; x_wconf 92' lang='lat' dir='ltr'><strong>et</strong></span> <span class='ocrx_word' id='word_1_536' title='bbox 2929 2296 2995 2336; x_wconf 82' lang='lat' dir='ltr'><strong>ex</strong></span> <span class='ocrx_word' id='word_1_537' title='bbox 3042 2283 3173 2352; x_wconf 84' lang='lat' dir='ltr'><strong>ipsis</strong></span> <span class='ocrx_word' id='word_1_538' title='bbox 3212 2283 3525 2349; x_wconf 87' lang='lat' dir='ltr'><strong>spirituales</strong></span> <span class='ocrx_word' id='word_1_539' title='bbox 3564 2286 3679 2355; x_wconf 91' lang='lat' dir='ltr'><strong>(I8)</strong></span> 
     </span>
    </p>
   </div>
   <div class='ocr_carea' id='block_1_66' title="bbox 2102 2375 3691 2446">
    <p class='ocr_par' dir='ltr' id='par_1_66' title="bbox 2102 2375 3691 2446">
     <span class='ocr_line' id='line_1_66' title="bbox 2102 2375 3691 2446; baseline 0.001 -17"><span class='ocrx_word' id='word_1_540' title='bbox 2102 2375 2301 2429; x_wconf 75' lang='lat' dir='ltr'><strong>oll‘erre</strong></span> <span class='ocrx_word' id='word_1_541' title='bbox 2358 2375 2557 2429; x_wconf 83' lang='lat' dir='ltr'><strong>debeas</strong></span> <span class='ocrx_word' id='word_1_542' title='bbox 2612 2375 2843 2428; x_wconf 84' lang='lat' dir='ltr'><strong>hostias.</strong></span> <span class='ocrx_word' id='word_1_543' title='bbox 2899 2375 3006 2428; x_wconf 88' lang='lat' dir='ltr'><strong>Sed</strong></span> <span class='ocrx_word' id='word_1_544' title='bbox 3044 2376 3109 2428; x_wconf 90' lang='lat' dir='ltr'><strong>de</strong></span> <span class='ocrx_word' id='word_1_545' title='bbox 3148 2375 3275 2442; x_wconf 87' lang='lat' dir='ltr'><strong>illis,</strong></span> <span class='ocrx_word' id='word_1_546' title='bbox 3312 2386 3471 2445; x_wconf 91' lang='lat' dir='ltr'><strong>prout</strong></span> <span class='ocrx_word' id='word_1_547' title='bbox 3512 2378 3691 2446; x_wconf 81' lang='lat' dir='ltr'><strong>potui-</strong></span> 
     </span>
    </p>
   </div>
   <div class='ocr_carea' id='block_1_67' title="bbox 2105 2467 3206 2535">
    <p class='ocr_par' dir='ltr' id='par_1_67' title="bbox 2105 2467 3206 2535">
     <span class='ocr_line' id='line_1_67' title="bbox 2105 2467 3206 2535; baseline -0.001 -13"><span class='ocrx_word' id='word_1_548' title='bbox 2105 2483 2245 2530; x_wconf 90' lang='lat' dir='ltr'><strong>mus,</strong></span> <span class='ocrx_word' id='word_1_549' title='bbox 2276 2468 2325 2519; x_wconf 91' lang='lat' dir='ltr'><strong>in</strong></span> <span class='ocrx_word' id='word_1_550' title='bbox 2359 2468 2735 2535; x_wconf 89' lang='lat' dir='ltr'><strong>superioribus</strong></span> <span class='ocrx_word' id='word_1_551' title='bbox 2770 2467 3206 2534; x_wconf 75' lang='lat' dir='ltr'><strong>explanavimus.</strong></span> 
     </span>
    </p>
   </div>
   <div class='ocr_carea' id='block_1_68' title="bbox 2175 2580 3685 2651">
    <p class='ocr_par' dir='ltr' id='par_1_68' title="bbox 2175 2580 3685 2651">
     <span class='ocr_line' id='line_1_68' title="bbox 2175 2580 3685 2651; baseline 0.003 -18"><span class='ocrx_word' id='word_1_552' title='bbox 2175 2581 2227 2634; x_wconf 75' lang='lat'><strong>3.</strong></span> <span class='ocrx_word' id='word_1_553' title='bbox 2276 2580 2427 2635; x_wconf 64' lang='lat' dir='ltr'><strong>Nunc</strong></span> <span class='ocrx_word' id='word_1_554' title='bbox 2462 2596 2592 2635; x_wconf 86' lang='lat' dir='ltr'><strong>vero</strong></span> <span class='ocrx_word' id='word_1_555' title='bbox 2628 2581 2756 2635; x_wconf 89' lang='lat' dir='ltr'><strong>illud</strong></span> <span class='ocrx_word' id='word_1_556' title='bbox 2794 2582 3044 2635; x_wconf 89' lang='lat' dir='ltr'><strong>addimus</strong></span> <span class='ocrx_word' id='word_1_557' title='bbox 3084 2583 3227 2651; x_wconf 92' lang='lat' dir='ltr'><strong>quod</strong></span> <span class='ocrx_word' id='word_1_558' title='bbox 3266 2582 3422 2647; x_wconf 88' lang='lat' dir='ltr'><strong>dicit,</strong></span> <span class='ocrx_word' id='word_1_559' title='bbox 3475 2581 3599 2649; x_wconf 88' lang='lat' dir='ltr'><strong>quia</strong></span> <span class='ocrx_word' id='word_1_560' title='bbox 3633 2583 3685 2637; x_wconf 92' lang='lat' dir='ltr'><strong>in</strong></span> 
     </span>
    </p>
   </div>
   <div class='ocr_carea' id='block_1_69' title="bbox 2106 2671 3689 2741">
    <p class='ocr_par' dir='ltr' id='par_1_69' title="bbox 2106 2671 3689 2741">
     <span class='ocr_line' id='line_1_69' title="bbox 2106 2671 3689 2741; baseline 0.001 -17"><span class='ocrx_word' id='word_1_561' title='bbox 2106 2672 2225 2726; x_wconf 89' lang='lat' dir='ltr'><strong>loco</strong></span> <span class='ocrx_word' id='word_1_562' title='bbox 2260 2672 2310 2725; x_wconf 89' lang='lat' dir='ltr'><strong>in</strong></span> <span class='ocrx_word' id='word_1_563' title='bbox 2344 2689 2452 2741; x_wconf 91' lang='lat' dir='ltr'><strong>quo</strong></span> <span class='ocrx_word' id='word_1_564' title='bbox 2476 2671 2797 2741; x_wconf 86' lang='lat' dir='ltr'><strong>jugulantur</strong></span> <span class='ocrx_word' id='word_1_565' title='bbox 2826 2672 3166 2735; x_wconf 84' lang='lat' dir='ltr'><strong>holocausta,</strong></span> <span class='ocrx_word' id='word_1_566' title='bbox 3193 2673 3263 2725; x_wconf 93' lang='lat' dir='ltr'><strong>ibi</strong></span> <span class='ocrx_word' id='word_1_567' title='bbox 3299 2673 3462 2726; x_wconf 90' lang='lat' dir='ltr'><strong>etiam</strong></span> <span class='ocrx_word' id='word_1_568' title='bbox 3497 2673 3689 2726; x_wconf 70' lang='lat' dir='ltr'><strong>hostiae</strong></span> 
     </span>
    </p>
   </div>
   <div class='ocr_carea' id='block_1_70' title="bbox 2101 2760 3771 2834">
    <p class='ocr_par' dir='ltr' id='par_1_70' title="bbox 2101 2760 3771 2834">
     <span class='ocr_line' id='line_1_70' title="bbox 2101 2760 3771 2834; baseline 0.001 -19"><span class='ocrx_word' id='word_1_569' title='bbox 2101 2780 2199 2833; x_wconf 91' lang='lat' dir='ltr'><strong>pro</strong></span> <span class='ocrx_word' id='word_1_570' title='bbox 2239 2774 2484 2830; x_wconf 87' lang='lat' dir='ltr'><strong>peccato.</strong></span> <span class='ocrx_word' id='word_1_571' title='bbox 2513 2763 2647 2818; x_wconf 83' lang='lat' dir='ltr'><strong>Vide</strong></span> <span class='ocrx_word' id='word_1_572' title='bbox 2678 2781 2839 2834; x_wconf 87' lang='lat' dir='ltr'><strong>quam</strong></span> <span class='ocrx_word' id='word_1_573' title='bbox 2882 2765 3050 2819; x_wconf 89' lang='lat' dir='ltr'><strong>multa</strong></span> <span class='ocrx_word' id='word_1_574' title='bbox 3093 2765 3465 2819; x_wconf 87' lang='lat' dir='ltr'><strong>misericordia</strong></span> <span class='ocrx_word' id='word_1_575' title='bbox 3504 2775 3559 2818; x_wconf 91' lang='lat' dir='ltr'><strong>et</strong></span> <span class='ocrx_word' id='word_1_576' title='bbox 3594 2764 3686 2817; x_wconf 85' lang='lat' dir='ltr'><strong>be-</strong></span> <span class='ocrx_word' id='word_1_577' title='bbox 3768 2760 3771 2761; x_wconf 17' lang='grc' dir='ltr'><em>ν</em></span> 
     </span>
    </p>
   </div>
   <div class='ocr_carea' id='block_1_71' title="bbox 2101 2855 3683 2927">
    <p class='ocr_par' dir='ltr' id='par_1_71' title="bbox 2101 2855 3683 2927">
     <span class='ocr_line' id='line_1_71' title="bbox 2101 2855 3683 2927; baseline 0.003 -21"><span class='ocrx_word' id='word_1_578' title='bbox 2101 2856 2335 2922; x_wconf 87' lang='lat' dir='ltr'><strong>nignitas</strong></span> <span class='ocrx_word' id='word_1_579' title='bbox 2363 2856 2453 2909; x_wconf 89' lang='lat' dir='ltr'><strong>Dei</strong></span> <span class='ocrx_word' id='word_1_580' title='bbox 2479 2866 2585 2921; x_wconf 91' lang='lat' dir='ltr'><strong>est,</strong></span> <span class='ocrx_word' id='word_1_581' title='bbox 2617 2864 2674 2909; x_wconf 89' lang='grc' dir='ltr'><strong>ιιι</strong></span> <span class='ocrx_word' id='word_1_582' title='bbox 2707 2857 2797 2909; x_wconf 90' lang='lat' dir='ltr'><strong>ubi</strong></span> <span class='ocrx_word' id='word_1_583' title='bbox 2836 2856 3211 2910; x_wconf 83' lang='lat' dir='ltr'><strong>holocaustum</strong></span> <span class='ocrx_word' id='word_1_584' title='bbox 3244 2855 3522 2927; x_wconf 86' lang='lat' dir='ltr'><strong>jugulatur</strong></span> <span class='ocrx_word' id='word_1_585' title='bbox 3550 2856 3683 2910; x_wconf 89' lang='lat' dir='ltr'><strong>illud</strong></span> 
     </span>
    </p>
   </div>
   <div class='ocr_carea' id='block_1_72' title="bbox 2098 2947 3685 3019">
    <p class='ocr_par' dir='ltr' id='par_1_72' title="bbox 2098 2947 3685 3019">
     <span class='ocr_line' id='line_1_72' title="bbox 2098 2947 3685 3019; baseline 0.002 -18"><span class='ocrx_word' id='word_1_586' title='bbox 2098 2949 2242 3016; x_wconf 87' lang='lat' dir='ltr'><strong>quod</strong></span> <span class='ocrx_word' id='word_1_587' title='bbox 2279 2949 2378 3002; x_wconf 90' lang='lat' dir='ltr'><strong>soli</strong></span> <span class='ocrx_word' id='word_1_588' title='bbox 2420 2949 2532 3003; x_wconf 88' lang='lat' dir='ltr'><strong>Deo</strong></span> <span class='ocrx_word' id='word_1_589' title='bbox 2575 2947 2825 3012; x_wconf 71' lang='lat' dir='ltr'><strong>ollertur,</strong></span> <span class='ocrx_word' id='word_1_590' title='bbox 2877 2949 2949 3002; x_wconf 82' lang='lat' dir='ltr'><strong>ibi</strong></span> <span class='ocrx_word' id='word_1_591' title='bbox 3001 2949 3165 3002; x_wconf 91' lang='lat' dir='ltr'><strong>etiam</strong></span> <span class='ocrx_word' id='word_1_592' title='bbox 3205 2949 3383 3002; x_wconf 91' lang='lat' dir='ltr'><strong>hostia</strong></span> <span class='ocrx_word' id='word_1_593' title='bbox 3418 2964 3536 3017; x_wconf 76' lang='lat' dir='ltr'><strong>quae</strong></span> <span class='ocrx_word' id='word_1_594' title='bbox 3586 2964 3685 3019; x_wconf 91' lang='lat' dir='ltr'><strong>pro</strong></span> 
     </span>
    </p>
   </div>
   <div class='ocr_carea' id='block_1_73' title="bbox 2100 3037 3683 3106">
    <p class='ocr_par' dir='ltr' id='par_1_73' title="bbox 2100 3037 3683 3106">
     <span class='ocr_line' id='line_1_73' title="bbox 2100 3037 3683 3106; baseline 0 -16"><span class='ocrx_word' id='word_1_595' title='bbox 2100 3048 2326 3106; x_wconf 89' lang='lat' dir='ltr'><strong>peccato</strong></span> <span class='ocrx_word' id='word_1_596' title='bbox 2368 3045 2471 3103; x_wconf 91' lang='lat' dir='ltr'><strong>est,</strong></span> <span class='ocrx_word' id='word_1_597' title='bbox 2505 3039 2771 3091; x_wconf 89' lang='lat' dir='ltr'><strong>immolari</strong></span> <span class='ocrx_word' id='word_1_598' title='bbox 2802 3037 3086 3106; x_wconf 77' lang='lat' dir='ltr'><strong>iubeatur;</strong></span> <span class='ocrx_word' id='word_1_599' title='bbox 3122 3054 3229 3106; x_wconf 93' lang='lat' dir='ltr'><strong>quo</strong></span> <span class='ocrx_word' id='word_1_600' title='bbox 3273 3038 3483 3092; x_wconf 89' lang='lat' dir='ltr'><strong>scilicet</strong></span> <span class='ocrx_word' id='word_1_601' title='bbox 3522 3038 3683 3093; x_wconf 81' lang='lat' dir='ltr'><strong>intel-</strong></span> 
     </span>
    </p>
   </div>
   <div class='ocr_carea' id='block_1_74' title="bbox 2101 3128 3682 3197">
    <p class='ocr_par' dir='ltr' id='par_1_74' title="bbox 2101 3128 3682 3197">
     <span class='ocr_line' id='line_1_74' title="bbox 2101 3128 3682 3197; baseline 0.003 -18"><span class='ocrx_word' id='word_1_602' title='bbox 2101 3128 2230 3197; x_wconf 82' lang='lat' dir='ltr'><strong>ligat</strong></span> <span class='ocrx_word' id='word_1_603' title='bbox 2270 3142 2328 3181; x_wconf 85' lang='lat' dir='ltr'><strong>se</strong></span> <span class='ocrx_word' id='word_1_604' title='bbox 2370 3128 2464 3193; x_wconf 92' lang='lat' dir='ltr'><strong>qui</strong></span> <span class='ocrx_word' id='word_1_605' title='bbox 2507 3131 2777 3197; x_wconf 90' lang='lat' dir='ltr'><strong>peccavit,</strong></span> <span class='ocrx_word' id='word_1_606' title='bbox 2823 3138 2877 3180; x_wconf 92' lang='lat' dir='ltr'><strong>et</strong></span> <span class='ocrx_word' id='word_1_607' title='bbox 2912 3128 3162 3196; x_wconf 67' lang='lat' dir='ltr'><strong>paenitet,</strong></span> <span class='ocrx_word' id='word_1_608' title='bbox 3195 3136 3248 3181; x_wconf 91' lang='lat' dir='ltr'><strong>et</strong></span> <span class='ocrx_word' id='word_1_609' title='bbox 3285 3142 3582 3183; x_wconf 83' lang='lat' dir='ltr'><strong>conversus</strong></span> <span class='ocrx_word' id='word_1_610' title='bbox 3610 3132 3682 3184; x_wconf 84' lang='lat' dir='ltr'><strong>ad</strong></span> 
     </span>
    </p>
   </div>
   <div class='ocr_carea' id='block_1_75' title="bbox 2103 3217 3681 3288">
    <p class='ocr_par' dir='ltr' id='par_1_75' title="bbox 2103 3217 3681 3288">
     <span class='ocr_line' id='line_1_75' title="bbox 2103 3217 3681 3288; baseline 0.003 -18"><span class='ocrx_word' id='word_1_611' title='bbox 2103 3218 2389 3271; x_wconf 90' lang='lat' dir='ltr'><strong>Dominum</strong></span> <span class='ocrx_word' id='word_1_612' title='bbox 2429 3217 2778 3270; x_wconf 90' lang='lat' dir='ltr'><strong>contribulati</strong></span> <span class='ocrx_word' id='word_1_613' title='bbox 2815 3218 3039 3285; x_wconf 86' lang='lat' dir='ltr'><strong>spiritus</strong></span> <span class='ocrx_word' id='word_1_614' title='bbox 3082 3218 3316 3270; x_wconf 90' lang='lat' dir='ltr'><strong>hostiam</strong></span> <span class='ocrx_word' id='word_1_615' title='bbox 3351 3218 3587 3288; x_wconf 85' lang='lat' dir='ltr'><strong>jugulat,</strong></span> <span class='ocrx_word' id='word_1_616' title='bbox 3626 3220 3681 3274; x_wconf 92' lang='lat' dir='ltr'><strong>iu</strong></span> 
     </span>
    </p>
   </div>
   <div class='ocr_carea' id='block_1_76' title="bbox 2103 3307 3684 3380">
    <p class='ocr_par' dir='ltr' id='par_1_76' title="bbox 2103 3307 3684 3380">
     <span class='ocr_line' id='line_1_76' title="bbox 2103 3307 3684 3380; baseline 0.002 -19"><span class='ocrx_word' id='word_1_617' title='bbox 2103 3310 2223 3363; x_wconf 91' lang='lat' dir='ltr'><strong>loco</strong></span> <span class='ocrx_word' id='word_1_618' title='bbox 2249 3310 2361 3377; x_wconf 79' lang='lat' dir='ltr'><strong>jam</strong></span> <span class='ocrx_word' id='word_1_619' title='bbox 2396 3315 2587 3362; x_wconf 85' lang='lat' dir='ltr'><strong>sancto</strong></span> <span class='ocrx_word' id='word_1_620' title='bbox 2627 3318 2795 3370; x_wconf 87' lang='lat' dir='ltr'><strong>stare,</strong></span> <span class='ocrx_word' id='word_1_621' title='bbox 2822 3319 2870 3361; x_wconf 90' lang='lat' dir='ltr'><strong>et</strong></span> <span class='ocrx_word' id='word_1_622' title='bbox 2906 3307 3105 3361; x_wconf 87' lang='lat' dir='ltr'><strong>sociari</strong></span> <span class='ocrx_word' id='word_1_623' title='bbox 3136 3307 3221 3362; x_wconf 86' lang='lat' dir='ltr'><strong>his</strong></span> <span class='ocrx_word' id='word_1_624' title='bbox 3253 3323 3372 3376; x_wconf 83' lang='lat' dir='ltr'><strong>quae</strong></span> <span class='ocrx_word' id='word_1_625' title='bbox 3411 3310 3684 3380; x_wconf 84' lang='lat' dir='ltr'><strong>pertinent</strong></span> 
     </span>
    </p>
   </div>
   <div class='ocr_carea' id='block_1_77' title="bbox 2101 3398 3678 3471">
    <p class='ocr_par' dir='ltr' id='par_1_77' title="bbox 2101 3398 3678 3471">
     <span class='ocr_line' id='line_1_77' title="bbox 2101 3398 3678 3471; baseline 0.001 -16"><span class='ocrx_word' id='word_1_626' title='bbox 2101 3400 2169 3455; x_wconf 84' lang='lat' dir='ltr'><strong>ad</strong></span> <span class='ocrx_word' id='word_1_627' title='bbox 2208 3402 2398 3454; x_wconf 82' lang='lat' dir='ltr'><strong>Deum.</strong></span> <span class='ocrx_word' id='word_1_628' title='bbox 2450 3398 2524 3453; x_wconf 91' lang='lat' dir='ltr'><strong>Ibi</strong></span> <span class='ocrx_word' id='word_1_629' title='bbox 2558 3414 2689 3470; x_wconf 89' lang='lat' dir='ltr'><strong>ergo</strong></span> <span class='ocrx_word' id='word_1_630' title='bbox 2723 3398 3038 3453; x_wconf 86' lang='lat' dir='ltr'><strong>immolatur</strong></span> <span class='ocrx_word' id='word_1_631' title='bbox 3069 3400 3242 3453; x_wconf 92' lang='lat' dir='ltr'><strong>hostia</strong></span> <span class='ocrx_word' id='word_1_632' title='bbox 3287 3417 3384 3469; x_wconf 90' lang='lat' dir='ltr'><strong>pro</strong></span> <span class='ocrx_word' id='word_1_633' title='bbox 3428 3413 3678 3471; x_wconf 85' lang='lat' dir='ltr'><strong>peccato,</strong></span> 
     </span>
    </p>
   </div>
   <div class='ocr_carea' id='block_1_78' title="bbox 2098 3489 3677 3560">
    <p class='ocr_par' dir='ltr' id='par_1_78' title="bbox 2098 3489 3677 3560">
     <span class='ocr_line' id='line_1_78' title="bbox 2098 3489 3677 3560; baseline 0.003 -16"><span class='ocrx_word' id='word_1_634' title='bbox 2098 3491 2187 3544; x_wconf 91' lang='lat' dir='ltr'><strong>ubi</strong></span> <span class='ocrx_word' id='word_1_635' title='bbox 2235 3500 2287 3545; x_wconf 89' lang='lat' dir='ltr'><strong>et</strong></span> <span class='ocrx_word' id='word_1_636' title='bbox 2328 3489 2725 3556; x_wconf 88' lang='lat' dir='ltr'><strong>holocaustum,</strong></span> <span class='ocrx_word' id='word_1_637' title='bbox 2758 3490 2809 3543; x_wconf 94' lang='lat' dir='ltr'><strong>in</strong></span> <span class='ocrx_word' id='word_1_638' title='bbox 2849 3500 3170 3558; x_wconf 86' lang='lat' dir='ltr'><strong>conspectu,</strong></span> <span class='ocrx_word' id='word_1_639' title='bbox 3208 3491 3404 3560; x_wconf 84' lang='lat' dir='ltr'><strong>inquit,</strong></span> <span class='ocrx_word' id='word_1_640' title='bbox 3438 3493 3677 3548; x_wconf 89' lang='lat' dir='ltr'><strong>Domini.</strong></span> 
     </span>
    </p>
   </div>
   <div class='ocr_carea' id='block_1_79' title="bbox 2099 3577 3675 3647">
    <p class='ocr_par' dir='ltr' id='par_1_79' title="bbox 2099 3577 3675 3647">
     <span class='ocr_line' id='line_1_79' title="bbox 2099 3577 3675 3647; baseline -0.001 -13"><span class='ocrx_word' id='word_1_641' title='bbox 2099 3581 2192 3634; x_wconf 85' lang='lat' dir='ltr'><strong>Est</strong></span> <span class='ocrx_word' id='word_1_642' title='bbox 2229 3580 2479 3635; x_wconf 82' lang='lat' dir='ltr'><strong>fortassis</strong></span> <span class='ocrx_word' id='word_1_643' title='bbox 2524 3579 2575 3632; x_wconf 94' lang='lat' dir='ltr'><strong>in</strong></span> <span class='ocrx_word' id='word_1_644' title='bbox 2609 3588 2901 3647; x_wconf 84' lang='lat' dir='ltr'><strong>conspectu</strong></span> <span class='ocrx_word' id='word_1_645' title='bbox 2953 3578 3164 3632; x_wconf 91' lang='lat' dir='ltr'><strong>Domini</strong></span> <span class='ocrx_word' id='word_1_646' title='bbox 3214 3577 3411 3632; x_wconf 73' lang='lat' dir='ltr'><strong>oﬂ‘erre</strong></span> <span class='ocrx_word' id='word_1_647' title='bbox 3460 3581 3675 3633; x_wconf 84' lang='lat' dir='ltr'><strong>sacriti-</strong></span> 
     </span>
    </p>
   </div>
   <div class='ocr_carea' id='block_1_80' title="bbox 2094 3669 3679 3740">
    <p class='ocr_par' dir='ltr' id='par_1_80' title="bbox 2094 3669 3679 3740">
     <span class='ocr_line' id='line_1_80' title="bbox 2094 3669 3679 3740; baseline 0 -13"><span class='ocrx_word' id='word_1_648' title='bbox 2094 3674 2264 3734; x_wconf 87' lang='lat' dir='ltr'><strong>cium,</strong></span> <span class='ocrx_word' id='word_1_649' title='bbox 2313 3680 2368 3725; x_wconf 87' lang='lat' dir='ltr'><strong>et</strong></span> <span class='ocrx_word' id='word_1_650' title='bbox 2422 3688 2529 3725; x_wconf 90' lang='lat' dir='ltr'><strong>non</strong></span> <span class='ocrx_word' id='word_1_651' title='bbox 2567 3669 2764 3725; x_wconf 78' lang='lat' dir='ltr'><strong>olTerre</strong></span> <span class='ocrx_word' id='word_1_652' title='bbox 2798 3671 2851 3724; x_wconf 93' lang='lat' dir='ltr'><strong>in</strong></span> <span class='ocrx_word' id='word_1_653' title='bbox 2903 3680 3197 3740; x_wconf 87' lang='lat' dir='ltr'><strong>conspectu</strong></span> <span class='ocrx_word' id='word_1_654' title='bbox 3251 3670 3491 3727; x_wconf 91' lang='lat' dir='ltr'><strong>Domini.</strong></span> <span class='ocrx_word' id='word_1_655' title='bbox 3543 3671 3679 3737; x_wconf 87' lang='lat' dir='ltr'><strong>Quis</strong></span> 
     </span>
    </p>
   </div>
   <div class='ocr_carea' id='block_1_81' title="bbox 2092 3764 3673 3837">
    <p class='ocr_par' dir='ltr' id='par_1_81' title="bbox 2092 3764 3673 3837">
     <span class='ocr_line' id='line_1_81' title="bbox 2092 3764 3673 3837; baseline -0.003 -16"><span class='ocrx_word' id='word_1_656' title='bbox 2092 3783 2224 3837; x_wconf 82' lang='lat' dir='ltr'><strong>ergo</strong></span> <span class='ocrx_word' id='word_1_657' title='bbox 2256 3776 2341 3822; x_wconf 90' lang='lat' dir='ltr'><strong>est</strong></span> <span class='ocrx_word' id='word_1_658' title='bbox 2376 3767 2466 3834; x_wconf 90' lang='lat' dir='ltr'><strong>qui</strong></span> <span class='ocrx_word' id='word_1_659' title='bbox 2500 3764 2657 3819; x_wconf 66' lang='lat' dir='ltr'><strong>offert</strong></span> <span class='ocrx_word' id='word_1_660' title='bbox 2691 3764 2801 3835; x_wconf 88' lang='lat' dir='ltr'><strong>(I9)</strong></span> <span class='ocrx_word' id='word_1_661' title='bbox 2846 3764 2897 3818; x_wconf 92' lang='lat' dir='ltr'><strong>in</strong></span> <span class='ocrx_word' id='word_1_662' title='bbox 2947 3773 3241 3833; x_wconf 87' lang='lat' dir='ltr'><strong>conspectu</strong></span> <span class='ocrx_word' id='word_1_663' title='bbox 3282 3764 3529 3817; x_wconf 90' lang='lat' dir='ltr'><strong>Domini?</strong></span> <span class='ocrx_word' id='word_1_664' title='bbox 3561 3764 3673 3831; x_wconf 90' lang='lat' dir='ltr'><strong>Ille,</strong></span> 
     </span>
    </p>
   </div>
   <div class='ocr_carea' id='block_1_82' title="bbox 2094 3855 3677 3927">
    <p class='ocr_par' dir='ltr' id='par_1_82' title="bbox 2094 3855 3677 3927">
     <span class='ocr_line' id='line_1_82' title="bbox 2094 3855 3677 3927; baseline -0.001 -17"><span class='ocrx_word' id='word_1_665' title='bbox 2094 3868 2150 3910; x_wconf 93' lang='lat' dir='ltr'><strong>ut</strong></span> <span class='ocrx_word' id='word_1_666' title='bbox 2174 3860 2388 3926; x_wconf 87' lang='lat' dir='ltr'><strong>opinor,</strong></span> <span class='ocrx_word' id='word_1_667' title='bbox 2417 3858 2508 3927; x_wconf 90' lang='lat' dir='ltr'><strong>qui</strong></span> <span class='ocrx_word' id='word_1_668' title='bbox 2547 3873 2650 3911; x_wconf 92' lang='lat' dir='ltr'><strong>non</strong></span> <span class='ocrx_word' id='word_1_669' title='bbox 2683 3856 2816 3911; x_wconf 77' lang='lat' dir='ltr'><strong>exiit</strong></span> <span class='ocrx_word' id='word_1_670' title='bbox 2849 3870 2877 3909; x_wconf 89' lang='lat' dir='ltr'><strong>a</strong></span> <span class='ocrx_word' id='word_1_671' title='bbox 2912 3866 3206 3925; x_wconf 90' lang='lat' dir='ltr'><strong>conspectu</strong></span> <span class='ocrx_word' id='word_1_672' title='bbox 3258 3855 3491 3919; x_wconf 89' lang='lat' dir='ltr'><strong>Domini,</strong></span> <span class='ocrx_word' id='word_1_673' title='bbox 3531 3857 3677 3909; x_wconf 88' lang='lat' dir='ltr'><strong>sicut</strong></span> 
     </span>
    </p>
   </div>
   <div class='ocr_carea' id='block_1_83' title="bbox 2089 3948 3675 4017">
    <p class='ocr_par' dir='ltr' id='par_1_83' title="bbox 2089 3948 3675 4017">
     <span class='ocr_line' id='line_1_83' title="bbox 2089 3948 3675 4017; baseline 0.001 -15"><span class='ocrx_word' id='word_1_674' title='bbox 2089 3950 2222 4003; x_wconf 82' lang='lat' dir='ltr'><strong>Cain</strong></span> <span class='ocrx_word' id='word_1_675' title='bbox 2256 3951 2322 4013; x_wconf 68' lang='grc'><strong>³³,</strong></span> <span class='ocrx_word' id='word_1_676' title='bbox 2356 3961 2408 4003; x_wconf 91' lang='lat' dir='ltr'><strong>et</strong></span> <span class='ocrx_word' id='word_1_677' title='bbox 2454 3950 2679 4003; x_wconf 80' lang='lat' dir='ltr'><strong>ell‘eetus</strong></span> <span class='ocrx_word' id='word_1_678' title='bbox 2709 3959 2793 4003; x_wconf 75' lang='lat' dir='ltr'><strong>est</strong></span> <span class='ocrx_word' id='word_1_679' title='bbox 2842 3948 3039 4002; x_wconf 84' lang='lat' dir='ltr'><strong>timens</strong></span> <span class='ocrx_word' id='word_1_680' title='bbox 3070 3957 3124 4001; x_wconf 90' lang='lat' dir='ltr'><strong>et</strong></span> <span class='ocrx_word' id='word_1_681' title='bbox 3165 3957 3425 4002; x_wconf 85' lang='lat' dir='ltr'><strong>tremens.</strong></span> <span class='ocrx_word' id='word_1_682' title='bbox 3464 3948 3519 4001; x_wconf 93' lang='lat' dir='ltr'><strong>Si</strong></span> <span class='ocrx_word' id='word_1_683' title='bbox 3553 3949 3675 4017; x_wconf 86' lang='lat' dir='ltr'><strong>quis</strong></span> 
     </span>
    </p>
   </div>
   <div class='ocr_carea' id='block_1_84' title="bbox 2089 4039 3671 4112">
    <p class='ocr_par' dir='ltr' id='par_1_84' title="bbox 2089 4039 3671 4112">
     <span class='ocr_line' id='line_1_84' title="bbox 2089 4039 3671 4112; baseline 0 -17"><span class='ocrx_word' id='word_1_684' title='bbox 2089 4057 2219 4112; x_wconf 85' lang='lat' dir='ltr'><strong>ergo</strong></span> <span class='ocrx_word' id='word_1_685' title='bbox 2266 4050 2350 4096; x_wconf 88' lang='lat' dir='ltr'><strong>est</strong></span> <span class='ocrx_word' id='word_1_686' title='bbox 2393 4042 2485 4111; x_wconf 92' lang='lat' dir='ltr'><strong>qni</strong></span> <span class='ocrx_word' id='word_1_687' title='bbox 2536 4041 2700 4094; x_wconf 86' lang='lat' dir='ltr'><strong>habet</strong></span> <span class='ocrx_word' id='word_1_688' title='bbox 2737 4039 2991 4093; x_wconf 88' lang='lat' dir='ltr'><strong>ﬁduciam</strong></span> <span class='ocrx_word' id='word_1_689' title='bbox 3043 4049 3221 4093; x_wconf 88' lang='lat' dir='ltr'><strong>astare</strong></span> <span class='ocrx_word' id='word_1_690' title='bbox 3272 4040 3323 4094; x_wconf 92' lang='lat' dir='ltr'><strong>in</strong></span> <span class='ocrx_word' id='word_1_691' title='bbox 3375 4050 3671 4109; x_wconf 77' lang='lat' dir='ltr'><strong>conspectu</strong></span> 
     </span>
    </p>
   </div>
   <div class='ocr_carea' id='block_1_85' title="bbox 2091 4126 3669 4197">
    <p class='ocr_par' dir='ltr' id='par_1_85' title="bbox 2091 4126 3669 4197">
     <span class='ocr_line' id='line_1_85' title="bbox 2091 4126 3669 4197; baseline 0.001 -15"><span class='ocrx_word' id='word_1_692' title='bbox 2091 4130 2341 4193; x_wconf 88' lang='lat' dir='ltr'><strong>Domini,</strong></span> <span class='ocrx_word' id='word_1_693' title='bbox 2392 4140 2446 4182; x_wconf 89' lang='lat' dir='ltr'><strong>et</strong></span> <span class='ocrx_word' id='word_1_694' title='bbox 2500 4144 2603 4182; x_wconf 90' lang='lat' dir='ltr'><strong>non</strong></span> <span class='ocrx_word' id='word_1_695' title='bbox 2650 4126 2785 4197; x_wconf 81' lang='lat' dir='ltr'><strong>fugit</strong></span> <span class='ocrx_word' id='word_1_696' title='bbox 2817 4143 2845 4180; x_wconf 89' lang='lat' dir='ltr'><strong>a</strong></span> <span class='ocrx_word' id='word_1_697' title='bbox 2883 4126 3024 4180; x_wconf 81' lang='lat' dir='ltr'><strong>facie</strong></span> <span class='ocrx_word' id='word_1_698' title='bbox 3067 4129 3207 4197; x_wconf 84' lang='lat' dir='ltr'><strong>ejus,</strong></span> <span class='ocrx_word' id='word_1_699' title='bbox 3247 4142 3345 4182; x_wconf 88' lang='lat' dir='ltr'><strong>nec</strong></span> <span class='ocrx_word' id='word_1_700' title='bbox 3391 4138 3669 4197; x_wconf 87' lang='lat' dir='ltr'><strong>aspectum</strong></span> 
     </span>
    </p>
   </div>
   <div class='ocr_carea' id='block_1_86' title="bbox 2087 4216 3669 4288">
    <p class='ocr_par' dir='ltr' id='par_1_86' title="bbox 2087 4216 3669 4288">
     <span class='ocr_line' id='line_1_86' title="bbox 2087 4216 3669 4288; baseline 0 -16"><span class='ocrx_word' id='word_1_701' title='bbox 2087 4219 2204 4286; x_wconf 85' lang='lat' dir='ltr'><strong>ejus</strong></span> <span class='ocrx_word' id='word_1_702' title='bbox 2247 4220 2451 4288; x_wconf 88' lang='lat' dir='ltr'><strong>peccati</strong></span> <span class='ocrx_word' id='word_1_703' title='bbox 2491 4216 2824 4273; x_wconf 84' lang='lat' dir='ltr'><strong>conscientia</strong></span> <span class='ocrx_word' id='word_1_704' title='bbox 2856 4217 3117 4278; x_wconf 87' lang='lat' dir='ltr'><strong>declinat,</strong></span> <span class='ocrx_word' id='word_1_705' title='bbox 3153 4217 3253 4269; x_wconf 90' lang='lat' dir='ltr'><strong>iste</strong></span> <span class='ocrx_word' id='word_1_706' title='bbox 3286 4218 3339 4270; x_wconf 90' lang='lat' dir='ltr'><strong>in</strong></span> <span class='ocrx_word' id='word_1_707' title='bbox 3375 4228 3669 4287; x_wconf 88' lang='lat' dir='ltr'><strong>conspectu</strong></span> 
     </span>
    </p>
   </div>
   <div class='ocr_carea' id='block_1_87' title="bbox 2092 4300 3672 4377">
    <p class='ocr_par' dir='ltr' id='par_1_87' title="bbox 2092 4300 3672 4377">
     <span class='ocr_line' id='line_1_87' title="bbox 2092 4300 3672 4377; baseline -0.001 -13"><span class='ocrx_word' id='word_1_708' title='bbox 2092 4311 2301 4364; x_wconf 89' lang='lat' dir='ltr'><strong>Domini</strong></span> <span class='ocrx_word' id='word_1_709' title='bbox 2336 4308 2493 4363; x_wconf 74' lang='lat' dir='ltr'><strong>oﬁ’ert</strong></span> <span class='ocrx_word' id='word_1_710' title='bbox 2524 4308 2874 4364; x_wconf 87' lang='lat' dir='ltr'><strong>sacriﬁcium.</strong></span> <span class='ocrx_word' id='word_1_711' title='bbox 2920 4306 3071 4360; x_wconf 89' lang='lat' dir='ltr'><strong>Hanc</strong></span> <span class='ocrx_word' id='word_1_712' title='bbox 3112 4300 3241 4376; x_wconf 81' lang='lat' dir='ltr'><strong>ergo</strong></span> <span class='ocrx_word' id='word_1_713' title='bbox 3275 4307 3505 4360; x_wconf 86' lang='lat' dir='ltr'><strong>hostiam</strong></span> <span class='ocrx_word' id='word_1_714' title='bbox 3551 4324 3672 4377; x_wconf 65' lang='lat' dir='ltr'><strong>quae</strong></span> 
     </span>
    </p>
   </div>
   <div class='ocr_carea' id='block_1_88' title="bbox 2087 4396 3666 4467">
    <p class='ocr_par' dir='ltr' id='par_1_88' title="bbox 2087 4396 3666 4467">
     <span class='ocr_line' id='line_1_88' title="bbox 2087 4396 3666 4467; baseline 0.001 -16"><span class='ocrx_word' id='word_1_715' title='bbox 2087 4397 2314 4453; x_wconf 78' lang='lat' dir='ltr'><strong>oll‘ertur</strong></span> <span class='ocrx_word' id='word_1_716' title='bbox 2346 4414 2444 4466; x_wconf 89' lang='lat' dir='ltr'><strong>pro</strong></span> <span class='ocrx_word' id='word_1_717' title='bbox 2475 4398 2743 4467; x_wconf 87' lang='lat' dir='ltr'><strong>peccatis,</strong></span> <span class='ocrx_word' id='word_1_718' title='bbox 2776 4396 2907 4450; x_wconf 89' lang='lat' dir='ltr'><strong>dicit</strong></span> <span class='ocrx_word' id='word_1_719' title='bbox 2934 4410 3055 4451; x_wconf 88' lang='lat' dir='ltr'><strong>esse</strong></span> <span class='ocrx_word' id='word_1_720' title='bbox 3083 4396 3281 4449; x_wconf 86' lang='lat' dir='ltr'><strong>Sancta</strong></span> <span class='ocrx_word' id='word_1_721' title='bbox 3330 4408 3666 4452; x_wconf 85' lang='lat' dir='ltr'><strong>sanctorum.</strong></span> 
     </span>
    </p>
   </div>
   <div class='ocr_carea' id='block_1_89' title="bbox 2091 4488 3671 4561">
    <p class='ocr_par' dir='ltr' id='par_1_89' title="bbox 2091 4488 3671 4561">
     <span class='ocr_line' id='line_1_89' title="bbox 2091 4488 3671 4561; baseline -0.001 -17"><span class='ocrx_word' id='word_1_722' title='bbox 2091 4490 2268 4561; x_wconf 81' lang='lat' dir='ltr'><strong>Majas</strong></span> <span class='ocrx_word' id='word_1_723' title='bbox 2319 4491 2523 4559; x_wconf 91' lang='lat' dir='ltr'><strong>aliquid</strong></span> <span class='ocrx_word' id='word_1_724' title='bbox 2558 4492 2760 4543; x_wconf 90' lang='lat' dir='ltr'><strong>audere</strong></span> <span class='ocrx_word' id='word_1_725' title='bbox 2810 4488 2919 4542; x_wconf 82' lang='lat' dir='ltr'><strong>vult</strong></span> <span class='ocrx_word' id='word_1_726' title='bbox 2963 4503 3163 4554; x_wconf 83' lang='lat' dir='ltr'><strong>sermo,</strong></span> <span class='ocrx_word' id='word_1_727' title='bbox 3196 4490 3241 4543; x_wconf 93' lang='lat' dir='ltr'><strong>si</strong></span> <span class='ocrx_word' id='word_1_728' title='bbox 3276 4498 3454 4543; x_wconf 90' lang='lat' dir='ltr'><strong>tamen</strong></span> <span class='ocrx_word' id='word_1_729' title='bbox 3499 4499 3553 4542; x_wconf 91' lang='lat' dir='ltr'><strong>et</strong></span> <span class='ocrx_word' id='word_1_730' title='bbox 3580 4506 3671 4542; x_wconf 85' lang='lat' dir='ltr'><strong>ve-</strong></span> 
     </span>
    </p>
   </div>
   <div class='ocr_carea' id='block_1_90' title="bbox 404 4580 3669 4670">
    <p class='ocr_par' dir='ltr' id='par_1_90' title="bbox 404 4580 3669 4670">
     <span class='ocr_line' id='line_1_90' title="bbox 404 4580 3669 4670; baseline -0.004 -22"><span class='ocrx_word' id='word_1_731' title='bbox 404 4595 700 4649; x_wconf 88' lang='lat' dir='ltr'><strong>Dnbitasne</strong></span> <span class='ocrx_word' id='word_1_732' title='bbox 739 4610 860 4648; x_wconf 87' lang='lat' dir='ltr'><strong>esse</strong></span> <span class='ocrx_word' id='word_1_733' title='bbox 904 4595 1046 4647; x_wconf 90' lang='lat' dir='ltr'><strong>intra</strong></span> <span class='ocrx_word' id='word_1_734' title='bbox 1083 4602 1135 4646; x_wconf 90' lang='lat' dir='ltr'><strong>te</strong></span> <span class='ocrx_word' id='word_1_735' title='bbox 1168 4592 1335 4647; x_wconf 89' lang='lat' dir='ltr'><strong>solem</strong></span> <span class='ocrx_word' id='word_1_736' title='bbox 1382 4600 1437 4645; x_wconf 92' lang='lat' dir='ltr'><strong>et</strong></span> <span class='ocrx_word' id='word_1_737' title='bbox 1473 4590 1687 4652; x_wconf 91' lang='lat' dir='ltr'><strong>lunam,</strong></span> <span class='ocrx_word' id='word_1_738' title='bbox 1728 4588 1793 4639; x_wconf 88' lang='lat' dir='ltr'><strong>ad</strong></span> <span class='ocrx_word' id='word_1_739' title='bbox 1821 4602 1980 4655; x_wconf 89' lang='lat' dir='ltr'><strong>quem</strong></span> <span class='ocrx_word' id='word_1_740' title='bbox 2014 4617 2058 4670; x_wconf 66' lang='grc' dir='ltr'>Β</span> <span class='ocrx_word' id='word_1_741' title='bbox 2090 4594 2204 4640; x_wconf 88' lang='lat' dir='ltr'><strong>ster</strong></span> <span class='ocrx_word' id='word_1_742' title='bbox 2252 4592 2517 4652; x_wconf 87' lang='lat' dir='ltr'><strong>sequatur</strong></span> <span class='ocrx_word' id='word_1_743' title='bbox 2574 4582 2812 4636; x_wconf 90' lang='lat' dir='ltr'><strong>auditus.</strong></span> <span class='ocrx_word' id='word_1_744' title='bbox 2861 4580 2993 4648; x_wconf 75' lang='lat' dir='ltr'><strong>Qua:</strong></span> <span class='ocrx_word' id='word_1_745' title='bbox 3042 4590 3125 4634; x_wconf 88' lang='lat' dir='ltr'><strong>est</strong></span> <span class='ocrx_word' id='word_1_746' title='bbox 3175 4580 3351 4635; x_wconf 87' lang='lat' dir='ltr'><strong>hostia</strong></span> <span class='ocrx_word' id='word_1_747' title='bbox 3401 4594 3519 4649; x_wconf 73' lang='lat' dir='ltr'><strong>qua:</strong></span> <span class='ocrx_word' id='word_1_748' title='bbox 3571 4595 3669 4648; x_wconf 83' lang='lat' dir='ltr'><strong>pro</strong></span> 
     </span>
    </p>
   </div>
   <div class='ocr_carea' id='block_1_91' title="bbox 400 4676 1976 4755">
    <p class='ocr_par' dir='ltr' id='par_1_91' title="bbox 400 4676 1976 4755">
     <span class='ocr_line' id='line_1_91' title="bbox 400 4676 1976 4755; baseline -0.008 -12"><span class='ocrx_word' id='word_1_749' title='bbox 400 4688 620 4751; x_wconf 86' lang='lat' dir='ltr'><strong>dicitur,</strong></span> <span class='ocrx_word' id='word_1_750' title='bbox 655 4686 779 4755; x_wconf 91' lang='lat' dir='ltr'><strong>quia</strong></span> <span class='ocrx_word' id='word_1_751' title='bbox 818 4685 906 4740; x_wconf 84' lang='lat' dir='ltr'><strong>lux</strong></span> <span class='ocrx_word' id='word_1_752' title='bbox 967 4686 1042 4741; x_wconf 87' lang='lat' dir='ltr'><strong>sis</strong></span> <span class='ocrx_word' id='word_1_753' title='bbox 1094 4684 1317 4739; x_wconf 89' lang='lat' dir='ltr'><strong>mundi?</strong></span> <span class='ocrx_word' id='word_1_754' title='bbox 1368 4680 1464 4736; x_wconf 79' lang='lat' dir='ltr'><strong>Vis</strong></span> <span class='ocrx_word' id='word_1_755' title='bbox 1512 4680 1689 4733; x_wconf 89' lang='lat' dir='ltr'><strong>adhuc</strong></span> <span class='ocrx_word' id='word_1_756' title='bbox 1745 4676 1976 4743; x_wconf 90' lang='lat' dir='ltr'><strong>amplius</strong></span> 
     </span>
    </p>
   </div>
   <div class='ocr_carea' id='block_1_92' title="bbox 400 4760 1979 4847">
    <p class='ocr_par' dir='ltr' id='par_1_92' title="bbox 400 4760 1979 4847">
     <span class='ocr_line' id='line_1_92' title="bbox 400 4760 1979 4847; baseline -0.006 -16"><span class='ocrx_word' id='word_1_757' title='bbox 400 4778 603 4847; x_wconf 87' lang='lat' dir='ltr'><strong>aliquid</strong></span> <span class='ocrx_word' id='word_1_758' title='bbox 638 4779 703 4833; x_wconf 91' lang='lat' dir='ltr'><strong>de</strong></span> <span class='ocrx_word' id='word_1_759' title='bbox 739 4788 791 4832; x_wconf 89' lang='lat' dir='ltr'><strong>te</strong></span> <span class='ocrx_word' id='word_1_760' title='bbox 835 4778 955 4846; x_wconf 89' lang='lat' dir='ltr'><strong>ipso</strong></span> <span class='ocrx_word' id='word_1_761' title='bbox 988 4777 1197 4841; x_wconf 89' lang='lat' dir='ltr'><strong>audire,</strong></span> <span class='ocrx_word' id='word_1_762' title='bbox 1254 4788 1321 4829; x_wconf 91' lang='lat' dir='ltr'><strong>ne</strong></span> <span class='ocrx_word' id='word_1_763' title='bbox 1372 4771 1511 4827; x_wconf 79' lang='lat' dir='ltr'><strong>forte</strong></span> <span class='ocrx_word' id='word_1_764' title='bbox 1539 4786 1704 4841; x_wconf 87' lang='lat' dir='ltr'><strong>parva</strong></span> <span class='ocrx_word' id='word_1_765' title='bbox 1735 4771 1800 4823; x_wconf 90' lang='lat' dir='ltr'><strong>de</strong></span> <span class='ocrx_word' id='word_1_766' title='bbox 1834 4779 1885 4823; x_wconf 92' lang='lat' dir='ltr'><strong>te</strong></span> <span class='ocrx_word' id='word_1_767' title='bbox 1925 4760 1979 4822; x_wconf 86' lang='lat' dir='ltr'><strong>et</strong></span> 
     </span>
    </p>
   </div>
   <div class='ocr_carea' id='block_1_93' title="bbox 402 4862 1976 4941">
    <p class='ocr_par' dir='ltr' id='par_1_93' title="bbox 402 4862 1976 4941">
     <span class='ocr_line' id='line_1_93' title="bbox 402 4862 1976 4941; baseline -0.006 -18"><span class='ocrx_word' id='word_1_768' title='bbox 402 4871 623 4923; x_wconf 88' lang='lat' dir='ltr'><strong>lmmilia</strong></span> <span class='ocrx_word' id='word_1_769' title='bbox 683 4872 957 4941; x_wconf 84' lang='lat' dir='ltr'><strong>cogitans,</strong></span> <span class='ocrx_word' id='word_1_770' title='bbox 1014 4881 1268 4938; x_wconf 87' lang='lat' dir='ltr'><strong>tanquam</strong></span> <span class='ocrx_word' id='word_1_771' title='bbox 1322 4865 1484 4919; x_wconf 90' lang='lat' dir='ltr'><strong>vilem</strong></span> <span class='ocrx_word' id='word_1_772' title='bbox 1528 4862 1767 4933; x_wconf 80' lang='lat' dir='ltr'><strong>negligas</strong></span> <span class='ocrx_word' id='word_1_773' title='bbox 1812 4862 1976 4914; x_wconf 86' lang='lat' dir='ltr'><strong>vitam</strong></span> 
     </span>
    </p>
   </div>
   <div class='ocr_carea' id='block_1_94' title="bbox 402 4953 1980 5029">
    <p class='ocr_par' dir='ltr' id='par_1_94' title="bbox 402 4953 1980 5029">
     <span class='ocr_line' id='line_1_94' title="bbox 402 4953 1980 5029; baseline -0.01 -11"><span class='ocrx_word' id='word_1_774' title='bbox 402 4965 592 5018; x_wconf 85' lang='lat' dir='ltr'><strong>tuam?</strong></span> <span class='ocrx_word' id='word_1_775' title='bbox 629 4962 800 5018; x_wconf 84' lang='lat' dir='ltr'><strong>Ilabet</strong></span> <span class='ocrx_word' id='word_1_776' title='bbox 834 4962 924 5017; x_wconf 91' lang='lat' dir='ltr'><strong>hic</strong></span> <span class='ocrx_word' id='word_1_777' title='bbox 957 4963 1191 5017; x_wconf 89' lang='lat' dir='ltr'><strong>mundus</strong></span> <span class='ocrx_word' id='word_1_778' title='bbox 1216 4958 1637 5029; x_wconf 85' lang='lat' dir='ltr'><strong>gubernatorem</strong></span> <span class='ocrx_word' id='word_1_779' title='bbox 1678 4968 1859 5016; x_wconf 91' lang='lat' dir='ltr'><strong>suum,</strong></span> <span class='ocrx_word' id='word_1_780' title='bbox 1885 4953 1980 5005; x_wconf 89' lang='lat' dir='ltr'><strong>ha-</strong></span> 
     </span>
    </p>
   </div>
   <div class='ocr_carea' id='block_1_95' title="bbox 400 5047 1979 5124">
    <p class='ocr_par' dir='ltr' id='par_1_95' title="bbox 400 5047 1979 5124">
     <span class='ocr_line' id='line_1_95' title="bbox 400 5047 1979 5124; baseline -0.007 -16"><span class='ocrx_word' id='word_1_781' title='bbox 400 5055 492 5108; x_wconf 87' lang='lat' dir='ltr'><strong>bet</strong></span> <span class='ocrx_word' id='word_1_782' title='bbox 521 5058 610 5124; x_wconf 88' lang='lat' dir='ltr'><strong>qui</strong></span> <span class='ocrx_word' id='word_1_783' title='bbox 644 5070 765 5110; x_wconf 91' lang='lat' dir='ltr'><strong>eum</strong></span> <span class='ocrx_word' id='word_1_784' title='bbox 794 5063 948 5122; x_wconf 77' lang='lat' dir='ltr'><strong>regat</strong></span> <span class='ocrx_word' id='word_1_785' title='bbox 996 5063 1051 5107; x_wconf 90' lang='lat' dir='ltr'><strong>et</strong></span> <span class='ocrx_word' id='word_1_786' title='bbox 1082 5052 1291 5107; x_wconf 89' lang='lat' dir='ltr'><strong>habitet</strong></span> <span class='ocrx_word' id='word_1_787' title='bbox 1326 5050 1380 5103; x_wconf 89' lang='lat' dir='ltr'><strong>in</strong></span> <span class='ocrx_word' id='word_1_788' title='bbox 1408 5049 1525 5118; x_wconf 90' lang='lat' dir='ltr'><strong>ipso</strong></span> <span class='ocrx_word' id='word_1_789' title='bbox 1553 5047 1979 5114; x_wconf 90' lang='lat' dir='ltr'><strong>omnipotentem</strong></span> 
     </span>
    </p>
   </div>
   <div class='ocr_carea' id='block_1_96' title="bbox 468 5168 1995 5294">
    <p class='ocr_par' dir='ltr' id='par_1_96' title="bbox 468 5170 1992 5294">
     <span class='ocr_line' id='line_1_96' title="bbox 468 5170 1992 5239; baseline -0.009 -3"><span class='ocrx_word' id='word_1_790' title='bbox 468 5182 515 5214; x_wconf 82' lang='grc'><strong>⁹⁰</strong></span> <span class='ocrx_word' id='word_1_791' title='bbox 538 5182 731 5237; x_wconf 86' lang='lat' dir='ltr'><strong>Genes.</strong></span> <span class='ocrx_word' id='word_1_792' title='bbox 766 5194 853 5239; x_wconf 77' lang='lat' dir='ltr'><strong>xv,</strong></span> <span class='ocrx_word' id='word_1_793' title='bbox 878 5179 935 5233; x_wconf 81' lang='grc'><strong>5.</strong></span> <span class='ocrx_word' id='word_1_794' title='bbox 997 5180 1040 5211; x_wconf 80' lang='grc'><strong>⁹¹</strong></span> <span class='ocrx_word' id='word_1_795' title='bbox 1066 5176 1256 5231; x_wconf 83' lang='lat' dir='ltr'><strong>Matth.</strong></span> <span class='ocrx_word' id='word_1_796' title='bbox 1288 5190 1340 5237; x_wconf 86' lang='lat' dir='ltr'><strong>v,</strong></span> <span class='ocrx_word' id='word_1_797' title='bbox 1373 5174 1460 5228; x_wconf 70' lang='grc'><strong>14.</strong></span> <span class='ocrx_word' id='word_1_798' title='bbox 1523 5173 1569 5204; x_wconf 82' lang='grc'><strong>⁹¹</strong></span> <span class='ocrx_word' id='word_1_799' title='bbox 1600 5170 1802 5227; x_wconf 83' lang='lat' dir='ltr'><strong>Jerem.</strong></span> <span class='ocrx_word' id='word_1_800' title='bbox 1830 5185 1992 5234; x_wconf 67' lang='grc' dir='ltr'>χχιιι,</span> 
     </span>
     <span class='ocr_line' id='line_1_97' title="bbox 472 5240 1933 5294; baseline 0 0"><span class='ocrx_word' id='word_1_801' title='bbox 472 5252 596 5294; x_wconf 60' lang='lat' dir='ltr'><strong>Qun,</strong></span> <span class='ocrx_word' id='word_1_802' title='bbox 630 5269 665 5294; x_wconf 59' lang='lat'><strong>1,</strong></span> <span class='ocrx_word' id='word_1_803' title='bbox 695 5252 748 5294; x_wconf 85' lang='lat'><strong>&#39;1-</strong></span> <span class='ocrx_word' id='word_1_804' title='bbox 823 5251 866 5282; x_wconf 71' lang='lat'><strong>97</strong></span> <span class='ocrx_word' id='word_1_805' title='bbox 899 5249 1089 5294; x_wconf 72' lang='lat' dir='ltr'><strong>Malllt-</strong></span> <span class='ocrx_word' id='word_1_806' title='bbox 1117 5244 1406 5294; x_wconf 61' lang='lat' dir='ltr'><strong>xxvmﬁﬁ.</strong></span> <span class='ocrx_word' id='word_1_807' title='bbox 1482 5243 1527 5275; x_wconf 76' lang='grc'><strong>³⁸</strong></span> <span class='ocrx_word' id='word_1_808' title='bbox 1564 5240 1701 5294; x_wconf 80' lang='lat' dir='ltr'><strong>Joel.</strong></span> <span class='ocrx_word' id='word_1_809' title='bbox 1732 5257 1805 5294; x_wconf 91' lang='grc'><strong>11.</strong></span> <span class='ocrx_word' id='word_1_810' title='bbox 1842 5242 1933 5294; x_wconf 72' lang='lat'><strong>28.</strong></span> 
     </span>
    </p>
   </div>
   <div class='ocr_carea' id='block_1_97' title="bbox 2101 5168 2388 5294">
    <p class='ocr_par' dir='ltr' id='par_1_97' title="bbox 2101 5168 2388 5294">
     <span class='ocr_line' id='line_1_98' title="bbox 2101 5168 2388 5222; baseline -0.003 0"><span class='ocrx_word' id='word_1_811' title='bbox 2101 5209 2109 5222; x_wconf 84' lang='lat'><strong>.</strong></span> <span class='ocrx_word' id='word_1_812' title='bbox 2187 5169 2233 5199; x_wconf 69' lang='grc'><strong>’³</strong></span> <span class='ocrx_word' id='word_1_813' title='bbox 2268 5168 2388 5221; x_wconf 78' lang='lat' dir='ltr'><strong>&quot;Ct</strong></span> 
     </span>
     <span class='ocr_line' id='line_1_99' title="bbox 2101 5238 2388 5294; baseline -0.021 0"><span class='ocrx_word' id='word_1_814' title='bbox 2101 5238 2293 5294; x_wconf 84' lang='lat' dir='ltr'><strong>Genes.</strong></span> <span class='ocrx_word' id='word_1_815' title='bbox 2337 5252 2388 5291; x_wconf 85' lang='lat' dir='ltr'><strong>tv</strong></span> 
     </span>
    </p>
   </div>
   <div class='ocr_carea' id='block_1_98' title="bbox 396 5240 1933 5321">
    <p class='ocr_par' dir='ltr' id='par_1_98' title="bbox 396 5240 1933 5321">
     <span class='ocr_line' id='line_1_100' title="bbox 396 5240 1933 5321; baseline -0.007 -14"><span class='ocrx_word' id='word_1_816' title='bbox 396 5253 443 5284; x_wconf 81' lang='lat'><strong>&quot;</strong></span> <span class='ocrx_word' id='word_1_817' title='bbox 472 5252 600 5321; x_wconf 85' lang='lat' dir='ltr'><strong>Sap.</strong></span> <span class='ocrx_word' id='word_1_818' title='bbox 630 5269 669 5315; x_wconf 86' lang='grc' dir='ltr'>ι,</span> <span class='ocrx_word' id='word_1_819' title='bbox 695 5252 749 5304; x_wconf 87' lang='grc'><strong>7.</strong></span> <span class='ocrx_word' id='word_1_820' title='bbox 823 5251 866 5282; x_wconf 75' lang='grc'><strong>³⁷</strong></span> <span class='ocrx_word' id='word_1_821' title='bbox 895 5249 1089 5304; x_wconf 85' lang='lat' dir='ltr'><strong>Matth.</strong></span> <span class='ocrx_word' id='word_1_822' title='bbox 1117 5244 1406 5311; x_wconf 78' lang='lat' dir='ltr'><strong>xxvut,‘20.</strong></span> <span class='ocrx_word' id='word_1_823' title='bbox 1482 5243 1527 5275; x_wconf 76' lang='grc'><strong>³⁸</strong></span> <span class='ocrx_word' id='word_1_824' title='bbox 1564 5240 1701 5297; x_wconf 77' lang='lat' dir='ltr'><strong>Joel.</strong></span> <span class='ocrx_word' id='word_1_825' title='bbox 1732 5257 1767 5296; x_wconf 88' lang='grc' dir='ltr'><strong>ιι</strong></span> <span class='ocrx_word' id='word_1_826' title='bbox 1790 5280 1805 5305; x_wconf 90' lang='lat'><strong>,</strong></span> <span class='ocrx_word' id='word_1_827' title='bbox 1842 5242 1933 5296; x_wconf 73' lang='lat'><strong>28.</strong></span> 
     </span>
    </p>
   </div>
   <div class='ocr_carea' id='block_1_99' title="bbox 473 5371 1258 5442">
    <p class='ocr_par' dir='ltr' id='par_1_99' title="bbox 473 5371 1258 5442">
     <span class='ocr_line' id='line_1_101' title="bbox 473 5371 1258 5442; baseline -0.011 -15"><span class='ocrx_word' id='word_1_828' title='bbox 473 5372 583 5442; x_wconf 79' lang='grc'><strong>(15)</strong></span> <span class='ocrx_word' id='word_1_829' title='bbox 618 5371 760 5426; x_wconf 92' lang='lat' dir='ltr'><strong>Idem</strong></span> <span class='ocrx_word' id='word_1_830' title='bbox 797 5385 925 5435; x_wconf 92' lang='lat' dir='ltr'><strong>ms.,</strong></span> <span class='ocrx_word' id='word_1_831' title='bbox 963 5388 981 5420; x_wconf 73' lang='grc' dir='ltr'><strong><em>ο</em></strong></span> <span class='ocrx_word' id='word_1_832' title='bbox 1008 5379 1201 5423; x_wconf 90' lang='lat' dir='ltr'><strong>totum.</strong></span> <span class='ocrx_word' id='word_1_833' title='bbox 1240 5385 1258 5418; x_wconf 75' lang='grc' dir='ltr'><strong>ι</strong></span> 
     </span>
    </p>
   </div>
   <div class='ocr_carea' id='block_1_100' title="bbox 472 5456 1969 5537">
    <p class='ocr_par' dir='ltr' id='par_1_100' title="bbox 472 5456 1969 5537">
     <span class='ocr_line' id='line_1_102' title="bbox 472 5456 1969 5537; baseline -0.007 -19"><span class='ocrx_word' id='word_1_834' title='bbox 472 5464 583 5537; x_wconf 68' lang='lat' dir='ltr'><strong>(II)</strong></span> <span class='ocrx_word' id='word_1_835' title='bbox 622 5462 920 5537; x_wconf 67' lang='lat' dir='ltr'><strong>Idemins.,</strong></span> <span class='ocrx_word' id='word_1_836' title='bbox 942 5481 961 5513; x_wconf 83' lang='grc'><strong>‹</strong></span> <span class='ocrx_word' id='word_1_837' title='bbox 996 5462 1203 5537; x_wconf 82' lang='lat' dir='ltr'><strong>deceat.</strong></span> <span class='ocrx_word' id='word_1_838' title='bbox 1231 5479 1250 5513; x_wconf 76' lang='grc' dir='ltr'><strong>ι</strong></span> <span class='ocrx_word' id='word_1_839' title='bbox 1276 5458 1433 5537; x_wconf 72' lang='lat' dir='ltr'><strong>Libb.</strong></span> <span class='ocrx_word' id='word_1_840' title='bbox 1460 5457 1614 5537; x_wconf 80' lang='lat' dir='ltr'><strong>editi,</strong></span> <span class='ocrx_word' id='word_1_841' title='bbox 1650 5475 1667 5505; x_wconf 77' lang='grc' dir='ltr'><strong>ι</strong></span> <span class='ocrx_word' id='word_1_842' title='bbox 1702 5456 1929 5537; x_wconf 21' lang='lat' dir='ltr'><strong>debeat;</strong></span> <span class='ocrx_word' id='word_1_843' title='bbox 1951 5473 1969 5507; x_wconf 79' lang='grc' dir='ltr'><strong>ι</strong></span> 
     </span>
    </p>
   </div>
   <div class='ocr_carea' id='block_1_101' title="bbox 401 5524 1972 5603">
    <p class='ocr_par' dir='ltr' id='par_1_101' title="bbox 401 5524 1972 5603">
     <span class='ocr_line' id='line_1_103' title="bbox 401 5524 1972 5603; baseline -0.008 -14"><span class='ocrx_word' id='word_1_844' title='bbox 401 5524 711 5603; x_wconf 69' lang='grc' dir='ltr'><strong>Ρίιίιιόροει</strong></span> <span class='ocrx_word' id='word_1_845' title='bbox 739 5535 880 5586; x_wconf 89' lang='lat' dir='ltr'><strong>idem</strong></span> <span class='ocrx_word' id='word_1_846' title='bbox 921 5547 1048 5595; x_wconf 91' lang='lat' dir='ltr'><strong>ms.,</strong></span> <span class='ocrx_word' id='word_1_847' title='bbox 1086 5549 1103 5580; x_wconf 85' lang='grc'><strong><em>‹</em></strong></span> <span class='ocrx_word' id='word_1_848' title='bbox 1144 5530 1385 5584; x_wconf 90' lang='lat' dir='ltr'><strong>invenies</strong></span> <span class='ocrx_word' id='word_1_849' title='bbox 1434 5543 1527 5582; x_wconf 90' lang='lat' dir='ltr'><strong>eas</strong></span> <span class='ocrx_word' id='word_1_850' title='bbox 1559 5529 1718 5581; x_wconf 83' lang='lat' dir='ltr'><strong>intra.</strong></span> <span class='ocrx_word' id='word_1_851' title='bbox 1755 5544 1772 5577; x_wconf 81' lang='grc' dir='ltr'><strong>ι</strong></span> <span class='ocrx_word' id='word_1_852' title='bbox 1815 5524 1972 5580; x_wconf 80' lang='lat' dir='ltr'><strong>Libb.</strong></span> 
     </span>
    </p>
   </div>
   <div class='ocr_carea' id='block_1_102' title="bbox 400 5603 1130 5667">
    <p class='ocr_par' dir='ltr' id='par_1_102' title="bbox 400 5603 1130 5667">
     <span class='ocr_line' id='line_1_104' title="bbox 400 5603 1130 5667; baseline -0.01 -8"><span class='ocrx_word' id='word_1_853' title='bbox 400 5607 555 5667; x_wconf 83' lang='lat' dir='ltr'><strong>editi,</strong></span> <span class='ocrx_word' id='word_1_854' title='bbox 591 5624 608 5655; x_wconf 71' lang='grc' dir='ltr'><strong>ι</strong></span> <span class='ocrx_word' id='word_1_855' title='bbox 640 5605 884 5658; x_wconf 84' lang='lat' dir='ltr'><strong>invenias</strong></span> <span class='ocrx_word' id='word_1_856' title='bbox 913 5603 1071 5656; x_wconf 90' lang='lat' dir='ltr'><strong>intra.</strong></span> <span class='ocrx_word' id='word_1_857' title='bbox 1112 5620 1130 5652; x_wconf 75' lang='grc' dir='ltr'><strong>ι</strong></span> 
     </span>
    </p>
   </div>
   <div class='ocr_carea' id='block_1_103' title="bbox 424 5693 1338 5766">
    <p class='ocr_par' dir='ltr' id='par_1_103' title="bbox 424 5693 1338 5766">
     <span class='ocr_line' id='line_1_105' title="bbox 424 5693 1338 5766; baseline -0.01 -15"><span class='ocrx_word' id='word_1_858' title='bbox 424 5728 427 5731; x_wconf 57' lang='grc' dir='ltr'><strong><em>ν</em></strong></span> <span class='ocrx_word' id='word_1_859' title='bbox 472 5697 582 5766; x_wconf 87' lang='grc'><strong>(15)</strong></span> <span class='ocrx_word' id='word_1_860' title='bbox 623 5695 764 5750; x_wconf 84' lang='lat' dir='ltr'><strong>Idem</strong></span> <span class='ocrx_word' id='word_1_861' title='bbox 794 5709 922 5761; x_wconf 88' lang='lat' dir='ltr'><strong>ms.,</strong></span> <span class='ocrx_word' id='word_1_862' title='bbox 953 5712 970 5744; x_wconf 78' lang='grc' dir='ltr'><strong>ι</strong></span> <span class='ocrx_word' id='word_1_863' title='bbox 1010 5693 1062 5747; x_wconf 90' lang='lat' dir='ltr'><strong>in</strong></span> <span class='ocrx_word' id='word_1_864' title='bbox 1094 5706 1280 5761; x_wconf 89' lang='lat' dir='ltr'><strong>parvo.</strong></span> <span class='ocrx_word' id='word_1_865' title='bbox 1319 5708 1338 5742; x_wconf 79' lang='grc' dir='ltr'><strong>ι</strong></span> 
     </span>
    </p>
   </div>
   <div class='ocr_carea' id='block_1_104' title="bbox 470 5779 1964 5858">
    <p class='ocr_par' dir='ltr' id='par_1_104' title="bbox 470 5779 1964 5858">
     <span class='ocr_line' id='line_1_106' title="bbox 470 5779 1964 5858; baseline -0.009 -17"><span class='ocrx_word' id='word_1_866' title='bbox 470 5788 581 5858; x_wconf 80' lang='grc'><strong>(16)</strong></span> <span class='ocrx_word' id='word_1_867' title='bbox 612 5785 756 5841; x_wconf 89' lang='lat' dir='ltr'><strong>Idem</strong></span> <span class='ocrx_word' id='word_1_868' title='bbox 792 5802 922 5851; x_wconf 91' lang='lat' dir='ltr'><strong>ms.,</strong></span> <span class='ocrx_word' id='word_1_869' title='bbox 956 5803 975 5835; x_wconf 74' lang='grc' dir='ltr'><strong>ι</strong></span> <span class='ocrx_word' id='word_1_870' title='bbox 1000 5785 1255 5858; x_wconf 59' lang='grc' dir='ltr'><strong>ιθριρο.)</strong></span> <span class='ocrx_word' id='word_1_871' title='bbox 1283 5783 1439 5838; x_wconf 88' lang='lat' dir='ltr'><strong>Libb.</strong></span> <span class='ocrx_word' id='word_1_872' title='bbox 1459 5783 1659 5858; x_wconf 70' lang='lat' dir='ltr'><strong>editi,_«</strong></span> <span class='ocrx_word' id='word_1_873' title='bbox 1689 5779 1921 5858; x_wconf 41' lang='lat' dir='ltr'><strong>IIIIpI.t.&#39;-0_.-</strong></span> <span class='ocrx_word' id='word_1_874' title='bbox 1946 5797 1964 5828; x_wconf 79' lang='grc' dir='ltr'><strong>ι</strong></span> 
     </span>
    </p>
   </div>
   <div class='ocr_carea' id='block_1_105' title="bbox 361 5850 1964 5924">
    <p class='ocr_par' dir='ltr' id='par_1_105' title="bbox 361 5850 1964 5924">
     <span class='ocr_line' id='line_1_107' title="bbox 361 5850 1964 5924; baseline -0.006 -11"><span class='ocrx_word' id='word_1_875' title='bbox 361 5860 363 5863; x_wconf 82' lang='grc'><strong>’</strong></span> <span class='ocrx_word' id='word_1_876' title='bbox 402 5850 576 5914; x_wconf 73' lang='lat' dir='ltr'><strong>Paulo</strong></span> <span class='ocrx_word' id='word_1_877' title='bbox 621 5858 761 5913; x_wconf 84' lang='lat' dir='ltr'><strong>inl&#39;ra</strong></span> <span class='ocrx_word' id='word_1_878' title='bbox 798 5850 926 5924; x_wconf 89' lang='lat' dir='ltr'><strong>ms.,</strong></span> <span class='ocrx_word' id='word_1_879' title='bbox 958 5873 977 5908; x_wconf 86' lang='grc'><strong>‹</strong></span> <span class='ocrx_word' id='word_1_880' title='bbox 1010 5850 1149 5912; x_wconf 80' lang='lat' dir='ltr'><strong>inter</strong></span> <span class='ocrx_word' id='word_1_881' title='bbox 1208 5854 1351 5924; x_wconf 86' lang='lat' dir='ltr'><strong>ipsos</strong></span> <span class='ocrx_word' id='word_1_882' title='bbox 1403 5854 1712 5907; x_wconf 86' lang='lat' dir='ltr'><strong>ambulabo.</strong></span> <span class='ocrx_word' id='word_1_883' title='bbox 1750 5870 1765 5901; x_wconf 82' lang='grc' dir='ltr'><strong>ι</strong></span> <span class='ocrx_word' id='word_1_884' title='bbox 1808 5850 1964 5903; x_wconf 85' lang='lat' dir='ltr'><strong>Libb.</strong></span> 
     </span>
    </p>
   </div>
   <div class='ocr_carea' id='block_1_106' title="bbox 2091 4672 3666 4748">
    <p class='ocr_par' dir='ltr' id='par_1_106' title="bbox 2091 4672 3666 4748">
     <span class='ocr_line' id='line_1_108' title="bbox 2091 4672 3666 4748; baseline -0.003 -16"><span class='ocrx_word' id='word_1_885' title='bbox 2091 4677 2333 4748; x_wconf 89' lang='lat' dir='ltr'><strong>peccatis</strong></span> <span class='ocrx_word' id='word_1_886' title='bbox 2384 4673 2636 4737; x_wconf 76' lang='lat' dir='ltr'><strong>oll‘ertur,</strong></span> <span class='ocrx_word' id='word_1_887' title='bbox 2678 4682 2733 4727; x_wconf 92' lang='lat' dir='ltr'><strong>et</strong></span> <span class='ocrx_word' id='word_1_888' title='bbox 2784 4682 2869 4728; x_wconf 90' lang='lat' dir='ltr'><strong>est</strong></span> <span class='ocrx_word' id='word_1_889' title='bbox 2906 4672 3106 4727; x_wconf 87' lang='lat' dir='ltr'><strong>Sancta</strong></span> <span class='ocrx_word' id='word_1_890' title='bbox 3164 4684 3509 4735; x_wconf 89' lang='lat' dir='ltr'><strong>sanctorum,</strong></span> <span class='ocrx_word' id='word_1_891' title='bbox 3564 4674 3666 4727; x_wconf 89' lang='lat' dir='ltr'><strong>nisi</strong></span> 
     </span>
    </p>
   </div>
   <div class='ocr_carea' id='block_1_107' title="bbox 2091 4762 3668 4838">
    <p class='ocr_par' dir='ltr' id='par_1_107' title="bbox 2091 4762 3668 4838">
     <span class='ocr_line' id='line_1_109' title="bbox 2091 4762 3668 4838; baseline -0.003 -15"><span class='ocrx_word' id='word_1_892' title='bbox 2091 4769 2406 4838; x_wconf 85' lang='lat' dir='ltr'><strong>unigenitus</strong></span> <span class='ocrx_word' id='word_1_893' title='bbox 2439 4762 2613 4820; x_wconf 87' lang='lat' dir='ltr'><strong>Filius</strong></span> <span class='ocrx_word' id='word_1_894' title='bbox 2651 4766 2783 4831; x_wconf 89' lang='lat' dir='ltr'><strong>Dei,</strong></span> <span class='ocrx_word' id='word_1_895' title='bbox 2828 4764 3090 4819; x_wconf 91' lang='lat' dir='ltr'><strong>Dominus</strong></span> <span class='ocrx_word' id='word_1_896' title='bbox 3141 4780 3291 4819; x_wconf 91' lang='lat' dir='ltr'><strong>meus</strong></span> <span class='ocrx_word' id='word_1_897' title='bbox 3322 4763 3478 4819; x_wconf 86' lang='lat' dir='ltr'><strong>Jesus</strong></span> <span class='ocrx_word' id='word_1_898' title='bbox 3511 4764 3668 4818; x_wconf 87' lang='lat' dir='ltr'><strong>Chri-</strong></span> 
     </span>
    </p>
   </div>
   <div class='ocr_carea' id='block_1_108' title="bbox 2089 4856 3741 4929">
    <p class='ocr_par' dir='ltr' id='par_1_108' title="bbox 2089 4856 3741 4929">
     <span class='ocr_line' id='line_1_110' title="bbox 2089 4856 3741 4929; baseline -0.004 -13"><span class='ocrx_word' id='word_1_899' title='bbox 2089 4860 2243 4916; x_wconf 86' lang='lat' dir='ltr'><strong>stus?</strong></span> <span class='ocrx_word' id='word_1_900' title='bbox 2273 4859 2390 4929; x_wconf 92' lang='lat' dir='ltr'><strong>Ipse</strong></span> <span class='ocrx_word' id='word_1_901' title='bbox 2424 4859 2569 4914; x_wconf 88' lang='lat' dir='ltr'><strong>solus</strong></span> <span class='ocrx_word' id='word_1_902' title='bbox 2598 4868 2679 4913; x_wconf 89' lang='lat' dir='ltr'><strong>est</strong></span> <span class='ocrx_word' id='word_1_903' title='bbox 2719 4858 2895 4912; x_wconf 89' lang='lat' dir='ltr'><strong>hostia</strong></span> <span class='ocrx_word' id='word_1_904' title='bbox 2940 4872 3038 4926; x_wconf 91' lang='lat' dir='ltr'><strong>pro</strong></span> <span class='ocrx_word' id='word_1_905' title='bbox 3063 4857 3321 4927; x_wconf 86' lang='lat' dir='ltr'><strong>peccatis,</strong></span> <span class='ocrx_word' id='word_1_906' title='bbox 3354 4865 3409 4909; x_wconf 90' lang='lat' dir='ltr'><strong>et</strong></span> <span class='ocrx_word' id='word_1_907' title='bbox 3441 4856 3553 4926; x_wconf 90' lang='lat' dir='ltr'><strong>ipse</strong></span> <span class='ocrx_word' id='word_1_908' title='bbox 3585 4865 3669 4910; x_wconf 92' lang='lat' dir='ltr'><strong>est</strong></span> <span class='ocrx_word' id='word_1_909' title='bbox 3738 4880 3741 4883; x_wconf 93' lang='grc'><strong>·</strong></span> 
     </span>
    </p>
   </div>
   <div class='ocr_carea' id='block_1_109' title="bbox 2092 4948 3665 5016">
    <p class='ocr_par' dir='ltr' id='par_1_109' title="bbox 2092 4948 3665 5016">
     <span class='ocr_line' id='line_1_111' title="bbox 2092 4948 3665 5016; baseline -0.004 -10"><span class='ocrx_word' id='word_1_910' title='bbox 2092 4953 2267 5007; x_wconf 89' lang='lat' dir='ltr'><strong>hostia</strong></span> <span class='ocrx_word' id='word_1_911' title='bbox 2303 4951 2504 5004; x_wconf 87' lang='lat' dir='ltr'><strong>Sancta</strong></span> <span class='ocrx_word' id='word_1_912' title='bbox 2542 4958 2881 5003; x_wconf 90' lang='lat' dir='ltr'><strong>sanctorum.</strong></span> <span class='ocrx_word' id='word_1_913' title='bbox 2940 4948 3045 5002; x_wconf 89' lang='lat' dir='ltr'><strong>Sed</strong></span> <span class='ocrx_word' id='word_1_914' title='bbox 3081 4949 3222 5016; x_wconf 89' lang='lat' dir='ltr'><strong>quod</strong></span> <span class='ocrx_word' id='word_1_915' title='bbox 3274 4948 3463 5001; x_wconf 88' lang='lat' dir='ltr'><strong>addit:</strong></span> <span class='ocrx_word' id='word_1_916' title='bbox 3506 4966 3525 4998; x_wconf 75' lang='grc' dir='ltr'><strong>ι</strong></span> <span class='ocrx_word' id='word_1_917' title='bbox 3558 4948 3665 5001; x_wconf 84' lang='lat' dir='ltr'><strong>Sa-</strong></span> 
     </span>
    </p>
   </div>
   <div class='ocr_carea' id='block_1_110' title="bbox 2091 5038 3668 5111">
    <p class='ocr_par' dir='ltr' id='par_1_110' title="bbox 2091 5038 3668 5111">
     <span class='ocr_line' id='line_1_112' title="bbox 2091 5038 3668 5111; baseline -0.001 -13"><span class='ocrx_word' id='word_1_918' title='bbox 2091 5045 2305 5111; x_wconf 89' lang='lat' dir='ltr'><strong>cerdos,</strong></span> <span class='ocrx_word' id='word_1_919' title='bbox 2340 5043 2531 5111; x_wconf 83' lang='lat' dir='ltr'><strong>inquit,</strong></span> <span class='ocrx_word' id='word_1_920' title='bbox 2562 5042 2651 5109; x_wconf 89' lang='lat' dir='ltr'><strong>qui</strong></span> <span class='ocrx_word' id='word_1_921' title='bbox 2687 5038 2846 5097; x_wconf 79' lang='lat' dir='ltr'><strong>oﬂ‘ert</strong></span> <span class='ocrx_word' id='word_1_922' title='bbox 2877 5039 3033 5104; x_wconf 90' lang='lat' dir='ltr'><strong>illud,</strong></span> <span class='ocrx_word' id='word_1_923' title='bbox 3058 5041 3184 5092; x_wconf 90' lang='lat' dir='ltr'><strong>edet</strong></span> <span class='ocrx_word' id='word_1_924' title='bbox 3219 5039 3368 5104; x_wconf 90' lang='lat' dir='ltr'><strong>illud,</strong></span> <span class='ocrx_word' id='word_1_925' title='bbox 3400 5058 3419 5092; x_wconf 75' lang='grc' dir='ltr'><strong>ι</strong></span> <span class='ocrx_word' id='word_1_926' title='bbox 3455 5039 3668 5096; x_wconf 79' lang='lat' dir='ltr'><strong>videtur</strong></span> 
     </span>
    </p>
   </div>
   <div class='ocr_carea' id='block_1_111' title="bbox 2187 5160 3664 5230">
    <p class='ocr_par' dir='ltr' id='par_1_111' title="bbox 2187 5160 3664 5230">
     <span class='ocr_line' id='line_1_113' title="bbox 2187 5160 3664 5230; baseline -0.003 -9"><span class='ocrx_word' id='word_1_927' title='bbox 2187 5169 2233 5199; x_wconf 70' lang='grc'><strong>’³</strong></span> <span class='ocrx_word' id='word_1_928' title='bbox 2268 5167 2306 5221; x_wconf 92' lang='lat' dir='ltr'><strong>ll</strong></span> <span class='ocrx_word' id='word_1_929' title='bbox 2330 5168 2455 5221; x_wconf 89' lang='lat' dir='ltr'><strong>Cor.</strong></span> <span class='ocrx_word' id='word_1_930' title='bbox 2488 5181 2566 5230; x_wconf 86' lang='lat' dir='ltr'><strong>vt,</strong></span> <span class='ocrx_word' id='word_1_931' title='bbox 2600 5166 2685 5220; x_wconf 86' lang='grc'><strong>16.</strong></span> <span class='ocrx_word' id='word_1_932' title='bbox 2764 5164 2810 5197; x_wconf 67' lang='grc'><strong>⁹⁵</strong></span> <span class='ocrx_word' id='word_1_933' title='bbox 2836 5164 2967 5219; x_wconf 90' lang='lat' dir='ltr'><strong>ibid.</strong></span> <span class='ocrx_word' id='word_1_934' title='bbox 2996 5164 3083 5219; x_wconf 89' lang='grc'><strong>18.</strong></span> <span class='ocrx_word' id='word_1_935' title='bbox 3160 5164 3204 5195; x_wconf 78' lang='grc'><strong>⁸⁸</strong></span> <span class='ocrx_word' id='word_1_936' title='bbox 3232 5160 3373 5218; x_wconf 87' lang='lat' dir='ltr'><strong>Psal.</strong></span> <span class='ocrx_word' id='word_1_937' title='bbox 3406 5178 3579 5228; x_wconf 70' lang='lat' dir='ltr'><strong>sxxii,</strong></span> <span class='ocrx_word' id='word_1_938' title='bbox 3610 5162 3664 5217; x_wconf 88' lang='lat'><strong>6.</strong></span> 
     </span>
    </p>
   </div>
   <div class='ocr_carea' id='block_1_112' title="bbox 2092 5356 2959 5428">
    <p class='ocr_par' dir='ltr' id='par_1_112' title="bbox 2092 5356 2959 5428">
     <span class='ocr_line' id='line_1_114' title="bbox 2092 5356 2959 5428; baseline -0.009 -12"><span class='ocrx_word' id='word_1_939' title='bbox 2092 5360 2248 5422; x_wconf 90' lang='lat' dir='ltr'><strong>editi,</strong></span> <span class='ocrx_word' id='word_1_940' title='bbox 2293 5379 2311 5411; x_wconf 79' lang='grc' dir='ltr'><strong>ι</strong></span> <span class='ocrx_word' id='word_1_941' title='bbox 2345 5359 2396 5413; x_wconf 93' lang='lat' dir='ltr'><strong>in</strong></span> <span class='ocrx_word' id='word_1_942' title='bbox 2436 5358 2568 5428; x_wconf 90' lang='lat' dir='ltr'><strong>ipsis</strong></span> <span class='ocrx_word' id='word_1_943' title='bbox 2595 5356 2904 5412; x_wconf 90' lang='lat' dir='ltr'><strong>ambulabo.</strong></span> <span class='ocrx_word' id='word_1_944' title='bbox 2939 5374 2959 5408; x_wconf 72' lang='grc' dir='ltr'><strong>ι</strong></span> 
     </span>
    </p>
   </div>
   <div class='ocr_carea' id='block_1_113' title="bbox 2159 5444 3667 5574">
    <p class='ocr_par' dir='ltr' id='par_1_113' title="bbox 2159 5444 3667 5574">
     <span class='ocr_line' id='line_1_115' title="bbox 2159 5444 3667 5574; baseline -0.004 -70"><span class='ocrx_word' id='word_1_945' title='bbox 2159 5452 2270 5574; x_wconf 51' lang='grc'><strong>(⁸17)</strong></span> <span class='ocrx_word' id='word_1_946' title='bbox 2311 5450 2453 5506; x_wconf 88' lang='lat' dir='ltr'><strong>Idem</strong></span> <span class='ocrx_word' id='word_1_947' title='bbox 2511 5466 2637 5517; x_wconf 91' lang='lat' dir='ltr'><strong>ms.,</strong></span> <span class='ocrx_word' id='word_1_948' title='bbox 2681 5468 2700 5502; x_wconf 75' lang='grc' dir='ltr'><strong>ι</strong></span> <span class='ocrx_word' id='word_1_949' title='bbox 2738 5451 2911 5505; x_wconf 88' lang='lat' dir='ltr'><strong>addit.</strong></span> <span class='ocrx_word' id='word_1_950' title='bbox 2960 5466 2979 5500; x_wconf 76' lang='grc' dir='ltr'><strong>ι</strong></span> <span class='ocrx_word' id='word_1_951' title='bbox 3033 5446 3188 5501; x_wconf 89' lang='lat' dir='ltr'><strong>Libb.</strong></span> <span class='ocrx_word' id='word_1_952' title='bbox 3230 5444 3381 5508; x_wconf 88' lang='lat' dir='ltr'><strong>editi,</strong></span> <span class='ocrx_word' id='word_1_953' title='bbox 3427 5462 3445 5494; x_wconf 76' lang='grc' dir='ltr'><strong>ι</strong></span> <span class='ocrx_word' id='word_1_954' title='bbox 3485 5445 3667 5498; x_wconf 88' lang='lat' dir='ltr'><strong>adlmc</strong></span> 
     </span>
     <span class='ocr_line' id='line_1_116' title="bbox 2159 5539 2286 5574; baseline 0 0"><span class='ocrx_word' id='word_1_955' title='bbox 2159 5542 2170 5574; x_wconf 93' lang='grc' dir='ltr'><strong>ι</strong></span> <span class='ocrx_word' id='word_1_956' title='bbox 2195 5539 2233 5574; x_wconf 85' lang='grc' dir='ltr'><strong>Ι.</strong></span> <span class='ocrx_word' id='word_1_957' title='bbox 2267 5541 2286 5574; x_wconf 72' lang='grc' dir='ltr'><strong>ι</strong></span> 
     </span>
    </p>
   </div>
   <div class='ocr_carea' id='block_1_114' title="bbox 2084 5537 2286 5576">
    <p class='ocr_par' dir='ltr' id='par_1_114' title="bbox 2084 5537 2286 5576">
     <span class='ocr_line' id='line_1_117' title="bbox 2084 5537 2286 5576; baseline -0.005 -1"><span class='ocrx_word' id='word_1_958' title='bbox 2084 5537 2233 5576; x_wconf 72' lang='grc'><strong>311111.</strong></span> <span class='ocrx_word' id='word_1_959' title='bbox 2267 5541 2286 5574; x_wconf 71' lang='lat' dir='ltr'><strong>D</strong></span> 
     </span>
    </p>
   </div>
   <div class='ocr_carea' id='block_1_115' title="bbox 2083 5603 3661 5736">
    <p class='ocr_par' dir='ltr' id='par_1_115' title="bbox 2083 5603 3661 5736">
     <span class='ocr_line' id='line_1_118' title="bbox 2083 5603 3661 5736; baseline -0.018 -64"><span class='ocrx_word' id='word_1_960' title='bbox 2083 5683 2116 5736; x_wconf 61' lang='grc' dir='ltr'><strong>Γ</strong></span> <span class='ocrx_word' id='word_1_961' title='bbox 2158 5613 2269 5683; x_wconf 85' lang='grc'><strong>(18)</strong></span> <span class='ocrx_word' id='word_1_962' title='bbox 2312 5612 2435 5678; x_wconf 83' lang='lat' dir='ltr'><strong>Ms.,</strong></span> <span class='ocrx_word' id='word_1_963' title='bbox 2484 5630 2503 5663; x_wconf 70' lang='grc' dir='ltr'><strong>ι</strong></span> <span class='ocrx_word' id='word_1_964' title='bbox 2534 5610 2915 5681; x_wconf 70' lang='grc' dir='ltr'><strong>ερὶιίιυειΙεε.»</strong></span> <span class='ocrx_word' id='word_1_965' title='bbox 2967 5607 3124 5661; x_wconf 88' lang='lat' dir='ltr'><strong>Libb.</strong></span> <span class='ocrx_word' id='word_1_966' title='bbox 3170 5603 3331 5671; x_wconf 89' lang='lat' dir='ltr'><strong>editi,</strong></span> <span class='ocrx_word' id='word_1_967' title='bbox 3383 5621 3399 5653; x_wconf 79' lang='grc' dir='ltr'><strong>ι</strong></span> <span class='ocrx_word' id='word_1_968' title='bbox 3438 5604 3661 5672; x_wconf 52' lang='grc' dir='ltr'><strong>ειιίινίιη-</strong></span> 
     </span>
     <span class='ocr_line' id='line_1_119' title="bbox 2106 5696 2273 5736; baseline 0 0"><span class='ocrx_word' id='word_1_969' title='bbox 2106 5696 2226 5736; x_wconf 82' lang='lat' dir='ltr'><strong>iter.</strong></span> <span class='ocrx_word' id='word_1_970' title='bbox 2255 5703 2273 5736; x_wconf 73' lang='grc' dir='ltr'><strong>ι</strong></span> 
     </span>
    </p>
   </div>
   <div class='ocr_carea' id='block_1_116' title="bbox 2106 5696 2273 5738">
    <p class='ocr_par' dir='ltr' id='par_1_116' title="bbox 2106 5696 2273 5738">
     <span class='ocr_line' id='line_1_120' title="bbox 2106 5696 2273 5738; baseline -0.006 -2"><span class='ocrx_word' id='word_1_971' title='bbox 2106 5696 2226 5738; x_wconf 84' lang='lat' dir='ltr'><strong>Iter.</strong></span> <span class='ocrx_word' id='word_1_972' title='bbox 2255 5703 2273 5736; x_wconf 72' lang='grc' dir='ltr'><strong>ι</strong></span> 
     </span>
    </p>
   </div>
   <div class='ocr_carea' id='block_1_117' title="bbox 2154 5759 3657 5843">
    <p class='ocr_par' dir='ltr' id='par_1_117' title="bbox 2154 5759 3657 5843">
     <span class='ocr_line' id='line_1_121' title="bbox 2154 5759 3657 5843; baseline -0.009 -14"><span class='ocrx_word' id='word_1_973' title='bbox 2154 5773 2265 5843; x_wconf 89' lang='grc'><strong>(19)</strong></span> <span class='ocrx_word' id='word_1_974' title='bbox 2309 5772 2432 5835; x_wconf 84' lang='lat' dir='ltr'><strong>Ms.,</strong></span> <span class='ocrx_word' id='word_1_975' title='bbox 2467 5792 2486 5825; x_wconf 77' lang='grc' dir='ltr'><strong>ι</strong></span> <span class='ocrx_word' id='word_1_976' title='bbox 2512 5773 2726 5837; x_wconf 81' lang='lat' dir='ltr'><strong>oﬂ‘cret,</strong></span> <span class='ocrx_word' id='word_1_977' title='bbox 2753 5789 2772 5821; x_wconf 78' lang='grc' dir='ltr'><strong>ι</strong></span> <span class='ocrx_word' id='word_1_978' title='bbox 2802 5778 2855 5825; x_wconf 87' lang='lat' dir='ltr'><strong>et</strong></span> <span class='ocrx_word' id='word_1_979' title='bbox 2895 5763 3055 5836; x_wconf 89' lang='lat' dir='ltr'><strong>paulo</strong></span> <span class='ocrx_word' id='word_1_980' title='bbox 3089 5771 3233 5833; x_wconf 88' lang='lat' dir='ltr'><strong>post,</strong></span> <span class='ocrx_word' id='word_1_981' title='bbox 3259 5781 3278 5813; x_wconf 74' lang='grc' dir='ltr'><strong>ι</strong></span> <span class='ocrx_word' id='word_1_982' title='bbox 3306 5761 3414 5826; x_wconf 89' lang='lat' dir='ltr'><strong>ille,</strong></span> <span class='ocrx_word' id='word_1_983' title='bbox 3444 5759 3657 5829; x_wconf 61' lang='lat' dir='ltr'><strong>Opinor,</strong></span> 
     </span>
    </p>
   </div>
   <div class='ocr_carea' id='block_1_118' title="bbox 2082 5846 2527 5913">
    <p class='ocr_par' dir='ltr' id='par_1_118' title="bbox 2082 5846 2527 5913">
     <span class='ocr_line' id='line_1_122' title="bbox 2082 5846 2527 5913; baseline -0.004 -16"><span class='ocrx_word' id='word_1_984' title='bbox 2082 5847 2173 5913; x_wconf 88' lang='lat' dir='ltr'><strong>qui</strong></span> <span class='ocrx_word' id='word_1_985' title='bbox 2209 5860 2314 5899; x_wconf 89' lang='lat' dir='ltr'><strong>non</strong></span> <span class='ocrx_word' id='word_1_986' title='bbox 2355 5846 2483 5898; x_wconf 80' lang='lat' dir='ltr'><strong>exit.</strong></span> <span class='ocrx_word' id='word_1_987' title='bbox 2510 5864 2527 5895; x_wconf 75' lang='grc' dir='ltr'><strong>ι</strong></span> 
     </span>
    </p>
   </div>
  </div>
