4124 6460
419 432 516 485 651

1887 423 2044 480 ORIG
2057 423 2208 479 Ele

3582 431 3690 486 452

420 548 634 603 dillicile
671 563 791 602 esse
839 549 906 601 ad
944 546 1280 601 intellectum
1329 545 1464 617 (20).
1513 544 1646 599 Illud
1682 546 1826 599 enim
1861 519 2007 613 quod
2039 551 2079 603 Α
2111 560 2232 597 eum
2259 546 2279 577 ⁸
2318 563 2330 599 :
2373 565 2391 597 ι
2423 545 2598 601 Locus
2651 547 2795 602 enim
2849 549 2899 602 in
2951 564 3061 618 quo
3116 559 3261 613 stas,
3301 559 3445 602 terra
3497 559 3687 604 sancta

420 645 692 697 edendum
727 641 881 702 dicit,
914 641 980 693 ad
1014 649 1296 709 peccaturo
1336 638 1530 692 referri
1580 639 1790 692 videtur
1821 659 1831 691 :
1866 637 2008 689 sicut

421 747 477 789 et
533 735 662 788 alibi
720 733 853 786 dicit
917 733 983 786 de
1055 730 1443 785 sacerdotibus
1501 731 1762 798 propheta
1795 729 1834 792 ',
1881 728 2006 796 quia

427 847 446 879 ι
478 837 696 896 peccata
741 824 920 894 populi
969 825 1074 877 mei
1129 823 1558 877 manducalumt.
1589 841 1607 872 ι
1643 820 1794 875 Unde
1831 831 1884 874 ct
1920 821 2008 875 llic

423 920 663 975 Ostendit
726 918 1071 972 sacerdotcnt
1149 925 1436 984 peccatum
1491 912 1770 967 oll'crentis
1826 930 2009 969 (ruino-

422 1011 550 1064 dere
590 1010 813 1062 debere.
846 1007 1001 1075 Saepe
1037 1006 1378 1060 ostendinms
1408 1020 1473 1058 ex
1520 1005 1720 1058 divinis
1756 1005 2007 1074 Scriptu—

424 1103 522 1164 ris,
553 1101 834 1156 Christum
892 1115 1013 1154 esse
1057 1109 1111 1154 et
1167 1098 1400 1153 hostiam
1452 1114 1574 1166 qua:
1627 1114 1724 1166 pro
1783 1108 2007 1168 peccato

425 1196 611 1249 mundi
657 1194 904 1256 ollertur,
938 1203 990 1247 et
1019 1192 1364 1246 sacerdotem
1397 1191 1486 1260 qui
1523 1191 1714 1244 offerat
1749 1191 2002 1245 hostiam.

425 1285 577 1352 Quod
624 1300 731 1340 uno
786 1285 952 1339 Verbo
1003 1284 1299 1352 Apostolus
1343 1283 1639 1352 explicavit
1686 1282 1835 1353 (2|),
1882 1299 2004 1337 cum

426 1379 555 1434 dicit
581 1383 638 1433 ’τ
676 1400 692 1430 ι
730 1380 830 1446 Qui
880 1379 1120 1447 seipsum
1159 1379 1358 1431 obtulit
1396 1380 1520 1432 Deo.
1549 1398 1566 1428 ι
1607 1378 1703 1433 llic
1747 1395 1875 1448 ergo
1922 1389 2008 1434 est

426 1473 704 1536 sacerdos,
732 1472 822 1540 qui
863 1480 1082 1540 peccata
1140 1471 1318 1540 pepuli
1351 1472 1584 1524 comedit
1630 1481 1682 1524 et
1714 1472 2002 1539 consumit,

425 1563 494 1616 de
517 1580 624 1628 quo
656 1564 855 1616 dictum
891 1572 970 1615 est
999 1560 1019 1591 ³
1047 1579 1059 1613 :
1097 1580 1115 1611 ε
1152 1560 1227 1613 Tu
1263 1577 1322 1615 es
1355 1565 1610 1615 sacerdos
1659 1564 1711 1614 in
1744 1572 2003 1617 aeternum

428 1655 723 1708 secundum
768 1655 1012 1708 ordinem
1066 1651 1486 1719 Melchisedech.
1517 1673 1534 1704 ι
1574 1655 1828 1707 Salvator
1875 1671 2004 1723 ergo

429 1758 484 1800 ct
532 1747 792 1800 Dominus
839 1760 990 1798 meus
1035 1756 1257 1812 peccata
1317 1746 1495 1812 populi
1542 1746 1672 1799 edit.
1721 1747 2004 1814 Quomodo

426 1839 538 1891 edit
595 1846 817 1906 peccata
882 1835 1105 1903 populi?
1154 1837 1278 1888 audi
1339 1835 1469 1904 quid
1530 1836 1794 1904 scriptum
1857 1847 2000 1892 est:

431 1949 451 1981 ε
495 1929 663 1990 Deus,
712 1927 960 1996 inquit",
1008 1938 1213 1989 noster,
1256 1927 1393 1996 ignis
1458 1944 1786 1983 Cons-umens
1837 1940 1944 1984 est.
1979 1951 1996 1983 ι

427 2021 565 2088 Quid
590 2019 858 2073 consumit
894 2018 1033 2072 Deus
1063 2019 1238 2084 ignis?
1272 2017 1517 2087 Nunquid
1552 2031 1658 2074 tam
1694 2023 1859 2091 inepti
1891 2024 2004 2093 (2‘2)

429 2113 654 2175 erimus,
685 2121 742 2163 ut
785 2119 1038 2180 putemus
1064 2110 1206 2180 quod
1247 2110 1388 2163 Dens
1436 2113 1575 2177 ignis
1626 2113 1767 2183 ligna
1811 2131 2008 2169 consu-

428 2215 566 2269 mat,
595 2214 687 2257 aut
717 2202 996 2272 stipulam,
1044 2211 1139 2256 aut
1181 2201 1398 2258 fenum?
1428 2204 1532 2258 Sed
1561 2206 1832 2260 consumit
1866 2207 2007 2261 Dens

431 2299 574 2369 ignis
609 2298 843 2350 humana
895 2306 1138 2365 peccata,
1190 2295 1279 2349 illa
1329 2298 1588 2360 ab~umit,
1633 2300 1722 2352 illa
1761 2301 2004 2364 devorat,

431 2391 519 2444 illa
569 2397 798 2460 purgat,
832 2387 1131 2443 secundum
1178 2390 1320 2457 quod
1363 2399 1415 2443 et
1463 2391 1588 2444 alibi
1623 2392 1754 2445 dicit
1785 2393 1804 2424 "
1835 2411 1846 2446 :
1893 2413 1910 2444 ι
1944 2393 2009 2447 Ει

426 2483 670 2552 purgabo
698 2492 751 2536 te
785 2479 895 2551 igni
952 2482 1017 2533 ad
1059 2495 1276 2549 purum.
1307 2500 1325 2533 ι
1376 2481 1490 2536 Iloc
1545 2493 1627 2537 cst
1677 2485 2007 2540 manducare

433 2586 714 2644 peccatum
750 2572 868 2641 ejus
908 2573 999 2642 qui
1037 2572 1197 2628 oII'ert
1233 2573 1564 2628 sacriﬁcium
1611 2589 1708 2641 pro
1755 2583 2003 2644 peccato.

429 2665 545 2736 Ipse
580 2667 723 2721 enim
764 2676 982 2736 peccata
1017 2677 1202 2721 nostra
1239 2667 1498 2734 suscepit,
1527 2675 1582 2720 et
1621 2667 1675 2720 iu
1708 2668 2007 2737 semetipso

425 2779 490 2818 ea
524 2770 781 2831 tanquam
823 2761 963 2832 ignis
999 2760 1237 2816 comedit
1275 2773 1329 2816 et
1357 2761 1620 2815 absumit.
1651 2761 1744 2816 Sic
1774 2761 2010 2831 denique

428 2853 743 2908 econtrario
782 2867 876 2906 eos
924 2853 1014 2920 qui
1067 2862 1391 2921 permanent
1440 2852 1490 2905 iu
1543 2855 1813 2921 peccatis,
1863 2868 2009 2907 mors

424 2943 632 3000 dicitur
674 2944 1004 3015 dcglutisse,
1051 2946 1195 2998 sicut
1245 2946 1513 3014 scriptum
1570 2953 1654 2998 est
1700 2959 1715 2998 :
1754 2960 1772 2994 ι
1812 2943 2006 3012 Deglu-

429 3038 528 3089 tiet
562 3035 676 3106 (35)
712 3051 859 3088 mors
890 3033 1206 3105 pr.cvalens.
1240 3054 1258 3086 ›
1296 3035 1406 3090 IIoc
1437 3045 1568 3106 puto
1614 3051 1736 3091 esse
1775 3037 1919 3104 quod
1955 3035 2006 3089 itt

427 3129 720 3199 Evangelio
747 3128 1000 3182 Salvator
1030 3129 1245 3183 diccbat
1269 3129 1329 3183 σε
1365 3147 1382 3180 ι
1414 3129 1594 3198 Ignem
1631 3128 1751 3182 veni
1790 3128 2009 3182 mittere

2111 646 2214 690 est.
2259 657 2278 690 ι
2318 635 2583 692 Similiter
2609 654 2737 709 ergo
2781 650 2833 694 et
2875 642 2926 695 in
2963 641 3204 696 Ecclesia
3241 642 3329 694 Dei
3369 641 3518 696 locus
3564 657 3690 696 san-

2111 737 2231 782 ctus
2265 738 2379 793 est,
2431 729 2564 783 ﬁdes
2601 729 2839 798 perfecta
2864 771 2878 796 ,
2923 731 3167 785 cbaritas
3213 732 3277 784 de
3327 731 3494 785 corde
3530 747 3686 800 puro,

2110 829 2163 874 et
2195 820 2530 874 conscientia
2559 821 2723 874 bona.
2761 821 2863 887 Qui
2899 823 2950 875 in
2987 823 3070 876 bis
3107 832 3212 876 stat
3248 823 3300 876 itt
3327 823 3598 886 Ecclesia,
3634 827 3686 877 in

2112 917 2230 966 loco
2265 923 2454 967 sancto
2480 925 2626 968 stare
2652 930 2710 968 se
2748 926 3028 985 agnoscat.
3057 916 3241 986 Neque
3273 917 3416 969 enim
3457 918 3508 970 iu
3542 928 3687 970 terra

2112 1005 2440 1074 qtucrendus
2479 1017 2557 1060 est
2593 1008 2744 1062 locus
2775 1020 3019 1072 sanctus,
3056 1009 3108 1062 in
3153 1025 3318 1078 quam
3363 1008 3528 1063 semel
3561 1010 3686 1062 data

2110 1099 2380 1151 sententia
2433 1109 2516 1152 est
2563 1115 2591 1152 a
2641 1101 2748 1154 Deo
2795 1100 3115 1155 dicente“:
3159 1121 3175 1151 ι
3207 1100 3491 1154 Maledicta
3542 1110 3686 1154 terra

2111 1189 2164 1243 in
2199 1188 2455 1258 cperibus
2491 1190 2596 1243 tuis
2627 1188 2761 1264 (9.5).
2792 1211 2811 1243 ι
2858 1191 3017 1247 Fides
3045 1207 3176 1262 ergo
3228 1193 3438 1262 integra
3471 1202 3525 1247 et
3567 1209 3690 1246 san-

2110 1292 2196 1338 cta
2231 1285 2597 1348 conversatio,
2643 1284 2791 1338 locus
2833 1296 2916 1339 est
2955 1297 3196 1340 sanctus.
3250 1285 3304 1338 In
3362 1287 3463 1339 boc
3507 1287 3688 1354 itaque

2113 1376 2231 1430 loco
2303 1377 2514 1445 positus
2570 1377 2828 1431 sacerdos
2886 1377 3174 1441 Ecclesize,
3226 1379 3409 1446 populi
3469 1390 3683 1446 peccata

2110 1475 2432 1530 consumat,
2478 1476 2536 1520 ιιι
2575 1466 2805 1519 hostiam
2850 1467 3107 1538 jugulans
3154 1470 3303 1521 verbi
3346 1469 3460 1532 Dei,
3500 1479 3553 1520 et
3587 1473 3682 1523 do-

2110 1560 2302 1614 ctrina:
2334 1575 2479 1614 same
2508 1559 2761 1612 victimas
2803 1558 3057 1624 oﬂ'erens,
3083 1561 3248 1632 208
3289 1575 3480 1631 purget
3510 1579 3536 1615 a
3571 1578 3685 1632 pec-

2111 1653 2250 1706 catis
2293 1652 2659 1707 conscientias
2693 1652 3027 1706 auditorum.
3087 1653 3219 1707 Edet
3265 1654 3376 1723 (26)
3413 1672 3546 1724 ergo
3595 1671 3683 1709 sa-

2111 1745 2304 1799 cerdos
2335 1759 2530 1798 carnes
2562 1743 2816 1798 sacriﬁcii
2861 1744 2913 1798 in
2961 1747 3098 1798 atrio
3154 1745 3487 1801 tabernaculi
3537 1749 3684 1802 testi-

2114 1837 2316 1900 monii,
2364 1852 2484 1890 cunt
2539 1833 2840 1903 intelligere
2889 1838 3127 1903 potuerit
3173 1853 3293 1906 qua:
3343 1841 3413 1892 sit
3452 1841 3586 1893 ratio
3633 1842 3685 1893 in

2110 1928 2214 1992 Itis,
2256 1945 2440 1997 qmeve
2491 1929 2784 1998 mysteria,
2829 1944 2948 1995 qua:
2997 1930 3384 1984 describuntur
3424 1935 3489 1984 dc
3535 1934 3688 1988 atriis

2112 2023 2445 2077 tabernaculi
2481 2023 2798 2078 testimonii.
2836 2023 2914 2075 Ad
2956 2022 3069 2076 lure
3109 2026 3255 2075 enim
3291 2024 3427 2076 atria
3474 2036 3681 2078 secreta

2109 2125 2164 2168 et
2212 2115 2488 2170 recondita
2531 2117 2710 2170 nullus
2740 2115 2981 2176 accedit,
3031 2114 3158 2167 nulli
3207 2118 3320 2168 lucc
3363 2117 3464 2169 nisi
3502 2131 3681 2170 sacer-

2112 2208 2328 2262 dotibus
2362 2217 2616 2275 pateant:
2647 2209 2690 2262 si
2732 2215 2912 2260 tamen
2951 2215 3204 2273 pateant,
3247 2208 3290 2261 si
3323 2210 3546 2262 scientia
3591 2225 3685 2264 sua

2112 2307 2166 2352 ct
2209 2299 2484 2354 intellectu
2523 2301 2754 2371 mystico
2789 2299 3066 2366 potuerint
3106 2314 3292 2353 eorum
3341 2309 3554 2353 secreta
3588 2317 3682 2370 pe-

2114 2402 2348 2446 netrare.
2376 2391 2501 2446 Scio
2527 2403 2704 2445 autem
2729 2406 2850 2445 esse
2876 2400 2928 2443 et
2957 2392 3061 2444 alia
3086 2391 3333 2460 quaedam
3361 2393 3411 2444 in
3441 2392 3686 2447 Ecclesia

2111 2487 2368 2555 dogmata
2415 2488 2736 2553 secretiora,
2765 2503 2884 2557 qua:
2924 2487 3076 2540 adire
3117 2501 3216 2540 nec
3264 2486 3394 2556 ipsis
3429 2488 3683 2542 sacerdo-

2116 2575 2256 2632 tibus
2286 2577 2463 2631 Iiceat.
2490 2576 2584 2631 Illa
2608 2579 2750 2642 dico,
2780 2579 2866 2632 ubi
2897 2593 3022 2631 arca
3055 2579 3383 2638 reconditur,
3411 2579 3498 2632 ubi
3526 2595 3684 2643 urna,

2115 2669 2203 2722 ubi
2261 2685 2456 2722 manna
2510 2679 2565 2724 et
2613 2671 2808 2724 tabulae
2865 2672 3194 2726 testamenti.
3259 2670 3386 2726 Illuc
3451 2687 3518 2726 ne
3556 2673 3686 2742 ipsis

2115 2763 2333 2829 quidem
2374 2763 2749 2816 sacerdotibus
2793 2765 2956 2817 datur
2988 2778 3269 2826 accessus,
3308 2764 3400 2818 sed
3434 2765 3523 2817 uni
3566 2774 3686 2818 tan-

2115 2858 2225 2902 tum
2277 2850 2557 2918 pontiﬁci,
2601 2861 2655 2904 et
2703 2852 2826 2906 buic
2869 2853 3035 2907 semel
3086 2854 3138 2906 in
3183 2869 3325 2907 anno
3367 2855 3530 2908 certis
3564 2853 3687 2923 qui-

2114 2939 2326 3008 busque
2351 2950 2406 2996 et
2436 2943 2681 3012 mysticis
2707 2945 3174 3012 puriﬁcationibus
3196 2946 3518 2999 conceditur
3543 2945 3685 2999 istud

2117 3031 2324 3085 intrare
2356 3043 2650 3087 secretum.
2690 3031 2828 3088 Sunt
2868 3046 2924 3090 et
2967 3035 3066 3089 alia
3101 3035 3358 3089 Ecclesia:
3405 3037 3682 3104 dogmata,

2114 3123 2181 3176 ad
2235 3139 2357 3190 qua:
2403 3135 2632 3194 possunt
2677 3127 2960 3193 pervenire
3000 3127 3164 3180 etiam
3204 3125 3430 3188 Levita,
3473 3127 3562 3180 sed
3607 3127 3690 3179 in-

430 3223 484 3278 in
528 3231 752 3285 terram,
796 3230 850 3275 et
896 3235 1060 3289 quam
1110 3222 1230 3276 volo
1277 3229 1334 3274 ut
1381 3220 1736 3275 accendatur.
1763 3237 1780 3270 ι
1831 3219 2084 3296 Atquec
2117 3215 2314 3270 l'eriora
2349 3225 2476 3270 sunt
2508 3218 2575 3270 ab
2627 3217 2712 3270 bis
2761 3232 2883 3284 qua
2928 3217 3309 3271 sacer-detibus
3355 3215 3508 3270 adire
3553 3230 3688 3269 con-

430 3315 640 3368 utinam
691 3324 745 3368 et
797 3331 916 3369 mea
965 3325 1107 3370 terra
1162 3316 1499 3368 accendatur
1541 3312 1651 3382 igni
1705 3312 1912 3375 divino,
1951 3320 2011 3365 ut

432 3405 572 3460 ultra
608 3420 713 3458 non
762 3403 954 3457 all'erat
992 3404 1174 3473 spinas
1203 3411 1256 3456 et
1289 3402 1538 3456 tribulos.
1589 3401 1680 3454 Sic
1710 3400 2012 3470 intelligere

432 3495 598 3549 debes
636 3503 690 3547 et
724 3494 880 3558 illud,
921 3493 1070 3561 quod
1115 3492 1380 3560 scriptum
1437 3492 1564 3545 est’
1609 3509 1623 3546 :
1669 3509 1688 3541 ε
1730 3490 1874 3560 Ignis
1916 3507 2011 3545 ac-

431 3600 633 3640 census
677 3593 764 3638 est
810 3586 877 3638 ab
925 3585 1002 3638 ira
1046 3599 1187 3646 mea,
1228 3585 1473 3638 comedet
1515 3595 1716 3637 terram
1755 3591 1811 3636 et
1849 3597 2014 3652 gene-

431 3699 672 3755 rationes
705 3699 842 3768 ejus.
869 3716 887 3750 ι
947 3696 1088 3751 Dicit
1137 3711 1268 3764 ergo
1311 3695 1399 3749 lex
1433 3696 1454 3727 ⁸
1486 3710 1499 3747 :
1537 3712 1557 3746 ι
1589 3695 1862 3749 Sacerdos
1916 3695 2010 3764 qui

429 3790 718 3853 obtulerit,
745 3795 869 3844 edet
915 3789 1042 3843 illud
1074 3788 1125 3840 iu
1157 3787 1278 3843 loco
1311 3797 1524 3853 sancto,
1571 3789 1625 3840 in
1655 3786 1797 3841 atrio
1838 3786 2014 3839 taber-

432 3883 610 3938 naculi
649 3882 964 3936 testimonii.
996 3900 1014 3932 ι
1069 3881 1421 3949 Consequens
1468 3879 1611 3932 enim
1659 3888 1780 3944 est,
1827 3887 1883 3931 ιιι
1922 3893 2007 3931 se-

429 3976 668 4031 cundum
712 3975 1003 4044 imaginem
1039 3973 1158 4043 ejus
1200 3973 1292 4042 qui
1335 3971 1701 4025 sacerdotium
1755 3968 2012 4026 Ecclesia:

429 4070 602 4133 dedit,
642 4069 806 4123 etiam
845 4067 1081 4122 ministri
1127 4077 1182 4119 et
1228 4063 1544 4119 sacerdotes
1592 4061 1704 4133 (24)
1757 4061 2012 4117 Ecclesia:

430 4171 655 4235 peccata
703 4160 885 4232 populi
925 4159 1224 4227 accipiant,
1274 4164 1328 4209 et
1379 4155 1482 4224 ipsi
1533 4154 1809 4207 imitantes
1843 4153 2013 4221 magi-

430 4267 636 4319 strum,
681 4251 1060 4309 remissionem
1109 4259 1459 4320 peccatorum
1507 4246 1702 4316 populo
1751 4247 2011 4300 tribuant.

429 4345 641 4402 Debent
677 4360 807 4414 ergo
853 4353 906 4398 et
956 4343 1058 4412 ipsi
1118 4341 1378 4396 Ecclesia:
1425 4340 1736 4392 sacerdotes
1772 4339 1846 4391 ita
1891 4353 2014 4406 per-

430 4437 555 4492 fecti
598 4453 739 4500 esse,
777 4449 830 4490 et
875 4437 930 4491 in
961 4434 1152 4490 olliciis
1183 4448 1398 4501 semper
1431 4430 1863 4485 sacerdotalibus
1895 4447 2016 4485 eru-

429 4529 551 4592 diti,
589 4538 646 4580 ut
677 4538 898 4596 peccata
931 4527 1114 4596 populi
1157 4526 1212 4579 in
1253 4525 1369 4578 loco
1399 4533 1614 4588 sancto,
1663 4522 1715 4574 in
1749 4523 1906 4576 atriis
1935 4532 2009 4574 ta-

429 4621 711 4675 bernaculi
757 4620 1108 4683 testimonii,
1155 4619 1258 4686 ipsi
1323 4632 1430 4670 non
1485 4616 1758 4684 peccando
1807 4631 2006 4669 consu-

430 4719 605 4764 mant.
648 4709 788 4775 Quid
820 4720 1001 4763 autem
1031 4719 1115 4763 est
1161 4709 1212 4761 in
1267 4706 1386 4760 loco
1431 4718 1624 4759 sancto
1672 4706 2008 4759 manducare

429 4805 755 4874 peccatum?
805 4804 982 4857 Locus
1029 4810 1149 4856 erat
1189 4810 1443 4864 sanctus,
1493 4799 1546 4852 in
1598 4815 1758 4867 quem
1811 4813 2004 4868 perve-

431 4904 591 4950 nerat
662 4895 909 4965 Moyses,
965 4896 1261 4949 secundum
1326 4891 1468 4961 quod
1529 4892 1732 4945 dictum
1793 4900 1881 4945 est
1939 4893 2006 4943 ad

505 5035 522 5066 ¹
562 5034 688 5088 Ose.
721 5051 791 5100 tv,
822 5035 875 5091 8.
955 5036 974 5065 ²
1017 5033 1176 5086 IIeItt‘.
1211 5049 1283 5096 ιχ,
1313 5031 1399 5084 IL.
1477 5031 1496 5061 ³
1537 5029 1677 5083 Psal.
1709 5045 1820 5093 cu,
1859 5030 1912 5084 4.

433 5121 606 5169 xxxii,
642 5106 730 5159 ‘22.
806 5107 827 5136 ⁸
867 5107 1041 5159 Levii.
1072 5120 1144 5168 vt,
1170 5104 1258 5156 9.6.
1336 5103 1358 5132 ’
1401 5101 1571 5155 Exod.
1601 5117 1695 5165 ιιι,
1727 5101 1783 5158 5.

501 5247 616 5318 (νὶο)
658 5245 779 5308 Ms.,
814 5265 831 5294 ι
860 5243 1242 5298 intellectuth
1275 5239 1431 5294 Libb.
1468 5239 1620 5303 editi,
1660 5257 1676 5290 ι
1703 5238 2006 5310 intelligen-

431 5320 580 5373 dttttt.
609 5338 626 5368 ι

507 5389 618 5458 (21)
661 5389 786 5451 Μδη
823 5406 841 5438 ‹
869 5385 1168 5458 ιιιῳῑὶεειιει

503 5446 618 5530 (Ἡ)
660 5446 784 5519 Ms.,
812 5477 828 5508 ι
863 5446 1049 5530 inepti.
1069 5474 1086 5506 ι
1115 5453 1268 5530 Libb.
1289 5451 1438 5530 editi,
1468 5469 1486 5502 ι
1519 5449 1808 5530 imperi-ti...
1841 5446 2009 5530 Patrio

433 5519 555 5596 post
593 5519 727 5582 idem
767 5545 892 5589 ms.,
929 5519 1221 5595 (stipulam
1250 5535 1342 5577 aut
1369 5523 1570 5576 fenum.
1612 5540 1629 5571 ι
1670 5519 2001 5582 Libb.etliti,

439 5615 461 5646 ι
487 5600 740 5665 stipulam
772 5608 862 5651 aut
891 5597 1154 5650 ferrum.»

508 5659 621 5738 (‘23)
662 5667 784 5738 Max,
818 5687 835 5717 ι
866 5665 1196 5738 ἀείζΙιιιίει.)
1230 5664 1385 5738 Libb.
1416 5662 1616 5738 editi,_r
1646 5659 1946 5728 dcglutivit.
1985 5676 2001 5709 ι

455 5765 472 5775 ο
507 5735 620 5804 (ει)
664 5737 819 5789 Libb.
861 5737 1019 5797 editi,
1061 5757 1075 5785 ι
1107 5735 1338 5788 ministri
1385 5737 1502 5800 ejus
1548 5735 1690 5804 sint,
1733 5741 1786 5782 et
1826 5747 2008 5804 sacer-

435 5800 618 5868 dotes,
649 5826 669 5856 ν
729 5807 819 5860 sed
857 5806 910 5858 in
944 5805 1313 5872 manuscripto
1363 5804 1552 5857 codice
1604 5802 1753 5855 deest
1779 5843 1791 5864 ,
1841 5819 1857 5852 ‹
1890 5800 2008 5870 ejus

435 5890 566 5935 Slttl.
595 5897 612 5928 ι

1990 5033 2012 5064 ’⁵
2055 5038 2210 5090 Dent.
2254 5031 2445 5093 mit.

1881 5103 1924 5134 ¹⁰
1965 5103 2165 5163 Cenes.
2203 5119 2284 5165 ιιι,
2319 5103 2407 5154 Π.

2114 3322 2328 3360 cessum
2357 3317 2461 3362 est.
2493 3308 2620 3361 Scio
2645 3318 2702 3362 et
2731 3309 2837 3362 alia
2871 3325 2990 3362 esse
3018 3311 3086 3362 ad
3116 3325 3235 3378 qua:
3267 3317 3493 3378 possunt
3531 3323 3690 3362 acce-

2113 3397 2242 3452 dere
2279 3399 2444 3451 etiam
2490 3398 2583 3452 ﬁlii
2626 3397 2814 3468 Israel,
2863 3402 2965 3453 hoc
3002 3411 3115 3463 est,
3160 3399 3318 3465 laici;
3357 3415 3462 3453 non
3509 3407 3688 3453 tamen

2112 3487 2465 3558 alienigenae,
2520 3490 2620 3543 nisi
2675 3491 2898 3555 ascripti
2943 3489 3054 3558 jam
3106 3490 3307 3544 fuerint
3355 3492 3406 3545 in
3441 3491 3686 3546 Ecclesia

2116 3579 2359 3647 Domini,
2409 3579 2751 3652 «Egyptius
2799 3583 2944 3636 enim
2999 3585 3155 3636 tertia
3210 3584 3557 3652 generatione
3607 3583 3684 3636 in-

2115 3697 2278 3751 trabit
2330 3697 2452 3768 (27)
2500 3698 2552 3751 itt
2597 3696 2892 3751 Ecclesium
2944 3696 3129 3752 Dei“.
3162 3716 3179 3748 ι
3233 3697 3411 3751 Credo
3467 3705 3688 3766 propter

2117 3790 2274 3843 Iidem
2323 3790 2522 3855 Patris,
2555 3801 2608 3844 et
2639 3789 2780 3852 Filii,
2818 3800 2867 3841 et
2914 3789 3153 3856 Spiritus
3193 3789 3389 3851 sancti,
3423 3789 3472 3842 itt
3523 3803 3684 3858 quam

2114 3886 2290 3938 credit
2339 3884 2518 3937 omnis
2554 3885 2645 3951 qui
2697 3885 2937 3937 sociatur
2976 3881 3231 3935 Ecclesia:
3287 3882 3416 3942 Dei,
3468 3882 3686 3934 tertiam

2115 3979 2519 4049 generationem
2569 3975 2793 4046 mystice
2825 3975 3048 4029 dictam.
3096 3973 3481 4027 Verumtamen
3515 3972 3694 4027 scicn-

2113 4073 2241 4125 dum
2288 4081 2405 4136 est,
2456 4071 2598 4139 quod
2649 4086 2713 4123 ex
2767 4068 2962 4123 bostiis
3016 4082 3134 4137 qua:
3191 4064 3517 4130 olferuntur,
3561 4065 3689 4120 licet

2114 4163 2480 4220 concedantur
2521 4161 2892 4215 sacerdotibus
2924 4161 2990 4213 ad
3036 4161 3326 4224 edendum,
3363 4174 3466 4211 non
3509 4166 3688 4211 tamen

2113 4253 2294 4308 omnia
2329 4252 2733 4316 conceduntur;
2782 4253 2874 4305 sed
2911 4266 3036 4321 pars
3082 4266 3148 4306 ex
3187 4250 3315 4318 ipsis
3354 4250 3531 4318 aliqua
3582 4251 3690 4304 Deo

2113 4347 2362 4412 olfertur,
2405 4355 2456 4399 et
2511 4345 2700 4398 altaris
2756 4345 2971 4415 ignibus
3017 4343 3294 4396 traditur:
3341 4351 3398 4393 ut
3453 4342 3691 4397 sciamus

2114 4440 2277 4494 etiam
2315 4454 2410 4492 nos
2459 4440 2687 4506 quodet
2735 4438 2780 4491 si
2821 4434 3138 4490 conceditur
3186 4433 3338 4486 nobis
3392 4432 3570 4500 aliqua
3622 4448 3685 4486 ex

2118 4530 2314 4584 divinis
2349 4527 2650 4597 Scripturis
2677 4524 3084 4594 apprehendere
3129 4530 3184 4575 et
3214 4535 3531 4590 agnoscere,
3562 4531 3688 4574 sunt

2119 4633 2296 4676 tamen
2329 4620 2508 4686 aliqua
2550 4635 2672 4688 quae
2706 4619 2813 4670 Deo
2847 4616 3176 4669 reservanda
3211 4621 3374 4665 sunt:
3411 4627 3530 4681 quae
3567 4628 3688 4667 cum

2116 4713 2526 4782 intelligentiam
2575 4721 2818 4764 nostram
2887 4716 3145 4775 superent
3196 4705 3342 4775 (28),
3393 4720 3694 4774 sensusque

2115 4823 2306 4862 eorum
2338 4819 2502 4872 supra
2543 4817 2639 4856 nos
2669 4801 2758 4863 sit,
2794 4815 2859 4852 ne
2899 4798 3038 4851 l'orte
3074 4798 3232 4850 aliter
3267 4813 3295 4849 a
3329 4799 3482 4850 ttobis
3526 4814 3688 4868 quam

2115 4915 2172 4953 se
2209 4899 2364 4952 habet
2401 4895 2630 4956 veritas,
2672 4891 3040 4960 proferantur,
3078 4891 3270 4944 melius
3304 4891 3408 4959 igni
3448 4892 3549 4944 ista
3579 4905 3693 4945 ser-

2522 5030 2542 5060 ⁶
2586 5029 2690 5081 [5a.
2716 5043 2754 5090 ι,
2784 5026 2875 5079 ‘25.
2955 5027 2976 5056 ⁵
3019 5027 3150 5080 Luc.
3183 5042 3279 5090 stt,
3308 5026 3397 5080 49.

2484 5101 2520 5129 ¹¹
2567 5099 2782 5153 Denter.
2816 5113 2970 5160 xxut,
2999 5098 3052 5151 8.

3475 5027 3494 5057 ⁷
3538 5028 3692 5082 Ileut.

2190 5236 2307 5309 (‘25)
2349 5237 2474 5309 llIs..
2512 5254 2531 5287 ο
2562 5236 2821 5309 aperibns
2860 5233 2986 5287 tuis.
3014 5251 3030 5284 ι
3089 5231 3245 5284 L'bb.
3292 5231 3445 5295 editi,
3484 5251 3503 5284 ‹
3533 5247 3696 5301 Opere

2119 5307 2232 5363 tuo.
2261 5307 2293 5360 ri
2316 5307 2477 5360 Paulo
2510 5317 2630 5374 post
2675 5307 2815 5357 idem
2863 5320 2986 5363 ms.,
3026 5321 3042 5352 ι
3069 5313 3289 5370 peccata
3341 5315 3648 5357 consumat.
3673 5321 3691 5353 ι

2118 5380 2276 5434 Libb.
2302 5378 2455 5440 editi,
2488 5373 2753 5446 «peccata
2789 5373 3078 5428 consumit.
3109 5391 3126 5423 ι

2189 5471 2303 5543 (9.6)
2346 5469 2470 5534 Ms.,
2512 5487 2529 5518 ι
2553 5470 2696 5522 edet.
2723 5485 2740 5518 ι
2781 5465 2938 5520 Libb.
2965 5465 3120 5526 editi,
3160 5483 3178 5515 ι
3205 5465 3335 5519 edit.
3359 5484 3378 5516 ι

2187 5561 2299 5630 (‘27)
2344 5560 2476 5623 Ms.,
2539 5576 2556 5608 ι
2589 5559 2848 5630 intravit.
2877 5554 3074 5630 LIon
3123 5555 3272 5630 libb.
3305 5567 3462 5608 antea
3523 5554 3695 5630 editi,

2123 5652 2140 5685 ι
2179 5624 2342 5686 credo
2385 5631 2542 5682 Iidem
2586 5628 2762 5681 Patris
2792 5638 2843 5679 et
2877 5624 3018 5687 Filii,
3050 5636 3103 5678 ct
3133 5625 3367 5692 Spiritus
3397 5626 3596 5684 sancti,
3641 5625 3696 5678 in

2119 5719 2279 5773 qttatn
2313 5699 2538 5754 credunt
2567 5715 2754 5752 omnes
2779 5699 2868 5765 qui
2902 5700 3202 5757 sociantur,
3236 5715 3252 5744 ι
3291 5696 3384 5749 sed
3419 5708 3520 5748 ms.
3548 5702 3606 5746 ttt
3633 5694 3684 5746 iu

2123 5784 2310 5828 IIOSII‘O
2341 5781 2510 5824 ιειιιιιη

2194 5863 2307 5934 (28)
2351 5863 2473 5928 Ms,
2510 5879 2528 5910 σ
2555 5869 2828 5929 superent.
2863 5879 2880 5910 ι
2928 5857 3084 5911 Libb.
3128 5857 3277 5920 editi,
3318 5873 3334 5905 ι
3366 5862 3644 5920 superant.
3673 5871 3694 5904 ι
