4124 6462
470 425 577 479 i323

1604 433 1668 487 ΙΝ
1707 430 2080 488 LEVlTlCUM
2138 430 2422 486 llOMlLlA
2482 432 2543 485 V.

3621 440 3724 495 £3".

456 573 654 614 vanius
682 557 818 626 (29).
848 556 912 610 Et
941 556 1057 609 idco
1088 553 1247 609 etiam
1285 555 1336 607 in
1368 554 1469 608 hoc
1505 554 1646 617 loco,
1674 568 1793 623 quae
1825 553 2043 621 quidem
2077 556 2121 611 Λ
2161 551 2400 611 renibus,
2440 561 2491 605 et
2542 550 2796 606 omnibus
2850 551 3200 608 iutcriorilms
3251 554 3515 608 viscerum
3542 595 3556 617 ,
3605 565 3728 610 tunc

457 666 721 706 concessa
758 659 885 702 sunt
937 647 1250 702 hominibus
1286 646 1349 698 ad
1395 647 1686 709 edendum,
1738 654 1894 714 prout
1942 659 2040 712 po-

462 744 667 797 tuimus
696 742 837 795 intra
878 738 1285 795 tabernaculum
1321 738 1534 791 Domini
1578 737 2037 806 consumpsimus;

461 836 507 890 si
537 851 642 904 qua
671 850 799 888 vero
829 844 1144 903 supersunt,
1178 840 1233 886 et
1268 832 1350 883 vel
1385 845 1481 885 vos
1516 830 1566 883 in
1616 830 1909 890 audiendo,
1960 831 2041 881 vel

462 942 565 981 nos
616 934 877 992 superant
925 925 976 977 iu
1034 922 1287 983 dicendo,
1336 934 1617 976 servemus
1668 920 1776 989 igni
1830 919 2039 983 altaris,

472 1029 734 1088 tanquam
766 1032 884 1070 eam
916 1026 1142 1085 partem,
1163 1029 1280 1085 qua:
1314 1029 1410 1084 pro
1441 1021 1665 1085 peccato
1691 1028 1853 1083 super
1872 1014 2042 1067 altare

460 1108 679 1163 Domini
715 1106 934 1175 jubetur
961 1104 1172 1159 olTerri.

532 1198 585 1251 4.
633 1215 651 1248 t
688 1196 751 1249 Et
791 1197 906 1249 haec
952 1204 1065 1260 est,
1116 1196 1290 1263 inquit
1321 1195 1383 1258 η,
1434 1193 1517 1247 lex
1561 1194 1751 1248 arietis
1801 1194 1889 1262 qui
1942 1208 2042 1262 pro

462 1290 662 1343 delicto
692 1298 813 1340 est:
848 1286 1047 1339 Sancta
1102 1295 1438 1339 sanctorum.
1485 1285 1537 1336 In
1580 1285 1696 1338 loco
1731 1286 1781 1337 in
1822 1301 1927 1352 quo
1957 1285 2043 1353 ju-

461 1380 647 1448 gulaut
682 1376 791 1445 (30)
837 1375 1324 1436 holocaustOtuata,
1356 1373 1679 1443 jugulabunt
1721 1382 1774 1427 et
1817 1375 2039 1426 arietem

464 1468 555 1536 qui
594 1481 688 1534 pro
722 1465 920 1518 delicto
944 1474 1029 1517 est
1059 1473 1245 1517 contra
1285 1465 1593 1524 Dominum,
1624 1481 1642 1512 ι
1680 1474 1785 1515 etc.
1822 1462 2043 1513 Videtur

463 1554 686 1620 quidem
724 1554 775 1605 in
825 1551 1124 1619 Scripturis
1169 1551 1367 1605 divinis
1400 1551 1712 1620 frequenter
1760 1565 2039 1621 peccatum

463 1661 563 1714 pro
611 1644 831 1707 delicto,
883 1651 940 1697 et
976 1643 1227 1697 delictum
1264 1658 1361 1712 pro
1406 1651 1626 1711 peccato
1672 1641 2043 1695 indill‘erenter

460 1746 515 1790 ct
546 1736 750 1804 absque
792 1734 971 1802 aliqua
1013 1735 1363 1788 distinctione
1395 1734 1703 1787 nominari:
1741 1733 1791 1786 in
1829 1735 1928 1786 hoc
1964 1744 2043 1786 ta-

463 1844 584 1882 men
622 1828 739 1882 loco
783 1826 1058 1880 invenitur
1102 1824 1215 1895 (31)
1251 1840 1371 1879 esse
1400 1826 1709 1879 discretum.
1753 1825 1884 1877 Nam
1915 1839 2039 1877 cum

2146 660 2272 697 vere
2303 656 2562 713 purgatus
2589 645 2733 697 omni
2766 645 2898 699 vitio
2934 647 3174 701 libidinis
3199 648 3459 717 jngulasti
3496 650 3726 701 hostiam

2144 745 2241 795 pro
2272 731 2490 796 delicto,
2530 742 2581 784 et
2614 732 2856 786 obtulisti
2900 737 3229 790 sacriﬁcium
3277 740 3382 791 lteo
3414 740 3463 790 in
3502 740 3724 793 odorem

2143 821 2449 874 suavitatis.
2492 841 2509 871 ι
2538 821 2882 891 Sacerdotis,
2917 825 3091 895 inquit
3122 828 3187 893 ’⁸,
3220 829 3307 896 qui
3342 828 3528 883 oil‘eret
3559 841 3609 882 et
3646 846 3731 881 re-

2143 912 2459 979 propitiahit
2511 912 2639 965 illud
2687 912 2820 983 (39.),
2857 915 3025 981 ipsius
3061 919 3186 970 erit.
3220 936 3236 968 ι
3293 919 3510 972 Discant
3544 936 3726 973 sat-er-

2143 1001 2300 1055 dotes
2344 1001 2578 1066 Domini,
2607 1004 2697 1069 qui
2730 1003 2991 1060 Ecclesiis
3026 1018 3286 1075 praesunt,
3316 1010 3440 1076 quia
3485 1026 3607 1077 pars
3647 1011 3727 1063 eis

2144 1092 2265 1146 data
2303 1102 2386 1147 est
2422 1108 2547 1146 cum
2580 1092 2685 1157 his,
2725 1109 2955 1161 quorum
2988 1097 3184 1151 delicta
3220 1100 3722 1167 repmpitiaverint.

2144 1183 2281 1249 Quid
2331 1193 2515 1238 autem
2550 1195 2634 1239 est
2670 1188 3033 1256 rcpropitiarc
3079 1188 3376 1243 delictum?
3414 1188 3467 1242 Si
3520 1206 3723 1243 assum.

2144 1277 2318 1345 pseris
2363 1286 2738 1345 peccatorem,
2804 1286 2858 1333 et
2910 1281 3215 1344 monendo,
3269 1281 3570 1342 hortando,
3634 1284 3723 1333 do-

2143 1369 2333 1430 cendo,
2371 1368 2709 1432 instruendo,
2736 1370 3029 1424 adduxeris
3060 1386 3179 1425 eum
3218 1373 3282 1425 ad
3319 1372 3722 1440 paenitentiam,

2143 1456 2210 1508 ab
2243 1470 2431 1509 errore
2476 1459 2801 1520 correxeris,
2836 1474 2864 1511 a
2905 1461 3053 1513 vitiis
3083 1462 3483 1521 emendaveris,
3515 1472 3567 1514 et
3603 1462 3731 1513 clie-

2141 1548 2286 1602 ceris
2316 1563 2438 1601 eum
2480 1550 2663 1613 talem,
2696 1560 2751 1602 ut
2780 1552 2827 1603 ei
2872 1567 3137 1606 converso
3170 1555 3434 1621 propitius
3465 1554 3553 1607 ﬁat
3588 1555 3727 1608 Deus

2142 1653 2238 1706 pro
2286 1638 2518 1702 delicto,
2578 1641 2967 1707 repropitiasse
3039 1644 3259 1696 diceris.
3312 1643 3366 1696 Si
3418 1660 3547 1713 ergo
3598 1645 3721 1695 talis

2144 1728 2311 1781 fueris
2372 1728 2655 1791 sacerdos,
2723 1738 2775 1781 et
2832 1730 2955 1783 talis
3015 1730 3178 1784 fuerit
3241 1734 3487 1785 doctrina
3539 1746 3627 1786 tua
3676 1744 3725 1785 t'I

2143 1833 2324 1873 sermo
2371 1828 2514 1883 tuus,
2554 1833 2678 1887 pars
2713 1820 2809 1873 tibi
2858 1821 3017 1873 datur
3049 1822 3161 1891 (53)
3198 1838 3383 1876 eorum
3430 1842 3565 1892 quos
3600 1842 3723 1878 cor-

461 1920 715 1987 s-tperius
772 1918 824 1972 in
887 1918 1067 1971 hostia
1121 1932 1221 1985 pro
1277 1928 1505 1985 peccato
1566 1918 1727 1971 ritutn
1780 1919 2035 1972 sacriﬁcii
2073 1903 2112 1955 Β
2146 1911 2381 1975 rexeris;
2428 1920 2485 1965 ut
2533 1911 2744 1965 illorum
2803 1914 3057 1966 meritum
3108 1923 3194 1966 tua
3257 1932 3465 1970 merces
3512 1919 3616 1981 sit,
3664 1927 3722 1970 et

462 2022 627 2079 atque
655 2008 905 2064 ordinem
938 2008 1271 2072 tradidisset,
1306 2023 1448 2062 nunc
1479 2007 1771 2073 separatim
1817 2009 2037 2061 mandat

460 2100 788 2156 sacriﬁcium
820 2115 917 2169 pro
961 2099 1193 2163 delicto;
1254 2107 1307 2154 et
1346 2101 1592 2169 quamvis
1629 2099 1814 2154 eodem
1847 2100 2038 2153 ordine

460 2203 625 2261 atque
673 2194 862 2247 eadem
932 2192 1283 2247 observantia
1342 2202 1535 2246 cuncta
1595 2192 1934 2257 mandentur,
1983 2198 2038 2244 et

460 2283 620 2334 addat
654 2282 705 2334 in
743 2283 1050 2337 novissimis
1075 2284 1158 2337 ’δε
1196 2300 1214 2333 ι
1246 2283 1395 2336 Sicut
1424 2283 1476 2336 id
1510 2282 1650 2352 quod
1686 2297 1783 2350 pro
1815 2290 2037 2351 peccato

459 2385 561 2435 est,
593 2374 664 2427 ita
707 2386 760 2428 et
797 2375 847 2428 id
879 2374 1022 2443 quod
1054 2389 1152 2444 pro
1189 2374 1391 2428 delicto
1421 2383 1520 2435 est,
1558 2374 1640 2427 lex
1672 2389 1777 2426 una
1809 2373 1914 2426 erit
1950 2388 2038 2426 eo-

463 2480 608 2528 rum;
635 2483 652 2514 ι
696 2475 875 2517 tamen
920 2463 1090 2516 voluit
1132 2466 1425 2517 ostendere
1476 2478 1595 2517 esse
1640 2463 1841 2532 aliquid
1887 2463 2036 2518 dil‘l‘e-

461 2557 649 2607 rentia:
682 2554 730 2607 in
761 2555 865 2621 his,
895 2556 1094 2623 quibus
1131 2555 1399 2609 sacriﬁcia
1437 2555 1608 2609 divisa
1641 2556 1938 2612 mandavit.
1977 2555 2032 2609 In

457 2661 564 2712 quo
610 2660 709 2715 ego
758 2657 888 2714 puto
940 2646 1194 2699 delictqu
1239 2646 1455 2713 quidem
1506 2646 1860 2701 commissum
1912 2660 2035 2699 esse

459 2740 627 2792 levius
681 2741 976 2810 aliquanto,
1012 2756 1171 2810 quam
1214 2750 1517 2808 peccatum.
1562 2739 1693 2794 Nam
1730 2742 2034 2797 invenimus

458 2834 524 2885 de
572 2843 794 2901 peccato
830 2832 956 2896 dici,
999 2831 1142 2901 quod
1176 2832 1246 2885 sit
1293 2841 1574 2900 peccatum
1609 2833 1674 2885 ad
1709 2843 1938 2887 mortem
1965 2832 2033 2886 ¹⁸.

461 2924 533 2976 De
566 2924 763 2978 delicto
797 2940 901 2978 non
936 2923 1166 2994 legimus
1203 2923 1346 2991 quod
1379 2938 1502 2977 esse
1530 2924 1746 2977 dicatur
1776 2925 1842 2977 ad
1890 2938 2034 2977 mor-

457 3022 585 3067 tem.
615 3014 741 3067 Scio
781 3024 958 3065 tamen
1000 3020 1055 3065 et
1104 3009 1253 3062 illam
1295 3009 1683 3079 differentiam,
1725 3028 1849 3081 qua:
1893 3026 2032 3066 non-

454 3104 616 3157 nullis
648 3102 976 3171 sapientium
1025 3103 1138 3155 visa
1169 3110 1277 3165 est,
1317 3102 1462 3168 quod
1513 3100 1768 3155 delictum
1818 3103 2032 3170 quidem

2141 2002 2305 2071 209
2350 2003 2565 2057 illorum
2628 2004 2774 2058 salus
2811 2015 2897 2057 tua
2949 2006 3138 2073 gloria.
3190 2005 3296 2059 Aut
3350 2023 3452 2059 non
3495 2020 3547 2060 et
3584 2011 3725 2076 Apo-

2149 2097 2323 2151 stolus
2345 2098 2459 2151 htec
2488 2099 2744 2161 ostendit,
2773 2098 2860 2151 ubi
2895 2099 3023 2151 dicit
3056 2099 3119 2162 ’⁷,
3144 2101 3267 2167 quia
3302 2119 3319 2150 ι
3361 2102 3503 2168 quod
3540 2118 3724 2169 super-

2138 2189 2487 2243 aidiﬁcaverit
2560 2191 2682 2257 quis
2742 2190 3045 2242 mercedem
3114 2191 3385 2258 accipiet?
3439 2210 3456 2242 ι
3518 2192 3722 2246 Intelli-

2138 2289 2263 2349 gaut
2288 2280 2455 2350 igitur
2486 2282 2802 2336 sacerdotes
2849 2282 3083 2344 Domini,
3129 2282 3216 2335 ubi
3251 2284 3328 2335 eis
3357 2285 3479 2335 data
3542 2287 3722 2352 portio

2138 2379 2247 2435 est,
2275 2381 2327 2426 et
2359 2372 2410 2425 in
2452 2373 2554 2427 hoc
2581 2382 2776 2427 vacent
2801 2383 2965 2441 atque
3021 2373 3102 2426 his
3152 2388 3368 2442 operam
3418 2378 3564 2430 deut.
3604 2376 3720 2429 Non

2138 2479 2196 2518 se
2252 2466 2501 2521 inanibus
2547 2475 2602 2521 et
2649 2465 2938 2535 superﬂuis
3004 2466 3213 2520 actibus
3273 2467 3571 2535 implicent,
3624 2469 3718 2523 sed

2137 2554 2313 2608 sciant
2340 2571 2398 2609 se
2431 2558 2487 2609 in
2517 2557 2662 2611 nullo
2686 2558 2789 2610 alio
2818 2566 3026 2626 partem
3059 2557 3338 2610 habituros
3358 2559 3496 2626 apud
3522 2559 3717 2626 Deum,

2136 2646 2238 2699 nisi
2262 2646 2314 2699 iu
2340 2661 2406 2700 eo
2436 2648 2577 2715 quod
2613 2646 2849 2701 oﬂ’eruut
2906 2646 3020 2717 (54)
3078 2662 3180 2716 pro
3224 2650 3462 2717 peccatis
3484 2690 3498 2715 ,
3534 2649 3584 2702 id
3615 2660 3722 2718 est,

2135 2739 2276 2806 quod
2314 2753 2345 2792 a
2372 2738 2453 2793 via
2477 2741 2681 2809 peccati
2721 2740 3089 2794 converterint
3120 2752 3453 2807 peccatores.
3505 2741 3716 2796 Notau-

2134 2830 2261 2884 dutn
2293 2831 2456 2885 etiam
2486 2831 2613 2886 illud
2641 2842 2749 2897 est,
2782 2831 2924 2900 quod
2955 2847 3075 2900 qua:
3123 2832 3425 2886 oll‘eruutur
3466 2835 3517 2886 in
3569 2835 3720 2889 holo-

2135 2931 2402 2987 caustum,
2459 2922 2720 2976 interiora
2772 2934 2935 2991 sunt;
2970 2924 3113 2991 quod
3146 2938 3276 2975 vero
3312 2926 3559 2978 exterius
3612 2936 3719 2994 est,

2135 3009 2365 3065 Domino
2420 3024 2527 3065 non
2559 3010 2802 3065 offertur.
2838 3012 3001 3066 Pellis
3055 3012 3281 3065 Domino
3333 3030 3440 3065 non
3472 3014 3719 3083 oll'ertur,

2135 3115 2234 3155 nec
2255 3102 2398 3155 cedit
2428 3102 2481 3155 in
2515 3101 2993 3157 holocaustomata.
3030 3102 3176 3154 Talis
3225 3100 3337 3170 (55)
3387 3103 3488 3157 fuit
3521 3116 3576 3158 et
3626 3106 3719 3160 ille

452 3199 551 3259 sit,
595 3212 716 3249 cum
774 3210 880 3247 non
926 3190 1156 3245 facimus
1200 3204 1263 3244 ea
1331 3202 1453 3256 quae
1506 3187 1683 3243 facere
1734 3189 2030 3254 debemus;
2062 3230 2104 3289 C
2141 3194 2283 3247 ﬁlius
2306 3192 2465 3260 Juda,
2494 3194 2584 3261 qui
2618 3194 2902 3248 dicebatur
2925 3193 3033 3247 Her
3065 3194 3126 3260 ³⁸,
3152 3197 3293 3260 quod
3325 3196 3715 3264 interpretatur

454 3302 739 3359 peccatum
772 3301 902 3340 vero
942 3285 1032 3348 sit,
1061 3298 1182 3337 cum
1219 3282 1610 3335 committimus
1641 3297 1702 3337 ea
1737 3297 1855 3352 qua:
1889 3298 2033 3337 com-

460 3382 675 3434 mittere
703 3393 808 3432 non
843 3378 1123 3432 debemus.
1151 3374 1257 3429 Sed
1296 3375 1411 3428 haec
1442 3374 1698 3443 quoniam
1747 3390 1856 3430 non
1888 3389 2031 3430 sem-

454 3487 553 3541 per
584 3471 634 3524 in
672 3469 973 3539 Scripturis
1016 3466 1209 3521 divinis
1252 3466 1353 3519 sub
1402 3466 1503 3518 ista
1553 3464 1908 3521 distinctione
1942 3466 2030 3520 ir.-

450 3563 718 3625 venimus,
762 3561 971 3615 idcirco
1006 3556 1336 3628 generaliter
1366 3554 1639 3611 allirtnare
1686 3571 1791 3611 non
1834 3572 2029 3627 possu-

450 3671 589 3709 mus.
634 3653 801 3723 Igitur
839 3651 1034 3707 eodem
1081 3650 1239 3703 modo
1286 3661 1446 3717 atque
1491 3648 1682 3703 eadem
1736 3648 2029 3704 traditione

447 3749 513 3801 de
548 3744 817 3800 sacriﬁcio
868 3743 1014 3813 quod
1068 3757 1167 3812 pro
1214 3741 1414 3796 delicto
1465 3739 1716 3804 oﬂ'ertur,
1750 3742 2025 3810 accipien-

445 3841 571 3891 dum
605 3847 707 3901 est,
733 3851 844 3906 quo
867 3845 921 3890 et
950 3850 1111 3905 supra
1128 3835 1501 3906 'exposuimus
1550 3834 1617 3887 de
1648 3848 1713 3886 eo
1747 3834 1890 3901 quod
1927 3848 2027 3902 pro

444 3938 669 3999 peccato
700 3936 802 3984 est.
840 3926 1107 3981 Similiter
1150 3926 1294 3981 enim
1339 3925 1603 3996 jubentur
1644 3923 1832 3991 adipes
1878 3922 2023 3977 arie-

445 4021 537 4083 tis,
571 4020 606 4072 ii
637 4018 731 4088 qui
765 4018 913 4072 circa
956 4031 1115 4071 renes
1145 4025 1293 4083 sunt,
1323 4025 1377 4071 et
1422 4015 1455 4069 ii
1488 4014 1577 4084 qui
1615 4014 1869 4067 interiora
1896 4027 2025 4081 ope-

445 4113 614 4173 riunt,
650 4110 849 4178 imponi
883 4123 1046 4177 super
1090 4109 1303 4163 altare:
1340 4116 1398 4161 ut
1438 4117 1493 4161 et
1540 4119 1593 4160 tu
1639 4107 1730 4174 qui
1781 4107 1895 4159 haec
1924 4121 2023 4158 au-

441 4205 544 4269 dis,
576 4204 715 4257 scias
744 4216 906 4255 omne
936 4202 1079 4270 quod
1108 4210 1189 4254 est
1221 4201 1360 4253 intra
1390 4208 1441 4254 te
1467 4199 1710 4253 crassius
1759 4208 1816 4252 et
1849 4198 2022 4267 operit

441 4296 702 4355 interiora
736 4303 850 4358 tua,
873 4292 1074 4345 debere
1104 4301 1152 4345 te
1181 4290 1379 4345 oll'erre
1413 4290 1523 4361 igni
1562 4290 1776 4354 altaris,
1806 4299 1865 4342 ut
1898 4304 2020 4358 pur-

438 4395 636 4455 gentur
661 4386 841 4439 omnia
880 4382 1140 4437 interiora
1176 4390 1290 4445 tua,
1318 4390 1373 4436 et
1402 4381 1550 4435 dicas
1588 4389 1645 4433 et
1675 4388 1752 4444 tu,
1793 4379 1935 4433 sicut
1961 4387 2018 4432 ct

441 4478 608 4531 David
642 4478 855 4531 dicebat
883 4476 927 4507 "
952 4496 963 4529 :
994 4492 1012 4526 ι
1042 4474 1294 4540 Benedic,
1322 4474 1504 4527 anima
1532 4484 1675 4536 mea,
1707 4471 2012 4534 Dominum,

2138 3284 2318 3352 pellis.
2363 3284 2654 3353 Propterea
2689 3293 2743 3338 et
2769 3283 2876 3337 Her
2894 3283 3007 3353 (36)
3032 3285 3299 3352 pessimus
3320 3294 3456 3349 erat,
3483 3294 3538 3340 et
3571 3286 3719 3343 occi-

2132 3376 2212 3432 dit
2241 3390 2364 3430 eum
2396 3376 2555 3441 Deus,
2576 3378 2698 3445 quia
2731 3376 2814 3430 ἱειί
2842 3375 2973 3429 tales
3008 3376 3235 3431 Domino
3259 3393 3365 3431 non
3390 3376 3715 3436 offeruntur.

2201 3467 2257 3523 5.
2289 3484 2309 3519 ι
2340 3467 2405 3521 Ει
2430 3481 2590 3522 omne
2630 3468 2957 3521 sacriﬁcium
3006 3469 3146 3535 quod
3177 3470 3269 3524 liet
3309 3468 3363 3523 in
3390 3469 3629 3537 clibano,
3660 3481 3717 3526 et

2130 3572 2290 3613 omne
2311 3560 2455 3628 quod
2482 3561 2575 3613 tiet
2610 3559 2664 3612 in
2705 3558 2987 3624 craticula,
3034 3560 3114 3613 vel
3170 3561 3222 3613 in
3281 3562 3583 3630 sartagine,
3626 3576 3716 3616 sa-

2130 3650 2365 3704 cerdotis
2389 3651 2481 3719 qui
2509 3647 2702 3704 oil'eret
2742 3651 2868 3703 illud
2895 3651 3062 3721 ipsius
3101 3654 3205 3707 erit
3235 3655 3295 3706 η.
3332 3673 3351 3706 ι
3391 3654 3529 3720 Quid
3569 3654 3709 3710 dici-

2128 3739 2635 3795 mus?Putamusue
2675 3741 2816 3809 quod
2871 3744 3218 3813 omnipotens
3271 3743 3411 3800 Deus
3471 3745 3563 3815 qni
3625 3762 3713 3801 re-

2128 3850 2329 3906 sponsa
2357 3836 2527 3907 Moysi
2558 3838 2776 3892 coalitus
2795 3838 2975 3904 dabat,
3003 3840 3317 3906 declibano,
3342 3849 3396 3894 et
3421 3841 3704 3904 craticula,

2126 3937 2181 3982 et
2211 3929 2487 3999 sartagine
2522 3928 2837 3999 praeceperit
2881 3930 3024 3999 (57);
3075 3941 3133 3984 ut
3189 3932 3425 3985 disceret
3472 3930 3705 4000 populus

2125 4033 2221 4088 per
2245 4019 2485 4090 Moysen,
2516 4022 2644 4089 quia
2673 4035 2769 4089 per
2799 4022 2915 4075 haec
2949 4025 3088 4076 Deus
3112 4024 3191 4077 eis
3227 4024 3490 4091 propitius
3516 4024 3630 4086 ﬁet,
3656 4025 3701 4077 si

2126 4113 2370 4179 qumdatu
2404 4112 2456 4165 in
2489 4111 2765 4181 sartagine
2817 4113 3089 4177 frixcrint,
3118 4117 3361 4182 quaedam
3392 4116 3445 4166 in
3488 4116 3706 4170 clibano

2123 4203 2389 4266 coxerint,
2420 4203 2664 4270 quaedam
2695 4206 2750 4257 in
2784 4204 3047 4257 craticula
3085 4204 3429 4258 assaverint?
3462 4205 3568 4259 Sed
3595 4222 3702 4261 nou

2122 4292 2196 4346 ita
2222 4292 2482 4347 Ecclesiae
2511 4293 2661 4359 pueri
2698 4294 2976 4346 Christum
3030 4293 3359 4358 didicerunt,
3402 4309 3502 4348 nec
3542 4298 3616 4350 ita
3646 4298 3703 4351 in

2120 4398 2244 4438 eum
2275 4397 2372 4452 per
2401 4382 2674 4451 apostolos
2699 4382 2894 4436 eruditi
2923 4390 3073 4444 sunt,
3104 4392 3163 4436 ut
3195 4385 3261 4437 de
3305 4385 3535 4438 Domino
3584 4400 3702 4439 ma-

2114 4474 2328 4544 iestatis
2357 4474 2560 4544 aliquid
2593 4484 2701 4527 tam
2751 4474 2957 4528 humile
2994 4483 3051 4527 et
3089 4486 3197 4529 tam
3229 4475 3333 4531 vile
3376 4477 3697 4545 suscipiant.

438 4579 495 4623 et
534 4570 715 4622 omnia
766 4568 1024 4621 interiora
1077 4581 1192 4621 mea
1258 4580 1454 4620 nomen
1518 4573 1764 4620 sanetum
1818 4563 1956 4632 ejus.
1987 4582 2005 4616 ι
2044 4565 2257 4632 DQuin
2303 4565 2481 4635 potius
2525 4565 2821 4620 secundum
2881 4565 3180 4633 spiritalem
3226 4580 3482 4631 sensum,
3534 4586 3697 4640 quem

435 4658 549 4713 Nisi
596 4658 739 4712 enim
784 4657 961 4711 ablata
1009 4654 1171 4711 fuerit
1225 4656 1532 4711 crassitudo
1564 4656 1652 4710 illa
1700 4670 1823 4725 quae
1875 4656 2010 4726 tegit

436 4751 695 4806 interiora
739 4759 827 4803 tua
851 4790 864 4812 ,
903 4765 1008 4803 non
1056 4757 1281 4819 possunt
1326 4747 1579 4803 subtilem
1619 4757 1673 4803 et
1708 4747 2010 4817 Spiritalem

432 4856 629 4911 capere
655 4856 893 4904 sensum,
924 4855 1023 4895 nec
1054 4850 1277 4911 possunt
1313 4840 1645 4894 intellectum
1688 4855 1884 4910 capere
1925 4854 2011 4893 sa-

434 4933 672 5003 pientite,
708 4943 762 4987 et
810 4932 930 4987 ideo
984 4932 1273 4986 Dominum
1326 4934 1549 4987 laudare
1595 4947 1701 4987 non
1759 4942 2010 5001 possunt.

432 5025 584 5092 Quod
626 5025 670 5080 si
714 5026 955 5080 ablatum
986 5025 1153 5080 fuerit
1185 5041 1348 5079 omne
1388 5025 1529 5094 quod
1583 5026 1783 5094 pingue
1811 5033 1896 5078 est
1941 5027 2009 5081 de

505 5139 546 5169 "
586 5136 757 5192 Levit.
785 5150 882 5202 vn,
912 5136 964 5189 l.
1081 5136 1124 5167 "
1165 5136 1295 5191 ibid.
1339 5137 1389 5189 7.
1502 5134 1741 5190 “ann.
1791 5150 1843 5189 v.

433 5207 477 5241 ¹⁸
505 5206 703 5262 Genes.
734 5222 960 5266 xxxvm,
986 5206 1037 5260 6.
1116 5208 1159 5244 ¹⁹
1187 5206 1464 5271 Levit.vn,
1498 5207 1552 5260 9.

411 5302 421 5360 ι
503 5299 614 5370 (29)
658 5299 794 5363 Με..
833 5318 850 5350 ι
889 5300 989 5355 ista
1040 5316 1344 5357 servamus.
1375 5320 1393 5353 ι
1443 5300 1597 5355 Libb.
1641 5301 1803 5368 editi,
1847 5320 1864 5352 σ
1907 5303 2008 5356 ista

429 5386 729 5426 δθτνθιῐιιιδ.
759 5389 777 5421 1

501 5440 757 5509 (30)Ms.,
792 5437 1101 5511 «iugulant.
1142 5459 1161 5494 υ
1202 5439 1359 5496 Libb.
1392 5440 1543 5505 editi,
1574 5438 1950 5509 «iugulantur.
1981 5461 1999 5494 ι

496 5511 624 5579 (51)
681 5511 813 5576 Ms,
868 5528 886 5560 ι
934 5511 1205 5565 invenitur
1248 5527 1368 5566 esse
1417 5511 1789 5567 discretum.»
1845 5512 2001 5567 Libb.

423 5582 577 5637 editi.
618 5598 637 5631 ‹
664 5581 968 5635 invenietur
996 5583 1314 5636 discretum.
1344 5600 1363 5633 ι

498 5649 611 5722 (32)
654 5648 775 5722 M_s.,
810 5669 828 5701 ι
856 5650 1051 5722 ollet‘et
1090 5661 1145 5705 et
1180 5649 1556 5720 repropitiabit
1585 5650 1739 5705 illud.
1771 5670 1788 5702 ι
1834 5651 1994 5706 Libb.

424 5720 635 5792 editur
664 5720 823 5775 offert
864 5721 992 5776 illud
1038 5732 1093 5776 et
1147 5721 1526 5792 repropitiabit
1571 5736 1670 5792 pro
1716 5721 1938 5775 delicto.
1977 5743 1993 5773 ι

426 5789 570 5843 lnl'ra
609 5808 743 5855 ms,
785 5808 802 5840 t
846 5789 1224 5861 reprOpitiare'
1247 5793 1526 5847 delictum.
1561 5789 1582 5843 ἰ
1631 5789 1785 5845 Libb.
1830 5794 1996 5856 editi,

432 5879 450 5912 ι
484 5862 837 5931 repropitiare
879 5877 978 5932 pro
1010 5862 1272 5919 delicto.»
1327 5861 1489 5918 Paulo
1532 5871 1650 5933 post
1694 5876 1825 5925 ms.,
1866 5882 1885 5915 ι
1913 5879 1995 5918 rc-

1956 5136 1999 5167 “
2041 5134 2177 5190 Psal.
2219 5150 2337 5203 cut,
2393 5138 2445 5191 1.

2118 4657 2345 4726 spiritus
2383 4656 2551 4711 donat
2604 4656 2880 4721 Ecclesiae,
2909 4658 3194 4712 videamus
3235 4660 3379 4727 quod
3427 4660 3497 4713 sit
3549 4663 3695 4716 istud

2118 4748 2466 4812 sacriﬁcium,
2490 4748 2634 4817 quod
2668 4756 2936 4815 coquatur
2968 4747 3021 4801 in
3059 4749 3299 4813 clibano,
3333 4750 3554 4819 velquis
3587 4753 3691 4807 iste

2117 4842 2360 4898 clibanus
2396 4841 2625 4911 intelligi
2668 4841 2882 4896 debeat.
2933 4840 3039 4895 Sed
3080 4842 3168 4895 ubi
3218 4843 3487 4897 inveniam
3529 4846 3695 4900 modo

2117 4933 2185 4987 ad
2221 4933 2458 4987 subitum
2483 4931 2818 5001 Scriptorum
2874 4933 3139 4999 divinam,
3190 4948 3314 5002 quae
3366 4950 3452 4989 me
3508 4937 3697 4992 doceat

2115 5024 2244 5094 quid
2281 5022 2393 5093 (58)
2420 5022 2797 5077 sitclibanus?
2831 5022 3119 5077 Dominum
3162 5042 3337 5079 meum
3377 5026 3558 5082 Jesum
3608 5029 3694 5083 iu—

2555 5134 2598 5166 “
2640 5133 2812 5189 Levit.
2857 5149 2953 5201 vn,
2997 5137 3051 5191 9.
3163 5139 3207 5169 ι⁷
3250 5137 3430 5194 lCor.
3476 5156 3556 5205 tn,
3600 5141 3691 5198 N.

2117 5300 2442 5382 propitiasse
2481 5300 2730 5354 diceris.»
2764 5298 2923 5357 Libb.
2958 5304 3110 5368 editi,
3146 5320 3165 5353 ι
3198 5304 3555 5374 repmpitiare
3604 5305 3689 5358 di-

2115 5385 2275 5425 ceris.
2304 5388 2322 5422 ι

2175 5440 2287 5509 (55)
2332 5439 2455 5503 Ms.,
2492 5458 2510 5491 ι
2542 5438 2722 5494 datur.
2745 5460 2761 5491 ι
2800 5439 2955 5495 Libb.
2986 5444 3138 5506 editi,
3176 5464 3192 5493 ι
3218 5444 3449 5495 dabitur.
3477 5462 3494 5494 ι

2195 5512 2285 5581 54)
2318 5510 2439 5572 MS.,
2488 5527 2505 5560 ι
2545 5509 2801 5564 oderunt.
2853 5529 2868 5561 ι
2919 5510 3072 5565 Libb.
3107 5513 3259 5575 etilli,
3314 5530 3330 5561 ί
3379 5513 3622 5566 ollertnr.
3655 5530 3680 5563 ι

2198 5582 2287 5647 55}
2322 5580 2445 5639 Ms.,
2479 5598 2497 5631 t
2531 5581 2582 5633 in
2616 5581 2951 5635 holocausta.
2984 5582 3110 5634 Nam
3140 5582 3282 5636 talis.
3326 5602 3345 5633 ι

2174 5648 2286 5720 (56)
2320 5649 2382 5702 Et
2409 5648 2537 5703 Her.
2576 5651 2735 5703 Deest
2762 5651 2812 5702 in
2840 5666 2940 5703 ms.

2174 5719 2286 5793 (57)
2317 5720 2440 5784 Ms.,
2479 5738 2498 5770 ι
2547 5720 2885 5789 praeceperit.
2927 5740 2943 5770 ι
2996 5719 3152 5772 Libb.
3195 5721 3348 5783 editi,
3408 5741 3424 5772 ι
3489 5720 3679 5790 praecl-

2099 5803 2271 5861 pet-et.
2314 5811 2331 5841 ι

2172 5863 2282 5935 (58)
2314 5861 2439 5923 Ms.,
2472 5878 2491 5912 ι
2527 5859 2676 5929 quid.
2715 5876 2733 5909 ι
2776 5857 2925 5912 Libb.
2961 5857 3114 5916 editi.
3153 5876 3173 5909 ι
3210 5860 3350 5927 quis.
3396 5878 3413 5908 ι
