4124 6468
410 378 512 431 455

410 588 550 648 nire,
581 595 633 638 et
668 586 900 652 pulsanti
927 586 1158 653 aperiat,
1197 594 1254 638 ιιι
1284 587 1557 641 inveniam
1601 588 1651 641 in
1694 588 1991 656 Scripturis

405 681 700 739 clihannm,
742 679 829 732 tibi
885 682 1095 750 possim
1144 696 1376 749 coquere
1430 681 1753 735 sacriﬁcium
1790 698 1989 743 meum,

406 771 749 839 utsusripiat
783 772 908 825 iliud
956 774 1117 825 Deus.
1178 774 1238 826 Et
1289 775 1511 841 quidem
1568 777 1844 830 invenisse
1905 793 1989 832 me

407 873 534 929 puto
578 863 628 915 in
663 862 797 916 Οςιιε
849 866 1109 931 propheta
1149 866 1234 917 ubi
1278 867 1411 919 dicit
1439 869 1483 898 ²⁰
1514 885 1526 922 :
1562 886 1579 917 ι
1628 870 1829 924 Omnes
1859 885 1989 923 male

407 958 657 1017 chantes,
707 954 848 1008 sicut
895 956 1142 1008 clibanus
1189 971 1490 1011 succensus
1535 959 1598 1012 ad
1662 962 1987 1013 comburen-

406 1046 552 1098 dum.
603 1065 621 1095 ο
662 1045 724 1098 Ει
770 1047 967 1099 iterum
1000 1048 1042 1077 ’ί
1073 1065 1087 1101 :
1123 1066 1140 1097 ι
1178 1049 1544 1114 lncalucrnnt,
1596 1052 1796 1120 inquit,
1848 1054 1990 1106 sicut

405 1137 649 1191 clibanus
674 1139 836 1191 corda
870 1154 1075 1192 eorum.
1116 1161 1133 1191 ι
1168 1141 1276 1195 Cor
1308 1156 1440 1211 ergo
1483 1150 1568 1195 est
1604 1143 1839 1196 hominis
1890 1144 1988 1198 cli-

406 1231 596 1284 banus.
634 1232 776 1284 Istud
808 1242 986 1286 autem
1048 1248 1143 1285 cor
1186 1235 1230 1286 si
1268 1235 1395 1286 vitia
1450 1237 1848 1301 snccenderint,
1904 1236 1987 1289 vel

406 1325 650 1377 diabolus
680 1324 790 1393 (59)
818 1324 1256 1391 inﬁainmaverit,
1297 1342 1401 1378 non
1439 1337 1658 1394 coquet,
1719 1330 1811 1381 sed
1853 1344 1987 1382 exn-

406 1425 507 1467 ret.
530 1413 584 1467 Si
618 1431 745 1468 vero
774 1415 863 1468 ille
889 1417 938 1468 id
973 1418 1337 1478 succenderit,
1368 1418 1458 1485 qui
1491 1418 1626 1471 dixit
1648 1421 1728 1470 “z
1759 1440 1775 1470 ι
1806 1420 1985 1488 Ignem

404 1507 526 1558 veni
570 1508 784 1559 mittere
812 1508 865 1559 in
911 1516 1133 1573 terram,
1176 1528 1192 1557 ι
1236 1523 1404 1576 panes
1459 1508 1865 1577 Scripturarmn
1914 1512 1990 1563 di-

406 1599 655 1650 vinarum
697 1607 748 1652 et
774 1614 1085 1651 sermonum
1127 1600 1241 1664 Dei,
1275 1616 1417 1668 quos
1443 1602 1494 1653 in
1522 1603 1688 1654 corde
1731 1603 1984 1672 suscipio,

408 1703 513 1741 non
566 1703 737 1741 exnro
788 1688 853 1740 ad
892 1688 1271 1756 perditionem,
1313 1692 1405 1743 sed
1454 1706 1629 1760 coquo
1671 1694 1737 1745 ad
1780 1694 1989 1746 sacriﬁ-

406 1780 573 1833 cium.
608 1779 670 1831 Et
698 1779 942 1832 fortassis
989 1779 1076 1832 illa
1126 1781 1283 1848 coqui
1330 1783 1587 1836 dicuntur
1636 1782 1687 1835 in
1750 1783 1983 1846 clibano,

404 1887 524 1939 quze
553 1870 809 1923 interiora
833 1880 962 1923 sunt
996 1882 1049 1925 et
1082 1872 1384 1937 recondita,
1413 1887 1513 1927 nec
1545 1872 1774 1942 proferri
1825 1873 1985 1929 facile
2019 1849 2061 1904 Β

403 1960 469 2013 ad
496 1959 686 2029 vulgus
715 1970 941 2029 possunt
977 1977 992 2026 ;
1034 1970 1158 2015 sunt
1187 1962 1329 2015 enim
1370 1962 1537 2015 multa
1584 1963 1638 2015 in
1684 1960 1987 2033 Seripturis

403 2051 603 2105 divinis
647 2050 980 2118 huiusmodi,
1021 2053 1163 2107 sicut
1198 2054 1338 2121 apud
1372 2051 1710 2107 Ezechielem
1752 2054 1818 2119 ’³,
1862 2070 1985 2109 cum

402 2142 485 2195 vel
512 2144 578 2197 de
600 2143 900 2209 cherubim,
953 2145 1039 2198 vel
1094 2145 1158 2198 de
1204 2145 1313 2198 Deo
1366 2155 1419 2200 et
1454 2147 1519 2199 d-e
1573 2147 1659 2198 illa
1700 2147 1985 2217 magniﬁca

403 2234 613 2288 visione
644 2234 986 2288 describitur.
1019 2235 1145 2289 chc
1174 2237 1217 2289 si
1253 2236 1304 2288 in
1348 2237 1563 2291 clibano
1602 2254 1705 2291 non
1752 2253 1988 2307 coquan-

407 2334 516 2388 tur,
551 2328 758 2380 comedi
805 2327 875 2379 ita
910 2337 966 2381 ut
1003 2338 1127 2381 sunt
1160 2333 1323 2381 cruda
1367 2345 1471 2383 non
1514 2341 1762 2398 possunt.
1798 2330 1987 2403 Neque

404 2421 551 2471 enim
578 2421 917 2472 credendum
953 2430 1056 2480 est,
1086 2423 1229 2489 quod
1271 2423 1342 2477 sit
1383 2423 1584 2477 animal
1626 2426 1897 2493 quoddam
1931 2425 1985 2480 in

403 2510 577 2563 forma
604 2510 780 2566 leonis
820 2515 1210 2585 positum,an
1241 2517 1472 2571 vehatur
1512 2517 1673 2581 Deus,
1719 2521 1800 2571 vel
1843 2518 1985 2573 aliud

404 2602 458 2655 in
490 2600 660 2656 forma
688 2605 837 2657 vituli
869 2604 1005 2675 (40),
1032 2619 1124 2660 aut
1157 2608 1372 2677 aquilae.
1403 2607 1529 2663 Htec
1561 2624 1692 2678 ergo
1718 2620 1773 2662 et
1806 2611 1849 2663 si
1881 2627 1987 2679 qua

405 2693 711 2761 ltujnsmodi
736 2706 879 2761 sunt,
911 2715 1014 2750 non
1047 2708 1173 2751 sunt
1207 2701 1371 2753 cruda
1405 2700 1754 2770 proferenda,
1794 2703 1887 2757 sed
1925 2704 1982 2757 itt

405 2786 586 2839 cordis
634 2787 849 2840 clibano
895 2798 1019 2841 sunt
1074 2791 1377 2857 coquenda.
1428 2792 1553 2845 Tria
1622 2794 1802 2861 itaque
1862 2807 1988 2849 sunt

405 2878 540 2942 lucc,
572 2878 622 2931 in
654 2879 849 2947 quibus
877 2880 1009 2933 dicit
1040 2883 1307 2935 sacriﬁcia
1335 2882 1530 2935 debere
1568 2886 1887 2951 praeparari,
1934 2887 1984 2939 in

402 2968 641 3034 clibano,
686 2970 738 3022 in
773 2971 1074 3037 sartagine,
1117 2974 1168 3024 in
1218 2972 1479 3026 craticula
1514 2991 1527 3025 :
1565 2982 1618 3026 et
1659 2986 1790 3041 puto
1840 2976 1985 3043 quod

400 3063 650 3118 clibanus
679 3065 975 3118 secundum
1020 3065 1102 3120 sui
1131 3065 1362 3120 formam
1394 3068 1773 3139 profundiore,
1820 3079 1875 3123 et
1921 3085 1984 3124 ea

401 3171 521 3223 qua:
544 3166 669 3209 sunt
698 3156 1083 3211 inenarrabilia
1118 3159 1393 3227 signiﬁcet
1421 3161 1471 3213 in
1506 3160 1807 3231 Scripturis
1832 3164 1976 3218 divi-
2010 3187 2052 3243 ο

400 3248 506 3301 nis.
536 3249 767 3319 Sartago
820 3265 947 3304 vero
999 3266 1063 3304 ea
1112 3267 1234 3319 quae
1280 3253 1323 3307 si
1374 3252 1689 3323 frequenter
1725 3270 1788 3309 ac
1842 3271 1984 3325 saepe

400 3352 715 3406 versentur,
758 3343 984 3413 intelligi
1024 3353 1079 3398 et.
1122 3345 1383 3413 explicari
1421 3356 1669 3415 possunt.
1717 3348 1987 3403 Craticula

402 3440 582 3485 autem
611 3448 673 3485 ea
706 3448 829 3500 quae
864 3435 1042 3503 palam
1090 3446 1236 3501 sunt,
1265 3446 1317 3489 et
1358 3438 1562 3505 absque
1604 3438 1781 3506 aliqua
1836 3440 1990 3494 obte-

405 3524 583 3577 ctione
613 3535 927 3581 cernuntur.
987 3525 1279 3595 Triplicem
1330 3541 1562 3596 namque
1593 3529 1645 3581 in
1693 3529 1991 3598 Scripturis

410 3616 607 3669 divinis
648 3616 1013 3685 intelligentiae
1042 3618 1273 3671 inveniri
1304 3634 1449 3688 saepe
1473 3620 1710 3674 diximus
1750 3623 1989 3687 modum,

413 3707 754 3774 historicum,
793 3709 1051 3762 moralem
1081 3719 1137 3763 et
1190 3710 1502 3780 mysticum.
1537 3711 1693 3767 Unde
1719 3720 1773 3765 et
1797 3728 1992 3782 corpus

411 3798 591 3853 inesse
638 3800 709 3864 ei,
761 3810 814 3854 et
858 3803 1118 3865 animam,
1172 3817 1237 3857 ac
1295 3803 1545 3872 spiritum
1596 3804 1987 3861 intelleximus.

402 3892 566 3960 Cujus
599 3893 968 3961 intelligentia:
1001 3892 1267 3962 triplicmn
1322 3894 1550 3947 fortnam
1597 3896 1986 3950 sacriﬁciorum

405 3984 595 4051 triplex
624 3985 707 4038 hic
744 3997 1035 4052 apparatus
1070 3986 1330 4040 ostendit.
1372 3987 1479 4041 Sed
1504 3996 1558 4041 et
1594 3987 1719 4041 alibi
1774 3989 1987 4044 inveni-

410 4092 546 4139 mus,
577 4078 732 4129 idest
770 4078 820 4129 in
865 4078 947 4132 his
997 4080 1149 4147 ipsis,
1194 4079 1421 4147 qnzede
1454 4080 1738 4133 sacriﬁciis
1784 4097 1990 4134 memo-

406 4180 615 4235 rantur,
668 4171 772 4224 dici
836 4172 1141 4225 canistrum
1190 4181 1443 4226 sanctum
1505 4172 1882 4240 perfectionis,
1934 4174 1986 4226 in

404 4278 509 4330 quo
543 4274 651 4317 tres
685 4280 850 4333 panes
884 4265 1069 4318 haberi
1106 4264 1459 4317 mandantur.
1494 4264 1656 4319 Vides
1686 4280 1988 4319 consonare

407 4356 507 4412 sibi
565 4370 1030 4411 sacramentorum
1083 4357 1329 4410 omnium
1388 4356 1631 4412 formas?
1673 4358 1986 4412 Canistrum

404 4448 774 4517 perfectionis,
814 4451 866 4503 in
899 4467 1005 4518 quo
1038 4461 1146 4506 tres
1173 4466 1340 4521 panes
1370 4451 1495 4519 poni
1546 4451 1829 4520 jubentur,
1856 4452 1985 4519 quid

1842 375 2154 430 ORIGEKIS

406 510 602 549 vocare
630 508 711 547 me
743 503 980 563 oportet,
1029 504 1086 547 ut
1132 504 1464 562 quaerentem
1501 512 1585 551 me
1623 496 1786 550 faciat
1837 496 1990 551 inve-
2023 506 2065 557 Α
2096 500 2295 552 ostium
2342 499 2480 565 ejus,
2533 509 2587 553 et
2642 500 2715 554 ait
2752 502 2797 531 ⁸⁵

3553 353 3659 406 4726

2841 519 2853 555 :
2905 518 2923 551 ι
2958 501 3170 564 Amice,
3204 504 3484 554 commoda
3534 500 3667 554 mihi

2096 597 2204 643 tres
2234 604 2420 657 panes,
2452 590 2708 658 quoniam
2739 592 2944 646 amicus
2966 590 3096 644 mihi
3121 591 3429 661 supervenit
3460 592 3527 644 de
3552 593 3659 656 via,

2092 691 2147 735 et
2205 697 2310 735 non
2356 682 2527 736 habeo
2588 684 2731 751 quod
2782 698 3043 752 apponam
3085 682 3154 737 ei.
3198 702 3215 734 ι
3250 682 3303 735 In
3357 682 3576 751 quibus,
3610 694 3669 739 ut

2093 773 2329 825 breviter
2354 774 2806 842 perstringamus,
2847 789 2951 827 nox
2998 785 3079 829 est
3115 784 3324 843 tempus
3377 777 3476 829 line
3524 776 3666 841 vita,

2094 873 2145 916 et
2196 874 2303 917 tres
2344 880 2511 933 panes
2553 874 2698 928 sunt,
2737 881 2875 918 unus
2912 865 3002 933 qui
3030 865 3080 917 in
3108 864 3337 927 clibano,
3395 864 3533 919 alius
3573 868 3665 935 qui

2093 957 2145 1009 in
2177 957 2468 1025 sartagine,
2506 958 2695 1010 tertius
2726 958 2815 1023 qui
2860 958 2910 1009 in
2938 956 3199 1010 craticula
3235 957 3511 1026 coquitur.

2162 1047 2217 1101 6.
2263 1047 2391 1101 Post
2446 1049 2558 1101 lirec
2608 1049 2781 1117 inquit
2813 1050 2902 1100 ’δε
2944 1066 2960 1098 ι
3009 1048 3075 1100 Ει
3124 1063 3285 1102 omne
3332 1049 3665 1103 sacrificium

2095 1134 2293 1189 laetum
2342 1138 2392 1189 in
2438 1138 2581 1196 oleo.
2628 1139 2741 1191 sive
2791 1155 2895 1191 non
2951 1138 3177 1206 factum,
3228 1140 3480 1192 omnibus
3543 1138 3668 1197 ﬁliis

2091 1230 2267 1282 Aaron
2299 1232 2405 1283 erit
2437 1231 2663 1300 singulis
2704 1232 3014 1301 aequaliter.
3064 1252 3082 1284 ι
3127 1232 3277 1299 Quod
3337 1232 3665 1287 sacriﬁcium

2096 1321 2296 1374 factum
2325 1330 2406 1373 est
2435 1322 2485 1373 in
2518 1322 2660 1387 oleo,
2689 1322 2771 1375 vel
2801 1328 2943 1389 quod
2970 1334 3045 1376 est
3068 1339 3172 1376 non
3202 1323 3401 1375 factum
3433 1325 3483 1376 in
3514 1322 3671 1377 oleo?

2093 1413 2429 1467 Sacriﬁcium
2467 1415 2703 1468 salutare
2734 1414 2844 1485 (4⁸2)
2890 1414 2940 1466 in
2964 1413 3082 1468 oleo
3117 1413 3230 1467 ﬁeri
3253 1416 3495 1482 jubetnr,
3528 1415 3669 1469 sicut

2091 1521 2249 1573 supra
2280 1507 2389 1575 jam
2443 1507 2699 1560 diximus.
2742 1506 3077 1560 Sacriﬁcium
3123 1521 3249 1559 vero
3298 1522 3397 1575 pro
3444 1516 3668 1576 peccato

2091 1612 2195 1650 n0n
2232 1596 2287 1647 lit
2312 1599 2363 1649 in
2407 1597 2549 1653 oleo.
2586 1598 2724 1652 Dicit
2759 1598 2902 1652 enim
2935 1596 2981 1627 ’⁸
3011 1614 3024 1649 :
3059 1616 3076 1647 ι
3116 1596 3232 1650 Non
3258 1608 3588 1668 superponet
3613 1598 3665 1654 ei

2091 1689 2289 1750 oleum,
2325 1690 2576 1756 quoniam
2614 1705 2713 1757 pro
2736 1696 2960 1758 peccato
2996 1698 3103 1742 est.
3135 1709 3151 1740 ι
3195 1689 3348 1754 Quod
3394 1704 3523 1759 ergo
3566 1706 3667 1758 pro

2090 1793 2314 1850 peccato
2344 1792 2445 1842 est,
2474 1796 2573 1834 nec
2612 1782 2789 1834 oleum
2823 1782 3023 1835 laetitia:
3073 1782 3143 1843 ei,
3180 1795 3278 1834 nec
3323 1782 3446 1833 llius
3477 1782 3665 1836 suavi-

2096 1874 2223 1928 tatis
2247 1874 2567 1943 imponitur.
2612 1872 2685 1928 De
2720 1875 3078 1943 peccantibus
3103 1874 3247 1928 enim
3273 1874 3407 1926 dicit
3435 1874 3669 1943 Aposto-

2090 1964 2175 2019 lus
2203 1964 2247 1995 "’
2281 1980 2295 2016 :
2337 1981 2355 2011 ι
2396 1963 2463 2017 Et
2490 1962 2703 2032 lugeam
2743 1978 2857 2027 eos,
2898 1963 2986 2031 qui
3032 1974 3159 2017 ante
3208 1976 3569 2031 peccaverunt
3612 1974 3667 2017 et

2090 2069 2197 2107 non
2227 2063 2455 2124 egerunt
2482 2054 2879 2121 paenitentiam.
2916 2074 2935 2106 ι
2982 2054 3091 2107 Nec
3116 2055 3254 2107 odor
3286 2054 3337 2107 in
3379 2070 3446 2109 eo
3485 2054 3667 2109 suavi-

2093 2147 2218 2201 tatis
2258 2157 2358 2209 est,
2395 2146 2558 2215 210
2601 2148 2728 2215 quia
2772 2160 2837 2199 ex
2887 2161 3116 2215 persona
3187 2148 3492 2215 peccatoris
3533 2145 3668 2199 dici-

2093 2250 2178 2293 tur
2202 2240 2248 2270 ²⁸
2280 2257 2291 2292 :
2327 2258 2344 2289 ι
2381 2239 2851 2307 Computrueruut
2880 2250 2935 2292 et
2976 2250 3244 2305 corrupta:
3278 2247 3405 2292 sunt
3446 2238 3669 2293 cicatri-

2090 2348 2181 2387 ces
2209 2346 2361 2385 mete.
2403 2350 2421 2381 ι
2468 2331 2591 2384 ιιςιιε
2614 2331 2830 2385 interim
2860 2347 2886 2384 a
2920 2332 3075 2385 nobis
3105 2333 3392 2384 observata
3431 2340 3558 2385 sunt
3601 2332 3667 2384 de

2091 2423 2357 2490 superiori
2392 2422 2652 2489 capitulo,
2697 2423 2785 2474 ubi
2840 2421 2923 2475 lex
2964 2421 3219 2474 sacrificii
3260 2422 3520 2473 scribitur
3568 2436 3667 2488 pro

2091 2513 2310 2566 delicto.
2357 2512 2473 2566 Non
2520 2522 2698 2566 autem
2741 2514 2929 2567 dubito
2986 2514 3151 2566 multa
3205 2528 3348 2577 esse,
3405 2528 3521 2579 qua!
3567 2528 3668 2568 nos

2092 2606 2321 2669 lateant,
2369 2613 2421 2660 et
2464 2620 2681 2659 sensum
2753 2615 2996 2659 nostrum
3054 2616 3311 2673 superent
3356 2603 3492 2675 (45).
3548 2605 3665 2658 Non

2092 2700 2233 2751 enim
2263 2713 2449 2752 sumus
2481 2698 2625 2752 illius
2672 2698 2874 2763 meriti,
2908 2708 2964 2751 ut
3015 2708 3069 2751 et
3104 2714 3203 2751 nos
3253 2698 3433 2751 dicere
3486 2698 3663 2764 possi-

2092 2805 2210 2843 mus
2239 2790 2283 2819 ”
2320 2809 2332 2844 :
2371 2807 2389 2840 ι
2430 2788 2535 2843 Nos
2571 2802 2747 2843 autem
2802 2804 3022 2843 sensum
3072 2789 3277 2843 Christi
3317 2789 3599 2842 habemus.
3637 2805 3659 2840 ι

2093 2882 2210 2951 Ipse
2254 2883 2399 2935 enim
2435 2882 2580 2936 solus
2624 2890 2710 2935 est
2758 2896 2968 2947 sensus,
2995 2882 3080 2935 cui
3132 2891 3348 2951 pateant
3390 2881 3664 2943 universa,

2089 2989 2208 3043 qua:
2239 2975 2288 3026 in
2325 2972 2531 3042 legibus
2562 2971 2956 3027 sacriﬁciorum
2990 2973 3129 3025 intra
3161 2972 3352 3027 litterae
3382 2973 3668 3026 continen-

2094 3077 2178 3118 tur
2209 3080 2490 3119 arcanum.
2542 3064 2597 3118 Si
2649 3064 2791 3118 enim
2850 3079 3090 3118 mererer
3141 3079 3199 3117 ut
3252 3064 3475 3117 daretur
3536 3063 3668 3117 mihi

2091 3172 2283 3210 sensus
2310 3155 2539 3219 Christi,
2572 3155 2735 3209 etiam
2772 3170 2871 3226 ego
2904 3155 2955 3208 in
3005 3156 3088 3209 his
3131 3154 3368 3209 dicerem
3404 3153 3451 3185 ³⁸
3485 3172 3499 3210 :
3540 3166 3559 3205 t
3600 3153 3670 3208 Ut

2095 3249 2331 3303 sciamus
2354 3262 2473 3316 quae
2504 3261 2532 3300 a
2560 3248 2667 3303 Deo
2699 3249 2893 3303 donata
2926 3255 3052 3301 sunt
3096 3247 3272 3312 nobis,
3333 3262 3451 3317 quae
3491 3256 3545 3300 et
3588 3247 3671 3301 lo-

2094 3342 2335 3407 quimur.
2406 3358 2425 3391 ι
2495 3340 2603 3394 Sed
2661 3356 2803 3395 nunc
2861 3341 3103 3395 contenti
3152 3341 3415 3411 parvitate
3475 3352 3669 3394 sensus

2093 3432 2291 3493 lt'istri,
2333 3431 2552 3484 secundi
2581 3432 2799 3500 capituli
2835 3432 3111 3486 videamus
3142 3433 3445 3487 exordium.

2167 3524 2217 3577 7.
2252 3543 2269 3576 ι
2309 3523 2433 3579 lltrc
2470 3534 2575 3590 est,
2632 3525 2803 3592 inquit
2849 3524 2919 3588 ³³,
2967 3525 3047 3578 lex
3083 3524 3338 3578 sacriﬁcii
3389 3524 3667 3591 salutaris,

2096 3618 2240 3684 quod
2299 3616 2526 3671 tﬂ'erent
2575 3616 2821 3671 Domino.
2889 3617 3165 3685 Siquidem
3212 3632 3307 3685 pro
3360 3617 3670 3670 laudatione

2093 3708 2285 3763 offeret
2333 3710 2485 3772 illud,
2524 3719 2579 3763 et
2630 3706 2819 3763 aﬁeret
2865 3708 2978 3779 (44)
3022 3709 3087 3761 ad
3141 3709 3468 3763 sacriﬁcium
3501 3723 3667 3777 panes

2095 3802 2421 3855 laudationis
2481 3818 2545 3856 ex
2600 3802 2777 3853 simila
2837 3802 3011 3854 factos
3059 3803 3111 3852 in
3170 3800 3313 3864 oleo,
3373 3812 3427 3854 et
3477 3801 3667 3870 lagana

2094 3906 2285 3960 azyma
2327 3902 2487 3944 uncta
2517 3892 2659 3955 oleo,
2719 3900 2772 3944 et
2813 3891 3167 3961 similaginein
3217 3906 3559 3959 conspersam
3616 3895 3669 3945 in

2092 3982 2232 4036 oleo.
2264 3983 2437 4051 Super
2463 3999 2623 4050 panes
2668 3983 3019 4037 fermentatus
3060 3981 3248 4036 oﬁ‘eret
3290 4000 3509 4036 munera
3546 3998 3667 4045 sua,

2094 4076 2219 4143 quia
2259 4074 2585 4127 sacriﬁcium
2626 4075 2951 4129 laudationis
2993 4075 3248 4129 salutaris
3298 4077 3415 4145 ejus
3466 4083 3579 4139 est;
3615 4087 3668 4129 et

2094 4164 2284 4220 oﬁ‘eret
2331 4166 2398 4218 ab
2433 4180 2496 4219 eo
2530 4181 2697 4219 unum
2759 4170 2823 4219 de
2872 4167 3125 4220 otnnibus
3172 4167 3481 4221 muneribus
3535 4168 3666 4231 suis,

2093 4259 2487 4327 separationem
2530 4259 2788 4323 Domino;
2833 4258 3105 4312 sacerdoti
3141 4258 3231 4326 qui
3265 4256 3503 4311 eﬂ‘nndet
3552 4273 3673 4310 san-

2093 4352 2309 4419 guinem
2366 4348 2656 4413 salutaris,
2703 4359 2755 4402 et
2806 4363 2999 4402 carnes
3044 4348 3297 4401 sacriﬁcii
3344 4347 3671 4401 laudatimiis

2094 4442 2383 4499 Salutaris,
2421 4439 2517 4508 ipsi
2550 4449 2731 4505 erunt,
2757 4449 2807 4492 et
2842 4441 2893 4491 in
2922 4453 3027 4508 qua
3057 4438 3143 4491 die
3184 4439 3378 4490 donum
3418 4436 3667 4499 oﬁ'ertur,

406 4542 549 4593 aliud
581 4542 840 4596 debemus
888 4543 1160 4611 accipere,
1211 4543 1315 4597 nisi
1367 4542 1681 4611 scripturas
1740 4543 1985 4605 divinas,
2022 4523 2064 4575 D
2098 4533 2597 4593 manducabunt,et
2626 4546 2729 4582 non
2756 4528 3133 4589 derelinquent
3156 4542 3222 4581 CX
3252 4543 3319 4580 eo
3354 4528 3404 4579 ill
3439 4540 3617 4579 mane.
3648 4544 3665 4575 ὓ

404 4631 556 4684 cibos
588 4633 925 4686 auditoribus
951 4633 1239 4700 tripliciter
1266 4633 1643 4702 apponentes?
1681 4634 1771 4687 Vis
1802 4633 1893 4686 tibi
1931 4647 1988 4687 ει

406 4722 475 4775 de
507 4722 811 4789 Evangeliis
839 4724 1033 4776 similis
1060 4726 1307 4795 mysterii
1332 4725 1672 4790 proferamus
1704 4725 1988 4791 exempla?

408 4813 726 4867 Recolamus
761 4815 975 4869 Domini
1026 4831 1242 4884 vocem,
1302 4816 1389 4869 ubi
1449 4816 1603 4878 dicit,
1650 4816 1775 4885 quia
1811 4818 1984 4869 media

408 4920 562 4961 noete
594 4904 704 4977 (4|)
743 4908 889 4962 venit
918 4909 1137 4977 quidam
1172 4910 1236 4963 ad
1272 4908 1509 4963 amicum
1556 4922 1717 4963 suum
1761 4909 1984 4977 pulsans

479 5045 525 5077 ’°
550 5042 705 5098 Osee.
737 5059 832 5106 vit,
861 5043 916 5099 4.
990 5045 1034 5075 ’⁸
1066 5043 1193 5097 ibid.
1227 5043 1280 5098 6.
1357 5044 1400 5074 ”
1422 5043 1553 5097 Luc.
1584 5058 1682 5106 xu,
1712 5043 1799 5098 49.

408 5131 463 5183 v,
488 5116 573 5170 12.
653 5115 695 5145 ’⁷
725 5115 766 5168 ιι
791 5115 917 5169 Cor.
955 5129 1054 5180 ιιι,
1093 5114 1185 5168 2|.
1261 5114 1307 5146 "
1347 5112 1486 5170 Psal.
1526 5129 1761 5180 xxxviii,
1796 5115 1849 5171 5.

480 5253 589 5325 (39)
623 5250 762 5325 Ms.,i
791 5270 815 5325 ι
863 5251 1134 5307 diabolus.
1180 5272 1198 5305 ι
1257 5251 1431 5325 Libb.
1459 5251 1613 5314 editi,
1652 5269 1672 5303 ι
1730 5251 1979 5325 libido.)

410 5318 576 5378 Paulo
604 5318 891 5393 postidem
924 5337 1051 5387 ms.,
1087 5340 1105 5372 ι
1142 5338 1306 5392 panes
1328 5322 1745 5391 scripturarum.
1783 5341 1800 5372 ι
1827 5320 1985 5375 Libb.

412 5395 562 5455 editi,
602 5414 618 5444 ι
659 5409 873 5461 panem,
914 5413 932 5445 ι
974 5404 1083 5447 etc.

484 5465 595 5529 (.40)
634 5460 755 5526 Ms.,
792 5483 810 5516 ι
844 5460 927 5518 vel
958 5464 1157 5532 aliquid
1194 5464 1245 5516 in
1276 5461 1447 5532 forma
1480 5460 1653 5515 vituli.
1693 5481 1711 5514 ι

484 5535 596 5603 (ιιι)
624 5534 746 5597 Ms.,
781 5553 799 5585 ‹
840 5535 1016 5589 media
1053 5530 1239 5587 nocte.
1294 5552 1312 5584 ι
1357 5531 1513 5603 Libb.
1556 5533 1710 5595 editi,
1750 5551 1767 5580 ι
1814 5530 1993 5586 medio

416 5604 611 5655 nnrtis.
643 5622 661 5653 ι
699 5604 843 5658 Infra
888 5607 1030 5660 idem
1080 5619 1205 5667 ms.,
1256 5622 1274 5655 ι
1331 5602 1473 5672 quod
1519 5617 1788 5671 apponam
1840 5603 1911 5657 ei.
1967 5619 1985 5652 ο

419 5672 755 5745 Libincditi,
788 5693 805 5725 ι
841 5677 982 5743 quod
1010 5690 1203 5745 ponam
1228 5674 1299 5745 ei.
1328 5691 1347 5724 ι

446 5741 600 5823 ,(42)
638 5741 772 5809 Ms.,
823 5741 1151 5800 (salutare.
1208 5763 1225 5795 ι
1281 5744 1438 5799 Libb.
1498 5743 1667 5809 editi,
1722 5761 1739 5794 ι
1789 5742 1993 5798 saluta-

418 5828 511 5866 rts.
558 5832 574 5863 ι

1878 5044 1923 5075 ³³
1953 5040 2148 5096 Ezech.
2177 5054 2234 5091 κ.

1925 5114 1970 5145 ¹⁹
2001 5114 2018 5167 l
2050 5113 2178 5167 Cor.
2220 5123 2280 5174 ιι,
2314 5105 2398 5159 16.

2099 4622 2439 4676 Sacriﬁcium
2473 4622 2607 4682 hoc,
2641 4620 2783 4688 quod
2812 4618 3049 4671 salutare
3082 4617 3402 4685 appellatur,
3443 4615 3494 4668 in
3537 4614 3672 4669 duas

2099 4715 2286 4767 dividit
2320 4722 2523 4781 partes.
2562 4721 2616 4765 et
2659 4727 2819 4763 uuam
2856 4709 3073 4778 quidem
3118 4708 3441 4762 laudationis
3498 4707 3671 4761 nomi-

2097 4815 2211 4870 nat,
2240 4806 2463 4858 alteram
2497 4806 2627 4864 voti,
2660 4813 2953 4869 utrumque
2989 4811 3167 4853 tamen
3195 4800 3549 4863 sacriﬁcium,
3580 4814 3670 4851 sa-

2098 4898 2271 4951 lutare
2320 4898 2649 4950 nominatur.
2691 4894 2891 4947 Verum
2946 4892 3198 4963 quoniam
3242 4907 3346 4946 non
3401 4904 3483 4946 est
3516 4890 3674 4945 nobis

2310 5034 2356 5066 ’⁸
2384 5034 2512 5088 Luc.
2541 5049 2614 5093 ιι,
2634 5033 2689 5096 5,
2730 5032 2783 5086 6.
2860 5031 2906 5062 ”
2933 5020 3103 5087 Levit.
3130 5048 3227 5096 vn,
3255 5032 3343 5084 10.
3420 5032 3465 5063 ⁸⁸
3497 5031 3669 5087 Levit.

2314 5105 2398 5157 16.
2476 5105 2519 5136 ³⁰
2550 5105 2679 5157 ibid.
2711 5104 2797 5157 12.
2875 5102 2916 5134 ³³
2947 5102 3121 5156 Levit.
3154 5119 3248 5157 vit.
3282 5104 3338 5156 Η
3369 5112 3423 5157 ει
3447 5118 3601 5157 scan.

2550 5118 2679 5158 ιυιιι.
2711 5118 2797 5157 12.
2875 5118 2916 5134 ’⁸
2947 5118 3121 5156 μενιι.
3154 5119 3248 5168 VII,
3282 5118 3338 5156 ‘ll
3369 5118 3423 5157 et
3447 5118 3601 5173 seqq.

2172 5242 2464 5317 (43)Lihh.
2514 5250 2671 5295 antea
2702 5240 2942 5317 _editi,_t
2992 5240 3162 5293 latent
3214 5248 3269 5317 e_t
3310 5254 3530 5317 sensum
3578 5254 3675 5317 no-

2104 5310 2277 5370 str'nni
2328 5322 2607 5383 superant.
2646 5331 2663 5363 ι
2702 5312 2765 5364 Ει
2798 5313 2955 5378 paulo
2994 5320 3136 5379 post,
3180 5329 3198 5360 ι
3235 5311 3330 5383 ipsi
3378 5311 3520 5363 enim
3556 5310 3675 5383 plus

2097 5399 2182 5441 est
2244 5380 2436 5439 sensus
2490 5383 2693 5437 Christi
2758 5385 2842 5435 cui
2891 5390 3095 5450 patent,
3154 5399 3173 5431 ι
3222 5380 3313 5434 sed
3366 5397 3468 5437 ms.
3509 5391 3566 5432 ut
3619 5382 3673 5434 in

2100 5467 2285 5510 nostro
2315 5463 2481 5506 textu.

2173 5524 2479 5595 (M)Ms.,_t
2510 5521 2698 5576 oﬂ'cret
2724 5522 2873 5595 illud,
2912 5529 2963 5574 et
3000 5519 3215 5595 afferet.
3244 5537 3276 5595 ί»
3313 5519 3468 5573 Libb.
3516 5518 3673 5595 editi,

2109 5615 2128 5647 ι
2168 5588 2397 5650 oder-ent
2422 5593 2569 5657 illud,
2606 5604 2660 5645 et
2681 5592 2930 5646 offerent.
2976 5610 2993 5642 ι
3034 5590 3172 5642 Infra
3205 5592 3343 5644 idem
3380 5603 3502 5652 ms.,
3534 5607 3549 5637 ι
3578 5588 3669 5657 qui

2102 5667 2342 5724 ellundet
2398 5666 2735 5729 sanguinem.
2796 5682 2813 5712 ι
2870 5662 3022 5714 Libb.
3078 5661 3233 5723 editi,
3291 5678 3309 5709 ι
3368 5660 3457 5728 qui
3495 5658 3671 5711 edun-

2105 5742 2203 5799 dit,
2232 5758 2248 5788 ι
2278 5748 2381 5788 etc.
2418 5733 2581 5785 Paulo
2605 5743 2724 5801 post
2756 5735 2892 5786 idem
2924 5746 3051 5793 ms.,
3090 5749 3107 5780 ι
3142 5745 3206 5783 ex
3238 5746 3301 5785 e0
3334 5730 3384 5783 itt
3429 5743 3607 5782 tuane.
3648 5743 3671 5781 ι

2105 5806 2443 5878 l.ibb.pditi,
2482 5823 2500 5853 ι
2538 5820 2600 5857 cx
2640 5820 2702 5858 eo
2733 5819 2900 5872 nsque
2927 5805 2979 5858 in
3023 5816 3201 5854 mane.
3241 5820 3260 5852 ι
