4124 6410
357 327 463 380 ιῖἾ

1521 320 1581 371 lN
1626 319 1992 370 l.l£\l'lti._.t,l.\l
2038 309 2314 365 ltOEllllA
2352 307 2414 361 ν.

3493 300 3596 360 538

351 453 494 492 nunc
529 437 821 491 secundum
868 436 1099 490 litteram
1151 437 1456 490 instaurare
1511 434 1798 501 sacriﬁcia,
1840 449 1924 484 re-
1959 441 2004 492 Α
2035 445 2193 495 super
2245 442 2408 494 palles
2450 427 2802 479 i‘eru.ei:tatos
2847 422 3175 476 sacriﬁcium
3231 424 3451 476 mandat
3498 423 3597 475 im-

355 531 639 598 quiramus
663 529 714 581 in
745 528 898 582 nobis
928 530 1173 597 quisnam
1215 539 1297 583 est
1331 539 1514 583 tantus
1554 544 1617 581 ac
1649 527 1789 591 talis,
1833 527 1922 592 qui

355 620 689 675 Sacriﬁcium
745 621 979 673 salutare
1029 629 1083 672 et
1129 621 1459 676 sacriﬁcimn
1517 622 1688 676 laudis
1737 619 1929 673 oﬂ'erat

358 715 491 768 Deo.
524 714 631 781 Ego
661 713 808 765 illum
838 728 958 768 esse
993 713 1250 778 arbitror,
1279 713 1368 780 qui
1415 714 1464 766 in
1496 713 1747 766 omnibus
1797 712 1930 763 acti-

356 806 460 859 bus
491 806 604 858 suis
636 803 763 857 facit
790 803 993 858 laudari
1039 802 1230 868 Deunt,
1281 813 1336 856 et
1385 804 1635 873 impletur
1682 820 1776 872 per
1807 817 1926 854 eum

355 896 488 949 illud
523 897 663 964 quod
714 895 971 948 Dominus
1026 904 1079 948 et
1127 893 1380 948 Salvator
1437 907 1620 949 noster
1673 893 1925 946 dicit“:

359 1007 378 1038 ι
416 987 484 1042 Ut
515 987 733 1040 videant
758 988 1002 1041 homines
1031 1001 1195 1054 opera
1227 999 1406 1040 vestra
1438 987 1598 1052 bona,
1629 996 1684 1040 et
1718 985 1928 1054 magni-

357 1077 523 1130 ﬁcent
548 1074 764 1128 Patrem
791 1084 1054 1139 vestrum,
1085 1075 1173 1144 qui
1217 1075 1270 1128 in
1302 1075 1456 1130 ccelis
1484 1086 1582 1130 est:
1622 1095 1641 1127 ι
1675 1075 1766 1129 llle
1802 1089 1930 1143 ergo

354 1167 554 1220 obtulit
602 1167 926 1221 sacrilicium
980 1166 1173 1230 laudis,
1219 1181 1320 1235 pro
1369 1165 1523 1236 cujus
1555 1167 1788 1231 actibus,
1835 1181 1931 1235 pro

355 1261 514 1327 cujus
543 1259 817 1323 doctrina,
866 1260 1170 1326 praeceptis,
1236 1243 1427 1322 verbo,
1483 1266 1537 1311 et
1587 1259 1846 1322 moribus,
1879 1268 1933 1311 et

355 1355 666 1422 disciplina,
701 1353 952 1405 laudatur
969 1360 1022 1405 et
1050 1350 1382 1406 benedicitur
1413 1352 1576 1416 Deus,
1605 1353 1741 1405 sicut
1771 1369 1932 1406 econ-

360 1448 533 1500 trario
564 1456 689 1500 sunt
717 1446 813 1509 illi,
845 1446 908 1498 de
937 1445 1133 1514 quibus
1172 1445 1370 1500 dicitur
1396 1443 1464 1509 ³³,
1503 1445 1628 1513 quia
1661 1463 1678 1496 ι
1720 1460 1814 1512 per
1841 1460 1933 1499 vos

360 1553 558 1592 nomen
587 1553 762 1590 meum
790 1536 1196 1606 blasphematur
1224 1537 1366 1590 inter
1394 1544 1602 1605 gentes.
1641 1554 1659 1586 ι
1692 1534 1932 1590 Observa

363 1642 542 1684 tamen
591 1639 643 1682 et
687 1629 794 1692 hic,
828 1628 1097 1697 quomodo
1146 1642 1318 1697 panes
1369 1642 1434 1681 ex
1490 1626 1664 1680 simila
1716 1627 1839 1681 facti
1878 1629 1930 1680 in

359 1723 505 1782 oleo,
539 1731 591 1774 et
642 1721 830 1788 lagana
880 1736 1064 1792 azyma
1111 1728 1274 1775 uncta
1323 1717 1468 1786 oleo,
1501 1729 1555 1772 et
1597 1720 1770 1774 simila
1801 1736 1933 1774 con-

2029 521 2193 590 poni?
2224 521 2416 573 Vcrnm
2443 517 2756 587 diligentius
2780 517 3011 581 intuere,
3040 517 3165 585 quia
3193 531 3298 571 non
3328 517 3393 570 ad
3426 517 3602 570 sacri-

2029 611 2232 678 ﬁcium,
2269 613 2361 666 sed
2413 612 2478 664 ad
2533 611 2890 663 ministerium
2931 611 3180 664 sacriﬁcii
3242 610 3603 664 fermentatus

2030 705 2184 773 panis
2223 705 2540 758 assumitur.
2578 702 2715 768 Quid
2750 718 2878 771 ergo
2913 704 3014 757 hoc
3041 705 3129 766 sit,
3155 705 3433 757 videamus
3464 701 3598 767 (47).

2032 797 2289 850 Dominus
2334 797 2385 848 in
2432 796 2736 864 Evangeliis
2785 797 3073 848 humanam
3110 783 3415 850 doctrinam
3452 795 3599 848 Pha-

2030 887 2330 948 risa'orum,
2359 888 2448 956 qui
2504 887 2790 940 tradebant
2846 887 3163 940 traditiones
3201 897 3464 956 praecepta
3505 888 3604 940 bo-

2034 981 2258 1042 mimtm,
2309 979 2632 1034 fermentum
2696 977 2949 1048 appellat.
3015 995 3135 1032 cum
3196 979 3325 1032 dicit
3371 979 3608 1047 discipu-

2031 1073 2100 1126 lis
2140 1072 2186 1103 ἰθ
2231 1089 2243 1124 :
2298 1088 2315 1121 ι
2371 1069 2667 1126 Observate
2721 1086 2749 1122 a
2804 1069 3073 1124 fermento
3119 1070 3545 1126 Phariswornru.
3581 1087 3604 1123 ι

2033 1161 2300 1215 Similiter
2337 1175 2467 1229 ergo
2523 1160 2757 1213 humana
2811 1160 3054 1213 doctrina
3106 1170 3207 1222 est,
3242 1160 3388 1214 verbi
3420 1175 3607 1223 causa,

2033 1251 2385 1322 grammatica
2417 1269 2526 1314 ars,
2555 1251 2637 1303 vel
2673 1251 2969 1311 rhetorica,
2999 1250 3081 1304 vcl
3113 1251 3277 1305 etiam
3299 1251 3607 1305 dialectica.

2035 1342 2110 1395 Ex
2138 1358 2240 1410 qua
2267 1341 2513 1393 doctrina
2549 1340 2614 1392 ad
2644 1338 2973 1392 sacriﬁcium
3010 1339 3250 1407 quidem,
3289 1337 3392 1391 hoc
3432 1347 3514 1391 est
3557 1337 3608 1390 iu

2034 1435 2118 1489 his
2147 1450 2265 1502 qua:
2292 1435 2358 1486 dc
2387 1434 2495 1486 Deo
2525 1431 2805 1485 sentienda
2840 1439 2989 1492 sunt,
3026 1429 3156 1482 nihil
3207 1429 3608 1497 suscipiendum

2035 1535 2138 1590 est,
2169 1539 2349 1578 sermo
2389 1537 2518 1576 vero
2549 1522 2786 1583 lucidus,
2839 1531 2894 1574 et
2944 1519 3272 1589 eloquentiae
3329 1520 3611 1588 Splendor,

2037 1634 2099 1670 ac
2121 1616 2426 1685 disputandi
2475 1613 2636 1678 ratio,
2680 1614 2745 1666 ad
2780 1613 3136 1666 ministerium
3184 1611 3331 1666 verbi
3382 1611 3475 1664 Dei
3521 1611 3616 1664 de-

2037 1723 2222 1765 center
2249 1709 2473 1777 jnhetur
2496 1705 2725 1761 admitti.
2763 1706 2842 1758 An
2891 1722 2994 1759 non
3036 1719 3198 1774 super
3230 1705 3333 1758 hoc
3377 1701 3614 1757 fermen-

360 1829 548 1884 spersa
579 1815 629 1866 in
655 1813 772 1867 oleo
803 1814 1042 1881 ponitur,
1066 1822 1119 1867 et
1155 1812 1346 1880 triplici
1375 1814 1569 1876 iterum
1593 1824 1934 1866 sacramento
1967 1816 2009 1870 Β
2041 1813 2150 1856 ttttn
2181 1801 2416 1855 habebat
2439 1799 2586 1852 verbi
2624 1797 2714 1851 Dei
2761 1797 3093 1852 sacriﬁcium
3132 1797 3365 1863 positum
3401 1795 3488 1849 ille
3518 1797 3610 1865 qui

361 1909 540 1962 hostia
572 1907 828 1960 Salutaris
849 1905 1093 1968 olTertur,
1125 1916 1180 1960 et
1200 1906 1265 1959 ad
1291 1905 1562 1968 ultimum,
1593 1922 1612 1956 ι
1644 1907 1936 1970 sacerdoti,

363 2000 539 2066 inquit
564 1997 628 2062 δι,
658 1997 746 2066 qui
779 1995 1334 2064 elfumlitsanguinem
1368 1995 1618 2050 sacrilicii
1663 1995 1936 2059 salutaris,

363 2092 468 2158 ipsi
493 2091 616 2145 erit.
659 2109 675 2140 ι
726 2090 984 2157 Superius
1030 2089 1162 2140 dixit
1194 2087 1238 2119 ³⁸
1272 2103 1285 2140 :
1324 2104 1345 2138 ι
1389 2086 1672 2141 Sacerdoti
1729 2088 1819 2156 qui
1857 2105 1944 2142 rc-

365 2180 704 2248 prnpitiahit,
741 2179 838 2248 ipsi
865 2179 991 2232 erit.
1031 2196 1048 2229 ι
1081 2176 1199 2242 llic,
1237 2194 1258 2228 σ
1294 2177 1560 2232 sacerdoti
1596 2181 1686 2248 qui
1720 2177 1944 2233 effundit

365 2272 683 2343 sanguinem
711 2270 959 2325 sacriﬁcii
992 2269 1270 2332 salutaris,
1298 2269 1398 2338 ipsi
1421 2270 1546 2322 erit.
1591 2287 1610 2321 ι
1653 2271 1825 2340 Digno
1855 2287 1943 2324 or-

368 2363 497 2417 dine
530 2364 718 2426 utitur,
758 2363 907 2432 prius
942 2362 1084 2416 enim
1113 2362 1481 2431 reprOpitiatio
1523 2367 1809 2430 quaerenda
1841 2372 1942 2427 est,

367 2467 426 2512 et
463 2465 578 2526 post
612 2456 724 2508 haec
749 2452 1077 2508 oﬂercndum
1105 2453 1430 2508 sacrificium
1461 2453 1731 2508 salutaris.
1765 2452 1948 2526 Neque

368 2549 510 2604 enim
532 2547 676 2601 salus
692 2561 810 2600 esse
834 2545 1080 2615 cuiquam
1107 2554 1303 2615 potest,
1331 2545 1430 2599 nisi
1462 2546 1611 2615 prius
1638 2547 1739 2600 sibi
1767 2549 1949 2616 propi-

371 2642 503 2695 tium
533 2639 697 2694 faciat
714 2638 904 2692 Deum.
944 2655 962 2690 ι
1007 2638 1112 2694 Sed
1149 2649 1202 2693 et
1227 2653 1441 2703 carnes,
1479 2639 1750 2708 inquit",
1779 2641 1950 2694 sacri-

372 2734 478 2787 ﬁcii
523 2733 845 2787 laudationis
894 2731 1149 2786 salutaris
1184 2731 1284 2800 ipsi
1329 2741 1487 2786 erunt
1535 2729 1670 2803 (45).
1728 2749 1748 2782 ι
1795 2729 1950 2802 δερμα

362 2826 476 2896 jam
511 2825 740 2879 diximus
768 2824 906 2894 quod
931 2839 1122 2878 carnes
1152 2825 1204 2878 in
1237 2824 1530 2893 Scripturis
1551 2824 1778 2878 solidqu
1808 2823 1951 2878 indi-

371 2928 501 2973 cant
550 2919 751 2981 cibum,
806 2915 1214 2986 perfecmmque
1272 2915 1591 2968 doctrinam.
1643 2916 1951 2969 Secundum

377 3009 695 3078 Scripturas
727 3009 840 3063 scio
887 3021 1009 3061 esse
1048 3007 1243 3060 animae
1286 3007 1468 3061 cibum
1509 3009 1792 3075 quemdam
1837 3007 1952 3063 lac-

372 3107 480 3169 tis,
535 3113 587 3158 et
639 3103 803 3156 alium
866 3101 1050 3154 cibum
1117 3099 1314 3152 anima:
1371 3098 1578 3151 olermn
1654 3108 1708 3151 et
1789 3099 1951 3153 alium

2042 1891 2254 1945 dicebat
2278 1889 2319 1920 "‘
2359 1907 2372 1942 :
2417 1906 2435 1939 ε
2473 1888 2843 1956 Corrumpunt
2893 1901 3072 1940 mures
3127 1886 3296 1940 bonos
3345 1885 3614 1953 colloquia

2045 1981 2222 2035 mala?
2281 1979 2411 2032 ’.Ει
2449 1977 2492 2009 ’⁸⁸
2544 1996 2557 2031 :
2606 1995 2624 2028 ι
2682 1977 2972 2030 Cretenses
3024 1991 3240 2044 semper
3295 1978 3612 2038 mendaces,

2043 2072 2196 2125 malm
2227 2072 2431 2130 hostire,
2470 2079 2686 2121 ventres
2713 2067 2873 2137 pigri,
2914 2087 2931 2119 ι
2972 2077 3024 2121 et
3053 2068 3156 2120 alia
3196 2068 3280 2126 bis
3322 2067 3517 2120 similia
3547 2083 3612 2123 ex

2045 2165 2313 2219 fermento
2345 2172 2554 2232 sumpta
2587 2161 2918 2215 Grzecorum.

2115 2257 2272 2326 211
2309 2256 2362 2308 8.
2394 2255 2544 2322 Quod
2577 2262 2757 2307 autent
2785 2253 2920 2308 dit-it
2953 2253 3019 2320 “,
3059 2272 3077 2304 ι
3109 2255 3209 2308 sub
3240 2254 3328 2307 die
3366 2256 3618 2310 comede-

2051 2361 2158 2414 tur,
2188 2365 2287 2404 nec
2310 2349 2719 2418 derelinquetur
2751 2348 2822 2402 ab
2852 2361 2916 2402 eo
2944 2363 3114 2416 usque
3139 2348 3189 2400 in
3235 2363 3412 2412 mane,
3448 2366 3466 2400 ι
3493 2363 3622 2403 c0n-

2051 2439 2287 2494 feramus
2323 2455 2444 2494 cum
2481 2441 2695 2493 caeteris
2747 2438 3054 2502 sacriﬁciis,
3088 2446 3142 2491 et
3167 2439 3446 2493 videamus
3501 2455 3621 2507 quas

2050 2535 2123 2588 sit
2158 2533 2298 2588 ratio
2339 2531 2478 2600 quod
2525 2531 2578 2584 in
2633 2529 2736 2585 hoc
2787 2528 3006 2598 quidem
3044 2529 3316 2583 sacriﬁcio
3372 2529 3620 2591 salutari,

2051 2627 2237 2682 eadem
2268 2625 2374 2691 die,
2404 2640 2522 2694 quae
2550 2621 2851 2678 oll'eruntur
2875 2622 3132 2692 praecepit
3160 2621 3488 2676 comedenda
3519 2639 3532 2674 :
3569 2622 3622 2676 in

2053 2717 2160 2772 alio
2187 2731 2314 2772 vero
2342 2715 2633 2778 sacriﬁcio,
2659 2716 2821 2769 etiam
2851 2715 2903 2767 in
2932 2713 3222 2767 secundam
3249 2713 3388 2767 diem
3417 2712 3622 2766 servari

2054 2809 2314 2878 indulget,
2342 2817 2395 2863 et
2425 2822 2596 2872 usque
2632 2808 2685 2861 in
2736 2807 2950 2860 tertiam
2985 2845 3000 2872 ,
3033 2806 3191 2859 tertia
3246 2820 3377 2861 vero
3395 2803 3508 2873 iam
3542 2806 3626 2858 die

2052 2900 2165 2970 igni
2199 2900 2334 2954 tradi
2385 2916 2505 2969 qua;
2539 2897 2909 2968 superfuerint
2937 2937 2951 2961 ,
2995 2911 3064 2950 ne
3107 2896 3348 2965 polluant
3387 2895 3627 2950 offeren-

2059 3004 2186 3049 tem.
2239 2992 2376 3058 Quid
2406 3007 2536 3060 ergo
2587 2991 2781 3044 habeat
2816 2991 2916 3042 ista
2955 2987 3278 3052 differentia,
3327 2988 3624 3045 videamus.

2057 3082 2164 3140 Sed
2203 3097 2327 3137 vere
2357 3083 2662 3149 indigemus
2708 3079 2912 3133 auxilio
2943 3079 3059 3141 Dei,
3094 3079 3184 3148 qui
3213 3095 3405 3132 omnes
3441 3081 3628 3148 adipes

371 3199 574 3258 (χιιι-πίε,
612 3197 757 3250 sicut
784 3195 897 3261 ipse
921 3189 1208 3259 Apostolus
1243 3191 1306 3242 de
1345 3189 1670 3256 quibusdam
1706 3189 1838 3244 dicit
1865 3189 1948 3246 ﬂ;
1981 3159 2026 3218 Ο
2058 3184 2413 3245 contegcnlcs
2467 3173 2725 3226 interiora
2762 3181 2943 3225 nostra
2993 3171 3249 3240 dignetur
3287 3171 3627 3239 abscindere,

383 3309 402 3340 ι
437 3287 574 3352 Quia
611 3285 772 3359 lacte‘
804 3298 900 3336 vos
937 3282 1139 3349 potavi,
1178 3295 1281 3333 non
1328 3295 1473 3335 esca.
1522 3279 1768 3334 Nondum
1804 3283 1948 3336 enim

379 3375 663 3446 poteratis,
695 3375 792 3427 sed
823 3388 918 3426 nec
949 3372 1123 3424 adhuc
1149 3370 1395 3438 potestis.
1427 3371 1616 3424 Adhuc
1643 3370 1787 3425 enim
1819 3374 1952 3427 estis

375 3467 640 3520 carnales.
678 3485 695 3518 ι
729 3465 794 3519 Ει
821 3468 1011 3518 iterant
1041 3462 1166 3516 alibi
1201 3459 1338 3515 dicit
1361 3462 1405 3494 ³³
1441 3480 1452 3515 :
1490 3483 1507 3514 ι
1541 3463 1692 3516 Alius
1731 3465 1950 3532 quidem

373 3558 549 3612 credit
574 3573 631 3611 se
662 3557 990 3611 manducare
1023 3557 1224 3622 omnia,
1254 3557 1345 3627 qui
1373 3568 1554 3610 autem
1594 3555 1844 3609 inﬁrmus
1871 3565 1954 3610 est

373 3652 520 3703 olera
560 3653 871 3704 manducet.
908 3669 925 3701 ι
958 3649 1027 3706 Ει
1058 3665 1271 3704 rursum
1313 3651 1441 3704 alibi
1471 3649 1514 3682 ³⁸
1558 3667 1570 3702 :
1616 3663 1635 3700 ἀ
1675 3648 1954 3704 Perfecto-

377 3761 494 3796 rum
521 3754 698 3796 autent
731 3753 813 3796 est
841 3744 995 3797 cibus
1031 3743 1256 3804 solidus,
1304 3760 1321 3792 ι
1355 3751 1461 3796 etc.
1515 3741 1615 3795 llic
1657 3756 1787 3811 ergo
1833 3755 1955 3794 car-

376 3853 474 3890 nes
523 3836 776 3890 sacrilicii
813 3835 1090 3901 salutaris,
1143 3835 1286 3904 quod
1319 3833 1570 3889 'olfertur
1621 3848 1720 3901 pro
1765 3832 1952 3885 lauda-

378 3927 545 3990 tione,
597 3926 764 3994 ipsius
809 3925 1074 3994 jubentur
1128 3939 1248 3979 esse
1301 3925 1626 3978 sacerdotis.
1673 3922 1750 3976 Ex
1776 3921 1952 3976 simila

380 4035 512 4073 vero
573 4018 858 4088 tripliciter
905 4016 1104 4078 oblata,
1160 4025 1221 4070 ut
1278 4031 1438 4086 supra
1484 4016 1740 4080 diximus,
1789 4028 1954 4066 unum

347 4122 590 4184 ‘tantum
620 4112 758 4180 quod
787 4108 1051 4179 placuerit
1075 4108 1350 4161 sacerdoti
1387 4109 1675 4177 deputatur
1704 4124 1718 4160 :
1753 4118 1951 4159 etetera

375 4206 653 4261 offerentis
679 4204 794 4278 (46)
824 4215 950 4260 sunt
977 4206 1122 4269 laici,
1163 4205 1234 4258 ita
1269 4213 1447 4256 tamen
1488 4211 1547 4255 ut
1589 4201 1688 4253 sub
1734 4199 1822 4251 die
1860 4213 1956 4251 co-

381 4301 688 4361 medantur,
728 4315 830 4354 nec
870 4307 1156 4352 remaneat
1191 4313 1255 4351 ex
1300 4296 1385 4348 bis
1431 4293 1631 4362 aliquid
1671 4291 1721 4344 in
1775 4304 1953 4343 mane.

379 4393 583 4446 Carnes
609 4408 737 4462 ergo
766 4393 818 4445 in
855 4392 1054 4460 quibus
1083 4390 1286 4444 solidus
1310 4388 1463 4441 cibus
1492 4396 1594 4450 est,
1630 4392 1683 4436 et
1714 4382 1953 4450 perfecta

378 4483 632 4545 scientia,
676 4481 1052 4536 sacerdotibus
1091 4480 1444 4548 deputantur,
1488 4473 1611 4542 quia
1651 4471 1850 4526 debent
1902 4471 1953 4522 in
1990 4488 2034 4542 ι)

377 4577 633 4631 omnibus
676 4591 796 4630 esse
824 4573 1072 4643 perfecti,
1113 4572 1165 4625 in
1209 4569 1480 4632 doctrina,
1529 4567 1582 4619 in
1629 4565 1847 4625 virtute,
1898 4562 1950 4614 iu

380 4671 644 4726 litoribus.
679 4669 734 4720 Si
759 4665 900 4718 enim
949 4661 1051 4715 hoc
1084 4661 1134 4712 in
1164 4673 1223 4712 se
1267 4672 1372 4710 non
1410 4652 1723 4714 habuerint,
1760 4654 1825 4702 de
1863 4663 1953 4702 sa-

383 4763 714 4820 criﬁciorum
758 4756 1017 4810 carnibus
1059 4767 1163 4805 non
1205 4752 1386 4805 edent.
1427 4748 1604 4803 Unum
1658 4758 1788 4796 vero
1825 4741 1952 4794 illud

383 4857 528 4928 quod
592 4859 897 4921 separatur,
965 4857 1223 4914 tanquam
1283 4841 1610 4908 priccipuum
1664 4853 1730 4889 ex
1783 4835 1956 4887 tribus

382 4967 504 5020 qua:
528 4964 590 5002 ex
627 4943 799 5002 simila
829 4949 1094 5011 praecepta
1146 4945 1292 5000 sunt,
1330 4936 1379 4987 in
1413 4933 1517 4987 hoc
1549 4930 1691 4982 illam
1744 4936 1957 4995 partem

385 5016 633 5099 scientiae
662 5036 898 5091 arbitror
949 5028 1244 5099 designari,
1298 5027 1365 5081 de
1394 5039 1496 5094 qua
1527 5021 1778 5091 superius
1827 5016 1968 5072 dixi.

386 5151 532 5198 mus,
556 5145 674 5201 qum
707 5126 998 5197 perfectam
1039 5120 1241 5175 indicat
1281 5114 1715 5188 profundamque
1763 5107 1966 5164 doctri-

387 5243 538 5282 nam.
571 5220 679 5276 Sed
712 5218 956 5287 requires
982 5215 1241 5274 fortasse,
1275 5223 1397 5264 cum
1431 5204 1688 5275 superius
1725 5201 1968 5256 fermen-

387 5334 500 5376 tum
533 5316 744 5389 peuitus
775 5309 1034 5378 abiecerit
1058 5311 1123 5362 de
1154 5301 1468 5386 sacriﬁciis,
1494 5295 1769 5366 quomodo
1817 5306 1967 5389 nunc

461 5415 505 5446 ”
539 5411 724 5465 Matth.
750 5425 805 5474 v,
832 5405 916 5461 16.
993 5403 1037 5434 ⁸³
1065 5403 1224 5474 Dom.
1245 5414 1304 5474 t_t_,
1335 5395 1425 5474 54;.

386 5501 502 5549 xtv,
526 5484 576 5537 2.
663 5481 706 5512 ³⁸
750 5465 910 5534 llehr.
935 5490 986 5540 v,
1020 5473 1109 5528 14.
1182 5470 1229 5502 ⁸ο
1247 5467 1439 5522 Matth.
1465 5478 1579 5529 xvr,
1612 5465 1666 5516 6.

387 5573 464 5619 Iv,
506 5555 588 5608 14.

460 5650 574 5715 (is)
613 5649 735 5712 Ms.,
772 5664 792 5696 σ
828 5650 1012 5715 enim.
1055 5658 1074 5690 ι
1111 5636 1266 5692 Libb.
1301 5631 1456 5697 editi,
1491 5648 1510 5682 ι
1544 5625 1732 5684 edunt.
1762 5643 1780 5676 ι

457 5711 570 5790 (Mi
600 5711 726 5790 Μς..
758 5737 775 5767 ι
803 5711 1113 5790 olfel‘enlgs;
1156 5727 1174 5758 ι
1301 5774 1351 5790 ,ι
1548 5769 1631 5790 ΗΛ
1679 5766 1721 5790 Α,

600 5769 763 5842 ἰζίιιίλ
803 5794 957 5837 antea
987 5779 1140 5843 editi,
1172 5796 1189 5828 ε
1223 5774 1352 5844 quid
1387 5787 1514 5842 ergo
1548 5769 1633 5822 hic
1679 5769 1746 5820 sit
1796 5779 1962 5834 agen-

796 5887 1066 5945 PATROL.
1117 5879 1232 5937 Gn.
1272 5874 1408 5934 ΧΗ.

931 5997 942 6018 /

1501 5392 1550 5424 ”
1581 5389 1753 5444 Levit.
1784 5402 1879 5448 vlt,
1911 5384 1996 5439 l4.

1741 5459 1785 5492 “
1816 5455 1859 5510 Ι.
1890 5456 2019 5509 Cor.
2059 5453 2252 5520 xv,55.

2053 3277 2108 3323 et
2149 3281 2312 3321 omne
2346 3264 2635 3320 crassioris
2667 3277 2862 3318 sensus
2893 3261 3137 3316 velamen
3163 3261 3398 3326 auferre,
3427 3271 3485 3316 ut
3514 3263 3630 3317 ha'c

2055 3364 2352 3418 secundum
2383 3362 2433 3426 id
2465 3360 2606 3428 quod
2637 3374 2663 3411 a
2691 3357 2800 3412 Deo
2836 3355 3079 3409 mandari
3111 3355 3328 3421 dicitur,
3357 3355 3629 3425 possimus

2056 3453 2365 3506 advertere.
2399 3447 2762 3504 Conferamus
2793 3445 2959 3514 igitur
3007 3443 3178 3512 ipsam
3233 3443 3336 3498 sibi
3381 3441 3632 3510 Scriptu-

2058 3559 2174 3598 ram
2202 3542 2470 3606 divinam,
2501 3549 2554 3596 et
2586 3554 2746 3609 quam
2775 3537 3049 3607 aperuerit
3075 3534 3231 3590 nobis
3276 3533 3633 3589 absolutionis

2057 3634 2311 3689 semitam
2343 3633 2758 3700 subscquamur.
2793 3627 3104 3682 Invenimus
3130 3625 3273 3680 enim
3307 3627 3372 3680 de
3420 3625 3634 3679 sacriﬁ-

2056 3728 2142 3782 cio
2168 3725 2416 3790 Paschac,
2444 3724 2588 3794 quod
2615 3723 2665 3776 in
2697 3736 2920 3790 vespera
2949 3718 3212 3774 immolari
3240 3717 3485 3787 iubetur,
3513 3715 3630 3771 dari

2058 3820 2377 3872 mandatum
2411 3815 2666 3872 similiter
2692 3821 2750 3867 ut
2775 3812 2910 3866 nihil
2937 3820 3216 3866 remaneat
3263 3825 3327 3864 ex
3379 3809 3635 3862 carnibus

2059 3925 2229 3979 usque
2258 3909 2309 3962 iu
2335 3923 2513 3964 mane.
2541 3905 2655 3960 Non
2680 3913 2766 3959 est
2792 3918 2922 3974 ergo
2961 3903 3196 3958 otiosum
3259 3901 3401 3970 quod
3435 3901 3638 3954 heszer-

2060 4016 2158 4056 nas
2189 4014 2384 4055 carnes
2412 3998 2556 4053 vesci
2604 4012 2710 4052 non
2743 3996 2858 4059 vult
2891 4009 2990 4048 nos
3034 4007 3219 4048 sermo
3247 3991 3460 4045 divinus
3492 4032 3507 4055 ,
3539 3991 3633 4045 scd

2061 4102 2304 4146 recentes
2334 4104 2549 4159 semper
2581 4098 2634 4142 et
2681 4102 2872 4149 novas,
2910 4099 3006 4139 eos
3049 4083 3282 4137 maxime
3312 4082 3404 4151 qui
3460 4080 3638 4135 sacri~

2062 4183 2242 4236 ficium
2297 4181 2544 4242 Paschm,
2597 4178 2684 4232 vel
2738 4175 3066 4231 sacriﬁcium
3117 4173 3292 4226 laudis
3349 4173 3637 4225 immolant

2062 4274 2199 4339 Deo,
2236 4287 2410 4326 novas
2467 4285 2598 4323 vero
2627 4282 2823 4322 carnes
2854 4305 2869 4331 ,
2918 4275 2971 4319 et
3015 4272 3259 4318 recentes
3303 4265 3472 4331 ipsius
3528 4263 3633 4317 diei

2061 4365 2223 4419 edere
2272 4362 2449 4433 jubet,
2489 4361 2776 4413 hesternas
2805 4355 3076 4424 prohibet.
3133 4352 3471 4406 Recordatus
3516 4365 3634 4405 sum

2063 4454 2238 4511 simile
2302 4452 2505 4521 aliquid
2556 4461 2612 4504 et
2663 4447 2982 4518 prophetam
3024 4443 3364 4500 Ezechielem
3405 4443 3588 4497 dicere
3618 4482 3634 4506 ,

2062 4562 2182 4601 cum
2213 4545 2262 4599 ci
2288 4543 2543 4599 Dominus
2569 4540 2932 4610 prmcepisset,
2971 4548 3027 4592 ut
3056 4546 3310 4607 coqueret
3343 4537 3442 4592 sibi
3469 4552 3637 4607 panes

2065 4639 2117 4690 in
2155 4644 2399 4690 stercore
2453 4635 2714 4687 humano.
2760 4629 3056 4700 ltespoudit
3102 4629 3246 4683 enim
3306 4630 3532 4686 Domino
3582 4641 3637 4683 et

2063 4731 2199 4783 dixit
2242 4729 2288 4760 “
2365 4748 2379 4783 :
2421 4743 2439 4776 ι
2474 4725 2518 4780 0
2553 4725 2803 4787 Do'mine,
2848 4739 3121 4791 nunquam
3152 4724 3516 4775 contaminata
3553 4731 3640 4775 est

2066 4824 2247 4877 anima
2281 4836 2421 4884 mea,
2447 4828 2503 4872 ct
2534 4817 2884 4871 morticinum
2914 4825 3007 4868 aut
3036 4814 3369 4868 immundum
3398 4829 3529 4894 'non
3563 4815 3641 4867 iu-

2069 4917 2260 4970 troivit
2293 4914 2346 4968 in
2381 4929 2442 4967 os
2487 4927 2686 4966 metun.
2740 4909 2846 4963 Sed
2897 4925 3070 4974 neque
3104 4924 3230 4963 caro
3266 4908 3517 4963 hesterna
3556 4908 3638 4963 in-

2064 5011 2248 5066 troivit
2277 5013 2328 5062 in
2363 5023 2426 5063 os
2459 5020 2658 5061 meum.
2707 5023 2726 5056 ι
2765 5006 2839 5058 De
2865 5017 2973 5073 quo
3017 5017 3162 5072 saepe
3211 5000 3352 5070 apud
3411 5011 3640 5056 memet-

2063 5104 2240 5174 ipsum
2298 5101 2643 5170 requirebam
2684 5111 2933 5167 qumnam
3006 5105 3151 5150 esset
3201 5095 3303 5149 ista
3362 5097 3640 5165 propheta:

2065 5193 2380 5260 exsultatio,
2420 5207 2525 5260 qua
2559 5190 2710 5244 velut
2754 5203 3008 5256 magnum
3046 5187 3248 5257 aliquid
3305 5197 3429 5240 aute
3472 5185 3636 5241 Deum

2065 5287 2354 5358 proferret,
2383 5294 2436 5338 et
2463 5284 2692 5345 diceret,
2718 5281 2844 5350 quia
2878 5295 3150 5349 nunquam
3176 5293 3395 5331 carnem
3430 5277 3640 5331 hester-

2075 5383 2120 5414 ⁸⁵
2152 5381 2308 5444 ibitl.,
2341 5380 2393 5432 7.
2474 5377 2520 5408 ³⁸
2557 5376 2684 5429 ibitl.
2714 5373 2800 5428 l5.
2868 5372 2917 5444 f7
2951 5371 2967 5425 Ι
2996 5372 3119 5426 Cor.
3148 5369 3326 5444 ttt,__‘2.
3357 5368 3634 5444 “unauna

2335 5449 2377 5481 δ’
2406 5445 2512 5500 Tit.
2547 5463 2581 5508 i,
2617 5447 2702 5498 1'2.
2781 5444 2826 5474 "
2863 5441 3036 5496 Levii.
3067 5456 3160 5501 vtt,
3192 5440 3276 5493 15.
3354 5438 3401 5470 ⁸⁸
3434 5439 3636 5492 Ezceh.

2077 5617 2224 5678 dum,
2251 5612 2548 5669 videamus,
2586 5621 2604 5657 ι
2645 5605 2739 5658 sed
2767 5618 2866 5678 ms.
2899 5608 2956 5652 ut
2989 5598 3042 5651 in
3075 5605 3255 5678 nostro
3277 5602 3447 5648 textu.
3473 5593 3641 5678 Paulo

2076 5666 2381 5756 post'idem
2437 5666 2560 5756 n_:s.,
2596 5694 2614 5726 ι
2665 5673 2947 5756 tradebant
3019 5667 3358 5721 traditiones.
3411 5685 3430 5718 ι
3480 5666 3636 5722 ιιξιιῃ,

2076 5743 2226 5822 edid,
2262 5773 2276 5804 ι
2307 5750 2591 5806 tradebant
2615 5743 2980 5798 traditionem.
3014 5756 3034 5790 ο

3281 5838 3354 5898 15
