4124 6410
524 343 628 395 439

530 556 648 609 istis
678 554 915 609 imbutus
960 554 1257 623 mysteriis,
1296 554 1410 608 haec
1454 557 1718 624 propheta
1779 558 2099 627 loquebatur

528 651 593 701 ad
630 646 932 712 Dominum,
962 649 1086 715 quia
1121 662 1223 700 non
1258 647 1327 700 ita
1361 646 1605 715 alijccttis
1631 660 1685 704 et
1713 651 1949 720 degener
1976 667 2092 705 sunt

528 740 803 803 sacerdos,
840 750 901 792 ιιι
949 739 1243 803 hesternis,
1280 738 1330 791 id
1374 749 1458 792 est
1509 742 1803 796 veteribus
1843 744 2099 799 carnibus

528 844 733 884 vescar.
770 831 969 883 Audite
1002 830 1136 893 lucc,
1180 846 1371 884 omnes
1411 831 1619 884 Domini
1678 836 2010 899 sacerdotes,
2045 846 2100 891 et

524 923 780 975 attentius
808 922 1094 989 intelligite
1120 937 1237 990 qua:
1287 924 1562 977 dicuntur.
1589 923 1729 977 Caro
1764 940 1882 992 qua:
1917 944 1978 979 ex
2013 943 2099 981 sa-

522 1015 744 1067 crificiis
766 1014 1141 1068 sacerdotibus
1167 1014 1475 1083 deputatur,
1495 1017 1717 1070 verbum
1740 1016 1829 1069 Dei
1859 1028 1938 1071 est
1954 1020 2096 1087 quod

523 1102 576 1153 in
612 1102 851 1155 Ecclesia
888 1104 1107 1157 docent.
1139 1101 1242 1155 Pro
1294 1104 1395 1157 hoc
1431 1121 1560 1175 ergo
1614 1106 1799 1176 ﬁguris
1854 1109 2098 1177 mysticis

521 1204 953 1260 commonentur,
992 1202 1049 1248 ut
1079 1209 1200 1248 cum
1235 1196 1478 1262 proferre
1514 1197 1579 1250 ad
1609 1198 1863 1267 populum
1893 1216 2100 1254 seruio-

522 1301 644 1341 nem
693 1288 980 1356 cmperiut,
1011 1301 1115 1340 non
1162 1287 1411 1342 hesterna
1442 1290 1740 1358 proferant,
1775 1307 1878 1345 non
1914 1301 2095 1344 vetera

492 1393 640 1444 qua:
674 1388 802 1433 sunt
837 1382 1133 1434 secundum
1166 1381 1401 1433 litteram
1437 1381 1849 1450 proloquantur,
1877 1383 1967 1436 sed
2002 1398 2098 1451 per

522 1472 749 1537 gratiam
791 1471 880 1525 Dei
918 1487 1055 1525 nova
1096 1488 1311 1542 semper
1364 1472 1641 1542 proferant
1671 1513 1686 1537 ,
1744 1483 1796 1527 et
1832 1473 2095 1542 spiritalia

484 1576 733 1631 'semper
779 1564 1078 1616 inveniant.
1117 1564 1173 1617 Si
1210 1565 1354 1617 enim
1397 1579 1461 1619 ea
1496 1579 1615 1632 quzc
1645 1565 1906 1619 didiceris
1941 1582 1968 1619 a
1997 1564 2085 1620 Ju-

510 1654 650 1708 dzeis
683 1654 1109 1718 ilCSlCl‘llO,‘ile
1144 1655 1300 1710 hodie
1337 1655 1387 1708 in
1421 1655 1661 1709 Ecclesia
1696 1658 1965 1724 proferas,
1994 1658 2094 1711 hoc

490 1770 501 1775 η
517 1744 922 1797 csthesternani
943 1760 1160 1798 caruerit
1180 1744 1434 1798 sacriﬁcii
1455 1746 1640 1799 edere.
1671 1746 1726 1799 Si
1750 1748 2091 1811 meministis,

490 1835 678 1889 ποιίιιιιι
710 1836 760 1889 in
790 1836 1066 1891 oblatione
1086 1836 1202 1908 (48)
1233 1837 1594 1905 priuiitiarum
1628 1840 1816 1893 eodem
1846 1856 2094 1897 sermone

520 1944 646 1982 usus
667 1939 748 1983 est
771 1928 1069 1997 legislalor,
1101 1940 1157 1983 ut
1190 1930 1319 1990 sint,
1352 1930 1551 1999 inquit,
1582 1947 1716 1985 nova
1748 1941 1802 1987 et
1832 1936 2091 1991 recentia.

523 2018 684 2073 Vides
716 2004 913 2089 ubique
945 2036 1031 2084 ca,
1072 2037 1191 2090 qua:
1219 2022 1284 2075 ad
1316 2022 1499 2076 laudes
1534 2022 1623 2076 Dei
1654 2025 1931 2092 pertinent
1967 2028 2093 2095 (hoc

518 2113 659 2163 enim
694 2120 777 2166 est
803 2113 1135 2167 sacriﬁcium
1172 2113 1367 2183 laudis)
1407 2130 1567 2183 nova,
1599 2126 1653 2169 ct
1693 2118 1929 2171 recentia
1972 2134 2093 2173 esse

516 2202 749 2267 debere,
784 2218 869 2256 ne
903 2202 1041 2257 forte
1093 2219 1212 2257 cum
1264 2213 1445 2260 vetera
1496 2207 1706 2275 profers
1743 2209 1793 2261 iu
1831 2209 2089 2274 Ecclesia,

516 2293 659 2349 iabia
699 2303 788 2349 tua
829 2294 1140 2363 loquantur,
1173 2305 1229 2349 et
1255 2312 1407 2351 mens
1455 2308 1544 2353 tua
1604 2301 1722 2355 sine
1780 2302 1957 2355 fructu
1994 2302 2088 2356 sit.

454 2440 465 2449 ν,
516 2383 622 2439 Sed
659 2384 781 2445 audi
815 2386 942 2454 quid
977 2386 1109 2441 dicit
1149 2388 1480 2457 Apostolus:
1519 2410 1536 2442 ‹
1577 2392 1659 2456 Si,
1697 2394 1872 2464 inquit
1901 2397 1967 2461 ⁵³,
2002 2396 2085 2449 Ιο-

515 2495 652 2547 quar
707 2480 926 2548 linguis,
964 2481 1191 2550 spiritus
1239 2499 1389 2537 incus
1440 2496 1580 2549 orat,
1620 2488 1715 2540 sed
1763 2502 1912 2545 mens
1972 2504 2087 2543 mea

515 2570 631 2627 sine
658 2570 831 2628 fructu
856 2582 960 2630 est.
993 2572 1130 2640 Quid
1162 2575 1326 2645 igitur
1356 2576 1701 2641 est?0raho,
1744 2579 1940 2648 inquit,
1979 2581 2091 2648 spi—

515 2668 640 2731 ritu,
673 2665 842 2722 orabo
876 2675 929 2720 et
988 2676 1210 2721 mente:
1245 2668 1467 2733 pSaIIam
1502 2670 1724 2738 spiritu,
1776 2671 1998 2741 psallam
2036 2684 2090 2726 et

513 2767 714 2810 incute.
755 2775 774 2808 ι
809 2754 883 2809 Ita
920 2771 1049 2826 ergo
1087 2764 1141 2810 et
1174 2764 1226 2808 tu
1256 2755 1300 2809 si
1328 2771 1430 2808 non
1470 2772 1533 2810 ex
1584 2759 1886 2813 eruditione
1922 2759 2087 2828 spiri-

516 2849 605 2902 tali
636 2849 771 2921 (ιθ),
800 2864 865 2903 ex
901 2848 1148 2903 doctrina
1185 2848 1372 2916 gratiae
1409 2848 1499 2903 Dei
1546 2861 1862 2919 praesentem
1896 2860 1951 2923 et
2002 2865 2090 2904 re—

512 2952 725 2996 centem
765 2940 1056 3011 protuleris
1092 2956 1399 2996 sermonem
1438 2942 1490 2993 in
1529 2941 1780 2995 laudibus
1827 2942 1917 2996 Dei
1957 2981 1972 3007 ,
2026 2957 2087 2997 os

494 3032 726 3102 quidem
760 3042 907 3085 tuum
958 3032 1116 3088 offert
1174 3032 1507 3087 sacrificium
1563 3031 1762 3098 laudis,
1796 3034 1890 3088 sed
1933 3049 2087 3089 incus

480 3133 598 3177 ‘tua
628 3138 725 3193 pro
753 3124 1042 3178 sterilitate
1098 3123 1370 3177 hesterna:
1401 3123 1581 3177 carnis
1629 3126 1897 3193 arguitur.
1948 3124 2081 3181 Nam
2112 3160 2152 3217 ο

474 3224 561 3269 ~ct
590 3215 846 3270 Dominus
886 3231 1105 3285 panem,
1139 3231 1299 3284 quem
1350 3215 1629 3284 discipulis
1678 3218 1860 3282 dabat,
1909 3229 1965 3273 et
1996 3220 2082 3275 di-

506 3304 664 3359 ccbat
689 3303 771 3357 eis
798 3303 843 3334 “
872 3321 886 3359 :
930 3321 949 3355 ι
979 3304 1224 3372 Accipite
1256 3312 1312 3357 et
1344 3306 1690 3372 tnanducate,
1726 3323 1743 3356 i
1774 3322 1880 3360 noti
1913 3308 2084 3362 distu-

476 3396 587 3459 ‘lit,
624 3410 723 3450 nec
759 3396 967 3450 servari
1002 3395 1171 3464 jussit
1222 3398 1273 3450 iii
1307 3396 1640 3451 crastinum.
1703 3395 1817 3452 lloc
1851 3396 2082 3455 fortasse

480 3486 754 3558 -iii)'sterii
780 3488 1091 3542 continetur
1116 3488 1281 3542 etiam
1315 3488 1366 3541 in
1394 3502 1459 3542 eo
1487 3489 1630 3558 quod
1658 3504 1852 3558 panem
1875 3492 2079 3560 portari

471 3577 781 3646 -r:oujubet
814 3577 865 3631 in
899 3577 988 3631 via
1025 3587 1083 3631 ut
1110 3591 1328 3647 semper
1362 3586 1631 3644 recentes,
1686 3594 1823 3648 quos
1856 3583 1996 3635 intra
2032 3591 2081 3638 te

503 3670 667 3741 geris,
693 3669 847 3725 verbi
878 3668 976 3724 Dei
1007 3684 1174 3738 panes
1199 3671 1467 3738 proferas.
1494 3670 1735 3740 Denique
1766 3670 2080 3730 Gabaouiiac

502 3762 580 3815 illi
615 3768 904 3832 propterea
932 3760 1385 3827 condemnamur,
1417 3772 1473 3817 ct
1500 3761 1629 3832 ligni
1676 3777 1906 3818 cazsores
1935 3806 1949 3829 ,
1994 3766 2076 3819 vel

506 3867 662 3920 aqua:
690 3859 993 3920 gestatores
1022 3852 1159 3904 ﬁunt
1200 3852 1289 3920 qui
1326 3867 1493 3921 panes
1542 3864 1751 3908 veteres
1802 3857 1866 3908 ad
1904 3854 2077 3911 Israe-

474 3941 633 3997 »litas
657 3940 1005 4005 detulerunt,
1038 3940 1238 4010 quibus
1284 3940 1366 3995 lex
1399 3941 1667 4009 spiritalis
1690 3942 1913 4010 jubebat
1935 3961 2076 4000 seui-

501 4050 601 4105 per
636 4034 710 4089 uti
747 4035 1056 4090 recentibus
1081 4043 1136 4087 ct
1172 4037 1324 4089 novis
1354 4035 1416 4089 ⁸⁷.
1452 4034 1568 4089 Alia
1598 4050 1729 4090 sane
1762 4050 2076 4091 sacramen-

503 4138 681 4182 torum
724 4125 891 4197 ﬁgura
921 4136 1001 4180 est
1029 4167 1044 4193 ,
1079 4142 1198 4196 qua:
1249 4126 1403 4196 jubet
1450 4127 1616 4180 etiam
1647 4127 1699 4181 in
1761 4128 1926 4182 altera
1962 4130 2071 4195 die,

498 4217 642 4287 quod
690 4217 1018 4286 superfuerit
1072 4218 1158 4272 edi
1190 4256 1205 4284 ,
1240 4217 1375 4271 nihil
1412 4231 1541 4272 vero
1575 4217 1627 4271 in
1680 4218 1893 4272 tertiam
1931 4219 2070 4275 diem

496 4308 790 4374 reservari,
819 4308 886 4363 de
915 4323 1021 4378 qua
1048 4308 1160 4363 suis
1189 4307 1323 4363 locis
1350 4307 1669 4363 videbimus.
1701 4308 1808 4363 Sed
1847 4325 1915 4364 ne
1940 4310 2068 4363 illud

494 4398 712 4467 quidem
737 4414 837 4454 nos
852 4398 1161 4464 lateai,esse
1175 4397 1439 4468 quoddam
1455 4407 1688 4471 tempus,
1702 4399 1752 4453 in
1770 4416 1878 4470 quo
1907 4401 2070 4454 bene-

1984 346 2306 402 OtilCliLVIS

528 477 651 516 nam
690 462 1029 517 manducavi.
1068 458 1199 525 Sed,
1226 471 1283 516 ut
1317 462 1495 526 video,
1531 462 1659 517 hinc
1690 465 1934 530 edoctus,
1959 475 2011 519 et
2037 482 2099 518 ex
2133 470 2177 525 Α

3675 363 3779 421 ιῧι)

2278 468 2329 520 9.
2365 466 2571 522 Dicitur
2602 484 2731 535 ergo
2778 468 2831 522 in
2866 471 3219 538 sequentibus
3245 472 3311 537 δ’,
3356 492 3372 522 ι
3408 472 3549 542 quod
3601 475 3645 528 si
3678 493 3776 531 vo-

2206 568 2318 612 tiitii
2352 558 2535 624 fuerit,
2570 571 2662 612 aut
2692 562 2734 614 si
2769 563 3131 615 voluntarium
3158 565 3550 619 sacrificaverit
3580 583 3775 625 munus

2201 665 2359 704 suum
2388 692 2401 715 ,
2444 668 2766 721 quacunque
2793 654 2879 707 die
2916 654 3174 707 obtulerit
3210 657 3541 709 sacrificium
3592 672 3774 725 suum,

2200 744 2393 797 edetur
2419 755 2473 797 et
2501 744 2668 797 altera
2701 744 2806 798 die.
2840 744 2904 798 Et
2936 746 3078 813 quod
3115 746 3442 814 superfuerit
3485 748 3551 802 de
3593 752 3777 804 carni-

2201 835 2302 888 bus
2334 836 2588 889 sacriﬁcii
2624 850 2797 905 uSque
2838 836 2888 888 iu
2945 836 3086 889 diem
3122 838 3361 901 tertium,
3412 840 3531 908 iguc
3563 856 3797 901 creina-r

2199 923 2367 979 bitur.
2401 924 2455 979 Si
2484 934 2662 978 autem
2699 927 3034 981 inandiicans
3060 928 3469 983 manducaverit
3502 948 3565 985 ex
3596 935 3776 985 carui-

2200 1017 2301 1072 bus
2323 1018 2409 1071 die
2441 1018 2625 1081 tertia,
2662 1034 2764 1072 non
2796 1019 2901 1071 erit
2931 1032 3213 1089 acceptum
3250 1022 3321 1085 ci,
3372 1022 3461 1090 qui
3518 1023 3674 1077 offert
3711 1025 3770 1078 il-

2204 1110 2312 1174 lud,
2351 1124 2455 1164 non
2492 1110 2830 1179 reputabitur
2878 1111 2949 1174 ei,
3001 1113 3376 1181 coinquinatio
3419 1124 3524 1171 est.
3571 1118 3766 1171 Anima

2200 1211 2380 1253 autem
2411 1202 2452 1253 si
2493 1217 2595 1269 qua
2630 1204 3041 1258 maiiducaverit
3073 1220 3139 1257 ex
3175 1221 3259 1271 eo,
3297 1216 3578 1274 peccatum
3630 1212 3774 1264 acci-

2202 1292 2331 1358 piet.
2371 1309 2389 1341 i
2444 1289 2558 1344 lloc
2605 1300 2689 1345 est
2723 1292 2978 1345 nimirum
3016 1293 3159 1361 quod
3201 1304 3255 1347 ct
3310 1295 3474 1350 David
3527 1298 3658 1352 dicit
3719 1302 3771 1354 in

2192 1383 2432 1438 Psalmis
2456 1383 2538 1436 3°:
2568 1402 2584 1432 ι
2618 1382 2736 1437 Fiat
2758 1386 2935 1439 oratio
2958 1387 3073 1453 ejus
3098 1384 3149 1438 in
3180 1396 3487 1455 peccatum,
3515 1408 3533 1440 ι
3560 1392 3775 1458 quando

2200 1490 2305 1529 non
2336 1475 2508 1529 solum
2541 1476 2674 1529 nihil
2707 1477 2913 1540 meriti,
2938 1477 3033 1531 sed
3061 1477 3226 1531 etiam
3252 1478 3422 1545 culpae
3448 1480 3675 1535 multum
3705 1499 3774 1541 ex

2197 1567 2481 1622 sacriﬁciis
2518 1570 2800 1637 qiia3ritur.
2866 1569 3037 1625 Audis
3091 1572 3235 1625 enim
3279 1572 3640 1643 legislatoreni
3676 1579 3774 1632 de-

2198 1672 2446 1722 cernere,
2481 1658 2609 1727 quia
2638 1658 2683 1712 si
2722 1660 2844 1729 quis
2877 1662 3287 1716 niauducaverit
3325 1680 3388 1717 ex
3425 1681 3485 1719 eo
3515 1668 3655 1735 quod
3681 1684 3775 1722 su-

2196 1748 2460 1817 perfuerit
2483 1751 2534 1804 in
2571 1751 2786 1804 tertiam
2817 1751 2982 1816 diem,
3018 1758 3301 1822 peccatum
3335 1758 3583 1825 accipiet.
3619 1758 3772 1814 Unde

2128 1818 2169 1877 Β
2198 1846 2627 1913 cognoscendum
2668 1853 2750 1899 est
2778 1854 2980 1913 quanta
3036 1846 3284 1901 humanae
3316 1850 3610 1906 conditioni
3644 1868 3771 1922 pec-

2196 1945 2438 1989 catorum
2466 1934 2613 1990 labes
2650 1935 2979 2001 immineat,
3020 1952 3142 1990 cum
3172 1940 3381 1993 oriatur
3427 1943 3592 1996 etiam
3645 1945 3771 1997 inde

2194 2035 2502 2094 peccatum,
2539 2027 2681 2079 unde
2710 2026 2884 2079 hostia
2922 2028 3332 2096 propitiationis
3360 2030 3601 2086 oﬁ‘ertnr.
3645 2032 3767 2089 llaec

2194 2115 2355 2169 credo
2386 2115 2547 2184 212
2602 2114 2952 2169 considerans
2985 2114 3172 2169 beatus
3206 2115 3374 2171 David
3403 2159 3417 2181 ,
3450 2119 3659 2171 dicebat
3711 2122 3763 2172 in

2194 2207 2421 2262 Psalmis
2452 2208 2495 2238 "
2526 2223 2540 2262 :
2580 2226 2599 2257 ι
2636 2208 2863 2261 l’eccata
2913 2208 3034 2278 quis
3062 2208 3355 2278 intelligit?
3390 2228 3408 2261 i
3449 2210 3564 2263 Voti
3603 2210 3770 2278 igitur

2192 2310 2247 2354 et
2275 2300 2568 2353 voluntatis
2592 2300 2922 2353 sacrificium
2944 2309 3048 2363 est,
3074 2314 3181 2367 quo
3203 2310 3257 2352 et
3291 2301 3523 2353 secunda
3547 2301 3765 2367 quidem

2192 2392 2279 2445 die
2309 2391 2451 2445 vesci
2487 2390 2568 2443 fas
2596 2399 2697 2453 est,
2742 2390 2957 2458 penitus
2987 2404 3114 2443 vero
3145 2390 3423 2458 abjuratur
3447 2391 3498 2444 in
3528 2392 3759 2445 tertiam.

2194 2482 2299 2535 Sed
2335 2482 2427 2535 dat
2470 2482 2769 2535 remedium
2809 2480 3223 2550 negligentibus.
3259 2480 3340 2546 Si,
3379 2482 3577 2551 inquit,
3613 2483 3765 2534 inva-

2192 2573 2333 2626 lidus
2358 2573 2547 2633 fueris.
2584 2583 2638 2627 et
2662 2588 2768 2626 nou
2802 2572 3048 2641 pomeris
3072 2587 3262 2627 omnes
3290 2586 3481 2627 carnes
3511 2574 3761 2627 sacrificii

2192 2665 2426 2718 secunda
2466 2665 2622 2718 finire
2652 2664 2761 2727 die,
2795 2662 2928 2717 nihil
2956 2664 3021 2719 de
3071 2664 3156 2718 bis
3192 2663 3245 2717 iu
3276 2664 3364 2719 die
3406 2666 3560 2719 tertia
3589 2680 3767 2721 come-

2191 2756 2308 2819 das,
2345 2756 2437 2809 sed
2479 2755 2585 2824 igni
2626 2757 2777 2811 trade
2811 2754 2955 2823 quod
2992 2765 3263 2825 superest.
3300 2758 3355 2811 Si
3390 2758 3533 2810 enim
3581 2759 3764 2813 voluc—

2191 2847 2265 2901 ris
2294 2855 2411 2917 post
2444 2846 2577 2899 duos
2604 2846 2719 2900 dies
2754 2848 3089 2901 manducare
3116 2846 3183 2900 de
3237 2848 3531 2912 sacrificio,
3562 2862 3641 2915 per
3662 2864 3760 2902 ca-

2136 2954 2141 2959 '
2191 2950 2301 2993 tum
2340 2940 2599 3009 accipies.
2633 2939 2765 3008 Ego,
2804 2949 2965 3008 prout
2997 2954 3192 2993 sensus
3224 2938 3328 2992 mei
3361 2939 3632 3008 capacitas
3662 2941 3761 2994 ha-

2188 3032 2301 3095 bet,
2356 3031 2408 3085 iti
2448 3032 2552 3085 hoc
2583 3030 2746 3084 biduo
2774 3037 2901 3099 puto
2934 3030 3039 3084 duo
3070 3038 3393 3085 testamenta
3430 3032 3675 3101 intelligi,
3708 3032 3760 3085 in

2189 3125 2386 3195 quibus
2417 3124 2580 3179 liccat
2610 3136 2773 3176 omne
2800 3123 3024 3178 verbum
3051 3126 3189 3193 quod
3226 3124 3290 3178 ad
3324 3125 3489 3177 Deum
3529 3126 3764 3193 pertinet

2193 3217 2211 3289 (
2242 3219 2343 3271 hoc
2380 3217 2522 3269 enim
2559 3226 2635 3270 cst
2684 3214 3045 3288 sacriﬁcium)
3099 3217 3297 3285 requiri
3333 3256 3349 3283 ,
3408 3227 3462 3270 et
3518 3218 3711 3271 discuti
3744 3258 3758 3279 .

2191 3317 2353 3376 atque
2391 3321 2457 3360 ex
2501 3306 2631 3375 ipsis
2668 3319 2883 3359 omnem
2939 3318 3119 3358 rerum
3171 3302 3456 3357 scientiam
3491 3303 3632 3371 capi.
3700 3302 3757 3357 Si

2190 3397 2318 3466 quid
2365 3406 2545 3451 autem
2595 3395 2962 3466 superfuerit,
3013 3395 3159 3463 quod
3211 3410 3316 3448 non
3375 3394 3559 3447 divina
3606 3394 3761 3448 Scri-

2194 3499 2353 3559 ptura
2386 3489 2677 3555 decernat,
2710 3487 2911 3541 nullam
2958 3486 3119 3539 aliam
3163 3486 3375 3541 tertiam
3433 3486 3759 3554 scripturam

2189 3580 2385 3634 debere
2417 3579 2480 3631 ad
2523 3575 3167 3633 auctoritatemscientia:
3207 3576 3432 3646 suscipi,
3470 3578 3596 3647 quia
3641 3579 3755 3630 haec

2187 3670 2303 3725 dies
2358 3671 2513 3725 tertia
2562 3670 2919 3733 nominatur,
2968 3666 3065 3722 sed
3119 3667 3227 3737 igni
3272 3670 3552 3721 tradamus
3612 3669 3752 3738 quod

2186 3773 2454 3833 Superest,
2488 3763 2538 3816 id
2572 3772 2659 3817 εει
2710 3762 2819 3815 Deo
2870 3774 3233 3814 reservemus.
3281 3757 3466 3827 Neque
3504 3767 3647 3813 enim
3702 3762 3754 3813 in

2184 3852 2440 3924 praisenti
2470 3853 2578 3904 vita
2618 3852 2757 3905 Deus
2784 3850 2925 3904 s'cire
2952 3863 3051 3904 nos
3080 3850 3260 3903 omnia
3304 3848 3489 3911 voluit,
3526 3850 3758 3905 maxime

2184 3961 2304 3999 cuni
2324 3954 2377 3997 et
2394 3944 2442 3998 id
2460 3942 2746 4014 Apostolus
2770 3942 2916 3996 dicat
2938 3940 2984 3973 "
3012 3956 3029 3995 :
3059 3959 3079 3993 ‹
3112 3941 3246 4009 Quia
3270 3958 3336 3995 ex
3366 3952 3518 4009 parte
3535 3944 3755 4004 scimus,

2183 4047 2236 4091 et
2265 4052 2330 4091 ex
2361 4043 2517 4105 parte
2552 4036 2961 4105 prophetamns.
2999 4033 3131 4088 Cum
3165 4034 3373 4088 venerit
3402 4043 3584 4087 autem
3613 4037 3754 4101 quod

2183 4126 2478 4198 perfectum
2510 4137 2612 4191 est,
2642 4126 2990 4179 destrueiitur
3020 4123 3106 4177 illa
3130 4138 3251 4192 quae
3277 4140 3341 4178 ex
3371 4135 3526 4191 parte
3548 4132 3691 4177 sunt.
3728 4141 3747 4174 i

2181 4218 2287 4275 lste
2316 4233 2397 4273 esr
2429 4234 2558 4288 ergo
2588 4216 2749 4288 ignis,
2778 4217 2866 4269 cui
2893 4230 3013 4284 quae
3045 4214 3097 4268 in
3134 4215 3354 4269 tertium
3388 4214 3529 4268 diem
3559 4230 3752 4283 super-

2182 4309 2423 4374 fuerint,
2462 4323 2679 4365 servare
2715 4307 2994 4369 debemus,
3024 4314 3079 4359 et
3126 4321 3230 4357 non
3271 4306 3577 4360 temeritate
3610 4323 3749 4376 pra:-

2178 4414 2384 4468 sumpta
2401 4414 2738 4456 assumamus
2756 4397 2909 4451 nobis
2926 4405 3240 4449 cunctorum
3261 4394 3561 4464 scientiam,
3582 4408 3640 4452 ut
3661 4415 3769 4453 me.

495 4491 665 4545 dictio
720 4491 791 4546 sit
839 4490 1113 4544 veteribus
1150 4489 1313 4544 vesci.
1360 4488 1495 4543 Nam
1529 4491 1593 4544 de
1621 4504 1764 4544 anno
1813 4492 2067 4559 septimo,
2102 4512 2144 4566 υ
2180 4484 3325 4553 ritonobisdicaturabeodemApostolo":i
3347 4486 3649 4541 nescientes
3668 4504 3755 4540 nc-

494 4581 587 4650 qui
614 4581 950 4637 remissionis
978 4594 1153 4634 annus
1181 4578 1265 4634 vel
1288 4578 1599 4633 sabbaticus
1634 4580 1965 4642 nominatur,
1996 4582 2066 4637 ita

486 4671 699 4725 {dicitur
726 4670 772 4705 ⁸⁸
801 4689 815 4725 :
853 4688 874 4722 ι
916 4668 1288 4735 Manducabis,
1335 4668 1533 4737 inquit,
1562 4678 1762 4736 vetera,
1800 4681 1851 4725 et
1885 4683 2065 4727 vetera

492 4772 761 4818 veterum.
806 4780 826 4814 ι
856 4760 1013 4817 ιΤιιιιο
1041 4761 1141 4815 sub
1169 4760 1383 4828 septimi
1423 4760 1547 4813 anni
1591 4763 1869 4832 mysterio,
1899 4773 1956 4817 ut
1984 4764 2068 4818 di-

477 4852 691 4917 ruimus,
723 4851 1034 4907 benedictio
1064 4859 1147 4904 est
1177 4857 1359 4904 vetera
1388 4848 1735 4917 manducare,
1768 4866 1912 4906 nunc
1936 4866 2066 4905 vero

494 4942 838 5013 prohibetur.
880 4943 987 4997 Sed
1020 4941 1219 4997 multus
1268 4950 1352 4997 est
1389 4953 1647 4996 excessus
1702 4941 1912 4997 luererc
1969 4957 2065 5011 per

495 5036 610 5089 inec
641 5035 851 5106 singula
905 5034 1015 5108 (50)
1046 5075 1062 5099 ,
1115 5043 1171 5090 et
1200 5048 1263 5089 ex
1296 5033 1581 5088 occasione
1630 5034 2061 5089 testimoniorum

493 5129 706 5199 longius
732 5128 947 5198 evagari
973 5169 987 5194 ,
1020 5142 1141 5181 cum
1167 5126 1481 5196 explanatio
1508 5140 1650 5181 nunc
1672 5128 2061 5183 sacrificiorqu

476 5222 755 5277 habeatur
795 5220 848 5275 in
891 5220 1161 5274 manibus.

580 5362 640 5395 ‘”
672 5360 840 5417 lCor.
869 5376 963 5414 xw
987 5400 1001 5425 ,
1034 5360 1122 5414 M.

480 5430 709 5488 "‘Psal.
751 5446 862 5497 etx,
893 5432 951 5486 7.
1064 5432 1107 5461 ⁵¹
1138 5429 1283 5484 Psal.
1336 5447 1487 5496 xviii,
1520 5434 1605 5485 15.

555 5569 666 5640 (48)
700 5569 819 5632 Ms.,
844 5589 863 5624 ι
896 5570 1218 5625 olilatione.i
1242 5570 1398 5625 Libb.
1421 5570 1576 5635 editi,
1602 5588 1621 5621 ι
1643 5569 2001 5623 oblationem.
2030 5588 2048 5620 ι

558 5642 671 5708 (ευ)
711 5640 861 5694 Libb.
894 5651 1049 5693 antea
1076 5642 1229 5702 editi,
1271 5658 1288 5689 ι
1321 5640 1596 5693 Psalniuui
1628 5642 1803 5693 dicant
1836 5643 2053 5705 spiritu,

484 5710 751 5774 psalmum
785 5712 958 5761 dicam
1003 5720 1057 5763 et
1110 5721 1309 5763 mente.
1361 5709 1432 5762 lta
1476 5726 1607 5778 ergo
1653 5722 1706 5763 et
1759 5720 1810 5761 tu
1844 5712 1956 5761 sive
1986 5726 2053 5761 ex

484 5781 789 5832 eruditione
831 5780 1079 5847 spiritali,
1110 5790 1161 5833 et
1192 5797 1258 5833 cx
1284 5781 1437 5850 dono
1471 5782 1656 5848 gratia!
1700 5781 1813 5846 Dei,
1852 5797 1867 5829 ι
1904 5789 2010 5832 etc.
2041 5798 2053 5845 ;

1234 5359 1279 5390 “
1311 5359 1499 5416 Matth.
1554 5377 1681 5415 tum
1706 5402 1719 5424 ,
1757 5360 1853 5414 26.

1962 5360 2006 5390 ⁸⁷
2037 5356 2152 5411 Jos.
2190 5374 2264 5411 ix.

1721 5433 1765 5463 δ’
1811 5431 1828 5483 Ι
1872 5430 1998 5484 Cor.
2038 5430 2215 5494 itiii,9.

2175 4603 2278 4657 quc
2296 4601 2412 4654 qum
2431 4586 2922 4654 loquiinttir,iieque
2936 4584 2999 4636 de
3016 4582 3209 4651 quibus
3220 4579 3511 4635 afﬁrmant.
3528 4597 3545 4630 ι
3558 4578 3628 4633 Ne
3650 4578 3755 4632 for-

2177 4688 2227 4732 te
2252 4692 2383 4746 crgo
2402 4692 2505 4730 nou
2534 4676 2923 4744 ﬁatacceptuni
2942 4673 3265 4728 sacrificium
3291 4680 3556 4737 nostrum,
3574 4672 3753 4727 ethoc

2174 4773 2343 4839 ipsum
2362 4768 2578 4837 quodex
2597 4766 2791 4820 divinis
2807 4763 3361 4832 Scripturiscupimus
3374 4764 3652 4818 scientiam
3668 4778 3754 4815 ca-

2173 4874 2323 4928 pere,
2341 4866 2543 4912 vet-tatu
2555 4872 2579 4909 r
2597 4855 2816 4908 nobisin
2834 4862 3419 4923 peccatuiu,servemus
3434 4868 3525 4907 eas
3540 4869 3751 4908 mensu-

2173 4962 2423 5016 ras,quas
2443 4948 2594 5000 IIOiliS
2608 4960 2700 5014 per
2717 4945 3078 5015 legislatoreni
3100 4944 3179 4997 lex
3201 4942 3460 5012 spiritalis
3478 4944 3745 4999 enuntiat.

2247 5036 2333 5089 10.
2393 5054 2410 5085 ι
2466 5036 2529 5087 lit
2581 5049 2773 5088 carnes
2825 5048 3162 5103 quaecunque
3222 5042 3378 5087 tacta:
3418 5031 3618 5086 fuerint
3679 5032 3745 5084 ab

2173 5127 2321 5179 omni
2363 5124 2659 5186 immundo,
2694 5140 2796 5176 nou
2833 5123 3321 5188 manducabuntur,
3376 5122 3482 5193 igni
3530 5138 3743 5177 crema-

2174 5218 2399 5270 buutur.
2429 5214 2621 5269 Omnis
2652 5216 2882 5267 mundus
2912 5213 3258 5266 iiiandiicabit
3292 5227 3505 5280 carnes,
3540 5224 3593 5266 et
3624 5212 3745 5265 aui-

2378 5355 2421 5385 ⁸⁸
2454 5354 2625 5408 Levit.
2663 5370 2791 5421 xxv,
2818 5354 2909 5408 22.
3017 5353 3061 5384 δ’
3094 5350 3266 5407 Levit.
3295 5365 3389 5407 vn.
3420 5351 3509 5415 16,
3542 5348 3743 5416 17,18.

2326 5426 2419 5479 ⁸³1
2481 5426 2619 5479 Tini.
2669 5442 2705 5479 ι.
2740 5426 2791 5477 7.

2530 5444 2619 5478 ιιιι.
2669 5442 2705 5491 ι,
2748 5442 2791 5477 i.

2162 5571 2256 5622 sed
2296 5583 2394 5618 ius.
2435 5572 2491 5617 tit
2525 5565 2575 5617 in
2614 5572 2803 5618 nostro
2837 5571 3011 5616 textu.

2238 5637 2349 5705 (δυ)
2381 5636 2517 5709 Ms,
2548 5654 2565 5684 ι
2598 5636 2943 5709 niiiltiiiii__est
2968 5648 3225 5709 necessus
3254 5632 3456 5684 habere
3493 5646 3586 5709 per
3626 5631 3738 5709 lucc

2165 5709 2394 5775 singula.
2433 5724 2451 5755 ι
2491 5706 2653 5757 l’aiilo
2677 5715 2797 5773 post
2832 5705 2961 5758 libli.
2989 5708 3139 5765 editi,
3177 5722 3195 5752 ί
3228 5720 3351 5775 ριιιιι
3397 5704 3736 5769 explanatio-

2167 5774 2288 5831 iieiii
2325 5776 2716 5829 sacrificiorum
2747 5777 3041 5828 liahcaiiius
3074 5776 3124 5826 iu
3160 5774 3428 5825 manilius.
3469 5793 3486 5822 ι
