4124 6402
362 352 469 409 ιοι

1549 356 1614 411 ΙΝ
1654 349 2027 409 [ειτιΤιιξυΜ
2070 348 2357 404 IlOMllJA
2402 351 2461 403 \'.

3532 353 3562 404 4
3573 354 3640 407 fi‘!

364 486 459 527 ma
488 484 823 541 qumcunque
855 472 1263 526 tnauuueaverit
1295 487 1488 528 carnes
1518 473 1775 526 sacrificii
1813 472 1955 522 salu-
1991 466 2029 520 Α
2064 465 2387 518 sanetificati
2424 473 2607 518 essent
2633 464 2779 530 prius
2813 474 2864 518 et
2896 466 3077 517 tnumli
3111 464 3309 531 effecti,
3339 481 3531 522 carne.
3559 470 3640 523 eis

362 565 506 618 taris
535 565 779 632 quodest
822 564 1050 617 Domino
1076 604 1090 627 ,
1163 575 1216 619 et
1273 565 1613 619 immumlitia
1647 564 1764 631 ejus
1805 564 1854 616 in
1892 578 1955 615 eo

366 651 562 717 fuerit,
598 655 796 723 peribit
824 654 1005 708 anima
1062 655 1150 709 illa
1184 657 1250 710 de
1288 655 1487 724 populo
1517 670 1636 710 suo.
1674 655 1737 708 Et
1774 654 1955 706 anima

366 746 717 817 quaecunque
755 749 996 818 tetigerit
1026 764 1244 802 onmem
1302 764 1414 802 rem
1448 749 1821 811 immundam,
1876 748 1954 799 vel

370 843 443 893 ab
481 841 820 895 immunditia
853 842 1110 905 hominis,
1143 841 1225 896 vel
1266 842 1679 910 quadrupedum
1716 840 1955 892 innnun-

368 932 595 994 dorum,
632 932 715 984 vel
752 933 819 985 ab
854 933 1002 986 omni
1032 932 1476 987 abominamento
1505 930 1618 1001 (51)
1652 930 1951 997 immundo,

369 1031 431 1075 et
483 1022 894 1075 manducaverit
953 1038 1018 1076 ex
1071 1022 1329 1075 carnibus
1380 1020 1634 1075 sacriﬁcii
1697 1019 1955 1074 salutaris

368 1115 517 1181 quod
579 1126 663 1168 est
698 1113 933 1179 Domini,
987 1114 1180 1182 peribit
1237 1114 1418 1167 anima
1496 1113 1586 1166 illa
1639 1114 1705 1166 de
1759 1112 1955 1181 populo

368 1221 474 1261 suo
500 1206 569 1261 “.
602 1226 619 1257 ι
656 1205 921 1276 Triplices
947 1207 1311 1260 immunditia:
1334 1221 1528 1260 causas
1553 1206 1637 1259 bic
1678 1206 1956 1273 legislator

369 1299 648 1368 exposuit.
682 1297 879 1363 Unam,
915 1314 981 1352 ne
1010 1314 1204 1353 carnes
1232 1297 1624 1352 sacrificiorum
1652 1298 1828 1366 aliqua
1861 1299 1958 1350 im.

371 1392 640 1445 munditia
664 1392 1069 1460 contingantur.
1105 1392 1305 1456 Aliam,
1330 1409 1394 1447 ne
1416 1393 1460 1445 is
1491 1392 1578 1461 qui
1611 1394 1721 1444 edit
1755 1407 1953 1444 carnes

372 1482 631 1536 sacrificii
667 1484 981 1538 immundus
1014 1484 1105 1549 sit,
1147 1494 1201 1539 et
1234 1483 1575 1538 immunditia
1602 1482 1721 1552 ejus
1746 1484 1797 1534 in
1834 1483 1952 1551 ipso

376 1577 471 1630 sit.
515 1576 779 1640 Tertiam,
832 1579 975 1644 quod
1033 1578 1131 1632 etsi
1194 1593 1386 1631 carnes
1439 1575 1650 1629 munda:
1696 1576 1799 1631 sint
1832 1617 1845 1638 ,
1901 1587 1955 1630 et

377 1666 496 1735 ipse
522 1667 613 1736 qui
669 1668 780 1721 edit
808 1670 1048 1721 mundus
1081 1668 1170 1735 sit,
1212 1678 1387 1722 tamen
1420 1683 1486 1721 ne
1522 1670 1807 1737 contigerit
1861 1670 1956 1720 ali-

370 1757 501 1827 quid
533 1759 889 1822 innnundmn,
918 1762 1000 1814 vel
1028 1778 1055 1814 a
1082 1760 1372 1829 pecoribus
1400 1759 1484 1812 vel
1506 1762 1571 1813 ab
1599 1762 1792 1815 avibus
1818 1761 1953 1832 ('52),

2061 572 2167 611 non
2195 557 2351 611 daret
2394 558 2556 612 Dens.
2612 557 2759 611 Bene
2792 567 2973 612 autem
3027 558 3369 615 clementiam
3421 563 3638 616 Domini

2059 648 2341 718 legislator
2373 651 2637 714 ostendit,
2677 659 2733 703 ut
2767 665 2872 704 non
2899 651 3108 708 diceret
3141 656 3267 723 quia
3316 670 3419 709 non
3480 672 3637 711 man-

2058 741 2221 797 ducet
2269 758 2462 798 carnes
2518 744 2571 797 in
2624 758 2732 812 quo
2792 744 2891 797 fuit
2946 744 3329 816 immunditia,
3375 751 3469 804 sed
3524 751 3639 815 ait,

2059 832 2113 885 in
2142 849 2249 903 quo
2298 836 2636 889 immumlitia
2664 835 2782 904 ejus
2816 837 2865 889 in
2916 838 3031 907 ipso
3064 849 3166 894 est.
3217 839 3387 894 Nemo
3429 844 3634 897 etenim

2060 927 2174 983 fere
2235 929 2515 989 invenitur
2538 969 2553 991 ,
2601 930 2652 981 in
2678 943 2785 997 quo
2821 944 2924 981 non
2959 929 3057 983 fuit
3088 930 3445 986 immunditia.
3488 935 3640 987 Inve-

2060 1019 2161 1071 niri
2199 1029 2375 1073 autem
2404 1029 2602 1090 potest,
2642 1020 2693 1073 in
2726 1036 2833 1089 quo
2858 1021 3026 1075 fuerit
3057 1023 3292 1090 quidem,
3328 1026 3418 1078 sed
3451 1028 3634 1080 audita

2060 1110 2179 1181 lege
2208 1112 2420 1167 Domini
2452 1116 2591 1165 ultra
2627 1111 2740 1179 jam
2801 1128 2903 1165 non
2933 1114 3025 1166 sit.
3064 1115 3217 1181 Quod
3263 1115 3308 1169 si
3357 1128 3640 1185 permanet

2060 1203 2110 1255 in
2141 1216 2205 1256 eo
2240 1202 2585 1257 immnmlitia
2622 1219 2740 1270 sua,
2795 1214 2851 1257 et
2901 1205 2985 1258 bis
3017 1206 3218 1261 auditis
3247 1209 3493 1263 converti
3533 1227 3639 1264 non

2061 1291 2175 1344 vult
2216 1302 2269 1345 et
2300 1294 2577 1347 ememlari
2607 1335 2620 1358 ,
2652 1294 2884 1363 peribit,
2942 1297 3160 1364 inquit,
3223 1300 3401 1353 anima
3456 1301 3544 1353 illa
3576 1303 3643 1356 de

2059 1384 2256 1453 populo
2286 1402 2403 1438 suo.
2440 1386 2624 1439 Tertia
2658 1397 2743 1440 est
2789 1390 3146 1443 iltlllllllltlllltc
3195 1394 3425 1460 species,
3458 1408 3561 1463 qua
3596 1396 3643 1450 i3

2057 1476 2147 1544 qui
2176 1476 2411 1530 tumidus
2437 1487 2539 1541 est,
2570 1478 2616 1531 si
2646 1478 2851 1546 aliquid
2883 1483 3110 1550 contigit
3145 1482 3506 1549 innnundum,
3531 1502 3637 1540 non

2061 1576 2170 1619 tam
2197 1581 2296 1621 suo
2327 1578 2572 1636 peccato,
2600 1584 2759 1636 qnam
2789 1571 2962 1623 aliena
2995 1575 3323 1642 contagione
3346 1576 3638 1643 polluitur;

2060 1666 2116 1708 nt
2144 1668 2270 1725 puta
2304 1658 2348 1711 si
2382 1660 2505 1727 quis
2544 1662 2785 1715 societur
2820 1663 3081 1716 amicitiis
3126 1676 3179 1718 et
3209 1669 3485 1722 consortio
3536 1669 3637 1722 ho-

2061 1749 2221 1804 minis
2252 1750 2426 1813 lividi,
2464 1752 2546 1805 vel
2580 1753 2855 1820 iracundi,
2885 1758 2966 1809 Vel
3015 1757 3268 1822 adulteri,
3299 1771 3353 1814 et
3381 1761 3493 1829 ipse
3522 1762 3639 1830 qui-

372 1848 459 1901 vel
490 1864 555 1902 ex
590 1850 847 1903 omnibus
897 1866 1016 1918 qtae
1058 1852 1336 1905 immunda
1393 1852 1738 1919 pronuntiata
1802 1866 1947 1907 sunt.
1989 1824 2028 1877 Β
2060 1842 2178 1895 del"
2241 1843 2477 1911 ρτορτῖίε
2539 1846 2751 1900 acubus
2801 1863 2908 1901 "0"
2991 1849 3267 1905 i"Seram"
3339 1854 3638 1909 sceleribus

372 1937 441 1991 Et
479 1940 591 1993 lucc
630 1941 848 2009 quidem
890 1941 1138 1996 voluntas
1167 1954 1247 1996 est
1278 1942 1609 2013 legislatoris
1637 1945 1701 1998 de
1729 1945 1834 1998 ritu
1864 1962 1949 1999 sa-

370 2030 704 2085 crificiorum
747 2033 1114 2102 corporalium
1158 2034 1472 2087 sancientis.
1509 2035 1814 2089 Secundum
1853 2054 1951 2091 no-

371 2134 503 2175 str-.e
537 2138 665 2176 vero
693 2125 1055 2193 expositionis
1083 2126 1355 2193 ordinem,
1400 2127 1486 2181 ubi
1522 2144 1718 2182 carnes
1750 2140 1956 2184 sancta:

376 2216 541 2269 verba
578 2216 955 2286 intelliguntur
984 2217 1093 2288 (55)
1122 2232 1243 2273 esse
1274 2219 1479 2284 divina,
1514 2221 1821 2289 bujusutodi
1861 2223 1956 2274 lia-

376 2305 554 2361 benda
598 2315 681 2362 est
712 2310 1027 2363 observatio
1056 2349 1071 2374 ,
1108 2309 1232 2378 quia
1271 2326 1412 2379 sape
1472 2312 1669 2366 accidit
1726 2313 1955 2366 mnmlas

374 2414 572 2453 carnes
601 2401 842 2469 contingi
870 2403 939 2456 ab
968 2401 1148 2469 aliquo
1174 2401 1470 2466 immundo,
1501 2413 1578 2467 ut,
1613 2405 1761 2457 verbi
1791 2421 1951 2459 eausa

377 2492 633 2560 dixerim,
676 2494 720 2548 si
754 2495 876 2563 quis
929 2496 996 2549 de
1057 2495 1161 2550 Deo
1196 2496 1356 2551 Patre
1383 2538 1396 2562 ,
1437 2512 1500 2551 ac
1541 2496 1607 2549 de
1665 2498 1955 2567 Unigcnilo

378 2584 530 2652 ejus,
568 2594 623 2641 et
675 2585 879 2657 Spiritu
915 2599 1138 2657 saneto,
1195 2591 1357 2661 digno
1409 2591 1630 2645 deitatis
1695 2594 1955 2663 mysterio

378 2693 576 2746 purum
614 2679 778 2735 faciat
808 2682 1193 2754 sincerumque
1231 2700 1539 2738 sermonem
1563 2725 1577 2750 ,
1617 2684 1872 2738 similiter
1903 2694 1956 2739 et

378 2769 445 2822 de
475 2771 726 2828 onmibus
778 2776 1043 2830 creaturis
1078 2775 1434 2830 rationalibus
1467 2786 1725 2846 tanquam
1759 2794 1786 2829 a
1848 2778 1955 2833 Deo

378 2860 535 2917 factis
560 2862 626 2915 ad
658 2862 763 2919 hoc
798 2876 854 2919 ut
882 2878 1149 2936 caperent
1176 2878 1229 2921 et
1266 2868 1637 2933 intelligerent
1664 2884 1809 2934 eum,
1846 2886 1952 2923 non

377 2962 559 3008 autem
598 2958 951 3024 consequenti
1006 2958 1270 3025 mysterio
1305 2956 1499 3010 afferat
1538 2959 1703 3010 etiam
1770 2958 1956 3012 earnis

377 3047 858 3101 resurrectionem.
903 3047 1115 3100 Primus
1166 3046 1387 3112 quidem
1442 3044 1559 3112 ejus
1611 3061 1790 3101 sermo
1819 3062 1958 3115 quo-

375 3140 524 3190 niam
560 3137 674 3207 (54)
712 3134 950 3204 perfecte
992 3145 1042 3189 et
1077 3144 1271 3188 sancte
1327 3136 1607 3201 disseruit,
1641 3137 1848 3192 solidus
1877 3139 1954 3192 ci-
1982 3159 2029 3221 ς

372 3230 474 3282 bus
501 3240 605 3292 est,
633 3243 825 3281 carnes
864 3237 1066 3282 sanctae
1098 3236 1245 3287 sunt,
1281 3227 1381 3281 boc
1413 3244 1543 3281 vero
1565 3230 1707 3297 quod
1745 3231 1827 3285 bis
1861 3233 1955 3285 ad-

375 3319 549 3379 ditur,
584 3318 1045 3372 resurrectionem
1090 3320 1275 3374 carnis
1330 3320 1594 3390 negamlo,
1634 3321 1761 3389 quia
1819 3321 1953 3376 alie-

374 3424 503 3461 num
542 3426 568 3462 a
603 3410 706 3463 fide
734 3420 842 3476 est,
876 3412 1256 3480 superioribus
1298 3413 1549 3480 junctum
1591 3413 1847 3483 perfectis
1902 3424 1954 3469 et

374 3498 629 3557 fidelibus
690 3503 872 3558 verbis
901 3543 917 3570 ,
961 3515 1182 3559 sanctas
1241 3521 1432 3560 carnes
1466 3508 1861 3561 contaminavit
1900 3519 1954 3563 et

371 3594 581 3663 polluit.
616 3595 741 3651 Ideo
766 3610 896 3667 ergo
929 3599 1190 3668 pra-cepit
1219 3599 1495 3669 legislator
1525 3618 1588 3653 tte
1622 3604 1955 3658 manducen-

373 3696 463 3740 tur
497 3687 805 3756 lmjusmodi
842 3706 1056 3755 carnes,
1089 3692 1287 3761 quibus
1324 3695 1667 3749 immunditia
1722 3695 1954 3751 inﬁdeli-

372 3780 501 3833 tatis
549 3781 779 3850 alicujus
828 3781 1162 3853 adjungitur.
1214 3782 1503 3855 Propterea
1553 3796 1606 3841 et
1660 3787 1951 3858 Apostolus

369 3872 504 3925 dicit
535 3873 619 3926 "z
661 3891 680 3925 ι
712 3873 925 3929 Etenim
960 3875 1104 3929 diem
1155 3874 1356 3930 festum
1397 3878 1738 3933 celebremus
1763 3896 1866 3934 non
1898 3882 1949 3935 in

370 3964 643 4021 fermento
677 3968 870 4032 veteri;
910 3984 1084 4036 neque
1116 3968 1167 4021 in
1202 3969 1470 4023 fermento
1504 3972 1727 4026 malitia:
1765 3984 1821 4027 et
1854 3990 1950 4028 ne-

369 4058 578 4126 quitiae,
603 4059 695 4112 sed
726 4060 777 4111 in
811 4061 1018 4129 azymis
1049 4059 1387 4115 sinceritatis
1412 4072 1467 4116 et
1495 4063 1768 4119 veritatis.
1799 4084 1817 4117 ι
1855 4066 1953 4119 Sc-

369 4148 605 4200 cnmlum
634 4147 993 4201 innnunditia:
1024 4162 1189 4218 genus
1223 4160 1327 4214 est,
1368 4167 1433 4205 ne
1466 4153 1580 4222 ipse
1634 4153 1724 4222 qui
1757 4168 1952 4208 carnes

368 4239 504 4302 edit,
540 4240 849 4297 innnnndus
884 4240 975 4304 sit,
1006 4251 1060 4293 et
1095 4240 1440 4297 immunditia
1472 4242 1590 4311 ejus
1621 4245 1671 4298 in
1708 4245 1827 4315 ipso
1856 4246 1949 4310 sit,

367 4333 513 4400 quod
544 4334 645 4386 boe
678 4333 838 4386 modo
869 4330 1092 4402 intelligi
1133 4341 1332 4400 potest,
1367 4335 1518 4389 verbi
1559 4336 1759 4404 gratia,
1802 4336 1845 4390 si
1880 4336 1952 4391 sit

369 4426 569 4494 aliquis
596 4439 804 4481 natura:
836 4426 1082 4482 ﬂorentis
1105 4469 1119 4492 ,
1159 4436 1213 4481 et
1246 4427 1490 4481 ardentis
1543 4427 1741 4499 ingenii
1772 4468 1787 4494 ,
1841 4444 1945 4483 non

2057 1935 2195 2003 ejus,
2245 1935 2425 1989 videat
2479 1945 2656 1991 tamen
2689 1953 2835 2006 eum,
2877 1950 2932 1994 et
2980 1942 3244 2015 intelligat
3283 1946 3445 2016 213
3500 1962 3638 2015 quo-

2059 2029 2216 2081 modo
2292 2026 2518 2082 fratrem
2598 2045 2756 2084 suum
2828 2035 2942 2086 odit
3026 2046 3081 2088 et
3166 2037 3441 2091 homicida
3512 2050 3637 2103 est,

2059 2120 2139 2171 vel
2175 2122 2445 2188 quomodo
2486 2121 2778 2177 insidiatur
2832 2124 3026 2181 aliena:
3073 2128 3287 2183 mulieri
3320 2140 3374 2183 et
3421 2130 3636 2185 adulter

2058 2222 2164 2278 est,
2204 2212 2287 2268 vel
2331 2215 2604 2284 quomodo
2642 2216 2693 2269 in
2720 2219 2940 2273 caeteris
2985 2220 3294 2289 quibusque
3335 2224 3637 2293 sacrilegus

2056 2316 2159 2367 est.
2199 2320 2298 2360 nec
2324 2306 2681 2375 deprehensis
2712 2310 2796 2363 bis
2831 2310 3162 2367 discedatab
3188 2310 3305 2379 ejus
3334 2316 3636 2380 consortio,

2059 2398 2161 2453 iste
2189 2408 2273 2453 est
2326 2400 2419 2469 qui
2454 2403 2683 2471 contigit
2725 2403 3086 2471 immundum,
3131 2406 3217 2460 vel
3267 2407 3494 2474 animal,
3550 2409 3638 2463 vel

2057 2505 2235 2555 avem,
2289 2490 2372 2545 vel
2421 2492 2790 2561 morticinum,
2825 2504 2878 2548 et
2916 2494 3091 2550 aliena
3146 2498 3489 2555 immunditia
3522 2501 3639 2571 ipse

2058 2583 2292 2651 pollutus
2316 2592 2420 2639 est.
2454 2584 2529 2640 De
2556 2586 2968 2643 diversitatibus
3002 2600 3180 2645 autem
3209 2592 3639 2661 immundorum,

2058 2682 2217 2742 prout
2270 2689 2561 2730 occurrere
2612 2679 2808 2746 potuit,
2863 2679 2916 2732 in
2965 2681 3339 2750 superioribus
3370 2684 3637 2741 diximus.

2057 2770 2165 2820 Aut
2193 2783 2296 2821 non
2327 2775 2381 2821 et
2405 2768 2692 2837 Apostolus
2719 2773 3014 2826 secundum
3052 2775 3192 2830 banc
3223 2776 3471 2833 eamdem
3501 2794 3641 2849 pra:-

2058 2858 2203 2928 eepit
2225 2860 2481 2926 formam,
2500 2877 2622 2915 eum
2646 2863 2832 2917 dicit"
2860 2881 2873 2918 :
2900 2882 2917 2915 ‹
2938 2863 3097 2921 Nunc
3126 2876 3305 2923 autem
3327 2871 3506 2925 scribo
3525 2870 3641 2944 (55)

2058 2950 2215 3006 vobis
2243 2951 2296 3006 in
2338 2952 2588 3021 epistola,
2625 2962 2683 3007 ut
2732 2971 2835 3009 non
2870 2958 3346 3015 commisceamini
3400 2964 3641 3018 fornica-

2060 3039 2178 3105 riis,
2209 3041 2253 3095 si
2283 3041 2405 3109 quis
2438 3040 2608 3098 frater
2658 3045 2973 3100 nominatur
3025 3048 3349 3118 fornicator,
3388 3060 3483 3106 aut
3512 3068 3643 3107 ava-

2060 3144 2177 3193 rus,
2214 3140 2308 3184 aut
2354 3132 2513 3186 idolis
2558 3137 2826 3202 serviens,
2882 3147 2977 3191 aut
3011 3139 3282 3202 ebriosus,
3317 3149 3413 3193 aut
3451 3157 3642 3210 rapax,

2059 3236 2182 3275 cum
2239 3222 2543 3292 ltujusmodi
2599 3244 2699 3283 nec
2746 3230 2925 3282 cibum
2973 3231 3228 3285 sumere?
3277 3230 3390 3285 »1η
3444 3233 3640 3300 quibus

2056 3312 2305 3368 omnibus
2328 3316 2455 3384 quid
2492 3325 2575 3371 est
2602 3317 2751 3371 aliud
2779 3319 2925 3387 quod
2957 3320 3236 3388 praecepit,
3275 3321 3377 3375 nisi
3411 3335 3479 3375 ne
3506 3321 3643 3378 alie-

2024 3425 2027 3429 ·
2059 3405 2141 3459 nis
2168 3408 2406 3474 peccatis
2432 3417 2485 3462 et
2512 3410 2874 3465 immunditiis
2903 3411 3247 3480 polluantur?

2130 3500 2215 3553 ll.
2255 3518 2273 3550 ι
2311 3500 2377 3553 Ει
2404 3502 2613 3558 locutus
2643 3514 2745 3569 est,
2783 3504 2960 3573 inquit
2990 3504 3061 3569 ⁵⁸,
3103 3505 3361 3563 Dominus
3391 3508 3457 3562 ad
3487 3508 3639 3583 Moy-

2056 3608 2150 3647 sen
2190 3594 2377 3648 dicens
2407 3610 2420 3646 :
2452 3592 2698 3664 Loquere
2744 3594 2873 3649 filiis
2927 3594 3091 3649 Israel
3144 3598 3335 3655 dicens
3368 3623 3380 3656 :
3409 3598 3636 3657 Omnem

2055 3685 2266 3754 adipem
2296 3688 2478 3748 boum,
2505 3697 2559 3741 et
2588 3688 2790 3752 ovium,
2826 3699 2881 3742 et
2932 3706 3249 3759 caprarmu,
3304 3709 3411 3750 non
3438 3696 3635 3760 edctis.

2053 3786 2109 3832 et
2137 3780 2302 3847 adeps
2337 3780 2775 3846 morticinorum,
2807 3790 2862 3835 et
2888 3798 2915 3833 ει
2944 3782 3057 3836 fera
3092 3794 3374 3854 captorum
3403 3802 3506 3841 non
3532 3789 3639 3843 erit

2055 3870 2122 3924 ad
2150 3886 2312 3926 omne
2341 3886 2500 3941 opus,
2547 3874 2685 3926 etin
2736 3888 2861 3928 esea
2915 3890 3021 3929 non
3072 3877 3285 3931 edetur.
3332 3877 3522 3933 Omnis
3547 3881 3636 3949 qui

2055 3963 2271 4032 adipem
2303 3966 2430 4019 edet
2466 3979 2532 4019 ex
2573 3966 2865 4033 pecoribus
2900 3982 2965 4020 ex
3001 3968 3199 4037 quibus
3224 3968 3434 4026 offertis
3460 3973 3528 4026 ab
3558 3973 3641 4027 eis

2055 4056 2286 4111 bestiam
2321 4057 2573 4122 Domino,
2609 4059 2811 4125 peribit
2838 4059 3017 4113 anima
3048 4061 3139 4115 illa
3184 4063 3250 4117 de
3284 4065 3483 4132 pepulo
3514 4079 3576 4120 su
3601 4087 3633 4117 ι.

2056 4149 2121 4202 Ει
2150 4163 2365 4203 omnem
2411 4150 2732 4220 sanguinem
2767 4164 2871 4203 non
2916 4150 3091 4206 edetis
3132 4154 3183 4206 in
3236 4154 3382 4207 omni
3422 4154 3637 4207 habita-

2057 4242 2201 4295 tione
2256 4248 2433 4294 vestra
2476 4256 2504 4293 a
2561 4240 2870 4309 pecoribus,
2924 4250 3034 4295 eta
3078 4242 3410 4299 volatilibus.
3445 4246 3637 4300 Omnis

2054 4330 2233 4383 anima
2265 4345 2601 4401 quzecnnque
2634 4332 3044 4386 manducaverit
3072 4336 3416 4403 sanguinem,
3438 4337 3636 4405 peribit

2057 4422 2237 4476 anima
2283 4422 2374 4476 illa
2400 4423 2466 4479 de
2515 4424 2711 4494 populo
2755 4440 2874 4480 suo.
2914 4445 2931 4478 ι
2972 4428 3171 4496 Adipes
3201 4426 3418 4496 quidem
3441 4442 3632 4481 eorum

367 4520 630 4573 continuo
662 4528 820 4587 aptus
854 4520 1125 4574 videbitur
1170 4519 1239 4573 ad
1291 4519 1638 4591 suscipienda
1670 4522 1818 4576 verbi
1852 4522 1943 4577 Dei
1980 4499 2023 4553 D
2056 4517 2397 4582 animalium,
2436 4533 2557 4589 qua:
2596 4518 2651 4573 in
2701 4520 2991 4576 sacriﬁciis
3040 4520 3358 4585 offeruntur,
3393 4532 3450 4576 et
3496 4521 3634 4578 alio-

369 4612 655 4683 mysteria,
704 4613 797 4666 sed
827 4614 1094 4683 quaeritur
1126 4612 1290 4667 etiam
1327 4613 1450 4678 hoc,
1485 4622 1545 4667 ut
1569 4613 1722 4682 prius
1748 4630 1778 4668 a
1822 4629 1948 4684 pro-

367 4704 515 4759 fanis
552 4706 784 4767 actibus,
821 4713 873 4755 et
916 4702 1210 4757 immundis
1249 4702 1506 4770 operibus
1534 4712 1844 4773 separetur,
1896 4714 1952 4759 et

370 4800 445 4852 ita
499 4798 714 4851 demum
761 4796 1082 4849 eruditionis
1115 4810 1289 4863 capax
1342 4796 1455 4857 fiat,
1494 4796 1539 4850 si
1594 4795 1746 4865 prius
1775 4812 1949 4868 capax

368 4891 536 4946 fuerit
584 4889 908 4945 sanctitatis.
968 4889 1156 4943 Simile
1206 4889 1293 4942 bis
1328 4889 1380 4942 in
1437 4887 1689 4943 Numeris
1722 4888 1951 4959 legimus

370 4985 655 5051 scriptum,
691 4981 777 5035 tibi
828 4979 1095 5034 Dominus
1142 4994 1336 5034 carnes
1377 4980 1594 5035 coalitus
1629 4980 1777 5034 dedit
1827 4980 1953 5035 ﬁliis

366 5075 537 5131 Israel
573 5084 628 5130 et
673 5074 806 5128 dicit
846 5074 890 5116 ‘l‘
917 5092 938 5129 ι
972 5092 990 5124 ι
1044 5074 1474 5128 Sanctificamini
1516 5073 1569 5126 in
1603 5073 1939 5139 crastinmn,

366 5178 430 5223 ut
461 5167 802 5225 manducetis
832 5180 1047 5231 carnes,
1085 5183 1104 5217 ι
1144 5165 1247 5220 hoc
1276 5163 1591 5229 ostendens,
1649 5162 1792 5233 quod
1835 5165 1939 5219 nisi

438 5288 487 5320 “
519 5285 693 5342 Levit.
732 5301 825 5350 vn,
854 5285 920 5340 l9
949 5293 1004 5337 et
1028 5298 1184 5354 seqq.
1263 5282 1308 5314 ⁸⁵
1342 5282 1361 5336 Ι
1407 5281 1533 5337 Cor.
1574 5298 1626 5349 v,
1657 5283 1710 5336 5.

430 5428 556 5510 ,(51)
587 5425 709 5490 Ms.,
752 5443 769 5477 ι
802 5424 1258 5479 abominamcuto.
1295 5442 1312 5475 ι
1366 5422 1519 5477 Libb.
1556 5422 1708 5487 editi,
1748 5438 1767 5472 ι
1804 5422 1940 5477 abo-

370 5513 706 5637 ῃηὶὲἓῗίιίἒ..
740 5584 758 5617 σ
794 5582 821 5619 a
867 5567 1057 5620 bobus.
1100 5584 1117 5616 ι
1183 5565 1247 5618 Ει
1281 5563 1440 5634 paulo
1496 5571 1641 5633 post,
1686 5580 1704 5614 ι
1745 5563 1881 5633 legis
1919 5583 1937 5615 ι

370 5654 466 5708 pro
496 5659 513 5690 ι
554 5640 891 5705 legislatoris.
928 5656 945 5688 ι

442 5709 553 5773 (53)
592 5703 742 5761 Libli.
800 5720 957 5761 antea
981 5703 1128 5766 editi,
1161 5704 1595 5773 «intelligantur.
1640 5724 1656 5754 ι

438 5772 548 5850 (3i)
589 5781 740 5834 libb.
773 5782 922 5845 t-diti,
960 5797 976 5827 ι
1008 5793 1192 5846 quem.
1223 5795 1242 5828 ι
1281 5776 1343 5829 Et
1372 5772 1535 5843 paulo
1565 5785 1711 5843 post,
1751 5794 1768 5827 t
1803 5776 1943 5845 quod

1788 5283 1835 5313 "
1866 5282 2025 5338 Num.
2069 5301 2145 5349 χι,
2182 5283 2267 5338 15.

2057 4626 2179 4664 rum
2222 4610 2602 4666 nonnullorum
2653 4613 2738 4667 edi
2790 4612 2873 4668 vel
2924 4612 2977 4667 in
3030 4629 3127 4670 usu
3175 4614 3364 4670 baberi
3402 4616 3639 4687 abnegat

2057 4700 2358 4769 legislator,
2408 4702 2729 4772 sanguinem
2790 4716 2919 4756 vero
2966 4703 3147 4757 omnis
3188 4701 3374 4757 carnis
3424 4704 3635 4759 comedi

2055 4803 2220 4849 vetat.
2258 4794 2312 4848 In
2348 4796 2723 4863 superioribus
2749 4795 2925 4850 locqu
2959 4798 3247 4868 mysticum
3293 4808 3636 4867 pertractan-

2056 4894 2157 4951 tes,
2183 4884 2272 4940 tibi
2302 4885 2499 4940 vitulus
2534 4888 2585 4940 in
2637 4885 3011 4941 holocaustum
3041 4890 3274 4942 dabatur
3310 4905 3407 4959 pro
3443 4905 3637 4961 pecca-

2057 4990 2133 5046 to,
2162 4990 2217 5035 et
2250 4979 2437 5049 adipes
2474 4980 2895 5049 imponebantur
2925 4979 3109 5048 altari,
3140 4983 3465 5053 sanguinem
3514 4986 3636 5055 qni-

2053 5073 2174 5125 dem
2205 5085 2312 5139 quo
2342 5084 2405 5123 ex
2443 5080 2595 5139 parte
2625 5070 2805 5139 aliqua
2848 5087 3052 5125 cornua
3113 5072 3459 5137 ﬁniebantur,
3506 5076 3634 5132 reli-

2050 5178 2187 5234 quus
2219 5178 2349 5218 vero
2376 5162 2441 5217 ad
2475 5162 2645 5218 basim
2693 5162 3069 5220 effundebatur
3116 5166 3330 5235 altaris,
3356 5170 3408 5224 in
3440 5183 3631 5228 eorum

2344 5280 2389 5313 "
2454 5281 2468 5336 Ι
2504 5282 2628 5337 Cor.
2656 5297 2709 5347 v,
2737 5280 2792 5337 9.
2868 5284 2913 5314 ⁸⁸
2936 5282 3110 5338 Levit.
3153 5300 3252 5353 vn,
3285 5284 3359 5337 22
3388 5295 3441 5337 et
3471 5298 3629 5354 seqq.

2046 5425 2129 5478 bis
2160 5425 2333 5487 addit,
2373 5424 2794 5478 resurrectionis
2826 5428 3009 5480 carnis
3064 5422 3314 5492 negando
3370 5421 3626 5492 gloriam,

2043 5495 2195 5563 quia,
2230 5514 2248 5545 ι
2282 5506 2425 5554 etc.;
2460 5495 2558 5547 sed
2592 5510 2692 5548 ins.
2728 5504 2785 5548 ιιι
2815 5495 2865 5547 in
2905 5505 3093 5549 nostro
3133 5504 3306 5546 textu.

2119 5566 2230 5635 (δῦ)
2264 5565 2388 5627 Ms.,
2429 5584 2445 5615 ι
2480 5567 2683 5620 scribo.
2716 5585 2733 5616 ι
2765 5564 2921 5619 Libb.
2968 5565 3095 5618 editi
3117 5581 3191 5635 ,ὼε
3223 5560 3440 5635 scripsi.
3477 5580 3495 5614 ι
3525 5560 3631 5616 Ιὺίο

2048 5633 2169 5712 dein
2199 5640 2251 5689 in
2298 5635 2613 5712 ms.__deest,
2645 5655 2661 5686 ι
2701 5636 3030 5712 fornicariis.
3072 5633 3298 5712 inp-aulo
3330 5641 3453 5712 post
3498 5648 3626 5699 ms.,

2055 5725 2073 5757 ι
2112 5707 2212 5761 ιιίδί
2259 5724 2325 5761 ne
2371 5705 2585 5770 alienis,
2627 5725 2643 5757 ι
2682 5714 2791 5760 etc.
2844 5705 3000 5760 Libb.
3053 5703 3204 5770 editi,
3236 5720 3253 5755 ι
3295 5703 3398 5759 nisi
3433 5717 3500 5761 ne
3528 5717 3625 5760 nos

2050 5779 2115 5832 ab
2144 5778 2363 5843 alienis,
2400 5795 2415 5824 ι
2452 5785 2556 5833 etc.
