4124 6414
492 375 593 432 ιωδ

1939 362 2262 421 ORICENlS

3641 365 3745 420 ιω

492 497 799 568 accepimus
828 492 942 566 (56)
964 494 1220 564 ﬁguram,
1253 495 1343 563 qui
1371 495 1624 550 residuus
1653 494 1853 549 dicitur
1875 494 2061 558 lsrael,
2094 499 2140 553 A
2168 495 2304 562 ejus,
2352 494 2401 547 id
2454 504 2530 546 est
2566 509 2727 562 opera
2766 493 2914 563 ejus?
2958 492 3131 561 Opera
3183 508 3414 562 namque
3443 502 3589 558 sunt,
3622 511 3744 564 qua

492 601 547 645 et
571 600 855 659 postquam
883 587 1160 656 plenitudo
1203 587 1446 656 gentium
1493 587 1887 651 subintroierit,
1915 587 2063 642 salu—

495 695 599 736 tem
631 683 683 734 in
714 680 1022 734 novissimis
1054 690 1258 747 sperat.
1286 679 1486 747 Adipes
1512 692 1642 732 vero
1669 679 1902 730 animam
1927 678 2068 731 dixi-

496 791 614 829 mus
654 773 880 838 Christi,
914 788 1033 842 qum
1064 783 1149 827 est
1192 771 1429 826 Ecclesia
1461 769 1764 824 amicorum
1802 769 1938 838 ejus,
1969 785 2066 838 pro
2107 811 2112 814 .

495 869 687 937 quibus
721 867 957 919 animam
991 879 1143 920 suam
1173 863 1368 930 posuit.
1402 862 1586 917 Potest
1616 877 1746 930 ergo
1774 861 1888 915 ﬁeri
1925 873 1980 915 et
2013 862 2064 915 in

495 961 596 1014 hoc
621 959 759 1022 loco,
791 967 849 1009 ut
875 957 1014 1025 quod
1039 956 1324 1008 mandatur
1356 969 1421 1007 ne
1451 953 1574 1022 quis
1621 953 1804 1020 adipes
1837 952 1961 1006 edat
1997 967 2062 1007 ex

498 1052 582 1106 his
608 1066 727 1121 qtne
757 1049 980 1102 Domino
1018 1045 1336 1110 oll‘eruntur,
1390 1045 1490 1098 hoc
1519 1045 1590 1098 sit
1617 1043 1758 1112 quod
1797 1053 1850 1096 et
1879 1042 2068 1098 Domi-

499 1158 597 1195 nus
631 1140 761 1195 dicit
788 1139 836 1172 "
868 1157 881 1191 :
912 1139 987 1192 Ne
1018 1138 1140 1207 quis
1185 1136 1520 1190 scandalizet
1573 1149 1736 1187 unum
1767 1149 1830 1188 ex
1859 1133 1943 1188 his
1976 1134 2069 1186 tui-

498 1233 680 1297 nimis,
717 1232 807 1299 qui
837 1229 1066 1283 credunt
1094 1229 1145 1280 in
1174 1241 1277 1280 me.
1304 1226 1458 1292 Quod
1490 1233 1675 1279 autem
1709 1226 1930 1296 sanguis
1949 1223 2069 1276 nul—

499 1324 602 1377 lius
633 1321 883 1376 animalis
908 1321 992 1375 edi
1020 1320 1258 1388 jubetur,
1291 1318 1422 1371 illud
1451 1316 1683 1371 fortasse
1717 1317 1805 1379 sit,
1842 1316 2068 1384 quodde

499 1416 763 1472 Israelitis
795 1415 923 1467 dicit
949 1411 1244 1480 Apostolus
1273 1409 1316 1439 ⁶⁰
1347 1425 1361 1462 :
1403 1427 1421 1460 ι
1462 1408 1606 1463 Dicis
1639 1423 1788 1478 ergo,
1827 1409 1872 1461 si
1906 1408 2064 1461 lracti

499 1518 624 1563 sunt
648 1506 861 1570 rami,ut
887 1518 986 1572 ego
1021 1504 1248 1556 inserar.
1271 1500 1666 1570 'Bene,propter
1716 1499 2070 1553 incredulita-

499 1608 614 1656 tem'
641 1598 796 1653 fracti
826 1605 970 1650 sunt.
1009 1593 1088 1648 Tu
1117 1605 1295 1648 autem
1329 1593 1433 1646 ﬁde
1471 1601 1583 1646 stas
1609 1591 1742 1662 (57),
1771 1591 1875 1646 noli
1901 1590 2067 1644 altum

499 1705 712 1761 sapere,
745 1689 836 1743 sed
866 1691 1034 1741 ‘time.
1083 1703 1104 1738 ο
1141 1686 1205 1739 Et
1248 1683 1538 1738 iterum“
1575 1699 1589 1736 :
1633 1701 1652 1735 α
1691 1679 1817 1737 Noli
1851 1681 2068 1752 gloriari

499 1786 759 1838 adversus
791 1796 987 1843 ramos,
1025 1797 1043 1830 ι
1077 1793 1182 1848 quo
1211 1777 1420 1832 scilicet
1457 1775 1609 1830 casui
1651 1788 1837 1830 eorum
1887 1773 2068 1848 nullus

2173 588 2555 641 emnmendant
2583 588 2814 640 hostiam
2843 588 2967 640 Deo.
2990 587 3055 639 “Si
3098 587 3240 640 enim
3272 597 3501 639 attracta
3535 587 3598 639 sit
3633 602 3746 640 ma-

2175 695 2278 731 nus
2329 689 2414 731 lua
2445 681 2508 731 ad
2557 681 2812 741 dandum,
2863 689 2919 732 et
2951 693 3187 747 expansa
3233 681 3299 733 ad
3342 679 3746 748 accipiendum,

2176 772 2312 823 in'ra
2367 783 2417 824 te
2463 779 2538 823 est
2573 771 2746 824 adhuc
2794 771 2937 839 lepra
2987 783 3096 835 tua,
3147 782 3198 826 et
3231 771 3556 826 oﬁ’errenon
3590 782 3750 840 potes

2175 860 2404 913 hostiun
2435 862 2688 913 s-ilntaris
2743 859 2930 916 Manus
2961 877 3090 931 ergo
3118 863 3234 932 ejus
3278 861 3504 917 onerent
3534 865 3744 916 sacriﬁ-

2174 953 2314 1004 cium
2341 953 2618 1016 Salutaris,
2654 962 2704 1006 et
2739 970 2928 1007 manus
2967 955 3082 1024 ejus
3109 954 3338 1009 olferent
3367 972 3452 1018 ea,
3482 972 3604 1024 quae
3639 957 3746 1010 Do-

2177 1044 2323 1095 mino
2357 1043 2633 1098 olferenda
2681 1055 2828 1108 sunt,
2887 1047 2937 1099 id
2982 1059 3062 1100 est
3091 1047 3299 1116 adipem
3341 1047 3431 1113 qui
3460 1064 3622 1116 super
3649 1065 3744 1117 pe-

2175 1136 2474 1188 ctnseulmu
2503 1147 2608 1202 est,
2647 1149 2699 1190 et
2741 1138 2957 1204 pinnam
2998 1137 3224 1206 jecoris.
3277 1135 3335 1191 In
3372 1138 3473 1192 hoc
3501 1139 3618 1192 loco
3647 1140 3737 1193 ubi

2176 1243 2274 1281 nos
2305 1230 2584 1294 habemus,
2627 1248 2645 1280 ς
2699 1245 2890 1283 manus
2940 1230 3060 1298 ejus
3106 1229 3338 1284 offerent
3376 1231 3607 1284 hostiam
3643 1232 3746 1285 Do-

2177 1321 2347 1383 tnino,
2381 1339 2398 1370 »
2430 1321 2478 1374 in
2503 1320 2703 1376 Grzecis
2730 1323 2958 1377 habetur
2975 1339 3070 1392 pro
3094 1323 3265 1378 hostia
3285 1323 3745 1396 ὀλοκαρπώματα,

2175 1412 2314 1479 quod
2342 1414 2656 1484 intelligitur
2685 1430 2903 1469 omnem
2948 1417 3184 1470 fructum
3215 1437 3226 1471 :
3265 1431 3362 1485 per
3391 1417 3531 1486 quod
3568 1428 3750 1472 osten-

2175 1508 2251 1561 dit
2280 1525 2382 1562 non
2415 1523 2574 1577 posse
2606 1509 2829 1563 Domino
2869 1507 3067 1563 oll‘erre
3110 1524 3327 1563 omnem
3361 1508 3600 1564 fructum
3625 1527 3746 1565 eum

2176 1603 2264 1672 qui
2296 1603 2661 1657 infructuosus
2699 1613 2804 1668 est,
2852 1603 2942 1672 qui
2987 1619 3093 1657 non
3126 1602 3545 1658 aﬂ‘crt'fructum
3590 1605 3748 1674 justi-

2179 1693 2549 1758 tize,‘l'rnctum
2591 1680 3004 1758 misericordize,
3035 1695 3117 1747 vel
3147 1695 3552 1752 etiam‘fructus
3584 1698 3746 1767 spiri-

2179 1796 2283 1848 tus,
2319 1801 2455 1854 quos
2487 1794 2773 1838 enumerat
2801 1785 3088 1853 Apostolus
3107 1785 3176 1853 “,
3203 1785 3553 1848 charitatem,
3613 1802 3749 1856 gan-

500 1877 741 1930 insnltet.
770 1872 851 1929 “Ne
887 1872 1028 1926 forte
1055 1847 1198 1926 sicut
1237 1870 1376 1923 idem
1410 1867 1711 1938 ‘Apostolus
1742 1867 1896 1932 dicit,
1935 1877 1987 1918 et
2016 1847 2068 1918 in

2180 1880 2343 1943 dium,
2377 1893 2586 1946 pacem,
2620 1879 2968 1947 patientiam,
3003 1879 3443 1942 unanimitatem,
3467 1887 3519 1932 et
3542 1890 3745 1932 cartcra

498 1967 788 2033 rxcidaris,
831 1965 984 2019 etilli
1033 1965 1076 2017 si
1110 1978 1215 2016 non
1271 1960 1672 2028 permanserint
1699 1960 1750 2012 in
1785 1957 2074 2012 increduli-

500 2071 606 2116 tate
638 2061 966 2113 inserantur.
1011 2056 1248 2124 Sanguis
1283 2059 1466 2106 autem
1513 2060 1642 2120 puto
1668 2049 1810 2120 quod
1844 2048 2074 2119 populus

500 2154 587 2207 ille
611 2159 984 2218 competenter
1012 2146 1368 2216 intelligatur.
1404 2142 1520 2197 Non
1551 2143 1695 2196 enim
1720 2158 1784 2196 ex
1820 2141 1945 2207 ﬁde,
1977 2159 2072 2196 ne-

457 2285 472 2294 .
499 2262 603 2314 quc
631 2260 696 2297 ex
745 2241 936 2312 spiritu
974 2239 1266 2303 Abraham,
1306 2239 1400 2292 sed
1451 2245 1659 2290 tantum
1691 2250 1754 2290 ex
1808 2234 2073 2304 sanguine

500 2339 617 2406 r-jns
646 2335 1004 2387 descendunt.

574 2454 658 2507 19..
696 2451 821 2507 Post
873 2452 986 2504 lucc
1009 2449 1053 2483 ⁶²
1086 2466 1100 2500 ;
1133 2465 1151 2498 t
1196 2445 1263 2500 Et
1313 2445 1526 2500 locutus
1581 2453 1664 2498 est
1720 2443 1978 2498 Dominus
2007 2444 2074 2497 ad

505 2547 724 2614 Moysen
773 2543 958 2598 dicens
991 2540 1175 2596 :Filiis
1225 2539 1389 2594 Israel
1433 2538 1654 2608 loquere
1693 2537 1882 2591 dicens
1917 2552 1930 2588 :
1971 2535 2072 2602 Qui

503 2635 1017 2693 offert-sacriﬁcium
1051 2633 1308 2689 salutaris
1338 2632 1418 2686 sui
1456 2630 1708 2694 Domino,
1747 2627 1938 2683 olTeret
1961 2643 2077 2680 mu-

496 2747 605 2785 nus
633 2745 788 2786 suum
809 2727 1056 2782 .Dorniuo
1080 2727 1133 2780 in
1159 2723 1427 2780 sacriﬁcio
1458 2722 1712 2778 salutaris
1735 2721 1840 2776 sui.
1885 2719 2074 2773 Manus

501 2824 620 2892 ej'ts
649 2819 882 2876 oﬂ‘erent
931 2818 1165 2874 hostiam
1199 2815 1461 2879 Domino,
1501 2814 1714 2883 adipem
1774 2811 1867 2883 qui
1915 2825 2078 2880 super

501 2913 878 2987 pectusculum
905 2925 1020 2976 est,
1054 2921 1109 2966 et
1131 2910 1350 2980 pinnam
1379 2907 1582 2977 jecoris
1616 2925 1629 2960 :
1662 2905 1852 2961 oﬁ‘eret
1885 2920 1944 2960 ea
1978 2905 2076 2969 ita,

503 3019 560 3062 ut
608 3016 840 3077 ponatur
891 3005 1086 3058 donum
1142 3011 1332 3056 contra
1379 2997 1685 3053 Dominum.
1739 2997 1802 3050 Et
1835 2997 2077 3066 imponet

502 3103 757 3160 sacerdos
785 3100 1017 3168 adipem,
1049 3096 1138 3166 qui
1165 3104 1250 3149 est
1278 3108 1438 3162 super
1469 3091 1863 3162 pectusculum,
1913 3103 2079 3159 super

503 3197 698 3260 altare,
726 3202 779 3246 et
812 3193 918 3246 erit
947 3187 1317 3259 peetusculum
1358 3186 1543 3238 Aaron
1586 3193 1642 3237 et
1691 3183 1820 3251 ﬁliis
1849 3181 1989 3252 ejus,
2021 3191 2074 3234 et
2101 3211 2145 3267 ε

501 3289 780 3347 brachium
817 3287 1068 3339 dextrum
1115 3283 1314 3336 dabitis
1354 3279 1755 3349 separationem
1798 3275 2072 3331 sacerdoti

501 3399 530 3435 a
573 3377 855 3433 sacriﬁciis
893 3374 1224 3429 salutaribus
1266 3371 1486 3425 vestris.
1533 3370 1636 3433 Qui
1661 3367 1823 3422 oﬂ'ert
1855 3368 2073 3438 saigni-

501 3488 628 3528 nem
663 3467 940 3530 salutaris,
991 3475 1044 3520 ct
1072 3465 1284 3533 adipem
1311 3476 1378 3517 ex
1431 3461 1558 3516 ﬁliis
1579 3460 1786 3526 Aaron,
1830 3461 1931 3528 ipsi
1966 3460 2077 3513 erit

500 3561 782 3618 brachium
817 3558 1066 3612 dextrum
1097 3555 1150 3608 in
1176 3563 1368 3624 parte;
1403 3552 1774 3622 pectus:_-ulum
1803 3551 1946 3606 enim
1974 3551 2075 3602 im-

498 3651 803 3725 positionis,
852 3659 905 3702 et
939 3647 1222 3702 brachium
1280 3645 1606 3713 deruptiouis
1651 3643 1835 3712 accepi
1867 3659 1896 3697 a
1951 3643 2076 3696 ﬁliis

500 3746 666 3803 Israel
718 3762 746 3799 a
792 3743 1074 3798 sacriﬁciis
1124 3740 1456 3795 salutaribus
1508 3742 1724 3802 vestris,
1778 3747 1831 3793 et
1862 3739 1979 3792 dedi
2011 3753 2072 3792 ca

501 3844 680 3894 Aaron
706 3835 998 3895 sacerdoti,
1029 3843 1083 3886 ct
1120 3831 1242 3886 ﬁliis
1275 3831 1410 3900 ejus,
1456 3830 1754 3900 legitimum
1811 3843 2074 3884 :eternnm

494 3947 532 3986 a
566 3931 688 3986 ﬁliis
717 3927 903 3982 lsracl.
939 3945 958 3978 ι
997 3924 1108 3980 lloc
1135 3933 1216 3979 est
1241 3923 1568 3978 sacriﬁcium
1597 3922 1742 3992 quod
1765 3921 1962 3975 dicitur
1990 3936 2075 3976 sa-

502 4024 696 4077 lutare.
729 4020 882 4087 Quod
923 4015 1250 4072 sacriﬁcium
1302 4027 1462 4067 nemo
1492 4010 1651 4066 oﬁert
1698 4011 1941 4076 Domino,
1974 4011 2074 4065 nisi

500 4117 593 4186 qui
628 4128 792 4170 sanus
818 4120 920 4175 est,
951 4119 1007 4164 et
1035 4107 1231 4162 salutis
1269 4121 1381 4161 suze
1424 4105 1698 4169 conscius,
1727 4105 1936 4175 gratias
1973 4103 2077 4159 Do-

501 4209 648 4263 mino
678 4204 864 4260 refert.
899 4203 1064 4257 Nemo
1091 4214 1220 4269 ergo
1251 4200 1340 4269 qui
1366 4214 1508 4268 a‘ger
1535 4207 1618 4252 est
1645 4197 1848 4263 animo,
1875 4206 1930 4252 et
1961 4195 2079 4250 lan-

500 4301 693 4373 guidus
736 4299 789 4352 in
836 4295 1114 4365 operibus,
1145 4292 1345 4348 oll‘erre
1379 4298 1561 4362 potest
1605 4288 1943 4346 sacriﬁcium
1983 4304 2076 4342 sa-

500 4395 694 4449 lutare.
725 4389 820 4444 Vis
853 4389 1036 4442 videre
1079 4387 1202 4456 quia
1235 4401 1391 4439 nemo
1413 4399 1555 4453 aeger
1586 4394 1640 4438 et
1670 4383 1957 4451 languidus
1979 4397 2079 4452 po-

505 4496 610 4541 test
642 4483 768 4536 illud
806 4480 1003 4534 oﬁ‘errc
1053 4475 1415 4532 sacriﬁcium?
1465 4475 1734 4542 Leprosus
1763 4473 1873 4537 ille,
1909 4487 2071 4540 quem

2177 1972 2261 2026 his
2293 1971 2512 2026 similia.
2547 1971 2703 2026 Unde
2755 1983 2809 2025 et
2853 1971 2903 2024 in
2943 1970 3052 2025 alio
3097 1970 3261 2042 214
3309 1971 3428 2025 loco
3470 1970 3746 2040 PrOphe-ta

2176 2061 2306 2114 dicit
2337 2062 2382 2094 “
2416 2081 2427 2114 :
2461 2080 2478 2112 ι
2510 2061 2578 2116 Ει
2607 2062 2984 2117 holocaustum
3033 2071 3182 2115 tuum
3218 2063 3415 2132 pingue
3452 2062 3564 2115 ﬁat.
3610 2081 3628 2113 ι
3659 2061 3746 2116 Of-

2179 2153 2282 2206 l'ert
2315 2151 2428 2223 (58)
2454 2167 2582 2222 ergo
2613 2151 2824 2220 adipes,
2858 2153 2951 2220 qui
2987 2166 3149 2220 super
3184 2150 3557 2221 pectusculum
3592 2163 3746 2214 stult,

2175 2255 2230 2298 et
2270 2246 2487 2312 pinnam
2532 2243 2758 2312 jecoris,
2806 2259 2925 2312 qua:
2975 2252 3417 2312 superponantur
3452 2243 3634 2297 altari.
3677 2245 3751 2298 De

2175 2338 2421 2407 adipibus
2449 2352 2590 2406 szepe
2612 2335 2724 2404 jam
2749 2336 3007 2391 diximus.
3049 2335 3199 2402 Quod
3231 2345 3408 2390 autem
3445 2335 3596 2398 dicit,
3627 2338 3752 2389 adi-

2177 2445 2270 2500 pes
2294 2430 2384 2499 qui
2430 2445 2594 2499 super
2638 2428 3008 2499 pectuSculum
3034 2437 3180 2489 sunt,
3205 2429 3572 2497 pectusculum
3598 2438 3746 2482 tuum

2179 2505 2418 2591 intellige
2456 2537 2574 2576 esse
2607 2538 2702 2576 cor
2733 2534 2904 2584 tuum,
2933 2521 2998 2575 de
3029 2535 3135 2589 quo
3170 2520 3262 2575 tibi
3288 2520 3594 2576 auferenda:
3624 2530 3753 2576 sunt

2177 2630 2368 2670 omnes
2401 2615 2552 2668 make
2584 2615 2979 2684 cogitationes;
3015 2613 3138 2667 inde
3167 2613 3310 2667 enim
3340 2614 3662 2682 procedunt,
3695 2622 3751 2667 et

2178 2708 2366 2762 altaris
2423 2707 2527 2776 igni
2579 2707 2856 2760 tradenda:
2907 2715 3054 2769 sunt,
3113 2713 3173 2760 ut
3227 2705 3398 2774 possit
3448 2720 3544 2758 cor
3597 2714 3747 2760 tuum

2179 2798 2440 2852 mundum
2469 2794 2716 2850 effectum
2752 2795 2920 2850 Deum
2954 2798 3157 2851 videre.
3207 2798 3314 2852 Sed
3341 2807 3394 2853 et
3423 2800 3641 2870 pinnam
3666 2798 3751 2868 je-

2179 2889 2323 2944 coris
2347 2889 2603 2959 prmcepit
2629 2886 2988 2942 oﬁ‘erendam.
3018 2887 3264 2946 Diximus
3293 2899 3346 2945 et
3377 2901 3522 2954 ante,
3546 2889 3752 2958 jecoris

2181 2981 2425 3050 pinnam,
2468 2981 2582 3035 lora
2616 2981 2915 3034 iracundia:
2946 2980 3081 3052 (59),
3115 2981 3196 3034 vel
3228 2982 3543 3050 cupiditatis
3579 2997 3752 3051 expo-

2182 3076 2272 3140 ni;
2306 3074 2463 3130 oﬂ‘ert
2487 3075 2630 3128 enim
2657 3075 2874 3143 pinnam
2904 3072 3122 3141 jccoris.
3155 3076 3247 3144 qui
3280 3090 3348 3128 ex
3378 3090 3436 3128 se
3470 3090 3633 3131 omne
3664 3077 3752 3128 vi-

2183 3169 2312 3223 tium
2343 3169 2436 3222 irte
2475 3177 2527 3222 et
2572 3167 2769 3222 furoris
2814 3166 3032 3220 excidit.
3079 3167 3280 3236 Adipes
3331 3181 3458 3235 ergo
3487 3168 3578 3238 qui
3624 3177 3755 3222 sunt

2184 3261 2948 3333 pectusculum,impommtur
2969 3258 3150 3323 altari,
3171 3259 3340 3327 ipsum
3370 3275 3499 3314 vero
3533 3272 3751 3330 pectus-

2183 3355 2384 3421 culum,
2431 3354 2608 3406 Aaron
2659 3361 2713 3407 et
2750 3352 2874 3407 ﬁliis
2911 3351 3049 3420 ejus.
3095 3352 3198 3404 Sed
3231 3363 3285 3406 et
3327 3352 3608 3406 brachium
3659 3354 3752 3407 de-

2185 3461 2364 3503 xtrum
2389 3447 2628 3516 separari
2657 3445 2933 3516 przecepit,
2956 3454 3005 3498 et
3028 3458 3146 3499 esse
3169 3445 3248 3499 eis
3271 3445 3511 3500 muneris
3541 3445 3661 3501 loco
3683 3462 3749 3500 ex

2185 3539 2456 3595 sacriﬁcio
2486 3537 2738 3591 salutari.
2778 3536 2909 3589 Vide
2939 3535 3136 3604 quibus
3171 3537 3487 3592 muneribus
3508 3537 3751 3592 honora-

2187 3639 2272 3682 tur
2292 3629 2568 3683 sacerdos.
2595 3625 2972 3680 Pectusculum
3003 3626 3224 3696 accipit,
3251 3636 3299 3682 el
3326 3627 3631 3693 brachium,
3653 3631 3750 3684 sed

2182 3724 2471 3779 brachium
2504 3723 2776 3776 dextrum.
2812 3720 3073 3775 Putantus
3108 3737 3214 3775 non
3255 3737 3376 3779 esse
3420 3723 3623 3792 aliquid
3668 3739 3754 3778 ra-

2186 3817 2366 3878 tionis,
2402 3814 2542 3885 quod
2573 3829 2638 3868 ex
2661 3813 2914 3868 omnibus
2945 3812 3204 3867 membris
3236 3815 3578 3881 animalium,
3633 3833 3755 3886 qua:

2177 3907 2492 3978 jngulantur
2526 3906 2576 3959 in
2617 3904 2918 3966 sacriﬁciis,
2965 3905 3080 3958 haec
3115 3904 3471 3973 potissimum
3507 3909 3752 3962 membra

2183 4004 2389 4057 delecta
2418 3999 2564 4054 sint?
2597 3997 2704 4067 Ego
2733 4006 2860 4067 puto
2882 3998 3025 4064 quod
3055 3995 3100 4050 si
3127 3999 3250 4066 quis
3277 3998 3410 4054 dicit
3441 4013 3500 4054 se
3523 4015 3645 4055 esse
3671 4017 3758 4056 sa-

2183 4097 2458 4151 cerdotem
2529 4093 2645 4156 Dei,
2702 4091 2806 4145 nisi
2864 4091 3058 4144 habeat
3111 4101 3304 4159 pectus
3370 4107 3437 4147 ex
3499 4093 3759 4150 omnibus

2185 4185 2441 4244 membris
2477 4184 2730 4244 electum,
2767 4198 2872 4237 non
2907 4190 2992 4236 est
3017 4184 3308 4250 sacerdos;
3344 4196 3396 4239 et
3429 4185 3532 4239 nisi
3556 4185 3758 4244 habeat

2185 4279 2468 4334 brachium
2497 4275 2773 4337 dextrum,
2801 4287 2906 4327 non
2935 4282 3112 4343 potest
3138 4274 3434 4329 ascendere
3467 4278 3535 4332 ad
3584 4279 3756 4336 altare

2185 4370 2419 4434 Domini,
2448 4383 2548 4423 nec
2577 4367 2831 4423 sacerdos
2857 4366 3151 4420 nominari.
3211 4366 3365 4433 Quod
3386 4383 3522 4436 ergo
3551 4380 3633 4425 est
3667 4388 3758 4426 sa-

2185 4463 2424 4520 cerdotis
2457 4471 2665 4529 pectus,
2719 4470 2812 4513 aut
2867 4459 3068 4528 quale?
3118 4459 3249 4513 Tale
3306 4476 3406 4530 ego
3435 4473 3563 4528 puto
3610 4476 3757 4530 esse,

501 4578 556 4630 iu
589 4570 878 4640 Evangelio
931 4567 1188 4621 Dominus
1241 4578 1464 4618 curasse
1509 4561 1836 4615 describitur
1868 4559 1934 4624 ⁸³,
1967 4574 2071 4612 non
2109 4563 2150 4617 D
2180 4555 2320 4625 quod
2348 4554 2563 4624 plenum
2592 4553 2661 4605 sit
2691 4549 2976 4620 sapientia,
3011 4549 3227 4615 plenum
3260 4549 3506 4613 scientia,
3534 4551 3753 4620 plenum

504 4670 714 4734 poterat
762 4656 957 4712 oﬁ‘erre
1006 4655 1280 4716 hostiam,
1333 4651 1505 4704 donec
1545 4650 1710 4719 lepra:
1753 4648 2076 4719 argritudine

504 4754 814 4810 tenebatur.
849 4750 982 4804 Cum
1017 4757 1194 4800 autem
1223 4743 1456 4798 accessit
1485 4745 1548 4796 ad
1583 4741 1795 4803 Jesum,
1842 4749 1892 4794 et
1923 4756 2078 4793 mun-

504 4847 661 4897 datus
695 4851 803 4906 est,
835 4837 1201 4906 tuncjubctur
1226 4836 1272 4890 ei
1299 4850 1329 4888 a
1365 4833 1592 4888 Domino
1615 4829 1814 4886 oﬂ'crre
1854 4845 2076 4885 munera

504 4934 570 4988 ad
600 4933 790 4994 altare,
821 4950 840 4978 ι
875 4929 1015 5000 quod
1051 4927 1332 4998 przeeepit,
1360 4925 1538 4995 inquit
1569 4923 1633 4989 “,
1670 4923 1880 4994 Moyses
1913 4924 1964 4979 in
1993 4934 2078 4978 te-

503 5025 820 5079 stimonium
848 5021 973 5076 illis.
1006 5041 1025 5075 »
1055 5019 1264 5074 Audisti
1300 5017 1424 5088 quis
1455 5017 1547 5080 sit,
1578 5016 1668 5086 qui
1693 5014 1888 5070 oﬁ'erre
1914 5015 2081 5070 debet

504 5117 737 5172 hostiam
775 5115 1051 5176 salutaris,
1110 5113 1232 5166 audi
1276 5125 1417 5165 lttlth
1449 5109 1725 5178 quomodo
1768 5107 2070 5162 debeatof—

504 5211 670 5263 ferre.
706 5223 724 5258 t
750 5204 973 5267 Manus,
1025 5203 1218 5271 inquit,
1267 5201 1384 5266 ejus
1427 5199 1660 5254 olIerent
1705 5201 1940 5254 hostiam
1972 5199 2079 5254 Do-

504 5302 727 5356 minon
761 5296 1015 5366 Nunquid
1063 5311 1169 5349 non
1215 5296 1497 5349 evidenter
1541 5295 1744 5348 clamat
1772 5292 2079 5360 legislator,

504 5395 628 5464 quia
670 5409 772 5448 non
809 5393 970 5448 homo
1019 5402 1102 5445 est
1128 5389 1220 5459 qui
1272 5387 1430 5443 oll'ert
1466 5386 1724 5449 hostiam,
1763 5386 1857 5439 sed
1887 5401 2081 5441 manus

575 5487 624 5522 ³⁹
649 5487 836 5541 Matth.
863 5502 1018 5547 vaI-t,
1046 5486 1099 5540 6.
1175 5485 1220 5516 ‘°
1253 5483 1408 5538 Rom.
1444 5497 1518 5550 xl,
1562 5483 1646 5537 l9.
1747 5481 1788 5512 “
1825 5479 1977 5546 ibid.,
2013 5481 2096 5536 18.

507 5559 551 5592 ⁸⁸
579 5558 700 5614 Gal.
737 5575 788 5620 v,
817 5559 906 5612 “22.
986 5557 1030 5587 “
1060 5556 1202 5610 l’sal.
1231 5569 1344 5617 xix,
1381 5554 1438 5606 4.

580 5646 692 5718 (56)
745 5646 868 5718 Ms.,
907 5667 924 5698 ι
964 5647 1296 5718 accepimus.
1337 5664 1355 5698 ι
1412 5644 1567 5698 Libb.
1617 5643 1769 5718 editi,
1814 5662 1830 5694 ι
1880 5646 2085 5713 accipi-

506 5734 649 5773 ωιιε.
676 5716 713 5769 ὀ
745 5717 885 5769 Infra
919 5718 1050 5772 libb.
1079 5716 1232 5779 editi,
1269 5735 1289 5768 ι
1331 5717 1382 5768 in
1429 5716 1740 5770 novissimis
1771 5727 2014 5784 sperant.
2057 5736 2075 5768 ι

510 5807 633 5848 ωτι,
673 5803 692 5839 t
732 5787 786 5840 in
819 5788 1125 5840 novissimis
1153 5797 1354 5856 Sperat.
1391 5804 1409 5839 ι

2185 4646 2334 4701 omni
2361 4644 2539 4698 divina
2573 4641 2955 4711 intelligentia;
2987 4651 3043 4696 et
3076 4640 3208 4709 quid
3255 4643 3374 4696 dico
3421 4641 3638 4710 plenum
3671 4644 3758 4699 in-

2188 4737 2522 4807 telligentia?
2559 4737 2664 4790 imo
2691 4734 2834 4805 quod
2865 4733 3083 4803 plenum
3115 4733 3187 4788 sit
3219 4735 3362 4797 Deo,
3397 4733 3558 4804 quale
3591 4746 3677 4791 est
3704 4747 3758 4793 et

2187 4830 2472 4886 brachium
2504 4826 2804 4882 sacerdotis
2829 4825 2974 4893 quod
2997 4825 3044 4878 ei
3072 4823 3307 4880 oﬁeruut
3343 4825 3437 4879 ﬁlii
3467 4826 3627 4881 Israel
3660 4845 3758 4898 pro

2186 4924 2360 4978 salute
2383 4937 2478 4976 sua
2511 4935 2616 4988 qua
2642 4919 2941 4973 salvantur.
2985 4916 3198 4973 Forma:
3255 4927 3383 4973 sunt
3410 4920 3622 4987 singula
3657 4921 3758 4975 ista

2187 5030 2308 5087 qna-
2336 5015 2652 5068 scribunlur
2688 5012 2740 5065 in
2776 5011 2910 5079 lege,
2934 5025 3124 5062 eorum
3155 5025 3274 5080 qua:
3305 5011 3358 5065 in
3389 5011 3630 5066 Ecclesia
3664 5028 3762 5082 ge-

2184 5110 2228 5163 ri
2269 5109 2519 5162 debeant.
2567 5104 2821 5175 Alioquin
2866 5117 2964 5158 nec
3010 5101 3203 5156 fuisset
3247 5105 3614 5158 necessarium
3656 5105 3761 5176 legi

2187 5204 2300 5257 lucc
2341 5201 2394 5254 in
2443 5199 2710 5262 Ecclesia,
2766 5196 2866 5250 nisi
2911 5211 2976 5251 ex
3007 5195 3090 5249 his
3135 5195 3425 5252 aediﬁcatio
3454 5197 3632 5266 aliqua
3663 5212 3760 5250 an.

2185 5293 2456 5349 dientibus
2506 5292 2860 5362 prmberetur.
2906 5289 2963 5343 Si
3015 5305 3144 5359 ergo
3191 5290 3450 5344 sacerdos
3507 5290 3767 5345 Ecclesia

2185 5403 2280 5458 per
2305 5385 2495 5450 verba,
2537 5391 2590 5436 et
2619 5373 2947 5444 doctrinam,
2995 5389 3048 5432 et
3081 5379 3303 5440 multam
3345 5378 3766 5434 sollicitudinem

2177 5482 2400 5537 “Lavit.
2429 5494 2522 5543 vn,
2559 5477 2628 5532 28
2651 5489 2705 5531 et
2732 5491 2889 5545 seqq.
2967 5475 3012 5506 ⁸³
3041 5473 3230 5528 Matth.
3258 5488 3372 5526 vm.
3451 5473 3496 5504 “
3527 5473 3681 5537 ibid.,
3710 5473 3769 5530 4.

2273 5640 2386 5710 (57)
2417 5639 2539 5702 Ms.,
2577 5657 2594 5689 t
2631 5648 2734 5710 sta.
2776 5657 2792 5687 ι
2823 5635 3212 5710 Lilib._et|il_i_,_t
3249 5643 3392 5710 stas:
3432 5653 3451 5687 ι

2263 5703 2380 5778 (58f
2405 5710 2524 5775 51s.,
2566 5728 2584 5760 ι
2615 5709 2792 5763 ollcrl.
2835 5727 2850 5757 ι
2884 5707 3036 5759 Libb.
3067 5705 3225 5768 editi,
3261 5723 3280 5778 ε
3314 5703 3529 5758 otl‘eret.
3565 5723 3585 5757 ι

2258 5775 2371 5842 (‘59)
2401 5784 2474 5836 .lls
2509 5822 2521 5844 ,
2561 5800 2578 5831 ι
2613 5795 2818 5842 paruum
2841 5818 2855 5835 .
2891 5781 3005 5832 loca
3041 5775 3354 5830 iracundiae.
3391 5793 3410 5827 ι
