4124 6410
372 405 402 457 ι
415 408 483 463 8.3

1547 401 1611 455 IN
1655 394 2027 454 LEV’ITICUM
2060 390 2341 448 Ηυιιιιιλ
2381 387 2464 441 VI.

3527 374 3632 429 44)ίῖ

377 538 556 587 suam,
603 530 658 577 et
696 519 934 577 laborem
982 522 1312 592 vigiliarum,
1353 533 1675 576 convertere
1710 520 1948 588 potuerit
1978 521 2024 575 Α
2053 522 2160 567 tem
2191 508 2493 564 communis
2530 515 2631 565 est,
2659 502 2880 556 dubium
2910 516 3014 553 non
3056 497 3304 592 estquod
3333 494 3625 592 multorum

379 624 748 684 peccatorem,
772 624 826 669 et
854 615 1049 671 docere
1079 630 1224 680 eum,
1274 624 1334 669 ut
1372 613 1652 669 meliorem
1691 616 1832 667 viam
1871 627 1955 665 se-

379 717 602 776 quatur,
645 713 705 760 ut
750 706 817 760 ad
867 707 1115 761 timorem
1157 708 1249 762 Dei
1292 708 1513 770 redeat,
1564 706 1774 774 cogitet
1804 721 1953 775 spem

381 799 647 865 futuram,
707 814 735 853 a
778 800 934 853 malis
972 801 1185 857 actibus
1220 802 1455 867 desinat,
1503 811 1558 857 et
1604 808 1957 855 convertatur

380 891 448 943 ad
478 890 684 958 bonos;
729 892 1204 962 si,.inquam,tale
1231 910 1364 961 opus
1387 894 1596 958 fecerit,
1626 910 1958 961 consequens

379 991 645 1047 est,eu1n,
686 982 777 1052 qui
822 983 995 1051 ipsius
1024 984 1208 1039 labore
1251 984 1363 1055 (60)
1400 986 1661 1050 salvatur,
1706 985 1813 1039 Deo
1837 1001 1958 1053 gra-

384 1074 489 1127 tias
531 1089 721 1142 agere,
780 1084 835 1127 et
871 1073 1069 1130 oﬂ‘erre
1120 1077 1353 1131 hostiam
1413 1078 1688 1141 salutaris,
1745 1093 1843 1143 pro
1894 1092 1959 1130 eo

382 1166 527 1232 quod
569 1166 799 1224 salutem
830 1179 1152 1223 consecutus
1220 1169 1309 1226 sit.
1356 1169 1411 1222 lu
1455 1186 1561 1239 qua
1616 1170 1794 1223 hostia
1834 1185 1959 1237 pars

386 1259 625 1317 efﬁcitur
677 1263 995 1325 sacerdotis,
1041 1265 1411 1330 pectusculum
1458 1275 1510 1318 et
1550 1263 1830 1318 brachium
1871 1265 1962 1317 de-

383 1364 633 1403 xzrum.:
693 1359 751 1403 ut
793 1352 861 1405 sit
903 1354 1158 1407 indicium
1190 1356 1329 1423 quod
1371 1363 1555 1425 pectus
1612 1355 1729 1424 ejus
1763 1364 1815 1409 et
1867 1369 1961 1408 cor

379 1442 533 1504 (λιιιιιι
558 1451 685 1495 aute
734 1443 874 1498 mala
934 1446 1228 1511 cogitabat,
1270 1446 1793 1501 sacerdotisrlabore
1830 1460 1956 1499 con-

380 1549 632 1597 vt-rsum,
678 1536 887 1603 recepit
925 1538 1285 1605 cogitationes
1314 1538 1584 1603 bonas,ct
1623 1539 1693 1591 ita
1737 1538 1962 1591 munda-

378 1632 503 1681 tum
533 1635 635 1689 est,
667 1634 725 1679 ut
753 1627 917 1680 etiam
940 1627 1119 1681 Deum
1172 1630 1341 1696 possit
1373 1630 1576 1682 videre.
1618 1628 1883 1681 Similiter
1909 1636 1963 1682 et

380 1718 442 1772 in
472 1717 694 1772 brachio
736 1717 825 1771 illo
870 1716 983 1787 (6.1)
1038 1719 1292 1773 indicium
1336 1729 1441 1785 est,
1478 1721 1619 1789 quod
1670 1719 1806 1772 mala
1849 1718 1962 1785 ejus

378 1822 553 1876 opera
592 1817 663 1860 et.
696 1807 943 1871 sinistra,
989 1823 1111 1876 qua:
1148 1818 1275 1863 sunt
1304 1809 1491 1879 utique
1532 1825 1719 1879 prava,
1762 1819 1817 1862 et
1858 1824 1961 1862 n0n

380 1900 552 1962 lmna,
600 1899 869 1955 convertit
915 1899 969 1953 in
1019 1900 1246 1964 dextra,
1321 1910 1381 1954 ut
1438 1911 1617 1956 essent
1667 1900 1961 1955 secundum

380 1991 595 2057 Deum;
638 2000 693 2045 et
735 1993 837 2046 hoc
868 2001 953 2047 est
982 1991 1237 2047 dextrum
1264 1993 1573 2057 brachium,
1620 1993 1673 2045 in
1704 2008 1810 2062 quo
1837 2009 1963 2060 pars

381 2097 511 2137 esse
554 2082 755 2136 dicitur
808 2083 1133 2138 sacerdotis.
1188 2083 1294 2139 Sed
1353 2094 1410 2138 et
1437 2100 1533 2139 vos
1585 2085 1961 2153 deprecamur,

380 2176 480 2243 qui
506 2176 617 2229 haec
648 2175 871 2237 auditis.
917 2176 1057 2230 detis
1111 2177 1449 2244 pectuscula,
1480 2176 1721 2231 offeratis
1748 2188 1965 2244 pectora

382 2277 569 2322 vestra
602 2267 982 2323 sacerdotibus
1026 2269 1145 2332 Dei,
1183 2277 1239 2322 ut
1285 2269 1539 2324 auferant
1582 2286 1649 2323 ex
1698 2270 1782 2323 his
1808 2283 1968 2323 omne

382 2358 532 2427 quod
570 2372 813 2410 crassum
862 2365 966 2419 est,
1030 2368 1087 2410 ut
1135 2359 1533 2413 sacerdotalem
1586 2376 1707 2413 eam
1764 2359 1968 2413 iaciant

386 2453 722 2519 pmtionem.
763 2448 891 2501 Date
922 2448 1081 2503 nobis
1111 2450 1276 2502 etiam
1309 2449 1680 2516 brachia,rsed
1718 2448 1909 2503 dextra
1935 2464 1965 2503 a

385 2540 546 2594 vobis
574 2540 849 2609 poscimus
883 2540 1103 2594 brachia
1142 2558 1157 2594 :
1210 2541 1492 2596 sinistrum
1528 2540 1661 2595 nihil
1695 2541 1965 2609 volumus,

388 2638 583 2691 dextra
616 2651 643 2690 a
672 2636 823 2690 vobis
866 2652 1029 2706 opera
1075 2637 1429 2706 requirimus.
1465 2637 1571 2692 Sed
1609 2646 1664 2692 et
1695 2638 1795 2692 hoc
1822 2636 1969 2707 quod

391 2727 544 2781 addit
586 2726 951 2797 pectusculum
997 2727 1101 2783 dici
1178 2728 1535 2797 appositionis
1577 2738 1630 2783 et
1675 2729 1966 2805 brachium

395 2819 881 2886 demptionis,,non
910 2819 1043 2873 mihi
1066 2818 1185 2873 sine
1211 2834 1379 2874 causa
1413 2819 1613 2872 dictmn
1644 2819 1877 2874 videtur.
1903 2819 1973 2873 Et

394 2910 518 2964 ideo
566 2910 724 2964 velim
775 2910 1054 2979 requirere
1097 2910 1227 2978 quid
1274 2919 1356 2964 est
1409 2910 1551 2978 quod
1588 2912 1967 2978 apponendum

395 3012 478 3056 est
506 3003 571 3055 ad
601 3002 973 3072 pectuscnlum
1005 3000 1141 3071 (62),
1179 3010 1236 3054 ιιι
1266 3002 1358 3053 tiat
1391 3001 1767 3069 pectuscnlmn
1803 3017 1972 3072 appo-

393 3089 631 3142 sitionis.
706 3089 1065 3155 Posteaquam
1115 3088 1354 3141 ablatum
1407 3087 1572 3142 fuerit
1614 3092 1831 3145 acorde
1880 3103 1971 3145 tuo

2059 605 2235 668 sil,-ct
2283 602 2423 655 ideo
2455 597 2758 653 communis
2803 595 3033 647 dicatur.
3064 590 3287 646 Grande
3342 598 3425 641 est
3450 589 3501 641 in
3532 590 3629 641 hoc

2059 708 2311 750 sermone
2348 690 2686 760 mysterium,
2722 689 2865 756 quod
2897 685 3058 740 Israel
3088 684 3384 737 secundum
3415 694 3632 733 carnem

2059 788 2112 840 in
2145 803 2241 838 usu
2273 798 2491 839 sensmn
2548 782 2762 849 quidem
2798 780 2977 840 habet,
3006 778 3101 830 sed
3156 775 3486 829 intellectum
3528 787 3632 825 nou

2061 880 2242 934 habet.
2275 878 2631 930 Communem
2668 872 2943 925 dicuntset
2964 869 3076 922 .illi.
3097 868 3366 921 hominem
3399 866 3630 918 immun-

2060 972 2211 1033 dum,
2243 969 2335 1023 sed
2367 984 2466 1022 cur
2505 964 2815 1019 communis
2839 964 3079 1023 dicatur,
3118 960 3391 1029 ignorant.
3414 957 3635 1011 Discant

2060 1079 2192 1131 ergo
2224 1063 2291 1115 ab
2322 1060 2582 1122 Ecclesia,
2631 1058 2756 1127 quia
2798 1056 2890 1125 qui
2932 1065 3154 1109 sanctus
3194 1060 3297 1117 est,
3335 1050 3501 1103 solius
3542 1048 3635 1103 Dei

2060 1166 2164 1216 εει,
2195 1162 2249 1206 ct
2277 1167 2398 1203 cum
2427 1149 2573 1203 nullo
2604 1149 2651 1201 ei
2682 1147 2994 1202 connnunio
3024 1153 3127 1197 est.
3158 1143 3259 1209 Qui
3297 1150 3476 1194 autem
3510 1156 3638 1209 pec.-

2061 1254 2215 1299 cator
2241 1252 2324 1297 est
2357 1253 2412 1297 et
2436 1241 2773 1303 immundus,
2816 1237 3105 1291 multorum
3164 1246 3266 1290 est.
3312 1234 3458 1287 Multi
3490 1233 3636 1286 enim

2063 1335 2333 1389 daemones
2357 1334 2639 1403 possident
2673 1347 2816 1392 eum.
2859 1339 2913 1384 et
2942 1331 3061 1383 ideo
3110 1327 3420 1383 communis
3447 1326 3637 1396 appel-

2064 1425 2227 1483 latur.
2268 1423 2508 1494 Denique
2542 1435 2594 1476 et
2627 1424 2713 1476 ille
2762 1423 2852 1492 qui
2897 1423 2947 1474 in
2998 1420 3299 1489 Evangeliis
3340 1434 3368 1471 a
3414 1418 3677 1472 Domino-

2065 1530 2288 1571 curatus
2320 1526 2424 1579 est,
2472 1533 2594 1570 cum
2647 1518 3007 1582 interrogatus
3054 1523 3215 1578 esset,
3279 1531 3298 1563 ί
3335 1510 3486 1577 Quod
3546 1511 3640 1563 tibi

2064 1624 2260 1663 nomen
2298 1610 2418 1664 est?
2465 1608 2605 1662 dixit
2639 1624 2652 1659 :
2691 1607 2876 1676 Legio,
2903 1606 3056 1660 multi
3096 1604 3240 1658 enim
3268 1618 3453 1657 sumus
3478 1602 3578 1658 “.-
3616 1619 3658 1653 ιι
3748 1590 3758 1602 ’

2067 1700 2193 1755 llaec
2223 1702 2349 1754 licet
2375 1702 2426 1754 in
2458 1715 2685 1754 excessu
2716 1700 2974 1768 quodam,
2997 1696 3309 1752 necessario
3338 1703 3518 1748 tamen
3551 1695 3646 1745 ad.-

2068 1791 2179 1845 dita
2232 1792 2501 1853 videntur,
2532 1799 2591 1843 ut
2628 1789 2945 1859 mysterium
2992 1786 3288 1857 pectusculi
3347 1784 3643 1852 appositior

2067 1883 2169 1946 nis,
2221 1892 2277 1936 et
2316 1882 2521 1936 brachii
2571 1878 2953 1949 separationis,
3011 1892 3181 1946 quare
3230 1874 3493 1942 scriptum
3567 1871 3642 1924 sit

2066 1975 2475 2039 dissereremus,
2513 1986 2632 2042 qua:
2669 1981 2751 2026 est
2792 1979 2991 2025 aeterna
3036 1965 3208 2039 portio
3265 1963 3644 2020 sacerdotibus

2066 2067 2227 2138 215
2264 2068 2409 2132 data,
2453 2066 2507 2120 in
2556 2080 2659 2134 qua
2692 2065 2884 2135 dignos
2926 2076 3025 2116 nos
3062 2060 3241 2114 facere
3273 2057 3545 2127 dignetur,
3586 2064 3645 2105 ut

2067 2175 2165 2228 per
2210 2158 2389 2212 cordis
2420 2159 2737 2225 puritatem,
2778 2164 2832 2207 et
2877 2167 3101 2221 operum
3143 2148 3469 2219 probitatem
3507 2144 3643 2217 (et),

2068 2250 2121 2305 in
2147 2252 2329 2304 divino
2382 2248 2650 2303 sacriﬁcio
2682 2246 2881 2300 habere
2912 2241 3256 2311 participium
3312 2254 3643 2302 mereamur,

2068 2357 2164 2411 per
2205 2350 2467 2395 arternum
2523 2338 2832 2407 pontiﬁcem
2877 2331 3162 2388 Dominum
3211 2343 3267 2387 et
3307 2330 3649 2385 Salvatoreue

2070 2444 2313 2489 nostrum
2338 2431 2519 2487 Jesum
2540 2430 2847 2492 .Cltristum,
2897 2442 2993 2496 per
3027 2440 3193 2496 quem
3238 2434 3324 2478 est
3358 2423 3465 2477 Deo
3495 2420 3643 2475 Patri

2069 2541 2189 2579 cmu
2226 2525 2433 2593 Spiritu
2468 2532 2659 2579 sancto
2691 2520 2894 2592 gloria.
2919 2526 2975 2573 et
3028 2517 3323 2590 imperium
3349 2518 3401 2571 iu
3446 2514 3646 2570 saecula

2070 2618 2415 2673 seculorum.
2438 2618 2634 2672 Amen.

2587 2705 2865 2764 IlOMlLlA
2915 2704 2974 2759 vr
3006 2704 3140 2776 (65).
3167 2751 3175 2757 .

2218 2803 2293 2857 De
2325 2801 2643 2857 indumentis
2675 2796 2942 2866 pontiﬁcis
2977 2806 3026 2849 et
3061 2797 3393 2850 sacerdotum
3428 2796 3494 2845 7".

2144 2895 2193 2948 l.
2229 2895 2489 2957 Causam,
2524 2906 2626 2960 qua
2657 2889 2874 2958 quidem
2912 2887 3029 2941 hare
3057 2902 3181 2957 qua:
3218 2887 3374 2940 nobis
3417 2884 3654 2938 recitan-

2075 2994 2180 3049 tur,
2233 2996 2327 3037 aut
2377 2982 2601 3050 intelligi
2655 2979 2863 3049 possint
2900 2977 3036 3049 (66),
3088 2987 3180 3030 aut
3217 2992 3323 3029 non
3379 2974 3590 3043 intelligi
3635 3014 3650 3035 ,

2073 3076 2311 3130 breviter
2341 3074 2577 3129 ostendit
2612 3068 2900 3138 Apostolus
2928 3071 2972 3104 ⁷¹
2997 3110 3012 3135 ,
3043 3070 3228 3122 dicens
3261 3068 3328 3120 ab
3362 3064 3479 3131 ejus
3518 3080 3651 3117 ocu-

393 3195 558 3233 omne
583 3177 725 3247 quod
756 3193 1002 3231 crassum
1053 3186 1158 3242 est,
1187 3188 1241 3230 et
1283 3178 1636 3233 emundatqu
1682 3181 1849 3235 fuerit
1903 3182 1965 3237 ab

2075 3165 2140 3219 iis
2187 3180 2345 3234 posse
2384 3164 2595 3219 Veteris
2640 3161 2974 3218 Testamenti
3016 3160 3261 3213 velamen
3298 3154 3526 3216 auferri,
3555 3155 3648 3223 qui

393 3269 540 3323 omni
572 3268 933 3335 aperimento,
965 3268 1047 3322 vel
1074 3268 1488 3337 inquinamento
1514 3271 1651 3339 (65),
1690 3275 1832 3340 quod
1861 3275 1969 3344 igni

398 3358 720 3409 tradendmn
747 3366 848 3419 est,
887 3368 1054 3412 restat
1097 3369 1153 3411 ut
1183 3369 1487 3428 apponatur
1521 3361 1568 3414 ei
1599 3364 1768 3432 gratia
1799 3365 1973 3433 Spiri-

398 3457 485 3502 tus
536 3449 736 3515 sancti,
784 3458 838 3504 et
883 3460 1009 3505 tunc
1041 3452 1133 3506 ﬁet
1178 3452 1551 3520 pectusculum
1593 3456 1969 3524 appositionis,

395 3541 488 3594 sed
530 3551 585 3594 et
636 3542 915 3595 brachium
963 3544 1368 3612 separationis,
1436 3546 1550 3600 sive
1604 3548 1963 3617 demptiunis.

393 3634 674 3701 Quomodo
705 3635 810 3688 erit
853 3644 907 3688 et
952 3636 1237 3691 brachium
1264 3638 1663 3706 separationis?
1712 3639 1767 3694 Si
1800 3644 1968 3709 scias,

394 3741 448 3779 et
475 3725 744 3795 intelligas
766 3727 1079 3782 discernere
1106 3743 1227 3797 qua:
1249 3729 1360 3782 sint
1386 3744 1553 3797 opera
1578 3731 1736 3796 lucis,
1769 3742 1818 3787 et
1850 3749 1972 3801 quae

396 3821 507 3872 sint
545 3832 708 3885 opera
754 3822 1127 3885 tenebrarum,
1179 3828 1233 3875 et
1273 3835 1497 3891 separes
1553 3832 1715 3876 actus
1752 3833 1873 3878 tuos
1904 3826 1972 3881 de

396 3906 649 3967 tenebris.
698 3916 757 3961 ut
801 3908 912 3961 sint
950 3922 1116 3977 opera
1168 3918 1256 3963 tua
1306 3910 1360 3964 in
1404 3910 1631 3977 lumine,
1684 3913 1969 3971 brachium

394 4007 547 4049 tuum
578 3996 814 4051 eﬂicitnr
848 3999 1131 4053 brachium
1161 4001 1556 4069 separationis;
1594 4003 1677 4057 vel
1729 4019 1853 4060 cum
1883 4021 1971 4061 se-

388 4090 675 4157 paraveris
719 4099 770 4144 te
800 4090 868 4145 ab
909 4092 1056 4145 omni
1108 4091 1274 4146 fratre
1314 4093 1555 4162 inquiete
1613 4096 1968 4164 ambulante;

388 4179 475 4234 vel
513 4191 660 4235 certe
685 4197 805 4235 cum
836 4183 1135 4237 secundum
1167 4186 1488 4254 pr0phetam
1534 4186 1577 4217 "
1609 4197 1865 4254 scparant
1888 4204 1967 4255 se,

391 4281 443 4322 et
470 4283 672 4327 exeunt
702 4274 767 4327 de
801 4274 984 4328 medio
1034 4285 1409 4343 peccatorum,
1459 4278 1549 4345 qui
1589 4285 1809 4346 portant
1843 4294 1969 4334 vasa

393 4364 631 4418 Domini.
670 4366 915 4436 Denique
957 4367 1248 4421 vernacula
1291 4368 1522 4436 quadam
1576 4372 1969 4426 consuetudine

394 4459 710 4526 Scripturaz,
739 4473 1025 4513 commune
1054 4474 1175 4514 esse
1204 4460 1404 4513 dicitur
1439 4461 1579 4528 quod
1623 4460 1966 4516 immundmn

2076 3271 2371 3310 conversus
2420 3257 2486 3310 ad
2547 3256 2713 3310 Deum
2752 3254 2949 3318 fuerit;
3014 3267 3081 3305 ex
3132 3264 3240 3317 quo
3274 3246 3400 3301 sciri
3436 3247 3648 3307 voluit,

2073 3348 2216 3419 quod
2252 3357 2451 3417 quanto
2516 3348 2693 3402 minus
2756 3347 2870 3400 lure
2912 3343 3065 3398 nobis
3118 3342 3276 3411 plana
3313 3346 3466 3401 sunt.
3500 3347 3650 3389 ιίιιιιυ

2075 3443 2254 3494 minor
2284 3451 2365 3494 est
2401 3439 2466 3493 ad
2503 3439 2882 3493 Deumnoslra
2918 3434 3222 3490 conversio.
3257 3432 3319 3484 Et
3350 3431 3477 3484 ideo
3500 3432 3648 3482 omni

2075 3531 2275 3583 virtute
2309 3530 2591 3584 nitendum
2630 3540 2731 3593 cst,
2768 3539 2823 3582 ut
2869 3529 2934 3582 ab
2960 3526 3412 3596 occupatimtibus
3442 3525 3663 3584 sarculi,

2073 3633 2125 3675 et
2151 3637 2182 3675 a
2214 3622 2502 3676 mundanis
2535 3620 2746 3676 actibus
2779 3621 2954 3685 liberi,
2979 3630 3033 3673 et
3065 3620 3209 3687 ipsas
3231 3619 3423 3682 etiam,
3453 3617 3496 3671 si
3528 3616 3663 3670 ﬁeri

2073 3723 2294 3784 potest,
2331 3713 2637 3784 superﬂuas
2672 3713 2938 3767 sodalium
2973 3711 3183 3765 fabulas
3238 3710 3602 3777 relinquentes
3632 3751 3681 3772 ,..

2074 3807 2240 3859 verbo
2273 3806 2360 3859 Dei
2397 3820 2622 3874 operam
2654 3804 2875 3867 demus,
2912 3815 2966 3858 et
3008 3803 3061 3857 in
3104 3802 3219 3872 lege
3261 3802 3376 3868 ejus
3421 3799 3652 3854 medite-

2073 3913 2195 3953 mur
2218 3897 2304 3951 die
2327 3912 2391 3951 ac
2421 3907 2604 3961 nocte,
2633 3906 2693 3951 ut
2717 3907 2831 3952 toto
2852 3896 3020 3977 corde
3039 3894 3309 3958 conversi,
3353 3893 3657 3949 revelatam

2072 4000 2128 4045 et
2160 4000 2404 4057 apertam
2461 3988 2632 4059 Moysi
2693 3988 2888 4044 faciem
2940 3988 3212 4057 possimus
3272 3986 3534 4056 aspicere,
3595 3996 3652 4038 ct

2071 4083 2307 4136 maxime
2344 4081 2397 4134 in
2431 4080 2548 4143 his,
2579 4095 2701 4148 quae
2730 4095 2874 4135 nunc
2909 4079 3134 4133 recitata
3165 4088 3314 4143 sunt,
3349 4077 3433 4131 vel
3464 4077 3530 4131 de
3559 4092 3665 4130 sas

2074 4172 2438 4228 cerdotalibus
2477 4172 2831 4238 indumentis,
2862 4170 2945 4225 vel
2969 4171 3035 4226 de
3068 4169 3479 4225 consecratione
3508 4184 3649 4234 pou-

2074 4264 2255 4329 tiiicis,
2294 4264 2347 4317 in
2384 4264 2585 4333 quibus
2612 4263 2740 4317 talia
2776 4262 3025 4333 quaedam
3073 4262 3350 4325 dicuntur,
3387 4269 3445 4314 ut
3481 4263 3664 4313 etiam.

2072 4352 2225 4407 illum
2279 4353 2455 4423 ipsum
2503 4351 2783 4408 carnalem
2817 4352 3005 4408 Israel,
3039 4353 3108 4408 ab
3149 4353 3409 4408 historica
3446 4350 3648 4404 intelli-

2072 4446 2251 4516 gentia
2294 4447 2512 4516 penitus
2538 4446 2863 4514 excludant;
2893 4454 2948 4501 et
2970 4445 3090 4500 ideo
3114 4446 3180 4500 ad
3205 4444 3318 4499 inec
3352 4444 3664 4514 explanam.

391 4558 496 4604 est.
527 4550 677 4604 Sicut
704 4563 758 4604 et
789 4550 855 4604 ad
884 4549 1101 4605 Petrum
1127 4566 1229 4605 vox
1262 4551 1330 4607 de
1358 4552 1736 4607 etelodicit“:
1766 4572 1784 4604 ‹
1813 4553 1965 4621 Quod

2073 4539 2137 4593 da
2166 4538 2299 4609 (67),
2332 4556 2437 4595 non
2479 4540 2700 4595 humani
2736 4539 2938 4608 ingenii
2974 4540 3185 4595 viribus
3228 4538 3511 4593 nitendum
3537 4547 3649 4604 est,

392 4642 535 4695 Deus
563 4643 861 4707 inundavit,
889 4650 941 4696 tu
972 4659 1262 4697 commune
1319 4659 1386 4698 ne
1434 4645 1660 4699 dixeris.
1706 4665 1724 4696 ι
1760 4645 1969 4700 Conse-

390 4744 623 4801 quenter
648 4749 775 4804 ergo
801 4735 844 4788 si
879 4734 931 4788 id
959 4734 1101 4803 quod
1139 4735 1475 4788 immundum
1525 4748 1965 4797 est,.couunune

391 4825 711 4895 appellatur,
746 4825 886 4894 quod
945 4838 1191 4879 sanctmn
1227 4835 1332 4892 est,
1386 4828 1755 4880 nominabitur
1808 4842 1966 4893 sepa-

390 4926 589 4971 ratmn.
641 4917 745 4972 Sed
777 4928 831 4972 et
867 4917 998 4972 illud
1056 4919 1327 4973 addimus.
1382 4919 1439 4972 Si
1470 4921 1595 4989 quis
1644 4920 1738 4972 Dei
1794 4922 1967 4975 solius

389 5022 582 5063 servus
610 5019 711 5073 est,
744 5010 1048 5065 communis
1088 5025 1195 5064 non
1241 5019 1418 5078 potest
1450 5010 1579 5065 dici.
1628 5009 1685 5064 Si
1710 5011 1831 5081 quis
1868 5025 1965 5062 au-

1059 5147 1104 5180 "
1129 5150 1251 5205 Aet.
1286 5166 1338 5211 ι.
1370 5150 1461 5205 15.
1535 5149 1579 5182 ⁸⁸
1608 5147 1776 5203 Mare.
1805 5162 1860 5209 ν,
1887 5144 1942 5201 9.

468 5259 580 5331 (60)
612 5260 764 5315 Libb.
793 5262 949 5326 editi,
988 5282 1006 5313 ι
1044 5264 1133 5332 qni
1170 5264 1222 5317 in
1256 5264 1421 5332 ipsius
1448 5262 1654 5318 labore.
1695 5284 1713 5315 ι

466 5331 577 5397 (61)
608 5332 729 5392 Ms.,
778 5349 796 5382 ι
839 5333 948 5385 illo.
984 5351 1002 5385 ο
1038 5331 1200 5388 Libb.
1226 5331 1357 5388 editi
1415 5353 1433 5386 ι
1469 5336 1617 5391 illud.
1658 5354 1675 5387 ι

466 5401 581 5467 (6‘2)
610 5401 728 5461 Ms..
762 5420 780 5452 ι
814 5405 1142 5467 pectusculo.
1183 5425 1200 5456 ι

466 5469 579 5542 (ϐξ)
609 5469 696 5542 Yet
726 5471 1322 5542 inquinamento.Deest
1351 5472 1402 5526 in
1436 5488 1538 5526 ms.

393 5540 578 5667 ωι(64)
607 5539 730 5606 Ms.,
764 5539 877 5594 (ut
904 5556 1000 5609 pro
1028 5540 1207 5594 cordis
1238 5544 1494 5611 puritate,
1522 5553 1571 5597 et
1595 5558 1817 5612 operum
1843 5564 1963 5617 pro.

480 5623 586 5665 am.
613 5629 630 5660 ι
1048 5642 1051 5645 -
1904 5661 1907 5665 4

458 5622 586 5665 iam.
613 5629 630 5660 ι
1048 5642 1051 5645 -
1904 5661 1907 5665 4

468 5678 675 5756 (65)__ln
710 5677 1086 5756 vetustissimo
1141 5679 1329 5756 codice
1364 5680 1845 5756 Sangcrmanensi,
1874 5689 1965 5756 qui

395 5748 543 5805 totus
576 5751 772 5803 litteris
804 5748 1106 5803 uucialibus
1149 5750 1387 5817 scriptus
1438 5748 1561 5817 est,
1621 5748 1967 5812 desiderat-ur

398 5822 514 5876 haec
562 5819 785 5876 humilia
822 5832 995 5887 sexta,
1037 5835 1135 5889 nec
1171 5836 1272 5874 non
1312 5821 1555 5887 septima.
1587 5822 1692 5880 Sed
1736 5836 1965 5899 utraque

463 5147 507 5180 ⁸⁷
536 5147 636 5201 lsa.
674 5162 782 5201 ιιιι
806 5157 860 5202 et
887 5162 981 5202 ιιι.

2073 4632 2168 4685 sed
2216 4631 2556 4687 orationibus
2586 4641 2639 4687 et
2668 4634 2920 4703 precibus
2950 4634 3018 4688 ad
3056 4635 3226 4688 Deum
3256 4629 3412 4687 fusis.
3450 4628 3508 4683 lu
3540 4644 3669 4700 quo.

2071 4723 2236 4776 etiam
2291 4724 2456 4779 vestri
2499 4722 2766 4791 adjutorio
2818 4723 3146 4795 indigemus,
3200 4731 3258 4776 ut
3304 4723 3444 4777 Deus
3484 4720 3650 4776 Pater

2072 4814 2237 4871 Verbi
2280 4814 2374 4869 det
2408 4816 2563 4870 nobis
2598 4818 2825 4871 verbum
2869 4816 2922 4869 in
2954 4816 3287 4885 apertionem
3312 4815 3424 4869 oris
3454 4813 3673 4879 nostri,_

2072 4921 2126 4966 ut
2158 4912 2429 4981 possimus
2460 4910 2811 4965 considerare
2853 4907 3126 4963 mirabilia
3160 4909 3226 4963 de
3262 4908 3378 4977 lege
3411 4905 3544 4975 ejus.

2143 5005 2198 5061 2.
2228 5005 2324 5059 Est
2360 5018 2488 5072 ergo
2537 5004 2753 5057 initium
2804 5018 2990 5057 eorum
3032 5017 3151 5072 qua:
3208 5003 3370 5057 hodie
3415 5002 3667 5057 recitata.

2690 5140 2732 5170 τ’
2767 5138 2805 5193 Il
2835 5139 2959 5194 Cor.
2997 5155 3084 5194 ιιι.

2073 5256 2265 5310 collata
2306 5264 2385 5310 est
2418 5270 2541 5308 cum
2573 5253 2745 5309 tribus
2773 5253 2894 5308 aliis
2930 5268 3062 5309 mss.
3098 5254 3375 5318 Beccensi,
3404 5252 3647 5310 Gemeti-i

2071 5328 2243 5386 censi,
2271 5336 2324 5379 et
2354 5325 2695 5379 Cademensi.

2145 5396 2257 5468 (66)
2289 5394 2442 5468 Mss,
2493 5413 2511 5446 ι
2536 5397 2762 5462 possint.
2789 5414 2806 5447 ι
2862 5394 3019 5468 Libb.
3078 5393 3246 5458 editi,
3282 5411 3310 5468 ε
3330 5402 3639 5468 possunt.)

2074 5459 2215 5521 Infra
2239 5459 2410 5519 'ii’detn
2466 5459 2616 5527 mss.,
2660 5486 2678 5516 ι
2707 5475 2854 5519 tanto
2884 5467 3063 5522 minor
3090 5474 3193 5517 cst.
3226 5480 3246 5514 ι
3282 5459 3436 5515 Libb.
3484 5462 3645 5532 editi,

2074 5554 2091 5588 ι
2122 5546 2271 5591 tanto
2305 5538 2483 5589 minus
2509 5544 2613 5591 est.
2641 5554 2659 5587 ι

2140 5605 2250 5677 (67)
2283 5601 2439 5677 Libb.
2468 5605 2620 5669 editi,
2661 5622 2680 5656 ι
2704 5603 2856 5658 nobis
2888 5603 2953 5677 ad
2986 5600 3470 5677 haec_esponentla,
3496 5620 3515 5655 ι
3546 5603 3642 5677 sed

2065 5672 2199 5735 mss.
2231 5672 2315 5729 ἰιι
2367 5676 2418 5728 in
2470 5684 2657 5728 nostro
2700 5683 2874 5726 textu.
2920 5672 3061 5726 Infra
3107 5673 3267 5725 iidem
3308 5686 3479 5739 mss,
3534 5690 3551 5723 ι
3587 5672 3669 5727 in.

2066 5747 2429 5837 apertionem.
2463 5762 2481 5797 ι
2518 5743 2674 5801 Libb.
2710 5743 2863 5808 editi,
2906 5759 2924 5794 ι
2949 5741 3001 5797 in
3029 5742 3455 5812 adapertioncm.
3490 5761 3506 5794 I

2053 5142 2097 5173 "°
2130 5140 2303 5196 Levit.
2329 5156 2399 5194 vn
2425 5150 2479 5195 et
2500 5155 2615 5194 vin.
