4124 6464
449 425 554 483 467

448 554 600 611 sunt,
630 546 682 598 in
717 544 802 599 his
830 543 1011 598 verbis
1038 544 1082 575 τ’
1120 562 1131 595 :

454 640 562 691 crio
594 638 825 691 ﬁliorum
850 635 966 703 ejus
994 640 1062 689 ab
1088 637 1287 690 hostiis
1316 636 1548 698 Domini,
1591 652 1695 706 qua
1736 638 1823 690 die
1857 637 2029 705 appli-

452 730 563 782 cuit
585 743 678 783 eos
702 726 1018 782 sacriﬁcare
1042 726 1288 789 Domino,
1314 727 1455 780 sicut
1479 727 1735 796 praecepit
1767 727 2031 782 Dominus

450 818 585 874 dare
618 819 745 884 illis,
778 834 884 890 qua
926 820 1015 873 die
1050 819 1211 873 unxit
1246 819 1368 873 illos
1400 835 1427 871 a
1462 819 1587 873 ﬁliis
1619 818 1805 882 Israel,
1859 819 2031 890 legiti-

451 927 597 964 mum
649 924 910 967 aeternum
948 913 999 965 in
1050 912 1335 980 progenies
1388 928 1596 967 eorum.
1648 912 1769 967 llaec
1808 913 1891 967 lex
1948 923 2031 967 est

450 1003 925 1068 holocauslormn,
969 1017 1023 1059 et
1056 1019 1153 1073 pro
1187 1014 1432 1073 peccato,
1481 1015 1536 1059 et
1591 1021 1688 1075 pro
1726 1006 1944 1069 delicto,
1977 1016 2032 1060 et

448 1098 967 1158 consummationis,
996 1106 1049 1150 ct
1080 1095 1339 1150 sacriﬁcii
1393 1097 1671 1161 salutaris,
1712 1098 1847 1152 sicut
1882 1114 2031 1151 inan-

448 1186 598 1241 davit
635 1188 893 1243 Dominus
930 1190 1098 1259 Moysi
1147 1192 1197 1243 in
1240 1199 1420 1245 monte
1453 1191 1608 1255 Sina,
1638 1207 1745 1261 qua
1778 1191 1866 1244 die
1894 1206 2031 1260 prte-

447 1280 591 1348 cepit
624 1281 751 1337 ﬁliis
784 1282 950 1337 Israel
980 1283 1179 1338 offerre
1211 1297 1435 1336 munera
1466 1299 1561 1337 sua
1594 1300 1777 1339 coram
1802 1284 2031 1338 Domino

449 1370 501 1422 in
533 1371 751 1427 deserto
789 1373 940 1433 Sina.
976 1394 994 1426 ›
1030 1373 1164 1429 Cum
1199 1375 1541 1442 proposuerit
1588 1374 1770 1427 dicere
1818 1374 2030 1443 legisla-

449 1472 555 1525 tor,
593 1462 709 1518 hzee
745 1466 932 1520 unctio
968 1466 1201 1519 ﬁliorum
1240 1464 1379 1533 ejus,
1416 1482 1522 1519 non
1577 1466 1859 1535 sebjunxit
1910 1484 2030 1538 qua:

444 1567 593 1612 esset
624 1559 827 1622 unctio,
872 1573 973 1613 nec
1009 1558 1244 1629 qualiter
1303 1559 1549 1612 unxisset
1590 1560 1878 1628 exposuit,
1933 1560 2027 1614 sed

448 1650 551 1704 hoc
586 1652 803 1720 quidem
838 1652 889 1706 in
922 1651 1289 1729 sequentibus
1331 1649 1482 1715 facit,
1536 1666 1679 1705 nunc
1721 1666 1850 1705 vero
1881 1661 2028 1721 post-

444 1758 676 1813 eaquam
717 1745 859 1798 dixit
892 1762 905 1799 :
942 1744 1059 1799 hmc
1093 1744 1279 1798 unctio
1312 1745 1491 1798 Aaron
1523 1753 1577 1796 et
1619 1744 1850 1797 ﬁliorum
1887 1746 2025 1814 ejus,

442 1835 580 1890 nihil
613 1836 681 1890 de
712 1835 970 1895 unctione
1019 1835 1323 1905 subjunxit.
1381 1837 1637 1894 Profecto
1675 1847 1733 1891 ut
1767 1838 2025 1893 ostende-

1906 418 2226 474 ORIGEMS

1179 561 1196 592 ι
1239 542 1363 597 llaec
1397 543 1582 597 unctio
1625 544 1824 609 Aaron,
1854 555 1905 599 et
1932 561 2033 598 un-
2067 548 2107 604 Α
2143 545 2244 597 nisi
2285 555 2410 598 ante
2442 542 2582 596 lotus
2618 541 2803 596 fueris.
2836 558 2852 590 ι
2891 540 3172 593 Lavamini
3205 553 3337 609 ergo
3362 580 3377 605 ,
3428 546 3482 593 et
3532 542 3714 594 mund'

3617 425 3715 480 £68

2139 646 2346 701 estote,
2384 644 2436 689 et
2489 635 2700 689 auferte
2735 633 3007 702 nequitias
3039 633 3106 686 ab
3134 632 3331 686 animis
3362 632 3559 687 vestris
3583 631 3650 688 ⁷⁵.
3692 653 3710 686 ι

2138 728 2250 781 Nisi
2288 730 2433 782 enim
2469 728 2573 781 hoc
2606 728 2767 781 modo
2796 727 2939 781 lotus
2987 726 3180 791 fueris,
3224 742 3329 779 non
3376 728 3582 795 poteris
3630 728 3716 781 in-

2136 827 2302 881 dnere
2330 826 2621 880 Dominum
2654 822 2836 878 Jesnm
2877 823 3177 885 Christum,
3231 823 3527 877 sccundmn
3569 824 3717 891 quod

2134 916 2268 970 dicit
2300 916 2595 986 Apostolus
2624 917 2669 947 ⁷³
2701 933 2715 969 :
2748 934 2767 966 ι
2804 914 3015 967 lnduite
3049 912 3335 967 Dominum
3358 911 3540 966 .lesum
3568 913 3719 969 Chri-

2135 1017 2302 1072 stum,
2333 1016 2386 1060 et
2416 1007 2598 1061 carnis
2630 1021 2816 1061 curam
2854 1019 2919 1058 ne
2950 1003 3191 1059 feceritis
3236 1004 3287 1057 in
3326 1004 3718 1073 concupiscen-

2136 1100 2246 1154 tiis.
2281 1117 2300 1150 ι
2334 1098 2497 1153 Lavet
2534 1108 2590 1154 te
2619 1099 2784 1164 igitur
2810 1099 3051 1169 Moyses,
3080 1098 3195 1166 ipse
3233 1107 3284 1150 te
3320 1096 3488 1164 lavet,
3514 1108 3569 1151 et
3597 1099 3717 1166 ipse

2138 1198 2191 1243 te
2224 1188 2439 1243 induat.
2471 1188 2754 1255 Quomodo
2790 1198 2841 1243 te
2890 1188 3071 1241 lavare
3101 1196 3281 1257 potest
3327 1186 3561 1257 Muyses,
3610 1188 3718 1241 fre-

2134 1292 2369 1351 quenter
2401 1281 2625 1335 audisti.
2664 1281 2818 1350 Sarpe
2850 1281 2993 1335 enim
3047 1280 3279 1334 diximus
3321 1281 3463 1348 quod
3501 1280 3716 1351 Moyses

2134 1373 2187 1427 in
2224 1374 2525 1443 Scriptnris
2558 1376 2672 1429 suis
2704 1390 2801 1445 pro
2850 1374 2968 1444 lege
3001 1381 3257 1443 ponatur,
3282 1373 3422 1429 sicut
3457 1374 3507 1427 in
3539 1374 3717 1428 Evan-

2133 1466 2277 1537 gelio
2306 1468 2510 1520 dictum
2535 1469 2677 1521 est"
2717 1486 2729 1522 :
2765 1487 2784 1519 ι
2822 1467 3034 1521 [labent
3066 1467 3284 1538 Moysen
3314 1475 3367 1521 et
3398 1468 3712 1537 prophetas,

2134 1560 2354 1613 audiant
2388 1560 2527 1614 illos.
2565 1579 2583 1612 ι
2618 1560 2727 1614 Lex
2759 1576 2889 1630 ergo
2922 1559 3014 1613 Dei
3046 1570 3128 1614 est
3157 1575 3277 1629 quae
3307 1570 3357 1613 te
3392 1559 3563 1625 lavat,
3599 1562 3714 1630 ipsa

2132 1652 2320 1707 sordes
2356 1662 2475 1707 tuas
2511 1654 2675 1724 216
2704 1652 2858 1707 diluit
2886 1692 2901 1717 ,
2947 1653 3084 1719 ipsa,
3118 1654 3162 1707 si
3197 1653 3386 1706 audias
3411 1667 3555 1719 eam,
3587 1668 3714 1721 pec-

2133 1753 2383 1799 catorum
2420 1757 2632 1800 tuorum
2667 1745 2910 1799 maculas
2942 1746 3209 1815 abstergit
3251 1763 3263 1799 :
3299 1745 3415 1812 ipse
3446 1755 3528 1800 est
3566 1745 3715 1809 Mov-

2133 1851 2260 1899 ses,
2314 1838 2417 1892 hoc
2464 1848 2545 1893 est
2593 1839 2677 1893 lex
2725 1856 2843 1909 qua:
2896 1840 3206 1895 sacerdotes
3240 1850 3550 1905 consecrat,
3613 1856 3714 1896 nec

445 1937 563 1993 ret,
607 1928 733 1998 quia
788 1928 903 1983 haec
935 1943 1056 1998 quae
1085 1944 1249 1999 supra
1279 1929 1513 1996 dixerat,
1550 1931 1601 1985 id
1626 1941 1708 1985 est
1742 1940 2029 2003 pectuscu-
2062 1904 2103 1959 Β
2136 1930 2313 1998 potest
2344 1931 2599 1986 sacerdos
2631 1948 2771 1999 esse,
2805 1948 2963 2002 quem
2998 1949 3100 1987 non
3129 1933 3210 1986 lex
3241 1934 3589 1987 constituerit
3620 1950 3714 1987 sa—

442 2021 553 2076 lum
616 2022 1022 2091 impositionis,
1070 2031 1125 2077 et
1152 2022 1438 2077 brachium
1494 2025 1877 2095 separationis,
1913 2024 2028 2093 ipsa

441 2124 629 2169 essent
660 2113 773 2186 (68)
807 2112 992 2168 unctio
1023 2112 1205 2168 Aaron
1242 2122 1295 2168 et
1333 2113 1567 2167 ﬁliorum
1599 2114 1739 2185 ejus,
1772 2129 1839 2169 ne
1871 2124 2028 2184 puta-

441 2221 628 2261 remus
667 2207 756 2261 illa
784 2222 883 2276 pro
914 2206 1178 2262 carnibus
1202 2206 1366 2274 dicta,
1403 2208 1497 2262 sed
1530 2217 1587 2261 ut
1619 2209 1840 2263 doceret
1862 2210 2025 2263 etiam

442 2298 557 2365 ipsa
592 2298 694 2353 sub
724 2310 1070 2354 sacramento
1117 2298 1394 2355 unctionis
1424 2300 1658 2357 inserta.
1696 2301 1940 2371 Denique
1970 2303 2024 2356 in

441 2389 909 2457 consequentibus
944 2391 1145 2459 repetit
1173 2406 1262 2455 ea,
1306 2406 1428 2460 qua:
1472 2392 1724 2461 superius
1756 2408 2026 2462 exposue-

442 2488 551 2546 rat,
578 2492 635 2536 et
667 2480 800 2536 dicit
837 2498 851 2535 :
887 2480 1015 2537 [hcc
1051 2481 1136 2537 lex
1165 2483 1633 2551 holocaustorum,
1662 2494 1714 2539 et
1740 2486 2022 2547 sacriﬁcii.

440 2582 497 2627 et
528 2588 628 2644 pro
679 2584 934 2645 peccato.
968 2575 1097 2633 Haec
1121 2620 1135 2644 ,
1182 2579 1233 2634 id
1284 2587 1369 2634 est
1428 2593 1548 2648 qua:
1582 2594 1747 2648 supra
1783 2582 2025 2649 exposita

438 2677 542 2732 est,
573 2676 628 2723 et
653 2668 868 2722 videtur
899 2682 1020 2723 esse
1049 2671 1526 2743 ἀνακεφαλαίωσις
1549 2713 1563 2737 ,
1598 2672 1649 2726 id
1684 2681 1766 2726 est
1820 2675 2026 2743 recapi-

440 2758 637 2814 tulatio
686 2772 1182 2829 sacramentorum,
1211 2778 1331 2832 qua:
1373 2764 1425 2817 in
1456 2764 1831 2832 superioribus
1866 2764 2027 2819 latius

439 2851 656 2907 fuerant
686 2863 964 2909 enarrata.
1009 2854 1141 2910 Post
1194 2856 1312 2910 haec
1359 2870 1489 2910 vero
1538 2857 1819 2927 subjungit
1857 2880 1867 2913 :
1904 2875 1922 2908 ι
1963 2858 2025 2911 Ει

438 2942 653 3000 locutus
682 2954 765 3000 est
799 2946 1079 3011 Dominus,
1116 2948 1290 3017 inquit
1316 2948 1380 3012 ⁷³,
1403 2949 1470 3001 ad
1502 2948 1751 3020 Moysen,
1790 2950 2022 3005 dicens:

439 3033 610 3088 Sume
643 3035 825 3090 Aaron
854 3078 868 3103 ,
918 3046 968 3091 et
1020 3036 1161 3092 ﬁlios
1193 3038 1331 3107 ejus,
1363 3040 1609 3095 ctstolas
1641 3048 1694 3095 et
1722 3040 1899 3096 oleum
1929 3058 2028 3095 un-

438 3128 658 3193 ctionis,
699 3139 755 3185 et
795 3131 1023 3186 vitulum
1064 3133 1156 3203 qui
1209 3141 1292 3187 est
1336 3148 1434 3203 pro
1488 3143 1735 3204 peccato,
1791 3143 1847 3188 et
1888 3136 2024 3189 duos

2132 2024 2424 2078 cerdotern.
2465 2024 2610 2079 Multi
2646 2026 2788 2080 enim
2838 2035 2967 2080 Sttlll
3044 2027 3382 2091 sacerdotes,
3432 2026 3525 2081 sed
3575 2043 3713 2096 quos

2132 2128 2239 2167 non
2288 2114 2422 2169 lavit
2460 2117 2543 2171 lex
2571 2158 2587 2181 ,
2638 2132 2813 2187 neque
2843 2133 3009 2187 puros
3056 2118 3291 2171 reddidit
3332 2119 3556 2172 verbum
3597 2118 3711 2185 Dei,

2132 2222 2305 2274 neque
2335 2210 2509 2263 abluit
2540 2226 2567 2264 a
2601 2221 2949 2281 peccatorum
2984 2211 3239 2265 sordibus
3266 2227 3447 2265 sermo
3478 2210 3713 2268 divinus.

2132 2301 2237 2355 Sed
2262 2312 2316 2356 et
2350 2318 2467 2366 vos,
2498 2304 2590 2373 qui
2625 2319 2844 2357 sacrmn
2894 2304 3161 2373 baptisma
3206 2303 3529 2358 desideratis
3568 2306 3715 2358 acci—

2130 2410 2278 2463 pere,
2303 2406 2355 2449 et
2391 2399 2627 2466 gratiam
2661 2397 2890 2466 spiritus
2920 2396 3220 2464 promereri
3250 2438 3263 2462 ,
3315 2396 3464 2465 prius
3501 2398 3711 2453 debetis

2130 2503 2197 2542 ex
2222 2488 2337 2559 lege
2364 2490 2601 2560 purgari,
2635 2490 2784 2557 prius
2810 2489 3045 2555 debetis,
3080 2490 3272 2543 audito
3302 2490 3467 2543 verbo
3504 2490 3617 2555 Dei,
3637 2492 3715 2543 vi-

2132 2580 2329 2633 tiorum
2360 2582 2603 2649 germina
2648 2596 2935 2645 resecare,
2988 2591 3041 2634 et
3095 2598 3274 2636 mores
3328 2581 3591 2637 barbaros
3637 2586 3713 2637 fe-

2130 2688 2331 2742 resque
2361 2689 2718 2741 componere,
2769 2683 2826 2727 ut
2863 2672 3276 2727 nntnsnetudiue
3312 2682 3367 2728 et
3403 2674 3712 2729 humilitate

2128 2776 2404 2836 suscepta,
2430 2768 2650 2835 possitis
2675 2767 2840 2821 etiam
2870 2768 3105 2834 gratiam
3150 2767 3317 2821 sancti
3360 2767 3595 2835 Spiritus
3627 2784 3713 2820 ca-

2127 2874 2279 2928 pere.
2330 2860 2422 2913 Sic
2469 2866 2614 2914 enim
2649 2860 2779 2914 dicit
2824 2859 3086 2913 Dominus
3135 2876 3232 2928 per
3279 2862 3594 2929 prophetam
3622 2860 3708 2913 7'z

2133 2971 2151 3003 ‹
2186 2952 2362 3020 Super
2390 2970 2550 3022 quem
2582 2955 2943 3022 requiescam,
2985 2954 3087 3007 nisi
3131 2969 3295 3021 super
3335 2953 3614 3017 humilem,
3659 2962 3714 3008 et

2129 3044 2395 3110 quietum,
2433 3055 2487 3097 et
2522 3055 2847 3095 trementem
2903 3056 3183 3095 sermones
3235 3041 3422 3094 meos?
3456 3062 3473 3091 ι
3516 3040 3570 3094 Si
3610 3044 3711 3093 bn-

2129 3136 2273 3189 milis
2303 3152 2410 3190 non
2451 3134 2618 3189 fueris
2658 3144 2713 3188 et
2752 3136 2990 3203 quietus,
3039 3150 3143 3187 non
3193 3144 3369 3204 potest
3404 3133 3710 3187 inhabitare

437 3222 659 3288 arietes,
693 3232 749 3277 et
773 3224 1081 3280 canistrum
1129 3240 1447 3296 azymorum
1473 3267 1486 3290 ,
1520 3233 1575 3279 et
1613 3240 1829 3280 omnem
1863 3242 2024 3297 syna-
2053 3244 2095 3302 ε
2133 3228 2185 3280 in
2225 3237 2277 3281 te
2314 3227 2486 3295 gratia
2535 3226 2770 3296 Spiritus
2804 3226 2977 3281 sancti
3002 3266 3017 3291 ,
3069 3226 3114 3280 si
3172 3242 3277 3280 non
3320 3242 3439 3281 cum
3476 3235 3712 3281 tremore

437 3328 632 3384 gogam
669 3330 912 3371 convoca
950 3318 1017 3371 ad
1038 3316 1264 3386 januam
1311 3317 1647 3371 tabernaculi
1703 3318 2023 3373 testimonii.

441 3404 508 3458 lit
545 3404 678 3460 fecit
710 3406 924 3479 Moyses
957 3409 1098 3463 sient
1130 3409 1388 3478 praecepit
1417 3408 1465 3463 ei
1508 3409 1790 3474 Dominus,
1816 3419 1871 3463 et
1896 3426 2027 3464 con-

440 3498 655 3551 vocavit
687 3514 1018 3570 synagogam
1051 3502 1117 3554 ad
1146 3500 1370 3570 januam
1407 3500 1741 3555 tabernaculi
1782 3502 2027 3557 testimo-

438 3589 536 3643 nii.
574 3589 638 3644 Et
664 3590 802 3645 dixit
829 3590 1042 3662 Moyses
1066 3593 1131 3646 ad
1155 3607 1489 3663 synagogam
1515 3609 1529 3645 :
1557 3591 1668 3647 lloc
1691 3602 1776 3647 est
1800 3594 2024 3648 verbum

435 3681 582 3751 quod
620 3681 897 3737 mandavit
934 3681 1197 3737 Dominus
1240 3682 1443 3737 facere.
1481 3683 1547 3736 Et
1575 3682 1833 3751 applicuit
1886 3684 2028 3754 Moy-

436 3789 525 3828 ses
559 3774 740 3828 Aaron
775 3773 1002 3828 fratrem
1040 3789 1218 3839 suum,
1250 3782 1305 3829 et
1337 3774 1479 3829 Iilios
1514 3772 1651 3841 ejus,
1690 3784 1744 3828 et
1772 3774 1903 3828 lavit
1933 3792 2028 3832 eos

437 3882 578 3935 aqua
619 3885 631 3919 :
664 3876 719 3921 ct
751 3866 972 3922 vestivit
1003 3881 1129 3922 eum
1173 3868 1352 3922 tunica
1386 3907 1401 3931 ,
1462 3875 1516 3922 et
1566 3868 1850 3936 praecinxit
1901 3884 2024 3923 eum

437 3974 599 4023 zona,
631 3970 685 4015 et
711 3960 932 4015 vestivit
958 3975 1082 4015 eum
1130 3959 1310 4014 tunica
1355 3959 1655 4023 interiore,
1686 3969 1739 4014 et
1774 3961 2029 4028 imposuit

437 4053 487 4108 ei
518 4051 799 4107 bumerale
831 4052 947 4125 (69)
982 4062 1036 4107 et
1069 4051 1242 4107 cinxit
1273 4066 1396 4106 eum
1422 4051 1723 4106 secundum
1756 4052 2024 4106 facturam

438 4143 763 4208 humeralis,
804 4154 857 4200 et
907 4144 1237 4201 constrinxit
1268 4158 1391 4197 eum
1428 4145 1481 4197 in
1510 4144 1646 4213 ipso,
1682 4153 1738 4198 et
1770 4145 2028 4214 imposuit

437 4252 601 4305 super
633 4253 755 4292 eum
788 4236 991 4309 l0gium
1025 4247 1078 4292 et
1128 4236 1385 4306 imposuit
1430 4250 1593 4305 super
1623 4235 1820 4304 legium
1852 4237 2026 4291 mani-

439 4329 785 4385 festationem
817 4338 870 4385 et
893 4330 1205 4395 veritatem,
1233 4338 1286 4383 et
1319 4329 1580 4398 imposuit
1612 4330 1829 4382 mitram
1863 4344 2026 4398 super

434 4428 601 4489 caput
625 4419 766 4490 ejus,
797 4428 853 4474 et
873 4421 1059 4491 posuit
1091 4434 1256 4489 super
1287 4419 1502 4473 mitram
1536 4427 1663 4473 ante
1689 4417 1881 4473 faciem
1911 4418 2025 4485 ejus

437 4510 697 4565 laminam
728 4526 950 4566 auream
984 4511 1387 4566 sanetiﬁcatam
1421 4520 1691 4573 sanctam,
1724 4510 1863 4564 sicut
1891 4528 2024 4580 pra:-

2132 3320 2368 3391 suscipis
2404 3319 2572 3373 verba
2610 3318 2817 3373 divina.
2852 3317 3153 3385 Superbam
3196 3332 3428 3386 namque
3470 3328 3524 3371 et
3577 3333 3712 3372 coo-

2129 3420 2397 3463 tumacem
2444 3409 2707 3471 animam,
2747 3415 2803 3460 et
2850 3406 3028 3460 ﬁctam
3077 3404 3277 3475 refugit
3314 3405 3549 3473 Spiritus
3594 3420 3716 3458 sano

2128 3509 2268 3552 ctus.
2308 3497 2482 3553 Debes
2513 3514 2641 3567 ergo
2682 3498 2834 3566 prius
2884 3496 3134 3550 meditari
3174 3496 3346 3565 legem
3397 3495 3533 3559 Dei,
3570 3504 3627 3547 ut
3664 3496 3708 3548 si

2128 3590 2271 3644 forte
2314 3600 2471 3645 actus
2508 3590 2585 3644 tui
2633 3589 2983 3659 intemperati
3031 3600 3193 3655 sunt,
3225 3599 3277 3641 et
3307 3604 3490 3643 mores
3523 3588 3712 3641 incon-

2128 3684 2249 3751 diti,
2281 3683 2364 3738 lex
2394 3683 2489 3738 Dei
2524 3694 2575 3737 te
2605 3683 2855 3737 emendet
2884 3692 2938 3735 et
2964 3682 3219 3750 corrigat.
3260 3679 3351 3735 Vis
3379 3680 3563 3736 videre
3584 3680 3707 3750 quia

2131 3776 2345 3847 Moyses
2367 3791 2580 3845 semper
2605 3791 2728 3829 cum
2755 3774 2879 3829 Jcsu
2912 3782 3017 3836 est,
3044 3774 3146 3828 hoc
3176 3784 3257 3829 est
3284 3774 3368 3828 lex
3394 3788 3513 3827 cum
3542 3773 3711 3825 Evan-

2127 3869 2320 3937 geliis?
2378 3869 2581 3923 Doceat
2630 3867 2744 3938 (7|)
2789 3876 2841 3920 te
2889 3866 3242 3935 Evangelium
3288 3868 3369 3934 '9,
3402 3868 3528 3936 quia
3587 3882 3709 3919 cum

2129 3959 2556 4014 transformatns
2588 3968 2732 4013 esset
2760 3960 2811 4011 in
2837 3959 3064 4029 gloriam
3095 3957 3278 4021 Jesus,
3298 3960 3461 4013 etiam
3498 3956 3711 4027 Moyses

2130 4064 2181 4107 et
2215 4053 2359 4106 Elias
2393 4052 2551 4104 simul
2595 4068 2718 4104 cum
2757 4053 2873 4121 ipso
2900 4062 3271 4120 apparuerunt
3317 4052 3366 4103 in
3422 4051 3609 4119 gloria,
3655 4058 3714 4102 ιιι

2129 4145 2273 4197 scias
2304 4144 2431 4212 quia
2465 4143 2548 4197 lex
2582 4153 2635 4197 et
2686 4146 2984 4212 prophetm,
3027 4155 3080 4198 et
3134 4145 3480 4213 Evangeliutn
3512 4143 3622 4212 (7:2)
3659 4144 3708 4195 in

2129 4251 2296 4289 unum
2327 4249 2543 4305 semper
2568 4237 2921 4302 conveniunt,
2954 4247 3008 4290 et
3042 4237 3094 4290 in
3128 4252 3233 4290 una
3276 4236 3445 4306 gloria
3492 4251 3711 4304 perma-

2130 4337 2281 4381 nent.
2316 4326 2562 4397 Denique
2592 4337 2646 4381 et
2678 4327 2876 4383 Petrus
2909 4344 3034 4382 cum
3065 4327 3223 4382 vellet
3268 4328 3346 4381 eis
3382 4326 3482 4380 tria
3527 4326 3710 4380 facere

2132 4418 2506 4483 tabernacula,
2549 4418 2835 4488 imperitia:
2873 4427 3093 4473 notatur
3121 4459 3136 4485 ,
3190 4427 3445 4488 tanquam
3488 4433 3577 4486 qut
3612 4432 3710 4471 ne-

2133 4512 2301 4567 sciret
2329 4511 2456 4580 quid
2491 4510 2718 4567 diceret.
2764 4509 2891 4578 Legi
2940 4510 3120 4574 enim,
3174 4518 3229 4563 et
3285 4508 3603 4578 prophetis,
3655 4515 3711 4560 et

439 4615 661 4673 ceperat
697 4605 958 4659 Dominus
1015 4604 1209 4675 Moysi.
1244 4622 1262 4654 ι
1309 4602 1538 4657 lnlentis
1577 4604 1804 4657 auribus
1853 4615 1906 4658 et
1946 4605 2023 4658 vi-
2058 4584 2101 4638 D
2136 4603 2427 4672 Evangelio
2461 4618 2569 4656 non
2605 4603 2730 4666 tria,
2780 4603 2872 4658 sed
2915 4618 3079 4656 unum
3135 4611 3217 4657 est
3262 4599 3664 4654 tabernaculmn
3692 4638 3709 4663 ,

438 4694 628 4762 gilanti
682 4694 848 4749 corde
895 4695 1363 4750 consecrationem
1402 4693 1677 4763 pontiﬁcis
1712 4693 1797 4748 vel
1835 4709 2021 4747 sacer-

439 4787 583 4841 dotis
634 4788 841 4851 audite,
876 4787 1000 4855 quia
1037 4795 1090 4840 et
1125 4800 1223 4840 vos
1249 4785 1544 4840 secundum
1589 4786 1857 4854 promissa
1905 4786 2020 4850 Dei,

438 4880 753 4935 sacerdotes
796 4879 890 4934 Dei
928 4879 1081 4944 estis,
1122 4897 1140 4930 ι
1180 4893 1313 4949 gens
1336 4878 1482 4933 enim
1516 4888 1728 4943 sancta,
1758 4888 1809 4933 et
1839 4895 2024 4933 sacer-

440 4974 644 5029 dotium
692 4982 943 5028 sanetum
993 4971 1105 5045 (70)
1165 4971 1299 5026 estis
1344 4970 1413 5023 ⁷⁵.
1443 4989 1460 5022 ι
1496 4971 1759 5040 Accepit,
1801 4971 2025 5041 inquit,

441 5067 658 5138 Moyses
701 5067 1003 5121 secundum
1064 5073 1396 5134 praeceptum
1453 5062 1671 5118 Domini
1730 5064 1912 5117 Aaron
1972 5074 2025 5117 et

438 5161 584 5216 ﬁlios
607 5161 745 5230 ejus,
780 5167 835 5214 et
865 5160 1039 5228 primo
1064 5158 1281 5228 quidem
1317 5157 1486 5220 lavat,
1530 5165 1716 5225 postea
1758 5172 1889 5211 vero
1947 5159 2028 5210 in-

438 5255 557 5310 duit
580 5271 692 5311 eos.
721 5253 1080 5310 Considerate
1110 5250 1427 5321 diligentius
1454 5249 1698 5303 ordinem
1729 5250 2026 5313 dictorum,

440 5349 619 5417 primo
649 5352 812 5413 lavat,
853 5354 1043 5411 postea
1080 5343 1274 5397 induit.
1309 5341 1425 5395 Non
1477 5342 1621 5396 enim
1655 5351 1808 5401 notes
1853 5342 2027 5404 indui,

507 5443 558 5477 '”
588 5441 760 5497 Levit.
796 5457 889 5498 vn.
924 5438 994 5492 55
1021 5448 1075 5491 et
1108 5452 1260 5505 seqq.

438 5514 482 5543 '”
523 5511 652 5567 Luc.
696 5528 806 5578 va,
836 5512 928 5567 29.
1007 5510 1052 5540 ⁷⁸
1095 5504 1193 5561 lsa.
1229 5522 1375 5570 vat,
1404 5506 1459 5559 ‘2.
1538 5506 1582 5534 ⁷⁸
1609 5504 1797 5557 Matth.
1836 5520 1965 5557 xvtt.

513 5606 625 5675 (68)
657 5608 809 5670 Mss.,
845 5627 863 5660 ι
889 5614 1094 5663 essent.
1131 5624 1148 5655 ι
1192 5600 1540 5675 Libbzediti,
1576 5609 1781 5675 «esset.
1806 5618 1825 5649 ι

516 5608 604 5675 (68
657 5608 809 5670 Mss.,
845 5627 863 5660 ι
889 5614 1094 5663 essent.
1131 5624 1148 5655 ι
1192 5608 1348 5656 Libb.
1387 5608 1540 5664 editi,
1576 5609 1781 5654 «esset.
1806 5618 1825 5649 ι

516 5608 628 5749 (69)
668 5677 797 5734 Mss.
827 5718 841 5739 ,
901 5696 919 5728 ι
951 5675 1253 5731 hutncralc.
1283 5691 1301 5724 ι
1361 5670 1518 5726 Libb.
1564 5671 1728 5738 editi,
1790 5686 1809 5717 ι
1836 5670 2026 5723 ltutne-

444 5750 711 5886 rm(t'i'lt'l').l.n
765 5831 896 5874 mss.
948 5814 1309 5871 Gcmcticeusi
1348 5820 1401 5871 et
1454 5810 1777 5867 Cadorncnsi
1838 5811 2025 5878 dccst,

445 5907 464 5942 ι
489 5899 757 5945 sanctum.
794 5908 811 5941 ι

1340 5434 1728 5493 1"Levit.vnt,
1772 5431 1792 5484 l
1847 5439 1901 5485 et
1945 5445 2095 5501 seqq.

2132 4712 2253 4764 quae
2283 4704 2367 4748 est
2395 4693 2640 4749 Ecclesia
2679 4694 2797 4749 Dei.
2826 4694 2995 4748 Lavat
3025 4710 3156 4765 ergo
3187 4694 3363 4763 primo
3387 4691 3595 4763 Moyses
3626 4708 3714 4744 sa-

2132 4789 2407 4842 cerdotem
2438 4786 2675 4850 Domini,
2706 4796 2759 4840 et
2789 4802 2910 4840 cum
2945 4802 3067 4839 eum
3100 4786 3312 4851 laverit,
3344 4794 3398 4840 et
3423 4795 3712 4856 purgatum

2135 4880 2434 4934 reddiderit
2459 4894 2497 4947 pa
2537 4880 2791 4934 sordibus
2853 4877 3145 4942 vitiorum,
3188 4888 3309 4949 post
3370 4879 3485 4933 lucc
3541 4878 3717 4930 induit

2134 4990 2277 5027 cum.
2318 4972 2423 5027 Sed
2465 4974 2886 5029 consideremus
2921 4989 3041 5042 quae
3071 4976 3181 5028 sint
3226 4974 3326 5027 ista
3375 4974 3712 5036 indumenta,

2134 5065 2333 5133 quibus
2374 5065 2549 5119 induit
2586 5065 2797 5136 Moyses
2851 5066 3029 5119 Aaron
3075 5066 3298 5118 fratrem
3337 5082 3495 5117 suum
3538 5064 3716 5134 ponti-

2136 5159 2293 5211 ﬁcem
2347 5158 2605 5226 primum.
2643 5160 2688 5213 si
2722 5159 2863 5211 forte
2901 5158 3158 5227 possibile
3202 5159 3275 5212 sit
3320 5158 3482 5212 etiam
3520 5169 3571 5212 te
3600 5156 3713 5226 (73)

2134 5250 2284 5303 indui
2324 5249 2529 5304 eisdem
2562 5250 2898 5304 indumentis
2925 5290 2941 5315 ,
2987 5260 3040 5304 et
3084 5266 3205 5304 esse
3256 5250 3590 5321 pontiﬁcem.
3624 5249 3717 5300 Est

2136 5344 2352 5412 quidem
2381 5359 2521 5395 unus
2550 5344 2791 5409 pontifex
2834 5358 3062 5411 magnus
3114 5344 3375 5397 Dominus
3415 5352 3600 5396 uoster
3626 5339 3714 5395 Je-

2204 5434 2250 5465 ⁷δ
2290 5431 2307 5487 l
2354 5430 2471 5487 Pet.
2524 5434 2657 5499 ιι,9.
2749 5436 2793 5466 ⁷⁸
2819 5435 2919 5489 lsa.
2961 5452 2996 5501 ι,
3030 5435 3115 5490 16.
3195 5436 3241 5467 ⁷⁸
3274 5433 3434 5491 Rom.
3473 5450 3593 5499 χιιι,
3623 5432 3712 5488 Η.

2204 5600 2317 5666 (7|)
2351 5598 2507 5652 Libb.
2547 5602 2704 5666 editi,
2737 5602 2949 5655 uincet.
2979 5622 2997 5653 ι
3032 5602 3186 5665 Mss.,
3231 5621 3248 5653 ι
3275 5602 3485 5655 doceat.
3511 5618 3529 5652 ι

2129 5740 2160 5793 Γ
2203 5672 2317 5740 (72)
2349 5668 2503 5722 Libb.
2539 5673 2712 5740 editi,
2753 5691 2769 5722 ι
2799 5673 3114 5742 Evangelia.
3143 5692 3161 5725 ι
3201 5672 3327 5727 Mss.
3353 5711 3367 5737 ,
3415 5686 3434 5721 ι
3471 5673 3715 5739 Evange-

2152 5758 2279 5793 Ittnr.
2310 5758 2327 5789 ι

2152 5758 2498 5881 Ιηὶςέίὶίεςη
2539 5829 2555 5862 t
2589 5820 2660 5867 te.
2694 5833 2710 5865 ι
2751 5811 2906 5868 Libb.
2938 5812 3091 5880 editi,
3129 5830 3145 5863 ι
3181 5812 3299 5869 tibi.
3328 5831 3347 5865 ι
