4124 6426
1524 294 1549 304 δ

382 412 494 473 £69

1550 408 1613 463 IN
1652 403 2023 461 LI‘NlTlCUM
2068 402 2346 459 llOMlLlA
2392 401 2475 454 \"l.

3524 399 3626 453 {70

385 542 482 582 sas
511 524 786 589 Christus,
822 523 913 578 sed
944 522 1034 577 ille
1074 537 1178 577 non
1220 524 1394 579 solum
1439 523 1691 578 sacerdos
1717 559 1731 583 ,
1784 520 1877 573 sed
1910 527 1958 569 cl
1990 519 2035 575 Α
2066 515 2145 567 sni
2202 515 2372 583 possit
2426 514 2731 567 advertere.
2789 510 2944 566 Lavit
2970 526 3105 583 ergo
3142 525 3291 575 eum,
3330 518 3385 566 et
3434 509 3628 566 induit.

386 618 737 674 sacerdotum
790 616 1049 670 sacerdos
1077 626 1184 681 est,
1227 626 1281 671 et
1320 632 1423 670 non
1467 614 1639 669 solum
1685 610 1959 681 pontifex,

387 711 486 767 sed
514 708 833 779 pontificum
867 706 1130 777 pontifex,
1173 724 1271 762 nec
1304 707 1648 761 sacerdotum
1691 705 1959 775 princeps,

396 797 488 853 Sed
520 796 771 863 princeps
805 795 1108 863 principum
1156 788 1521 850 sacerdotum.
1574 797 1726 849 Sicut
1768 804 1821 847 et
1872 809 1961 846 rex

389 904 499 943 non
536 887 734 940 dicitur
762 886 956 955 plebis,
987 887 1080 940 sed
1110 902 1293 957 regum
1329 903 1444 950 rex,
1482 895 1535 941 ct
1572 885 1830 939 Dominus
1859 900 1962 938 non

388 992 717 1043 servorum,
749 979 846 1031 Sed
885 977 1144 1034 Dominus
1186 980 1545 1033 dominorum.
1600 977 1786 1033 Potest
1837 990 1966 1045 ergo

392 1066 533 1129 ﬁeri,
580 1070 623 1121 si
672 1077 729 1119 et
779 1074 831 1120 tu
888 1065 1027 1121 lotus
1085 1066 1253 1122 fueris
1283 1083 1378 1135 per
1423 1066 1667 1136 Moysen,
1715 1073 1770 1119 et
1801 1064 1966 1119 fueris

393 1158 469 1212 ita
528 1157 805 1223 nmndus,
873 1158 1025 1227 quasi
1078 1173 1236 1228 quem
1293 1158 1503 1227 Moyses
1552 1156 1743 1210 laverit
1785 1165 1969 1210 tantus

394 1254 486 1307 ille
518 1253 629 1324 (74)
664 1269 728 1308 ac
758 1253 899 1317 talis,
934 1264 991 1308 ut
1024 1255 1199 1325 possis
1233 1255 1396 1310 etiam
1431 1254 1714 1325 pervenire
1744 1255 1810 1307 ad
1854 1253 1968 1309 ha-e

396 1343 718 1396 indumenta
748 1360 867 1413 qua:
899 1346 1106 1415 profert
1133 1346 1367 1416 Moyses,
1397 1357 1451 1401 et
1472 1346 1639 1401 stolas
1672 1347 1823 1409 istas,
1848 1348 1966 1414 qui-

402 1433 507 1486 bus
533 1433 703 1487 induit
734 1433 914 1489 Aaron
955 1435 1176 1491 fratrem
1206 1453 1361 1493 suum
1385 1478 1400 1504 ,
1433 1448 1487 1492 et
1523 1438 1662 1492 filios
1690 1439 1830 1507 ejus.
1865 1437 1969 1493 Sed

402 1539 509 1576 non
544 1525 717 1578 solum
749 1527 1077 1583 indumentis
1108 1545 1242 1598 opus
1274 1540 1356 1585 est
1387 1530 1453 1584 ad
1490 1530 1858 1584 sacerdotale;
1892 1529 1970 1582 in-

400 1612 563 1679 fulas,
600 1630 786 1669 verum
829 1626 883 1670 et
920 1618 1167 1685 cingulis.
1208 1619 1315 1674 Sed
1350 1620 1664 1689 priusquam
1699 1620 1764 1673 de
1794 1619 1973 1689 specie

402 1705 520 1773 ipsa
556 1706 995 1763 indumentorum
1041 1711 1223 1766 dicere
1258 1711 1606 1781 incipiamus,
1642 1711 1800 1765 velim
1840 1726 1974 1765 c0n~

399 1794 548 1851 ferre
581 1797 671 1849 illa
702 1798 940 1853 infelicia
974 1800 1309 1866 indumenta,
1342 1801 1540 1870 quibus
1572 1802 1777 1871 primus
1809 1803 1971 1856 homo

400 1901 526 1939 eum
577 1899 877 1965 peccasset,
927 1891 1143 1946 indutus
1190 1900 1291 1960 est,
1327 1906 1447 1945 cum
1477 1892 1561 1946 his
1594 1891 1799 1947 sanctis
1827 1900 1881 1945 et
1909 1891 1965 1944 fi-

401 1977 618 2033 delibus
662 1979 1010 2036 indumentis.
1064 1982 1130 2038 Et
1170 1981 1385 2051 quidem
1440 1982 1527 2035 illa
1580 1983 1781 2037 dicitur
1832 1983 1969 2039 Deus

402 2069 601 2124 fecisse
630 2089 645 2123 :
685 2089 703 2122 ι
742 2071 894 2127 Fecit
936 2074 1104 2139 enim,
1148 2074 1325 2145 inquit
1348 2076 1417 2143 ⁸ο,
1449 2075 1589 2131 Deus
1621 2076 1830 2131 tunicas
1859 2075 1970 2144 pel-

401 2161 591 2227 liceas,
621 2171 675 2216 et
704 2162 884 2217 induit
911 2164 1079 2218 Adam
1107 2175 1157 2220 ct
1189 2167 1464 2222 mulierem
1491 2167 1625 2237 ejus.
1656 2187 1675 2220 1
1707 2166 1811 2221 illae
1843 2181 1970 2235 ergo

402 2252 603 2306 tunicae
654 2254 720 2308 de
774 2255 1006 2324 pellibus
1049 2268 1213 2311 erant
1253 2274 1319 2312 ex
1358 2260 1683 2315 animalibus
1721 2270 1967 2326 sumptae.

401 2340 625 2397 Talibus
648 2344 789 2398 enim
824 2346 1105 2415 Oportebat
1136 2349 1281 2402 indui
1319 2360 1678 2419 peccatorem,
1712 2350 1971 2417 pelliceis,

404 2436 624 2507 inquam
650 2437 785 2513 (75),
816 2442 1033 2505 tunicis,
1062 2456 1182 2511 qua:
1210 2454 1393 2498 essent
1419 2444 1784 2510 mortalitatis,
1812 2459 1973 2513 quam

406 2544 504 2597 pro
539 2541 761 2597 peccato
795 2545 1100 2602 acceperat,
1145 2544 1198 2591 et
1249 2536 1558 2604 fragilitatis
1610 2536 1725 2605 ejus
1754 2552 1873 2607 qua:
1905 2552 1983 2591 ex

407 2618 591 2674 carnis
616 2624 967 2691 corruptione
992 2626 1261 2691 veniebat,
1295 2626 1575 2680 indicimn.
1602 2626 1656 2681 Si
1698 2642 1825 2681 vero
1863 2627 1974 2694 jam

411 2709 555 2764 lotus
590 2710 655 2765 ab
700 2712 787 2767 bis
822 2714 989 2770 fueris
1014 2754 1031 2780 ,
1082 2728 1137 2771 et
1183 2718 1500 2787 purificatus
1531 2732 1625 2786 per
1658 2718 1828 2786 legem
1859 2718 1973 2783 Dei,

410 2794 592 2854 induet
626 2810 676 2856 te
703 2802 915 2874 Moyses
950 2806 1263 2863 indumento
1301 2810 1757 2878 incorruptionis;
1810 2810 1881 2862 ita
1920 2816 1978 2863 ut

410 2907 673 2960 nusquam
703 2907 962 2965 appareat
993 2892 1272 2968 turpitudo
1312 2909 1423 2966 tua,
1453 2910 1511 2955 et
1539 2909 1596 2954 ut
1622 2901 1980 2970 absorbeatur

410 2983 635 3036 mortale
658 2987 756 3039 hoc
780 3003 809 3039 a
837 2988 969 3041 vita.

480 3074 533 3127 5.
573 3072 865 3130 Videamus
903 3092 1032 3145 ergo
1073 3079 1223 3146 quali
1264 3079 1456 3133 ordine
1500 3078 1738 3147 pontifex
1776 3081 1978 3134 consti-

2065 606 2220 671 Quali
2244 602 2596 660 indumento?
2630 602 2856 667 Tunica,
2887 603 3081 672 inquit,
3108 612 3162 658 et
3196 602 3481 673 praecinxit
3509 616 3631 656 eum

2066 712 2225 761 zona,
2261 708 2313 750 et
2339 697 2532 749 iterum
2562 694 2779 748 veStivit
2812 708 2935 748 eum
2966 694 3203 749 tunicam
3234 693 3483 758 talarem,
3522 692 3631 760 vel,

2064 798 2125 842 ut
2154 787 2284 842 alibi
2320 786 2568 857 legimus,
2603 785 2943 839 interiorem.
2974 784 3209 849 Duabus,
3245 794 3301 838 ut
3332 786 3508 848 video,
3547 793 3635 837 tu-

2065 881 2203 935 nicis
2255 895 2350 948 per
2391 879 2612 949 Moysen
2668 877 2912 932 induitur
2959 878 3221 947 pontifex.
3252 879 3356 932 Sed
3394 878 3521 947 quid
3556 876 3638 930 fa—

2067 973 2273 1025 ciemus
2304 972 2443 1039 quod
2493 968 2651 1025 Jesus
2688 971 3002 1025 sacerdotes
3053 982 3180 1023 suos
3222 968 3495 1036 apostolos
3534 982 3636 1023 no»

2067 1069 2209 1114 stros
2267 1059 2540 1128 prohibuit
2603 1060 2679 1113 uti
2748 1059 2957 1114 duabus
3007 1058 3215 1113 tunicis
3262 1058 3355 1112 ⁸³⁶2
3408 1058 3651 1112 Dixera--

2070 1166 2189 1205 mus
2228 1150 2369 1220 quod
2407 1150 2618 1221 Moyses
2666 1162 2721 1205 et
2768 1149 2963 1215 Jesus,
3014 1151 3065 1204 id
3109 1161 3193 1204 est
3230 1149 3318 1204 lex
3350 1158 3405 1203 et
3463 1147 3640 1203 Evan-

2068 1243 2207 1313 gelia
2257 1243 2360 1298 sibi
2419 1242 2670 1297 invicem‘
2720 1250 3108 1298 consonarent.
3166 1240 3357 1295 Posset
3410 1241 3641 1296 fortasse

2070 1333 2253 1387 dicere
2298 1331 2498 1400 aliquis
2548 1331 2673 1399 quia
2722 1331 2873 1400 quod
2896 1330 3156 1400 praecepit
3187 1327 3344 1385 Jesus
3388 1329 3523 1383 duas
3556 1339 3640 1381 tu-

2070 1426 2225 1479 nicas
2258 1438 2365 1477 non
2400 1423 2702 1488 habendas,
2735 1439 2844 1476 non
2892 1432 2975 1477 est
3003 1422 3339 1477 contrarium
3371 1422 3474 1493 legi
3496 1461 3511 1486 ,
3547 1424 3665 1476 sed:

2072 1514 2368 1584 perfectius
2421 1514 2588 1584 lege,
2648 1514 2792 1569 sicut
2845 1523 2899 1568 et
2960 1529 3084 1567 cum
3141 1514 3230 1568 lex
3289 1514 3645 1569 homicidium

2071 1617 2260 1671 vetat,
2311 1604 2468 1659 Jesus
2520 1613 2700 1658 autem
2748 1605 2918 1660 etiam
2980 1606 3315 1661 iracundiam
3374 1617 3641 1670 resecat,

2071 1706 2128 1749 et
2182 1710 2306 1749 cum
2360 1694 2447 1748 lex
2499 1694 2755 1762 prohibet
2806 1694 3132 1749 adulterium
3165 1695 3249 1762 “,
3281 1694 3440 1751 Jesus
3479 1697 3642 1751 etiam

2074 1788 2235 1859 217
2279 1787 2775 1857 concupiscentiam
2812 1788 2996 1842 cordis
3040 1786 3333 1842 abscindit.
3384 1787 3475 1843 Sic
3514 1802 3645 1856 ergo

2074 1878 2343 1933 videbitur
2374 1884 2427 1930 et
2471 1875 2678 1931 duabus
2725 1876 2800 1933 ibi
2851 1876 3045 1931 tunicis
3081 1876 3409 1945 pontificem,
3455 1886 3509 1931 et
3556 1876 3645 1931 hic

2072 1986 2180 2025 una
2218 1971 2493 2040 apostolos
2521 1970 2784 2025 induisse.
2824 1968 2907 2022 Sit
2938 1969 3156 2037 quidem
3198 1970 3362 2021 etiam
3391 1967 3492 2021 iste
3516 1982 3640 2020 sen-

2069 2077 2183 2128 sus,
2215 2062 2517 2132 probabilis
2556 2061 2601 2116 si
2630 2061 2867 2123 videtur,
2893 2074 2994 2129 ego
3034 2069 3209 2113 tamen
3245 2073 3349 2111 non
3383 2059 3524 2111 intra
3557 2058 3649 2111 hu-

2063 2157 2156 2221 jus
2187 2152 2557 2223 iutelligentize
2604 2150 2910 2221 angustiam
2941 2149 3267 2219 pontificalia
3298 2158 3643 2204 sacramenta

2071 2243 2355 2298 concludo.
2398 2241 2643 2311 Amplius
2672 2240 2804 2294 mihi
2832 2239 3036 2308 aliquid
3060 2254 3127 2293 ex
3155 2240 3255 2292 ista
3294 2240 3466 2293 forma
3492 2238 3641 2291 vide-

2072 2342 2161 2389 tur
2190 2333 2437 2397 ostendi;
2469 2332 2711 2401 pontifex
2742 2341 2846 2395 est,
2870 2331 2961 2400 qui
2990 2331 3270 2386 scientiam
3300 2328 3434 2399 legis
3469 2337 3641 2390 tenet,

2072 2435 2128 2478 et
2164 2420 2593 2491 uniuscujusque
2639 2422 2883 2491 mysterii
2919 2420 3171 2488 intelligit
3200 2421 3462 2484 rationes,
3489 2428 3544 2473 et
3575 2428 3633 2472 ut

2075 2515 2314 2570 breviter
2334 2513 2619 2583 explicem,
2639 2514 2728 2582 qui
2755 2512 2927 2582 legem
2963 2521 3017 2567 et
3036 2513 3333 2567 secundum
3365 2510 3645 2581 Spiritum,

2074 2615 2130 2660 et
2150 2606 2443 2661 secundum
2462 2604 2701 2659 litteram
2721 2602 3110 2659 novit.Sciebat
3128 2617 3258 2672 ergo
3276 2600 3517 2671 pontifex
3537 2600 3643 2663 ille,

2076 2713 2236 2768 quem
2258 2708 2383 2753 tunc
2399 2697 2688 2752 ordinabat
2712 2695 2949 2766 Moyses,
2984 2696 3108 2764 quia
3135 2704 3281 2751 esset
3302 2694 3667 2750 circumcisio

2078 2789 2364 2859 spiritalis,
2389 2789 2642 2842 servabat
2676 2796 2853 2841 tamen
2883 2786 3648 2852 etcircumcisionemcarnis,

2079 2877 2204 2946 quia
2239 2876 2650 2930 incircumcisus
2677 2873 2915 2943 pontifex
2937 2889 3180 2930 essenon
3208 2884 3439 2944 poterat.
3468 2874 3652 2931 llabe—

2080 2968 2319 3035 batergo
2340 2969 2440 3019 istc
2462 2966 2594 3020 duas
2627 2966 2856 3021 tunicas.
2881 2965 3051 3021 Unam
3082 2967 3369 3022 ministerii
3392 2967 3652 3032 carnalis,

2080 3064 2135 3111 et
2166 3055 2323 3108 aliam
2362 3054 2730 3124 intelligentiae
2761 3056 3047 3125 spiritalis.
3080 3058 3302 3112 Sciebat
3326 3057 3454 3126 quia
3476 3066 3529 3112 et
3566 3072 3686 3112 sa»-

420 3164 589 3217 ιυίιυτ
616 3180 631 3217 ε
662 3182 681 3215 ι
712 3165 1063 3232 Convocavit,
1089 3145 1265 3237 inquit
1291 3167 1360 3233 at,
1390 3145 1605 3238 Moyses
1628 3183 1979 3239 synagﬁgam’
2008 3176 2053 3237 ο
2086 3148 2309 3239 crificia
2341 3147 2609 3239 spiritalia
2645 3145 2827 3201 offerri
2861 3147 3242 3239 debentuDeo,
3276 3148 3538 3239 offerebat
3574 3158 3655 3203 ta-

415 3260 473 3304 et
500 3253 625 3305 dicit
655 3254 723 3307 ad
759 3268 854 3308 eos
888 3272 903 3308 :
937 3256 1047 3311 lloc
1070 3266 1155 3312 est
1187 3259 1407 3311 verbum
1432 3259 1574 3327 quod
1603 3262 1857 3330 praiccpit
1881 3261 1980 3316 Do-

417 3339 618 3390 minus.
653 3358 670 3390 1
706 3339 860 3396 Licet
887 3358 1015 3413 ergo
1047 3346 1306 3401 Dominus
1336 3349 1400 3402 de
1424 3349 1811 3406 eonsdtuendo
1841 3368 1979 3423 pon-

419 3425 563 3480 tifice
609 3433 980 3501 praecepisset,
1025 3449 1079 3490 et
1128 3439 1384 3495 Dominus
1441 3440 1741 3512 elegisset,
1799 3433 1978 3498 tanien

418 3530 750 3575 convocatur
780 3533 832 3577 et
872 3540 1166 3599 synagoga.
1203 3528 1521 3599 Requiritur
1553 3534 1697 3587 enim
1743 3534 1795 3587 in
1829 3536 1980 3589 ordi-

416 3610 597 3663 nando
641 3613 926 3669 sacerdote
970 3627 1023 3671 et
1078 3622 1367 3687 prmseutia
1431 3624 1656 3692 populi,
1712 3634 1769 3678 ut
1808 3628 1983 3683 sciant

414 3712 628 3767 omnes,
661 3712 715 3755 et
743 3705 879 3758 certi
927 3708 1059 3772 sint,
1092 3712 1214 3779 quia
1269 3715 1358 3781 qui
1410 3716 1753 3782 praestantior
1802 3727 1884 3773 est
1915 3734 1985 3773 ex

418 3792 565 3845 omni
619 3795 849 3862 populo,
907 3800 995 3866 qui
1039 3801 1268 3865 doctior,
1313 3805 1401 3872 qui
1461 3806 1735 3869 sanctior,
1777 3809 1869 3877 qui
1928 3810 1980 3864 in

417 3880 565 3934 omni
597 3884 798 3939 virtute
827 3888 1175 3955 eminentior,
1220 3891 1307 3946 ille
1351 3893 1570 3960 eligitur
1620 3897 1685 3948 ad
1731 3901 1993 3952 saccrdon

420 3971 573 4036 tium,
616 3984 670 4027 et
706 3974 808 4029 hoc
848 3990 1059 4034 astante
1102 3983 1336 4052 pepulo,
1383 3999 1448 4038 ne
1488 4001 1591 4054 qua
1638 3991 1979 4055 postmodum

421 4064 736 4119 retractatio
775 4068 1066 4137 cuiquam,
1119 4088 1183 4126 ne
1216 4074 1338 4141 quis
1374 4077 1657 4146 scrupulus
1700 4080 1980 4137 resideret.

422 4149 534 4207 Hoc
562 4166 646 4209 est
671 4168 854 4211 autem
887 4162 1031 4229 quod
1061 4173 1112 4216 et
1138 4164 1430 4231 Apostolus
1457 4168 1712 4236 praecepit
1750 4170 1801 4222 in
1841 4171 1985 4224 ordi-

422 4247 646 4301 natione
676 4251 999 4318 sacerdotis,
1030 4255 1220 4307 ‘diccns
1245 4256 1290 4287 ⁸²
1317 4237 1345 4308 τ’
1368 4274 1386 4306 1
1424 4258 1647 4327 Oportet
1690 4268 1868 4314 autem
1922 4262 1987 4315 il-

422 4335 530 4391 lum
567 4350 620 4392 et
658 4340 1028 4398 testimonium
1065 4346 1267 4401 habere
1294 4346 1492 4401 bonum
1521 4349 1589 4403 ab
1620 4351 1703 4405 bis
1731 4351 1822 4420 qui
1857 4352 1986 4407 foris

424 4438 570 4482 sunt.
597 4450 615 4482 1
654 4430 767 4501 Ego
811 4442 987 4488 tamen
1031 4446 1085 4490 et
1132 4437 1369 4506 amplius
1397 4439 1596 4508 aliquid
1635 4442 1791 4495 video
1838 4443 1889 4496 in
1922 4458 1987 4498 eo

2090 3254 2211 3293 men
2264 3237 2615 3292 nihilominus
2660 3245 2715 3290 ct
2762 3236 3023 3291 carnalia.
3068 3234 3186 3291 Non
3239 3237 3385 3291 enim
3440 3247 3683 3308 poterat'

2086 3347 2209 3388 esse
2261 3330 2502 3401 pontifex
2552 3346 2741 3385 eorum
2785 3332 2875 3400 qui
2926 3338 3053 3386 tunc
3088 3339 3267 3396 erant,
3298 3326 3401 3384 nisi
3446 3329 3677 3385 hostias.

2089 3422 2417 3480 immolaret.
2444 3422 2520 3476 lla
2551 3436 2682 3489 ergo
2710 3420 3096 3476 convenienter
3128 3419 3217 3475 ille
3240 3414 3486 3489 pontifex
3521 3420 3656 3474 dua—

2088 3520 2190 3571 bus
2233 3515 2453 3570 indutus
2498 3515 2695 3568 tunicis
2736 3513 2949 3568 dicitur.
2994 3511 3237 3581 Apostoli
3288 3525 3417 3566 vero
3448 3510 3540 3583 qui
3577 3512 3661 3565 di-.

2088 3608 2228 3664 eturi
2273 3607 2512 3672 erant”,
2560 3623 2579 3658 1
2611 3605 2733 3673 quia
2779 3605 2826 3659 si
2883 3603 3380 3672 circumcidamini,
3412 3603 3661 3660 Christus

2089 3701 2243 3756 vobis
2271 3701 2404 3756 nihil
2433 3698 2701 3769 proderit,
2729 3716 2747 3750 1
2783 3704 2837 3753 et
2866 3696 2957 3767 qui
2990 3696 3190 3752 dicturi
3230 3696 3475 3763 erant“,
3502 3714 3523 3748 ι
3560 3712 3657 3751 ne-

2089 3809 2179 3847 mo
2227 3808 2322 3848 vos
2365 3793 2570 3862 judicet
2615 3792 2665 3846 in
2707 3789 2849 3855 cibo,
2890 3797 2984 3843 aut
3026 3789 3078 3842 in
3127 3798 3277 3858 potu,
3303 3789 3474 3844 autin
3504 3797 3661 3856 parte

2090 3886 2194 3941 diei
2236 3885 2380 3951 festi,
2421 3895 2516 3940 aut
2565 3884 3005 3948 neomenia,.aut
3057 3882 3317 3949 Sabhato,
3367 3894 3490 3950 quae
3535 3891 3682 3936 sunt.

2090 3977 2281 4031 umbra
2320 3976 2654 4041 futurorum,
2680 3995 2698 4028 1
2738 3978 2824 4033 isti
2858 3991 2988 4047 ergo
3017 3985 3077 4029 ut
3108 3974 3419 4044 hujusmodi
3465 3988 3682 4028 secuit»

2092 4070 2218 4123 dum
2269 4069 2506 4126 litteram
2557 4069 2692 4139 legis
2734 4067 3113 4123 observantias
3160 4066 3375 4135 penitus
3410 4064 3687 4134 repudia-7

2094 4169 2236 4226 rent,
2267 4173 2367 4213 nec
2394 4166 2725 4229 occuparent
2760 4156 3052 4226 discipulos
3089 4156 3326 4210 Judaicis
3358 4154 3576 4220 fabulis,
3606 4163 3661 4211 et

2092 4250 2431 4318 imponerent
2456 4249 2541 4304 his
2562 4248 2771 4317 jugum,
2809 4247 2953 4316 quod
2998 4260 3173 4315 neque
3203 4246 3329 4315 ipsi,
3363 4259 3537 4314 neque
3563 4260 3683 4314 ρας.

2096 4351 2206 4397 tres
2235 4357 2421 4396 eorum
2456 4350 2676 4412 portare
2716 4337 3315 4409 potuerunt.”,,merito
3344 4337 3479 4391 duas
3512 4336 3662 4391 tunip

2094 4451 2188 4492 cas
2228 4435 2432 4490 habere
2466 4432 2841 4503 prohibentur,
2871 4433 2965 4487 sed
2994 4430 3190 4486 sufﬁcit
3212 4430 3294 4485 eis
3319 4444 3451 4494 una,
3473 4428 3665 4485 ethice

424 4522 564 4587 quod
591 4523 742 4588 dicit,
769 4528 893 4594 quia
921 4530 1240 4583 convocavit
1270 4529 1480 4601 Moyses
1504 4547 1717 4587 omnem
1757 4549 1989 4606 synago-
2022 4524 2063 4579 ι)
2092 4530 2339 4586 interior.
2376 4526 2521 4581 Nam
2546 4527 2704 4582 istam
2742 4542 2860 4598 quae
2893 4525 3029 4581 foris
3057 4534 3158 4589 est,
3191 4532 3247 4578 et
3280 4538 3400 4592 quae
3427 4524 3664 4591 desuper

424 4627 581 4681 gain,
619 4625 672 4667 et
709 4628 837 4683 puto
875 4620 1016 4688 quod
1056 4635 1353 4676 convocare
1386 4638 1737 4694 synagogarn,
1770 4627 1870 4681 hoc
1917 4629 1988 4683 sit

424 4704 680 4773 colligere
704 4723 887 4763 omnes
926 4712 1090 4765 animi
1118 4714 1238 4766 etin
1271 4730 1431 4766 unum
1461 4731 1789 4786 congregare
1819 4721 1988 4773 virtu-

424 4806 529 4862 tes,
562 4811 620 4853 ut
653 4815 775 4855 cum
817 4818 999 4859 sermo
1048 4806 1113 4859 de
1166 4808 1593 4863 sacerdotalibus
1630 4814 1990 4866 sacramentis

426 4892 677 4956 habetur,
710 4894 933 4963 vigilem
962 4911 1152 4952 omnes
1181 4899 1346 4952 animi
1378 4901 1628 4965 virtutes,
1676 4911 1732 4955 et
1772 4902 1990 4957 intentae

425 4981 556 5045 sint,
609 4985 741 5038 nihil
776 4986 826 5039 in
860 4988 940 5042 eis
974 4988 1285 5057 sapientize,
1341 4991 1481 5045 nihil
1516 4992 1760 5047 scientia:
1786 5033 1800 5056 ,
1841 4995 1990 5048 'nihil

425 5074 568 5129 desit
615 5076 895 5132 industriae
924 5118 939 5143 ,
987 5079 1081 5134 sed
1120 5079 1263 5134 adsit
1300 5082 1478 5136 omnis
1520 5081 1810 5138 multitudo
1863 5100 1990 5138 sen-

425 5179 606 5232 suum,
642 5168 784 5222 adsit
832 5169 1011 5225 omnis
1054 5172 1401 5240 congregatio
1438 5182 1747 5228 sanctarum
1782 5175 1991 5243 cogita-

426 5257 656 5321 tionum,
698 5270 755 5312 ut
785 5261 911 5327 quid
944 5262 1011 5316 sit
1054 5262 1314 5332 pontifex,
1349 5264 1478 5332 quid
1511 5266 1716 5332 unctio,
1753 5280 1872 5334 qua:
1910 5268 1990 5319 in-

428 5350 684 5405 dumenta
716 5351 832 5421 ejus
860 5394 873 5416 ,
928 5355 1217 5410 conferens
1274 5358 1414 5411 intra
1473 5360 1772 5413 sacrarium
1812 5361 1991 5417 cordis

497 5486 544 5521 ⁸ο
572 5488 770 5545 Genes.
798 5506 878 5553 m,
916 5493 1006 5546 21.
1098 5493 1139 5524 ⁸¹
1180 5493 1356 5549 Levit.
1393 5513 1507 5561 vni,
1536 5497 1592 5558 4,
1629 5498 1684 5553 5.

438 5559 482 5590 ⁸⁸
517 5562 684 5616 Galat.
743 5580 808 5621 v,
881 5562 936 5618 ‘2.
1013 5562 1059 5593 ⁸⁸
1081 5563 1287 5620 Coloss.
1323 5582 1382 5629 II,
1413 5559 1502 5620 i6.
1572 5569 1615 5600 ⁸⁷
1638 5571 1864 5629 Acl.xv.
1891 5574 1977 5628 l0.

431 5676 612 5800 i"('74)
642 5677 696 5731 ln
735 5677 865 5732 libb.
914 5681 1072 5736 editis
1122 5683 1305 5747 deest,
1339 5702 1356 5735 1
1392 5684 1510 5750 ille,
1546 5703 1564 5737 1
1596 5688 1690 5742 sed
1726 5688 1993 5755 reperitur

520 5763 646 5798 mss.

520 5763 646 5798 mss.

505 5817 614 5882 (7.))
649 5815 797 5871 Lib‘b.
825 5819 972 5881 editi,
1006 5839 1023 5871 1
1055 5820 1248 5892 inquit,
1282 5841 1298 5873 1
1329 5822 1418 5877 sed
1452 5838 1606 5881 tnss..
1639 5844 1654 5874 ι
1691 5826 1928 5897 inquam.
1964 5846 1982 5880 1

1806 5498 1851 5530 θ’
1893 5500 2071 5554 l'l‘im.
2107 5505 2163 5543 In
2225 5488 2279 5547 7.

2052 5568 2098 5600 ⁸⁸
2126 5561 2323 5613 Matth.
2355 5574 2408 5621 ν,
2443 5556 2528 5613 19.

2093 4632 2343 4693 apparet,
2374 4620 2508 4691 legis
2560 4618 2795 4674 tunicam
2856 4617 3066 4673 nolunt.
3113 4614 3289 4671 Unam
3319 4628 3552 4683 namque
3583 4614 3685 4669 eis.

2091 4713 2273 4778 Iesus,
2315 4723 2369 4768 et
2409 4713 2586 4784 ipsam
2634 4703 2954 4767 interiorem
2991 4710 3195 4763 habere
3225 4705 3520 4776 permittit.
3555 4704 3663 4759 lm-

2091 4807 2243 4876 ponit
2276 4805 2389 4877 (76)
2434 4815 2613 4858 tamen
2661 4803 2872 4872 Moyses
2904 4799 3143 4870 pontifici
3197 4809 3252 4853 et
3306 4796 3658 4864 humeralcm,

2093 4899 2185 4968 qui
2220 4907 2301 4953 est
2337 4897 2684 4951 humerorum
2720 4897 2940 4966 quidam
2974 4908 3042 4947 ex
3071 4892 3534 4946 circumductione
3565 4906 3660 4943 vc-

2093 4992 2193 5044 stis
2235 4998 2483 5044 ornatus.
2538 4987 2761 5042 Humeri
2813 4997 2991 5040 autem
3043 4998 3268 5055 operum
3297 4981 3539 5051 ﬁguram
3584 4989 3662 5033 te-

2094 5086 2245 5142 nent,
2281 5092 2345 5131 ae
2392 5075 2594 5130 laboris
2623 5074 2844 5130 indicia.
2878 5073 3005 5128 Vult
3032 5088 3163 5142 ergo
3200 5071 3505 5140 pontificem
3538 5083 3671 5124 esse

2093 5168 2258 5221 etiam
2286 5167 2340 5219 in
2373 5166 2629 5235 eperibus
2660 5174 2935 5234 ornatum,
2970 5180 3072 5221 nec
3115 5165 3313 5221 sufficit
3338 5164 3449 5220 sola
3483 5162 3667 5216 scien-

2098 5262 2191 5323 tia,
2228 5260 2354 5330 quia
2392 5278 2409 5309 ‹
2434 5259 2522 5328 qui
2567 5258 2764 5314 fecerit
2796 5267 2850 5314 et
2884 5258 3150 5327 docuerit,
3186 5260 3272 5314 hic
3305 5268 3532 5325 magnus
3565 5268 3665 5309 ve-

2097 5353 2313 5406 cabitur
2342 5352 2393 5411 in
2434 5365 2601 5421 regno
2630 5349 2891 5405 caelorum
2911 5351 2976 5405 ⁸⁸.
3003 5369 3020 5401 1

2398 5486 2445 5517 ⁸⁸
2476 5484 2605 5541 Luc.
2641 5501 2726 5552 tn,
2765 5486 2850 5542 lat.
2960 5485 3004 5517 9‘
3038 5483 3229 5538 Matth.
3260 5497 3312 5551 v,
3338 5482 3484 5535 27‘ct
3505 5493 3662 5551 seqq.

2147 5674 2293 5758 .(76)
2320 5674 2475 5758 bibl).
2511 5674 2662 5741 editi,
2696 5693 2722 5726 ι
2745 5674 3009 5742 imponet;
3041 5690 3058 5723 1
3096 5686 3196 5725 ms.
3250 5667 3665 5733 Gcmcticensis,

2106 5766 2123 5800 t
2148 5757 2389 5815 imponit.
2416 5763 2439 5795 1
