4124 6458
470 432 567 486 4⁸71

1928 432 2083 487 Οιιιυ
2100 432 2249 485 ὴΝἰῖὲ

3621 437 3727 490 473

544 552 595 605 4.
646 569 664 601 ι
692 551 748 603 Et
781 551 969 613 cinxit,
999 550 1266 618 inquit”,
1295 565 1417 605 eum
1453 551 1748 605 secundum
1785 551 2049 606 fac-turma
2082 558 2128 613 Α
2159 556 2285 621 quia
2328 572 2428 607 non
2466 567 2588 610 ante
2619 555 2751 609 alios
2792 556 3008 619 docere,
3041 571 3198 624 quam
3247 571 3345 609 nos
3385 556 3631 613 instructi
3672 568 3732 616 et

470 640 789 695 htltnet'alis.
818 661 835 692 ι
883 640 998 693 1am
1049 650 1101 695 et
1149 645 1399 709 superius
1460 644 1669 696 dixerat
1714 644 1839 712 quia
1878 644 2049 697 cinxit

470 747 592 784 eum
624 748 815 784 zonam
862 748 1027 800 super
1058 734 1319 797 tunicam,
1358 744 1411 787 et
1444 736 1605 787 modo
1643 735 1841 787 iterum
1868 736 2040 803 cingi-

474 836 562 877 tur
588 826 885 879 secundum
933 829 1201 880 facturam
1248 828 1565 883 humeralis.
1600 826 1754 896 Quod
1790 838 1872 881 est
1908 826 2049 879 istud

474 915 671 983 duplex
720 916 1018 984 cingulum,
1070 932 1181 986 quo
1234 918 1597 971 constrictum
1655 917 1768 969 vult
1818 932 1937 971 esse
1983 932 2049 969 ex

474 1008 619 1059 omni
657 1018 809 1077 parte
866 1010 1221 1077 pontificem?
1266 1012 1610 1066 Constrictus
1657 1009 1728 1063 sit
1776 1010 1827 1062 in
1862 1009 2047 1073 verbo,

475 1099 809 1154 constrictus
842 1101 894 1153 in
924 1117 1110 1170 opere,
1139 1103 1427 1171 expeditus
1458 1103 1525 1157 ad
1562 1101 1763 1165 omnia,
1801 1100 1934 1155 nihil
1960 1115 2049 1154 re-

476 1190 721 1256 missum,
755 1194 885 1247 nihil
917 1196 1115 1249 habeat
1140 1195 1483 1250 dissolutum.
1514 1194 1809 1249 Accinctus
1836 1195 1906 1247 sit
1935 1193 2051 1247 ani-

480 1284 549 1335 mi
585 1284 896 1349 virtutibus,
940 1286 1269 1340 constrictus
1301 1288 1368 1341 sit
1401 1302 1428 1340 a
1468 1286 1843 1355 corporalibus
1879 1287 2047 1350 vitiis,

477 1374 680 1427 nullum
727 1378 924 1431 animm
970 1377 1201 1447 lapsum,
1252 1378 1453 1432 nullum
1532 1380 1778 1448 corporis
1839 1383 2045 1443 timeat,

477 1476 709 1536 utroque
738 1470 955 1539 cingulo
984 1486 1203 1541 semper
1238 1482 1422 1523 utatur
1456 1480 1512 1523 ut
1560 1474 1631 1524 sit
1662 1481 1887 1525 sanctus
1920 1486 2047 1522 cor-

480 1571 611 1620 pore
643 1566 697 1610 et
726 1559 939 1626 spiritu.
975 1559 1119 1614 Bene
1146 1570 1328 1615 autem
1359 1571 1414 1615 et
1444 1564 1741 1615 secundum
1779 1562 2046 1616 facturam

477 1646 778 1703 hmneralis
828 1650 1085 1720 cingitur.
1140 1652 1451 1706 Secundum
1508 1654 1646 1707 facta
1697 1654 1839 1707 enim
1869 1669 1965 1706 sua
1994 1663 2049 1707 et

473 1740 769 1792 secundum
797 1757 959 1809 Opera
995 1758 1089 1796 sua
1110 1745 1331 1812 Cilthth
1370 1745 1585 1797 virtutis
1614 1746 1804 1799 utitur.
1833 1745 1895 1797 Et
1931 1754 2051 1813 post

475 1828 625 1891 haec,
685 1830 941 1897 inquit”,
1002 1833 1298 1901 «imposuit
1360 1851 1523 1903 super
1579 1851 1699 1889 eum
1754 1836 1989 1906 legium,
2025 1855 2042 1887 ι

471 1919 615 1985 quod
652 1931 733 1973 est
762 1920 1049 1985 rationale,
1093 1943 1110 1974 ι
1134 1937 1185 1978 et
1223 1926 1477 1993 imposuit
1506 1941 1668 1993 super
1696 1925 1895 1993 logium
1933 1941 2047 1978 ma-

479 2009 908 2075 nifestationem,
950 2025 1004 2069 et
1054 2017 1359 2077 veritatem,
1427 2026 1478 2069 el
1532 2017 1785 2086 imposuit
1829 2018 2043 2071 mitram

474 2116 639 2170 super
680 2114 845 2172 caput
887 2103 1021 2171 ejus.
1054 2123 1071 2155 ι
1127 2107 1232 2160 Sed
1283 2108 1562 2159 videamus
1632 2108 1760 2175 quid
1825 2107 2045 2175 legium,

475 2192 620 2259 quod
650 2203 732 2248 est
762 2197 1051 2261 rationale,
1086 2200 1371 2267 signiﬁcet.
1414 2198 1770 2265 Posteaquam
1830 2200 2046 2256 nuditas

475 2293 614 2336 tecta
649 2294 753 2347 est,
787 2296 842 2339 et
888 2288 1216 2342 indumentis
1252 2290 1523 2358 turpitudo
1547 2290 1719 2342 velata
1739 2291 1873 2359 (7'7),
1899 2301 2049 2358 post-

474 2389 704 2443 eaquam
750 2378 995 2434 munitus
1029 2380 1288 2447 operibus
1330 2390 1385 2434 et
1439 2382 1657 2450 cingulo
1704 2391 1932 2450 utroque
1956 2383 2049 2435 lir-

477 2476 657 2518 matus
683 2473 789 2532 est,
821 2466 1019 2537 legium
1056 2472 1125 2535 ei,
1165 2470 1215 2523 id
1263 2478 1345 2524 est
1383 2472 1667 2533 rationale,
1703 2481 1826 2524 tunc
1879 2472 2048 2524 tradi-

478 2562 587 2612 tur.
624 2553 853 2626 Logium
891 2560 1173 2630 sapientia:
1206 2562 1460 2617 indicium
1503 2564 1750 2629 est,quia
1783 2564 2047 2632 sapientia

479 2645 532 2697 in
569 2646 781 2700 ratione
819 2650 1096 2705 consistit.
1133 2651 1238 2704 Sed
1279 2667 1398 2720 qua:
1446 2653 1517 2706 sit
1560 2652 1845 2720 sapientia:
1888 2651 2049 2718 hujus

474 2748 527 2791 et
559 2739 785 2793 rationis
816 2742 987 2796 virtus
1020 2745 1279 2797 ostendit.
1333 2744 1562 2814 lmponit
1588 2746 1732 2799 enim
1764 2762 1927 2813 super
1965 2763 2049 2799 ra-

477 2832 757 2896 tionalem,
788 2834 1279 2889 manifestationem
1313 2846 1367 2890 et
1402 2837 1706 2889 veritatem.
1755 2837 1867 2890 Non
1901 2838 2045 2889 enim

478 2920 675 2973 suilicit
721 2922 963 2990 pontifici
1012 2922 1214 2979 habere
1264 2926 1625 2995 sapientiam,
1663 2935 1717 2979 et
1760 2928 1898 2981 scire
1933 2946 2050 2981 om-

477 3010 626 3063 nium
666 3016 949 3075 rationem,
995 3015 1097 3067 nisi
1151 3017 1320 3083 possit
1370 3018 1533 3070 etiam
1586 3018 1782 3086 populo
1826 3019 2049 3072 manife-

476 3110 623 3153 stare
651 3118 771 3169 quae
805 3103 975 3157 novit.
1008 3102 1132 3159 ldco
1157 3121 1286 3175 ergo
1325 3107 1620 3176 imponitur
1651 3108 1897 3162 rationali
1936 3126 2049 3162 ma-

473 3194 769 3257 nifestatio,
814 3205 872 3249 ut
908 3198 1079 3265 possit
1119 3200 1449 3265 respondere
1507 3200 1653 3253 omni
1696 3204 1935 3268 poscenti
1987 3217 2045 3256 se

473 3282 741 3335 rationem
797 3285 863 3337 de
910 3284 1011 3338 fide
1045 3292 1099 3339 et
1133 3286 1385 3340 veritate.
1419 3285 1644 3341 Ponitur
1671 3300 1849 3342 autent
1883 3306 2045 3359 super

472 3371 600 3423 illud
634 3382 691 3426 et
737 3374 963 3439 veritas,
993 3385 1052 3429 ut
1087 3392 1191 3430 non
1248 3377 1340 3431 illa
1392 3388 1628 3446 astruat,
1669 3396 1789 3449 quae
1823 3382 2045 3449 proprio

470 3464 787 3530 excogitare
838 3476 1014 3535 potest
1061 3467 1298 3538 ingenio,
1353 3470 1445 3522 sed
1475 3484 1596 3537 quae
1628 3472 1830 3524 veritas
1862 3471 2044 3537 habet,

473 3571 572 3609 nec
616 3572 852 3625 unquam
904 3574 933 3612 a
988 3560 1217 3614 veritate
1260 3561 1527 3624 discedant,
1565 3571 1620 3614 ut
1657 3562 1710 3616 in
1754 3565 1898 3618 onmi
1932 3580 2048 3618 ser-

475 3660 636 3699 mone
681 3645 800 3715 ejus
851 3661 1069 3717 semper
1114 3651 1320 3705 veritas
1354 3662 1594 3705 maneat.
1626 3652 1740 3708 lloe
1789 3663 1871 3708 est
1914 3670 2045 3724 ergo

471 3738 886 3806 superposuisse
944 3739 1193 3794 rationali
1247 3741 1736 3796 manifestationem
1769 3753 1821 3799 et
1858 3747 2047 3799 verita.

474 3838 601 3881 tem.
640 3827 890 3883 Infelices
923 3829 1020 3895 illi,
1049 3831 1140 3900 qui
1171 3833 1284 3885 hinc
1318 3831 1559 3901 legentes
1585 3849 1801 3889 omnem
1848 3836 2048 3890 intelli-

472 3919 707 3980 gentiam
762 3936 915 3975 suam
958 3937 1083 3994 erga
1136 3936 1356 3978 sensum
1406 3926 1718 3979 vestimenti
1742 3929 2043 3996 corporalis

470 4008 778 4065 cll'undunt!
808 4012 1002 4068 Dicant
1034 4014 1188 4069 nobis
1219 4014 1376 4083 quale
1401 4025 1483 4069 est
1515 4016 1895 4072 vestimentum
1930 4035 2043 4071 ma-

473 4102 864 4175 nifestationis,
914 4117 1008 4162 aut
1050 4109 1421 4163 indumentum
1455 4110 1613 4178 quale
1645 4121 1730 4164 est
1757 4111 2029 4165 veritatis.

473 4195 529 4249 Si
558 4196 681 4264 quis
715 4214 951 4268 unquam
984 4200 1133 4265 vidit,
1167 4201 1210 4253 si
1250 4201 1371 4270 quis
1406 4201 1614 4255 audivit
1650 4200 2044 4256 manifestatio-

471 4306 593 4344 nem
628 4302 685 4347 et
714 4294 999 4348 veritatem
1036 4296 1353 4350 vestimenta
1390 4296 1679 4358 nominari,
1713 4296 1895 4350 dicant
1943 4311 2041 4350 nov

474 4385 557 4437 bis
595 4400 714 4454 quae
761 4387 870 4440 sint
914 4389 1168 4442 mulieres
1217 4404 1337 4458 quae
1381 4389 1484 4444 ista
1535 4391 1785 4455 texerint,
1831 4391 1883 4443 in
1936 4403 2043 4459 quo

460 4466 592 4530 inec
644 4493 879 4547 unquam
911 4483 1024 4534 sint
1052 4481 1303 4536 confecta
1352 4483 1613 4535 textrino.
1644 4483 1748 4536 Sed
1777 4483 1823 4536 si
1853 4497 2039 4535 verum

2153 650 2505 703 rationabiles
2540 665 2661 703 esse
2692 649 2971 705 debemus.
3002 649 3176 718 Super
3218 650 3331 704 ltrec
3371 660 3549 705 autem
3577 652 3728 706 addi-

2154 748 2242 793 tur
2273 741 2493 803 veritas,
2521 740 2647 808 quia
2679 740 2882 793 veritas
2931 749 3013 793 est
3054 754 3261 793 summa
3306 740 3589 809 sapientia.
3625 741 3730 797 lle-

2152 834 2315 900 nique
2354 832 2614 900 propheta
2647 832 2791 885 hunc
2823 832 3075 885 eumdem
3108 832 3355 885 ordinem
3377 842 3559 885 servat
3588 848 3711 886 cum

2152 921 2351 975 dicit"
2382 937 2396 973 :
2436 940 2453 971 ‹
2489 920 2767 973 Sentinate
2815 921 2970 973 vobis
3012 922 3077 973 ad
3119 920 3411 989 justitiam,
3440 932 3494 974 et
3526 923 3716 975 metite

2152 1012 2391 1066 fructum
2434 1011 2577 1077 vitaz,
2614 1012 2916 1065 illuminate
2973 1013 3126 1066 vobis
3171 1011 3351 1064 lumen
3397 1014 3666 1068 scientia}.
3699 1031 3718 1065 ι

2152 1102 2318 1158 Vides
2346 1104 2617 1172 quomodo
2650 1118 2753 1157 non
2809 1104 2941 1156 dicit
2983 1104 3158 1171 primo
3188 1121 3205 1153 ι
3232 1103 3533 1157 illuminate
3576 1104 3727 1157 vobis

2151 1196 2331 1249 lumen
2384 1194 2645 1257 scientiae,
2674 1212 2693 1245 ι
2742 1194 2835 1247 sed
2886 1195 3060 1263 primo
3090 1212 3109 1245 ι
3160 1196 3421 1248 seminate
3471 1196 3625 1249 vobis
3658 1192 3725 1247 ad

2146 1286 2434 1357 justitiam,
2466 1305 2483 1337 ι
2521 1296 2577 1340 et
2611 1301 2715 1339 non
2758 1283 2955 1340 sullicit
3003 1285 3292 1349 seminare,
3340 1287 3433 1339 sed
3473 1305 3490 1337 ‹
3522 1288 3723 1348 metite,

2152 1377 2349 1447 inquit,
2378 1377 2611 1431 fructum
2645 1377 2788 1441 vitm,
2814 1396 2833 1430 ι
2871 1386 2927 1429 ut
2954 1386 3076 1446 post
3112 1378 3223 1431 lucc
3257 1378 3470 1446 possitis
3502 1378 3729 1447 implere

2150 1468 2293 1536 quod
2329 1469 2600 1536 sequitur,
2643 1486 2661 1519 ‹
2693 1468 2997 1523 illuminate.
3027 1468 3178 1521 vobis
3208 1468 3386 1521 lumen
3421 1470 3722 1523 scientiae.»

2152 1558 2244 1614 Sic
2276 1574 2410 1630 ergo
2447 1558 2613 1628 218
2641 1559 2805 1613 etiam
2852 1560 2941 1613 hic
2984 1559 3284 1628 imponitur
3312 1558 3607 1613 ltttmerztlis
3638 1576 3730 1613 or-

2151 1660 2332 1717 natus,
2384 1658 2437 1703 et
2487 1664 2592 1702 non
2641 1646 2839 1702 sullieit
2890 1648 3037 1703 solus
3089 1656 3315 1701 ornatus
3349 1646 3485 1718 (79),
3522 1648 3617 1699 sed
3670 1656 3726 1699 et

2152 1757 2286 1796 zona
2338 1738 2753 1807 constringitur.
2788 1739 2894 1794 Sed
2946 1754 3013 1794 ne
3065 1740 3164 1792 hoc
3198 1739 3413 1807 quidem
3458 1738 3590 1791 satis
3621 1748 3729 1802 est,

2153 1834 2391 1889 secundo
2431 1834 2607 1887 adhuc
2648 1832 2906 1900 cingitur,
2962 1841 3020 1885 ttt
3064 1832 3137 1885 ita
3193 1831 3410 1884 demum
3463 1831 3730 1885 rationale

2154 1926 2326 1996 possit
2373 1925 2601 1993 imponi,
2652 1933 2703 1978 et
2751 1934 2871 1992 post
2897 1925 3010 1978 hare
3042 1924 3405 1978 manifestatio
3434 1923 3727 1989 subsequa-

2153 2030 2242 2073 tur
2273 2027 2328 2071 et
2364 2019 2589 2072 veritas.
2619 2016 2713 2071 His
2745 2017 3075 2070 indumentis
3106 2017 3344 2085 pontifex
3375 2026 3577 2070 utatur.
3608 2015 3723 2068 Tali

2150 2120 2345 2164 ornatu
2380 2109 2533 2163 debet
2568 2109 2738 2173 indui,
2772 2110 2861 2176 qui
2896 2109 3254 2161 sacerdotium
3286 2110 3443 2168 gerit.

2224 2206 2275 2259 5.
2320 2204 2425 2259 Sed
2474 2202 2709 2257 nondum
2762 2202 2957 2263 finivit,
3000 2211 3057 2253 et
3110 2201 3246 2251 alius
3279 2200 3453 2251 adhuc
3500 2208 3726 2249 ornatus

2153 2294 2436 2349 addendos
2484 2304 2588 2357 εει,
2622 2306 2847 2346 necesse
2882 2302 2965 2345 est
3009 2302 3067 2344 ut
3113 2290 3347 2356 accipiat
3373 2290 3535 2341 etiam
3565 2303 3725 2338 coro-

2152 2402 2298 2441 nam.
2356 2384 2649 2454 Propterea
2695 2382 2891 2451 accipit
2937 2383 3109 2451 primo
3160 2381 3411 2445 cidarim,
3456 2380 3595 2447 quod
3643 2388 3727 2430 est

2150 2478 2236 2530 vel
2282 2477 2677 2543 operimentum
2735 2473 3004 2542 quoddam
3060 2472 3273 2538 capitis,
3308 2471 3388 2523 vel
3436 2484 3728 2523 ornamen-

2154 2579 2285 2621 tum.
2325 2566 2393 2619 Et
2428 2575 2548 2634 post
2584 2564 2699 2618 haec
2746 2564 3209 2631 superimponitur
3259 2562 3304 2614 ei
3354 2560 3533 2613 mitra.
3582 2564 3725 2612 Ante

2151 2655 2369 2717 faciem,
2411 2653 2464 2705 id
2514 2662 2603 2717 est,
2643 2666 2672 2703 a
2728 2650 2902 2703 fronte
2956 2650 3250 2719 pontificis,
3301 2649 3499 2701 lamina
3558 2664 3720 2702 aurea

2151 2746 2514 2811 sanctificata,
2538 2745 2591 2798 in
2618 2758 2721 2812 qua
2748 2743 3015 2812 sculptum
3036 2743 3241 2796 dicitur
3260 2740 3577 2794 vocabulum
3603 2740 3718 2793 Dei.

2157 2842 2356 2895 Verum
2386 2840 2492 2892 iste
2515 2837 2710 2907 capitis
2736 2847 2985 2896 ornatus,
3018 2836 3105 2887 ubi
3138 2850 3330 2887 nomen
3374 2834 3463 2886 Dei
3500 2832 3723 2901 imposi-

2158 2944 2271 2987 tum
2308 2932 2530 2995 dicitur,
2570 2938 2690 2997 post
2722 2927 2813 2981 illa
2869 2926 3049 2980 omnia
3081 2928 3281 2995 quibus
3314 2925 3567 2978 inferiora
3601 2939 3721 2976 eor-

2151 3024 2298 3094 poris
2330 3022 2572 3076 membra
2630 3019 2849 3073 fuerant
2903 3029 3186 3080 exornata,
3232 3021 3631 3085 superponitur.
3664 3013 3720 3067 lu

2152 3131 2261 3184 quo
2293 3112 2421 3167 mihi
2458 3110 2688 3164 indicari
2716 3108 2951 3169 videtur,
2985 3109 3128 3174 quod
3176 3119 3337 3172 super
3367 3105 3573 3162 munia,
3602 3118 3723 3170 qua:

2151 3207 2217 3259 de
2249 3206 2447 3257 mundo
2484 3200 2565 3255 vel
2598 3202 2664 3253 de
2691 3198 2907 3253 creteris
2956 3195 3224 3249 creaturis
3271 3194 3482 3255 sentiri,
3517 3203 3606 3244 aut
3642 3194 3726 3244 iu-

2152 3295 2317 3365 telligi
2360 3302 2607 3363 possunt,
2634 3290 2967 3344 eminentior
3019 3299 3276 3354 tauquam
3328 3285 3568 3338 auctoris
3600 3300 3719 3335 ont-

2148 3389 2296 3442 nium
2345 3387 2571 3441 scientia
2627 3382 2721 3437 Dei
2764 3383 2852 3436 sit.
2882 3380 2947 3434 Et
2994 3382 3121 3449 quia
3158 3381 3270 3447 ipse
3292 3388 3456 3444 caput
3483 3386 3567 3429 est
3606 3390 3723 3428 om-

2148 3482 2319 3545 nium,
2352 3480 2473 3533 ideo
2502 3487 2557 3531 et
2580 3486 2807 3531 ornatus
2828 3474 2927 3527 iste
2953 3488 3114 3542 super
3134 3471 3313 3524 omnia
3342 3470 3499 3536 capiti
3532 3484 3723 3537 super-

2147 3572 2389 3640 ponitur.
2417 3568 2559 3622 Niltil
2588 3566 2732 3622 enim
2756 3576 2876 3635 post
2905 3567 3018 3618 luce
3046 3562 3295 3631 adjicitur
3330 3560 3597 3629 pontificis
3630 3573 3722 3612 ca-

2148 3661 2268 3732 piti.
2306 3659 2369 3714 Et
2393 3660 2510 3714 ideo
2541 3657 2724 3711 miseri
2750 3664 2877 3709 sunt
2907 3654 2979 3706 illi
3012 3654 3078 3706 de
3108 3652 3303 3719 quibus
3330 3647 3459 3701 dicit
3486 3648 3719 3715 Aposto-

2149 3753 2317 3816 lus",
2347 3752 2476 3820 quia
2507 3764 2615 3804 non
2668 3755 2850 3801 tenent
2889 3764 2906 3797 ι
2932 3755 3115 3814 caput,
3152 3758 3218 3796 ex
3259 3757 3365 3810 quo
3391 3738 3567 3795 oumis
3593 3737 3719 3805 jun-

2148 3854 2295 3899 ctura
2329 3856 2572 3899 connexa
2599 3847 2653 3894 et
2686 3838 3063 3905 compaginata
3092 3833 3291 3887 crescit
3322 3833 3371 3883 in
3420 3830 3722 3883 incretneuo

2150 3946 2261 3991 tum
2295 3935 2385 3988 Dei
2424 3935 2476 3987 in
2511 3931 2727 4000 spiritu.
2762 3946 2781 3980 ι
2818 3928 2923 3980 Sed
2950 3940 3049 3978 nos
3094 3925 3139 3977 si
3191 3925 3329 3977 bene
3360 3917 3722 3972 intelleximus

2147 4028 2269 4096 quis
2304 4027 2373 4079 sit
2412 4022 2711 4079 sacerdotis
2737 4026 2983 4079 ornatus,
3020 4015 3180 4083 quive
3205 4026 3367 4081 super
3414 4009 3595 4064 omnia
3624 4008 3721 4059 Ιιυ-

2150 4134 2247 4172 nor
2279 4118 2471 4185 capitis
2513 4114 2652 4182 ejus,
2682 4110 3071 4182 mysteriorum
3107 4106 3415 4159 divinorum
3449 4100 3717 4170 profunda

2149 4212 2436 4273 rimantes,
2467 4222 2573 4261 non
2618 4206 2760 4259 scire
2807 4210 3019 4254 tantum
3061 4200 3174 4252 haec
3208 4204 3261 4249 et
3292 4195 3498 4256 audire,
3531 4191 3621 4244 sed
3668 4197 3723 4242 et

2149 4300 2373 4368 implere
2416 4296 2792 4352 desideremus
2824 4301 2879 4346 et
2926 4289 3127 4352 facere,
3154 4287 3277 4355 quia
3310 4299 3412 4335 non
3446 4281 3724 4334 auditores

2147 4390 2281 4459 legis
2308 4387 2757 4456 justilicabuntur
2801 4381 2942 4450 apud
2977 4381 3163 4439 Deum,
3201 4375 3294 4429 sed
3325 4372 3579 4425 factores.
3616 4369 3719 4422 l’o-

2148 4491 2227 4537 tes
2261 4482 2403 4535 enim
2429 4488 2483 4532 et.
2512 4488 2590 4541 tu,
2627 4486 2684 4529 ut
2720 4489 2862 4543 saepe
2891 4471 2999 4539 jam
3035 4470 3293 4529 diximus,
3338 4465 3383 4517 si
3429 4461 3622 4514 studiis
3666 4467 3723 4512 et

468 4568 632 4622 vultis
686 4570 893 4632 audire,
933 4572 1196 4639 sapientia
1228 4583 1311 4625 est
1356 4586 1477 4639 qua
1513 4572 1818 4641 hujusmodi
1854 4572 2039 4626 confe-
2074 4580 2120 4638 D
2152 4572 2349 4641 vigiliis
2399 4569 2505 4623 tuis
2548 4563 2923 4633 hujuscemodi
2974 4561 3070 4614 tibi
3116 4553 3508 4629 praeparaveris
3563 4552 3720 4603 indu-

468 4659 543 4710 cit
602 4658 940 4714 indumenta.
992 4662 1082 4715 llla
1138 4662 1478 4717 occultorum
1517 4662 2036 4727 manifestationem,

470 4750 558 4804 illa
593 4752 726 4806 texit
760 4768 937 4807 rerum
962 4755 1204 4808 omnium
1233 4755 1538 4811 veritatem.
1574 4752 1727 4809 Hanc
1753 4771 1885 4825 ergo
1911 4770 2040 4810 ore-

471 4859 589 4898 mus
625 4860 652 4897 a
688 4843 916 4900 Domino
941 4846 1053 4919 (78)
1091 4857 1149 4899 ut
1175 4848 1423 4915 accipere
1469 4862 1797 4912 mereamur,
1835 4858 1889 4902 et
1926 4849 2041 4917 ipsa

475 4952 575 4991 nos
627 4936 826 4993 talibus
876 4940 1239 4994 circumdabit
1290 4939 1639 4994 indumentis.
1687 4941 1790 4994 Sed
1841 4948 1894 4993 et
1929 4940 2043 5008 ipse

470 5028 610 5082 ordo
640 5044 822 5082 rerum
858 5045 1020 5097 quam
1055 5039 1277 5084 sanctus
1311 5030 1404 5095 sit,
1438 5040 1491 5082 et
1537 5044 1699 5098 quam
1752 5030 2038 5095 mirabilis,

469 5120 697 5175 intuere.
735 5118 850 5173 Non
882 5121 1248 5191 antelogium,
1288 5130 1338 5175 et
1373 5129 1555 5191 postea
1594 5122 2035 5187 humerale,quia

469 5227 572 5264 non
601 5220 727 5265 ante
774 5213 1040 5280 sapientia
1088 5227 1249 5282 quam
1302 5227 1489 5280 Opera,
1526 5212 1619 5265 sed
1676 5212 1825 5280 prius
1872 5228 2034 5278 opera

469 5304 655 5358 luberi
703 5304 921 5368 debent,
963 5313 1016 5358 et
1062 5315 1254 5375 postea
1298 5304 1587 5372 qumreuda
1638 5304 1904 5373 sapientia
1933 5315 2033 5359 est.

468 5394 605 5451 Tum
643 5399 838 5453 deinde
866 5414 969 5452 non
1006 5409 1130 5452 ante
1165 5396 1534 5450 ntauifestatio
1560 5410 1719 5463 quam
1752 5399 2033 5462 rationale,

2148 4674 2356 4729 menta,
2390 4662 2435 4715 si
2476 4670 2529 4715 te
2559 4660 2811 4722 ablueril,
2842 4665 2897 4708 et
2930 4653 3186 4708 mundum
3219 4648 3409 4703 fecerit
3436 4658 3613 4697 sermo
3643 4641 3720 4693 le-

2147 4757 2250 4826 gis,
2281 4764 2335 4808 et
2373 4752 2558 4805 unctio
2605 4748 2945 4810 chrismatis,
2976 4754 3030 4797 et
3072 4740 3248 4810 gratia
3297 4740 3349 4791 iu
3386 4747 3434 4789 te
3465 4730 3720 4826 baptismi

2148 4822 2578 4898 incontaminata
2622 4838 2924 4901 duraverit,
2989 4838 3032 4889 si
3086 4834 3309 4887 indutus
3348 4825 3513 4880 fueris
3565 4822 3718 4875 indu-

2147 4936 2343 4990 mentis
2379 4933 2688 5001 duplicibus
2715 4931 2916 4984 littera:
2945 4942 3008 4980 ac
3054 4926 3308 4994 spiritus.
3341 4921 3383 4974 si
3426 4920 3591 4972 etiam
3620 4917 3719 4966 du-

2148 5029 2365 5097 pliciter
2400 5023 2731 5094 aeciugaris,
2764 5030 2823 5075 ut
2862 5031 3032 5075 carne
3074 5027 3128 5071 et
3176 5017 3358 5068 animo
3387 5023 3577 5065 castus
3618 5007 3714 5071 sis,

2145 5121 2189 5173 si
2218 5116 2487 5174 humerali
2526 5130 2778 5185 operum,
2809 5120 2864 5166 et
2890 5109 3169 5179 sapientiae
3201 5105 3448 5159 rationali
3481 5100 3718 5163 orncris,

2145 5214 2188 5265 si
2209 5213 2373 5266 etiam
2404 5207 2681 5263 mitratibi
2711 5214 2764 5260 et
2793 5204 2992 5258 lamina
3024 5216 3210 5262 aurea,
3236 5195 3511 5266 plenitudo
3542 5193 3721 5245 scicn-

2145 5305 2233 5358 tia“:
2261 5303 2353 5358 Dei
2391 5310 2557 5371 caput
2585 5306 2833 5359 coronet,
2871 5295 3013 5350 scito
3043 5302 3094 5347 te
3123 5289 3338 5345 etiamsi
3374 5287 3515 5356 apud
3541 5282 3714 5339 homi-

2146 5412 2244 5452 nes
2296 5396 2466 5451 lateas
2494 5403 2550 5449 et
2586 5388 2877 5461 ignoreris,
2918 5387 3059 5454 apud
3116 5383 3284 5437 Deum
3341 5390 3518 5434 tamen
3561 5384 3721 5443 agere

555 5537 597 5569 ⁸⁸
627 5537 799 5592 Levit.
832 5502 944 5600 viti,
972 5537 1021 5590 7.
1091 5538 1135 5567 "’
1165 5538 1319 5597 ibid.,
1351 5536 1405 5591 8.
1502 5534 1709 5591 "Osee.
1746 5554 1797 5603 ς,
1835 5537 1918 5592 12.
1998 5538 2185 5595 ⁹².(ἶοι.
2221 5553 2281 5602 ιι,
2317 5538 2401 5593 l9.

473 5737 490 5778 ι
541 5657 653 5726 (ἾἹ)
685 5658 885 5713 Omnes
924 5674 1076 5720 mss.,
1126 5677 1143 5706 ι
1169 5657 1365 5711 velata.
1394 5675 1411 5706 ι
1449 5656 1608 5715 Libb.
1645 5660 1793 5723 editi,
1840 5679 1855 5710 ι
1893 5661 2041 5714 vela-

496 5744 577 5778 lll'.
614 5746 634 5778 ι

542 5796 655 5866 (78)
684 5796 887 5851 Omnes
922 5812 1076 5861 mss,
1111 5816 1126 5846 α
1156 5812 1181 5849 a
1211 5796 1457 5853 Domino.
1496 5818 1510 5848 ι
1540 5797 1702 5857 Libb.
1732 5799 1884 5866 editi,
1921 5818 1937 5851 ι
1971 5800 2037 5854 ad

477 5868 778 5924 Dominum.
807 5886 823 5918 ο

2224 5660 2335 5731 (79)
2367 5660 2422 5713 ln
2468 5674 2600 5712 mss.
2633 5658 2853 5731 deest,_t
2883 5656 3034 5712 solus
3071 5661 3320 5731 ornatus:
3347 5668 3367 5702 ι
3397 5647 3545 5731 intra
3588 5659 3718 5731 mss.

2148 5717 2372 5794 habent,
2414 5740 2510 5781 «et
2552 5731 2691 5786 alius
2744 5717 2919 5784 adhuc
2967 5736 3213 5781 ornatus.
3251 5739 3270 5772 ι
3304 5721 3359 5775 lu
3396 5717 3521 5772 libb.
3562 5717 3720 5771 editis

2146 5803 2319 5866 deest,
2362 5819 2378 5852 t
2402 5800 2554 5854 alius.
2580 5817 2599 5851 ι
