4124 6412
511 388 539 450 ι
548 392 614 448 75

1992 382 2315 443 OithENiS

3685 380 3788 436 476

514 508 841 563 meditantes
879 509 941 563 in
989 508 1095 575 his,
1137 517 1194 563 et
1243 508 1359 563 haec
1398 507 1489 562 die.
1520 522 1583 563 ac
1612 514 1774 563 nocte
1801 506 1866 560 ad
1900 520 2106 561 memo-
2134 505 2179 560 A
2208 501 2451 564 dotibus,
2488 500 2570 552 vel
2618 498 2959 569 principibus
2991 500 3337 555 sacerdotum
3392 502 3519 558 vitae
3576 507 3790 577 regulas

510 602 647 653 riam
684 608 1027 665 revocantes,
1052 609 1106 653 et
1128 598 1368 653 orationi
1403 598 1674 653 instantes
1714 613 1778 653 ac
1812 597 2102 667 vigilantes

508 688 563 743 in
598 703 684 751 ea,
715 687 1070 757 deprecemur
1114 688 1405 742 Dominum
1438 697 1498 743 ut
1547 688 1704 743 nobis
1757 689 1872 758 ipse
1907 690 2100 742 borum

507 793 631 845 quae
667 779 899 849 legimus
929 778 1216 834 scientiam
1242 780 1488 836 revelare
1518 780 1791 851 dignetur,
1824 790 1877 835 ct
1907 791 2098 836 osten-

507 872 640 925 dere
676 873 952 938 quomodo
996 872 1302 941 spiritalem
1336 871 1511 941 legem
1553 888 1661 926 non
1699 873 1878 927 solum
1915 874 1968 927 in
2018 873 2102 927 in-

505 960 831 1031 telligentia,
860 964 953 1016 sed
980 973 1036 1016 et
1062 963 1113 1016 in
1139 964 1353 1018 actibus
1384 965 1758 1030 observemus,
1790 974 1850 1021 ut
1882 966 2098 1035 spirita-

505 1051 856 1119 lemgratiam
875 1058 1133 1123 conseqnl
1158 1071 1470 1111 mereamur
1498 1057 1785 1114 illuminati
1806 1074 1899 1128 per
1923 1058 2096 1129 legem

504 1142 741 1211 Spiritus
772 1146 972 1213 sancti,
1007 1146 1059 1199 in
1088 1145 1456 1203 CliristoJesu
1484 1150 1717 1206 Domino
1743 1161 1949 1214 nostro,
2005 1151 2094 1207 cui

503 1240 585 1284 est
607 1230 773 1301 gloria
796 1244 849 1287 et
880 1233 1166 1303 imperium
1212 1236 1264 1290 in
1298 1238 1499 1294 saecula
1523 1241 1867 1295 saeculorum.
1901 1243 2092 1296 Amen.

1071 1352 1359 1409 ilOMILlA
1415 1356 1525 1410 V'll.

503 1440 579 1494 De
610 1458 669 1495 eo
706 1446 844 1512 quod
872 1446 1180 1499 mandatam
1209 1459 1281 1519 est
1317 1440 1497 1502 Aaron
1527 1459 1572 1502 et
1602 1449 1731 1517 ﬁliis
1763 1452 1895 1519 ejus,
1933 1462 1987 1503 ut
2014 1452 2091 1504 ri-

574 1530 696 1564 num
723 1524 773 1566 et
801 1518 1021 1568 siceram
1055 1534 1158 1569 non
1201 1518 1405 1581 bibant,
1441 1536 1557 1570 cum
1608 1518 1979 1587 ingrediuntur
2016 1532 2097 1576 la-

575 1586 918 1637 bernaculam
944 1586 1249 1649 testimonii,
1280 1589 1355 1641 vel
1382 1605 1498 1641 cum
1523 1586 1776 1643 accedunt
1805 1596 1872 1642 ad
1899 1590 2091 1657 altare,

572 1665 618 1705 et
655 1655 717 1729 (Ie
760 1658 1070 1729 pectusculo
1096 1658 1465 1729 appositionis,
1505 1668 1551 1711 et
1598 1663 1662 1713 de
1700 1662 1913 1713 brachio
1942 1655 2093 1729 sepaé

573 1725 817 1796 rationis,
852 1728 986 1778 etde
1012 1728 1224 1781 mundis
1256 1739 1301 1781 et
1331 1729 1615 1783 immundis
1647 1725 2091 1796 animalibus,vel

574 1793 699 1845 cibis
728 1794 792 1844 9’.

2204 607 2431 663 ponens,
2467 593 2597 647 dicit
2627 607 2720 646 eos
2750 608 2855 647 non
2894 591 3095 648 debere
3116 608 3238 649 esse
3270 595 3435 666 220
3460 598 3583 654 vino
3618 601 3790 659 multo

2203 685 2531 749 servientes,
2552 672 2653 738 sed
2687 685 2903 739 sobrios
2928 700 3051 741 esse
3082 688 3124 740 ⁸.
3169 684 3454 745 Sobrietas
3486 693 3629 746 enim
3668 709 3786 749 om-

2202 779 2350 830 nium
2380 779 2640 832 virtutum
2677 789 2853 834 mater
2887 788 2992 846 est,
3023 779 3168 836 sicut
3202 786 3515 841 econtrario
3545 789 3786 847 ebrietas

2200 868 2445 922 onmium
2473 871 2756 925 vitiorum.
2790 873 2992 941 Aperte
3023 873 3173 927 enim
3218 880 3599 945 pronuntiavit
3642 884 3786 951 Apo-

2200 961 2374 1016 stolus
2403 963 2590 1018 dicens
2620 966 2641 997 ⁵
2678 980 2693 1018 :
2734 983 2752 1015 ι
2796 964 3015 1028 Vinum,
3060 967 3113 1021 in
3146 983 3255 1038 quo
3280 979 3364 1024 est
3395 971 3630 1040 luxuria,
3668 994 3686 1027 ι
3729 987 3787 1032 ιιι

2198 1054 2513 1110 ostenderet
2542 1072 2608 1110 ex
2634 1056 2919 1121 ebrietate,
2951 1056 3117 1113 veluti
3163 1060 3583 1130 primogenitum
3614 1066 3782 1122 tiliam

2199 1147 2451 1216 generari
2487 1146 2779 1202 luxuriam.
2814 1146 2950 1201 Tum
2986 1159 3252 1219 prmterea
3288 1161 3341 1205 et
3383 1152 3654 1222 Salvator,
3681 1158 3787 1212 Do-

2198 1238 2331 1292 mini
2363 1249 2417 1292 et
2447 1241 2591 1311 regis
2619 1243 2955 1298 auctoritate
3001 1245 3383 1301 sacerdotibus
3421 1249 3581 1302 simul
3613 1260 3668 1304 et
3698 1266 3787 1319 po-

2196 1328 2305 1396 puli
2344 1328 2489 1398 leges
2517 1346 2579 1383 ac
2602 1331 2727 1401 jura
2758 1334 3101 1389 constituens
3132 1353 3144 1387 :
3176 1352 3195 1386 ι
3216 1335 3518 1403 Attendile,
3549 1341 3781 1409 inquit“,

2196 1436 2264 1474 ne
2298 1420 2437 1475 forte.
2485 1433 2783 1492 graventur
2839 1427 3005 1478 corda
3042 1434 3223 1480 vestra
3286 1428 3340 1481 in
3386 1430 3784 1495 elirietate,'et

2196 1513 2443 1582 crapula,
2477 1525 2533 1569 et
2561 1517 2613 1568 in
2649 1516 3108 1570 sollicitudinibus
3152 1518 3360 1586 saeculi,
3393 1530 3449 1576 et
3478 1525 3659 1578 veniat
3690 1542 3783 1580 su-

2195 1619 2291 1673 per
2328 1622 2420 1662 vos
2473 1596 2797 1663 subitaneus
2850 1610 3123 1665 interitus.
3174 1630 3193 1663 »
3250 1615 3496 1669 Audistis
3541 1618 3780 1674 edictum

2196 1696 2360 1768 Regis
2390 1704 2600 1765 teterni,
2628 1712 2685 1757 et
2722 1702 3130 1757 lamentabilem
3164 1705 3326 1760 finem
3366 1710 3651 1766 ebrietatis
3696 1715 3779 1769 vel

2196 1793 2436 1863 crapula:
2464 1796 2758 1852 didicistis.
2808 1798 2863 1852 Si
2898 1801 3023 1868 quis
3058 1801 3209 1856 vobis
3239 1802 3447 1869 peritus
3475 1812 3531 1857 et
3560 1807 3782 1874 sapiens

572 1880 735 1935 Plura
765 1885 984 1952 quidem
1016 1885 1286 1954 superiori
1317 1888 1548 1944 lectione
1578 1891 1797 1945 fuerunt
1836 1894 2075 1960 recitata,

2189 1886 2434 1938 medicus
2461 1886 2545 1939 bis
2574 1888 2706 1957 ipsis
2738 1891 2919 1945 verbis
2956 1868 3302 1959 praeciperet,
3336 1902 3391 1945 et
3425 1893 3652 1961 diceret,
3688 1895 3781 1949 At—

493 1988 561 2027 ei;
593 1974 792 2042 quibus
848 1978 1114 2045 temporis
1157 1981 1425 2036 brevitate
1469 1986 1751 2039 constricti
1783 2001 1950 2054 pauca
1986 1990 2082 2041 ad-

498 2068 719 2122 modum
754 2068 1019 2128 diximus.
1063 2070 1180 2133 Non
1230 2074 1375 2127 enim
1413 2090 1557 2131 nunc
1587 2079 1889 2146 exponendi
1940 2078 2085 2132 Seri-

496 2169 706 2229 pturas,
735 2162 827 2215 sed
856 2162 1166 2219 aediﬁcandi
1205 2164 1482 2221 Ecclesias
1530 2169 1889 2223 ministerium
1940 2174 2083 2240 geri-

500 2271 641 2320 mus,
677 2259 932 2325 quamvis
956 2268 1011 2313 et
1039 2274 1104 2313 ex
1139 2260 1245 2324 his,
1280 2276 1402 2330 qua:
1448 2276 1476 2315 a
1509 2261 1665 2317 nobis
1692 2273 1818 2318 ante
1851 2274 2080 2321 traeiata

496 2358 646 2412 sunt,
680 2350 918 2418 prudens
953 2352 1181 2420 quisque
1229 2355 1444 2409 auditor
1474 2356 1756 2411 evidentes
1785 2358 1849 2411 ad
1885 2360 2083 2415 intelli-

494 2441 729 2508 gendum
764 2445 935 2512 possit
958 2446 1183 2499 semitas
1210 2447 1479 2502 invenire.
1509 2448 1575 2501 Et
1598 2450 1717 2505 ideo
1746 2468 1812 2506 ex
1842 2453 1925 2507 bis
1947 2470 2081 2524 quo-

493 2545 623 2595 que,
659 2546 784 2600 quae
836 2549 981 2588 nunc
1031 2535 1172 2589 lecta
1231 2547 1379 2605 sunt,
1414 2541 1673 2607 quoniam
1722 2553 1920 2597 cuncta
1974 2562 2080 2600 non

501 2637 813 2690 possumus,
842 2627 1020 2696 aliqua
1060 2636 1265 2694 tamen,
1301 2646 1421 2699 qua:
1460 2632 1728 2687 aedificent
1778 2637 2077 2705 auditores,

492 2715 641 2768 velut
676 2719 790 2784 agri
827 2718 995 2787 pleni,
1023 2736 1185 2790 quem
1215 2723 1494 2778 benedixit
1521 2724 1799 2791 Dominus,
1829 2727 2081 2788 ﬂosculos

493 2809 835 2879 colligemus.
869 2810 1007 2877 Quid
1046 2828 1177 2881 ergo
1226 2815 1297 2868 sit
1337 2817 1481 2887 quod
1521 2818 1679 2871 nobis
1707 2836 1848 2875 nunc
1880 2822 2078 2878 lectum

494 2912 599 2965 est,
633 2903 935 2958 videamus.
979 2923 997 2956 ι
1041 2905 1107 2959 Ει
1137 2906 1353 2963 locutus
1380 2920 1459 2965 est
1494 2913 1754 2969 Dominus
1782 2919 1965 2972 Aaron
1999 2919 2082 2973 di-

490 3010 622 3048 rens
657 3010 671 3047 :
711 2993 910 3051 Vinum
936 3007 990 3051 et
1024 2999 1259 3053 siceram
1309 3017 1414 3055 non
1459 3005 1656 3061 bilietis
1694 3017 1747 3061 tu
1779 3019 1832 3062 et
1867 3010 1960 3063 lilii
1999 3020 2081 3065 te-

489 3102 635 3153 rnm,
688 3103 811 3142 cum
872 3092 1150 3146 intrabitis
1197 3094 1247 3147 in
1296 3098 1701 3156 tabernaculum
1757 3104 2075 3173 testimonii,

489 3187 587 3229 aut
617 3194 745 3234 eum
773 3183 1031 3237 acceditis
1055 3183 1121 3238 ad
1151 3185 1345 3251 altare,
1377 3196 1431 3242 et
1465 3205 1569 3244 non
1613 3195 1943 3250 moriemini.
1976 3197 2077 3253 Le-

488 3267 738 3334 gitimum
763 3274 1031 3325 aeternum
1073 3272 1124 3326 in
1159 3277 1449 3345 progenies
1482 3293 1712 3348 vestras,
1761 3286 2077 3344 discernere

487 3357 630 3411 inter
683 3361 920 3415 medium
977 3374 1287 3421 sanctorum
1351 3377 1405 3422 et
1455 3375 1973 3443 cootaminatorum,
2021 3389 2076 3434 et

486 3448 636 3503 inter
695 3453 931 3505 medium
1005 3453 1428 3521 immundorutn,
1502 3472 1555 3515 et
1625 3464 1768 3519 inter
1839 3469 2074 3523 medium

490 3540 839 3603 mundorum,
904 3549 958 3596 et
1006 3545 1273 3600 instruere
1337 3548 1476 3602 filios
1526 3550 1693 3608 Israel
1729 3558 1909 3609 omnia
1940 3558 2075 3627 legi-

487 3635 616 3684 tima
675 3648 795 3700 quae
861 3634 1070 3691 loeutus
1115 3648 1198 3693 est
1262 3642 1523 3698 Dominus
1575 3648 1641 3700 ad
1692 3662 1786 3703 eos
1826 3666 1922 3719 per
1960 3667 2076 3705 ma-

485 3737 615 3777 num
674 3725 839 3797 Moysi
889 3728 928 3783 ³.
975 3748 994 3782 ι
1030 3728 1141 3785 Lex
1200 3735 1419 3789 evidens
1473 3738 1653 3807 datur,
1708 3750 1762 3796 et
1820 3746 2076 3799 sacerdo-

487 3816 651 3882 tibus,
694 3826 745 3871 et
791 3820 1020 3890 principi
1063 3828 1433 3892 sacerdotum,
1482 3840 1687 3886 utcum
1718 3837 2072 3892 acceduntad

484 3907 677 3973 altare,
709 3909 832 3963 vino
850 3911 1178 3981 abstineant,
1205 3926 1261 3972 et
1290 3920 1434 3974 omni
1466 3932 1590 3991 potu
1624 3929 1765 3993 quod
1802 3928 2074 3985 inebriare

485 4007 681 4069 potest,
706 4002 849 4071 quod
884 3998 1183 4074 Scriptura:
1232 4010 1429 4065 divina:
1467 4015 1841 4083 appellatione
1869 4002 2068 4074 verna-

486 4090 633 4158 cula,
667 4094 900 4151 siceram
932 4099 1100 4153 moris
1128 4111 1211 4154 est
1237 4106 1540 4160 nominare.
1570 4106 1697 4162 Vult
1728 4125 1857 4178 ergo
1886 4126 2067 4167 sermo

485 4186 704 4242 divinus
736 4191 947 4246 sobrios
983 4192 1032 4245 in
1062 4196 1316 4251 omnibus
1347 4214 1466 4255 esse
1492 4201 1700 4255 Domini
1734 4206 2065 4270 sacerdotes,

485 4286 673 4344 utpote
700 4279 791 4348 qui
824 4282 1148 4339 accedentes
1187 4287 1251 4340 ad
1309 4288 1479 4344 altare
1529 4291 1625 4347 Dei
1664 4308 1821 4348 orare
1852 4310 1946 4363 pro
1974 4312 2069 4364 po-

483 4368 612 4437 pulo
651 4369 910 4437 debeant,
959 4385 1013 4430 et
1062 4392 1162 4444 pro
1209 4380 1407 4435 alienis
1454 4383 1784 4440 intervenire
1831 4386 2065 4454 delictis,

483 4462 577 4529 qui
612 4465 918 4531 portionem
959 4467 1010 4521 in
1047 4479 1188 4523 terra
1220 4488 1327 4526 non
1371 4474 1630 4541 habeant,
1671 4478 1764 4531 sed
1804 4479 1917 4547 ipse
1961 4481 2066 4535 Do~

2184 1976 2389 2029 tendite
2423 1977 2599 2045 vobis,
2652 1995 2721 2033 ne
2752 1984 2898 2050 quis,
2932 1987 3081 2040 verbi
3119 1989 3319 2055 gratia,
3374 1987 3444 2044 de
3492 1991 3657 2058 illius,
3693 1997 3775 2048 vel

2182 2065 2327 2123 illius
2362 2070 2541 2126 herba:
2580 2089 2746 2130 succo
2800 2079 3015 2133 avidius
3048 2092 3229 2136 sumat
3260 2098 3274 2147 ;
3302 2086 3449 2152 quod
3478 2087 3522 2139 si
3556 2085 3774 2150 fecerit,

2183 2163 2394 2216 subitus
2424 2165 2471 2218 ei
2512 2166 2696 2219 veniet
2755 2167 3035 2233 interitus,
3073 2187 3179 2225 non
3216 2173 3407 2228 dubito
3432 2174 3562 2245 quin
3602 2192 3774 2232 unus-

2183 2254 2415 2323 quisque
2460 2257 2693 2325 propriae
2745 2260 2938 2314 salutis
2984 2261 3186 2315 intuitu
3233 2270 3622 2332 prtemonentis
3657 2284 3777 2321 tne-

2184 2347 2292 2401 dici
2356 2360 2628 2420 prmcepta
2668 2363 2937 2409 servaret.
2994 2353 3150 2411 Nunc
3202 2373 3331 2412 vero
3381 2361 3688 2413 animarum
3721 2372 3776 2414 et

2183 2460 2477 2514 corporum
2539 2450 2806 2515 medicus,
2862 2453 3133 2521 simulque
3182 2466 3239 2510 et
3291 2458 3567 2524 Dominus,
3611 2458 3767 2525 jubet

2182 2536 2469 2594 ebrietatis
2501 2541 2727 2595 herbam
2748 2553 2801 2595 et
2824 2544 3061 2613 crapulae
3093 2544 3392 2611 vitandam,
3424 2550 3677 2607 similiter
3709 2563 3767 2607 et

2182 2628 2615 2684 sollicitudinum
2660 2634 3003 2689 saecularium
3040 2638 3185 2692 velut
3235 2641 3543 2696 mortiferos
3579 2658 3771 2698 succos

2184 2720 2479 2775 cavendas.
2514 2721 2783 2777 Etnescio
2810 2726 2853 2778 si
2882 2729 3007 2794 quis
3040 2739 3287 2785 nostrum
3325 2748 3428 2786 non
3455 2734 3507 2786 in
3535 2733 3617 2787 bis
3649 2750 3775 2787 con-

2183 2811 2441 2876 sumitur,
2472 2812 2551 2866 uti
2587 2829 2655 2868 ne
2690 2816 2924 2872 dixerim
2954 2823 3251 2877 sanciatur.
3283 2824 3377 2878 Est
3420 2840 3552 2896 ergo
3588 2827 3770 2881 ebrie-
3840 2860 3841 2863 η

2184 2908 2266 2956 tas
2303 2903 2414 2957 vini
2446 2908 2754 2973 perniciosa
2808 2909 2861 2963 in
2896 2912 3170 2976 omnibus,
3222 2916 3334 2970 sola
3388 2934 3621 2989 namque
3663 2929 3765 2985 est,

2183 3006 2303 3062 qua:
2332 2994 2495 3049 simul
2518 3013 2642 3052 cum
2673 3015 2905 3069 corpore
2927 3010 2980 3056 et
3005 3004 3243 3060 animam
3275 3007 3508 3062 debilem
3553 3011 3768 3065 reddat.

2182 3083 2240 3138 In
2268 3088 2480 3142 eteteris
2510 3090 2715 3144 etenim
2741 3102 2919 3161 potest
2952 3094 3092 3161 ﬁeri,
3126 3105 3185 3149 ιιι
3208 3099 3503 3153 secundum
3538 3101 3769 3169 Aposto-

2185 3175 2295 3229 lum
2319 3194 2443 3233 cum
2474 3180 2787 3237 inﬁrmatur
2810 3199 3030 3255 corpus,
3067 3195 3193 3242 tunc
3245 3190 3417 3260 magis
3455 3202 3645 3260 potens
3691 3194 3763 3247 sit

2183 3269 2432 3336 spiritus,
2462 3282 2518 3326 et
2553 3274 2642 3327 ubi
2684 3274 2728 3329 is
2762 3278 2853 3344 qui
2887 3278 3089 3334 deforis
3130 3292 3215 3334 est
3245 3282 3409 3335 homo
3453 3285 3762 3351 corrumpi-

2183 3368 2290 3425 tur,
2325 3361 2412 3414 ille
2441 3363 2530 3429 qui
2567 3364 2713 3418 intus
2732 3373 2819 3418 est
2857 3378 3148 3422 renovetur
3170 3370 3212 3422 ".
3240 3369 3295 3423 In
3326 3371 3610 3428 ebrietatis
3636 3390 3766 3429 vero

2181 3452 2534 3520 wgritudine,
2575 3470 2773 3523 corpus
2815 3458 2988 3530 simul
3035 3469 3089 3512 et
3137 3460 3317 3513 anima
3372 3466 3761 3533 corrmnpitur,

2182 3541 2411 3607 spiritus
2443 3544 2652 3610 pariter
2680 3559 2803 3599 cum
2823 3560 2990 3601 carne
3022 3547 3264 3604 vitiatur.
3290 3551 3483 3604 Omnia
3520 3556 3763 3609 membra

2180 3632 2449 3697 debilitat,
2485 3634 2701 3703 pedem,
2740 3649 2983 3700 manum,
3023 3637 3257 3707 linguam
3295 3642 3540 3706 resolvit,
3573 3645 3762 3701 oculos

2181 3726 2453 3793 tenebrat,
2488 3737 2723 3781 mentem
2776 3729 2926 3783 velat
2972 3730 3177 3785 oblivio
3211 3731 3347 3803 (86),
3379 3734 3449 3787 ita
3482 3744 3538 3788 ut
3579 3735 3758 3789 Immi-

2180 3832 2302 3871 nem
2335 3834 2393 3874 se
2427 3822 2640 3875 nesciat
2672 3836 2793 3877 esse
2834 3838 2932 3878 nec
2972 3820 3192 3879 sentiat.
3228 3826 3401 3883 Habet
3449 3845 3581 3900 ergo
3616 3830 3759 3886 istud

2177 3910 2353 3979 primo
2376 3911 2663 3968 dedecoris
2684 3915 2987 3983 corporalis
3008 3916 3267 3983 ebrietas,
3284 3920 3398 3989 jam
3424 3936 3552 3975 vero
3575 3923 3619 3975 si
3644 3922 3760 3976 dis-

2175 4003 2445 4060 cutiamus
2496 4019 2625 4075 quot
2662 4009 2837 4063 modis
2869 4025 3023 4065 mens
3051 4012 3354 4069 inebriatur
3383 4016 3642 4081 humana,
3669 4018 3754 4071 in-

2177 4096 2465 4151 veniemus
2499 4099 2680 4153 ebrios
2697 4100 2863 4154 etiam
2895 4116 2989 4157 eos
3018 4103 3109 4172 qui
3146 4106 3247 4161 sibi
3283 4106 3448 4161 sobrii
3483 4108 3756 4166 videntur.

2182 4183 2464 4241 Iracundia
2500 4188 2733 4243 inebriat
2793 4190 3054 4259 animam,
3092 4194 3247 4250 furor
3295 4211 3425 4251 vero
3472 4212 3592 4251 eam
3635 4198 3756 4268 plus

2176 4294 2337 4347 quam
2379 4280 2584 4333 ebriam
2636 4281 2796 4347 facit,
2834 4284 2882 4338 si
2929 4286 3057 4355 quid
3097 4294 3278 4341 tamen
3327 4302 3446 4342 esse
3491 4288 3757 4345 ebrietate

2172 4373 2403 4442 amplius
2434 4383 2629 4442 potest.
2681 4375 2966 4445 Cupiditas
3019 4387 3075 4432 et
3118 4379 3372 4442 avaritia,
3419 4394 3523 4433 non
3578 4381 3751 4436 solum

2172 4465 2404 4529 ebrium,
2428 4468 2521 4520 sed
2573 4475 2629 4520 et
2664 4467 2909 4521 rabidum
2954 4469 3230 4523 hominem
3264 4469 3517 4523 reddunt.
3562 4470 3627 4523 Et
3654 4474 3753 4525 ob-

481 4557 665 4609 minus
696 4557 875 4625 portio
904 4574 1091 4613 eorum
1129 4563 1195 4615 sit
1226 4582 1240 4617 :
1284 4564 1363 4619 sic
1392 4567 1534 4619 enim
1560 4570 1692 4622 dicit
1716 4570 1780 4623 de
1807 4572 1890 4624 his
1919 4572 2064 4626 Scri-

2181 4573 2350 4611 scenze
2401 4560 2868 4628 concupiscentia:
2942 4560 3217 4614 inrbriant
3278 4562 3554 4626 animam,
3614 4563 3756 4617 sicut

476 4655 632 4713 plura
666 4662 679 4698 :
712 4665 730 4698 ι
780 4646 957 4713 Filiis,
1011 4650 1187 4720 inquit
1219 4655 1261 4720 ¹,
1311 4654 1438 4708 Levi
1478 4674 1581 4711 non
1621 4660 1821 4714 dabitis
1852 4674 2057 4732 partem

477 4737 531 4791 in
568 4740 745 4793 medio
797 4742 1029 4797 fratrum
1068 4760 1316 4812 suorum,
1351 4750 1477 4818 quia
1521 4766 1620 4820 ego
1664 4754 1843 4820 portio
1869 4770 2058 4810 eormn

479 4827 742 4887 Dominus
778 4831 919 4889 Deus
956 4836 1224 4903 ipsorum.
1274 4858 1292 4890 ι
1331 4840 1456 4895 Vult
1491 4858 1624 4911 ergo
1680 4844 1833 4909 istos,
1864 4848 2061 4916 quibus

480 4921 595 4990 ipse
622 4924 884 4981 Dominus
918 4931 1096 4997 portio
1127 4939 1230 4996 est,
1274 4932 1487 4988 sobrios
1530 4950 1671 4999 esse,
1704 4936 1946 5005 jt-jttttos,
1982 4941 2062 4994 vi-

475 5014 712 5080 gilantes
748 5018 799 5072 in
835 5022 981 5075 omni
1021 5030 1289 5091 tempore,
1335 5027 1569 5081 maxime
1607 5040 1784 5083 autem
1820 5048 1940 5084 eum
1986 5034 2053 5087 ad

471 5111 804 5163 exorandum
839 5110 1145 5177 Dominum,
1172 5117 1659 5173 etsacriﬁcantlum
1692 5122 1743 5176 in
1767 5136 2056 5193 conspectu

469 5198 587 5267 ejus
612 5199 870 5255 altaribus
898 5214 1096 5271 praesto
1125 5218 1273 5263 sunt.
1309 5209 1439 5275 Quae
1465 5213 1719 5265 mandata
1753 5215 1804 5266 in
1837 5226 2049 5271 tantum

475 5293 582 5345 vim
619 5294 702 5347 sui
745 5304 988 5361 servant,
1030 5309 1084 5352 et
1130 5302 1278 5353 omni
1312 5302 1657 5357 observantia
1702 5309 2057 5362 cusmdicnda

474 5393 620 5442 sunt.
657 5395 715 5438 ut
748 5396 802 5439 et
829 5388 1122 5455 Apostolus
1158 5392 1272 5445 lucc
1309 5393 1497 5447 eadem
1546 5394 1676 5449 Novi
1726 5396 2057 5452 Testamenti

475 5473 683 5545 legibus
716 5478 894 5535 lirmet
921 5480 963 5537 ³.
995 5480 1050 5535 ln
1096 5499 1203 5553 quo
1238 5486 1493 5541 similiter
1524 5490 1844 5564 etiam_ipse
1874 5505 2058 5544 sacer-

546 5608 594 5640 ”
634 5611 805 5668 Levit.
834 5630 861 5667 ιι
892 5624 948 5669 et
985 5632 1058 5669 xl.

1175 5617 1188 5648 '
1226 5618 1394 5673 Levit.
1420 5635 1473 5677 κ.
1502 5618 1534 5672 8
1563 5629 1613 5673 et
1646 5636 1799 5690 seuq.

496 5670 728 5747 'L‘phes.
768 5699 818 5747 v,
855 5686 940 5739 18.

1020 5688 1039 5717 ⁸
1080 5685 1210 5742 Luc.
1244 5706 1355 5754 xxI,
1385 5690 1475 5745 54.
1552 5691 1571 5722 "
1606 5690 1644 5744 Il
1681 5685 1806 5748 Cor.
1843 5709 1917 5759 tv,
1970 5695 2057 5749 16.

546 5794 675 5875 (86.)-
698 5796 880 5851 Codex
907 5798 1282 5875 Ca_ilomensis,
1319 5823 1336 5855 ι
1370 5806 1564 5860 debilia
1596 5809 1728 5861 ﬁunt
1757 5827 1768 5861 :
1793 5824 1910 5875 pes,
1940 5825 2047 5861 ma-

478 5880 599 5931 nus,
645 5867 821 5936 lingua
853 5870 1120 5936 resoluta;
1159 5875 1343 5929 oculos
1383 5877 1638 5939 ιυιιυιιιω,
1672 5867 1909 5935 omnium
1957 5896 2043 5935 γυ-

1915 5624 1935 5653 ¹
1968 5623 2127 5677 Num.
2156 5636 2310 5682 xvttt,
2339 5617 2432 5679 ΞΟ,
2489 5626 2543 5669 et
2597 5612 2713 5669 Jos.
2758 5629 2878 5681 xm,
2907 5613 2994 5669 H.

2133 5694 2155 5724 ⁸
2184 5690 2330 5746 l’sal.
2380 5702 2535 5753 xxiii,
2568 5684 2624 5738 5.

2171 4666 2201 4703 e
2233 4653 2514 4705 contrario
2537 4663 2591 4704 et
2612 4663 2818 4706 sanctae
2842 4652 3304 4720 concupiscentia:
3321 4654 3591 4707 inebriant
3608 4670 3750 4723 eam,

2167 4744 2259 4797 sed
2311 4742 2579 4796 ebrietate
2632 4753 2821 4797 sancta
2858 4744 2943 4797 illa
2998 4744 3066 4798 de
3113 4759 3217 4813 qua
3261 4745 3478 4800 dicebat
3526 4748 3749 4816 quidam

2166 4848 2481 4891 sanctorum
2514 4836 2576 4888 ἐ
2620 4855 2637 4888 ι
2680 4835 2746 4889 Ει
2792 4835 3046 4905 poculum
3084 4846 3233 4891 tuum
3282 4837 3557 4892 inebrians
3588 4853 3749 4908 quam

2167 4930 2486 4997 praeclarum
2523 4926 2643 4983 est!
2672 4947 2690 4981 ι
2743 4926 2849 4982 Sed
2874 4929 3219 4998 postmodum
3252 4929 3319 4982 de
3360 4928 3641 4985 ebrietatis
3671 4929 3751 4985 di-

2167 5022 2429 5075 versitate
2455 5020 2782 5081 videbimus,
2804 5033 2949 5074 nunc
2986 5020 3202 5074 interim
3236 5019 3357 5073 vide
3386 5032 3585 5087 quanta
3622 5027 3750 5075 sunt

2166 5126 2285 5180 qum
2309 5110 2582 5164 inebriant
2611 5108 2847 5164 animam
2873 5126 2887 5163 :
2913 5119 2967 5164 et
2999 5109 3231 5166 formido
3254 5109 3490 5164 inebriat
3519 5124 3659 5176 eam,
3694 5115 3748 5164 et

2163 5220 2300 5258 vana
2336 5203 2600 5273 suspicio.
2630 5203 2836 5257 Invidia
2858 5212 3038 5257 autem
3062 5212 3117 5257 et
3152 5202 3309 5269 livor,
3337 5218 3500 5273 supra
3531 5217 3745 5256 omnem

2116 5288 2128 5295 ’
2161 5297 2481 5351 ebrietatem
2515 5302 2799 5349 macerant
2829 5308 2973 5348 eam.
3010 5293 3114 5347 Sed
3149 5293 3459 5347 enumerari
3493 5308 3597 5347 non
3623 5307 3745 5361 pos-

2160 5399 2288 5443 sunt
2343 5396 2544 5457 quanta
2594 5394 2740 5451 sunt,
2807 5400 2928 5455 qua:
2982 5384 3252 5438 infelicem
3312 5385 3547 5439 animam
3610 5383 3745 5438 vitio

2160 5483 2450 5539 ebrietatis
2489 5476 2749 5532 afﬁciant.
2788 5476 2943 5532 Nunc
2986 5476 3205 5531 interim
3254 5479 3321 5531 de
3367 5474 3743 5531 sacerdotibus

3090 5612 3111 5644 ³
3134 5609 3313 5665 lTim.
3341 5624 3438 5664 vti.
3510 5609 3531 5641 ⁸
3558 5606 3669 5665 Tit.
3699 5622 3741 5666 ι.

2158 5809 2233 5861 lat
2270 5803 2491 5868 oblivio,
2533 5824 2547 5849 ι
2584 5801 2770 5872 sicque
2817 5801 2908 5858 alii
2949 5815 3107 5867 mss.,
3152 5798 3252 5856 nisi
3285 5800 3425 5869 quod
3464 5798 3737 5863 omittunt,

2164 5896 2179 5930 ι
2221 5877 2377 5929 tinul.
2412 5893 2429 5924 ι
