4124 6460
376 418 483 473 477

1503 409 1570 462 IN
1612 403 1988 461 LEVlTiCUM
2029 401 2311 455 IIOMIHA
2350 400 2459 455 \‘Il.

3519 401 3623 448 478

382 536 677 595 videamus,
712 542 851 598 quos
882 528 1202 583 accedentes
1233 527 1298 581 ad
1329 527 1518 593 altare,
1553 527 1681 579 vino
1710 524 1790 576 lex
1818 537 1955 591 prm—
1984 521 2028 577 A
2059 530 2114 571 ut
2154 521 2223 572 ibi
2256 521 2299 551 η
2333 536 2345 570 ;
2384 538 2402 568 ι
2447 514 2870 570 luebriabuntur
2911 514 2977 569 ab
3022 513 3270 568 ubertate
3303 511 3495 563 domus
3524 520 3625 561 tum

381 620 513 688 cipit
539 617 839 671 abstinere.
880 615 945 669 Et
974 617 1189 684 quidem
1220 627 1482 684 quantum
1516 617 1581 668 ad
1626 614 1949 668 historicum

382 712 616 782 pertinet
643 716 995 779 praeceptum,
1029 706 1299 762 sufﬁciant
1330 708 1431 762 ista
1470 723 1591 777 qua:
1623 708 1765 760 dicta
1805 718 1949 762 sunt.

382 804 653 871 Quantum
700 808 881 853 autem
932 801 1000 854 ad
1047 800 1455 870 intelligentiam
1501 800 1783 870 mysticam
1830 816 1955 867 spe-

383 903 513 953 ctat.
550 894 602 946 in
637 890 989 959 sequentibus
1012 892 1283 947 tenebitur
1311 892 1422 963 (87)
1446 900 1630 945 nostra
1664 889 1951 959 professio,

382 981 523 1051 quod
557 981 853 1035 secundum
887 981 1265 1035 auctoritatem
1296 980 1447 1034 Pauli
1482 979 1733 1048 apostoli,
1769 980 1956 1034 Domi-

383 1088 482 1125 nus
519 1084 571 1126 et
598 1070 848 1126 Salvator
875 1080 1061 1126 noster
1084 1072 1384 1125 futurorum
1412 1074 1674 1143 bonorum
1713 1072 1955 1140 pontifex

383 1162 588 1214 dicitur
617 1163 661 1215 ’.
705 1163 820 1231 Ipse
850 1171 935 1217 est
961 1179 1089 1233 ergo
1122 1164 1327 1229 Aaron,
1366 1164 1460 1217 ﬁlii
1492 1180 1624 1219 vero
1659 1166 1797 1231 ejus,
1821 1179 1954 1232 apo-

389 1252 512 1306 stoli
546 1254 667 1323 ejus
696 1263 847 1318 sunt,
881 1256 946 1310 ad
977 1271 1117 1324 quos
1168 1257 1281 1324 ipse
1308 1256 1522 1312 dicebat
1570 1255 1613 1288 ¹⁶
1652 1278 1663 1311 :
1696 1274 1714 1307 ι
1753 1255 1954 1321 Filioli,

386 1344 562 1398 adhuc
600 1346 870 1398 modicum
906 1346 1185 1401 vobiscum
1227 1363 1369 1402 sum.
1408 1368 1426 1400 ι
1465 1347 1605 1414 Quid
1648 1363 1777 1415 ergo
1818 1362 1959 1416 pra:-

386 1433 529 1501 ccpit
556 1432 645 1489 lex
676 1433 857 1489 Aaron
892 1444 944 1489 et
980 1436 1103 1491 [iliis
1132 1437 1288 1507 ejus?
1332 1448 1393 1491 ut
1422 1438 1604 1491 vinum
1635 1446 1688 1491 et
1723 1437 1956 1492 siceram

389 1540 493 1577 non
520 1524 729 1590 bibant,
758 1540 881 1580 cum
906 1527 1173 1581 accedunt
1205 1530 1270 1583 ad
1298 1529 1485 1583 altare.
1507 1530 1799 1584 Videamus
1828 1542 1959 1596 quo-

387 1616 547 1670 ntodo
578 1616 629 1669 id
658 1631 784 1670 vero
811 1618 1053 1685 pontiﬁci
1086 1617 1211 1673 Jesu
1239 1621 1462 1674 Christo
1494 1621 1724 1675 Domino
1744 1629 1956 1682 nostro,

387 1717 441 1757 et
467 1707 840 1763 sacerdotibus
856 1709 973 1778 ejus
1003 1724 1069 1764 ac
1096 1710 1244 1774 ﬁliis,
1277 1714 1484 1768 nostris
1513 1728 1644 1767 vero
1677 1710 1957 1781 apostolis,

387 1798 653 1867 possimus
681 1809 889 1869 aptare.
918 1800 983 1854 Et
1006 1804 1441 1872 perspiciendum
1471 1807 1650 1875 primo
1675 1813 1778 1865 est,
1822 1818 1959 1871 quo-

388 1888 548 1943 modo
584 1891 733 1957 prius
756 1891 974 1960 quidem
1002 1908 1163 1962 quam
1207 1895 1432 1949 accedat
1470 1897 1557 1953 ad,
1592 1895 1761 1948 altare
1797 1906 1957 1947 verus

390 1978 478 2030 hic
515 1979 781 2046 pontifex,
815 1996 937 2035 cum
967 1986 1349 2039 sacerdotibus
1389 1986 1502 2041 suis
1544 1984 1679 2039 bibit
1716 1984 1903 2037 vinum
1940 1998 1955 2035 :

390 2084 511 2122 cum
545 2084 674 2123 vero
713 2070 903 2141 incipit
932 2073 1196 2128 accedere
1232 2075 1298 2128 ad
1323 2074 1514 2141 altare,
1547 2083 1601 2129 et
1648 2073 1862 2143 ingredi
1906 2072 1958 2126 in

393 2159 800 2215 tabernaculum
830 2164 1144 2227 testimonii,
1177 2166 1413 2220 abstinet
1448 2167 1593 2221 vino.
1634 2166 1800 2219 Putas
1830 2179 1957 2233 pos-

390 2266 578 2307 sumus
615 2253 858 2309 invenire
905 2255 1011 2309 tale
1058 2256 1261 2325 aliquid
1293 2258 1360 2311 ab
1399 2272 1465 2312 eo
1497 2258 1748 2328 gestum?
1794 2256 1961 2313 Putas

392 2359 677 2413 possumus
706 2346 918 2403 Veteris
960 2347 1313 2405 Instrumenti
1347 2351 1571 2416 formas,
1611 2351 1743 2406 Novi
1770 2350 1962 2407 Testa-

392 2438 555 2491 menti
583 2439 748 2504 gestis
779 2447 833 2493 et
863 2441 1207 2497 sermonibus
1234 2445 1528 2513 coaptare?
1566 2446 1883 2511 Possumus,
1914 2446 1959 2501 si

395 2542 494 2582 uos
524 2529 695 2600 ipsum
734 2529 823 2584 Dei
864 2528 1102 2586 Verbum
1154 2544 1209 2589 et
1257 2535 1450 2605 juvare
1479 2548 1535 2591 et
1577 2537 1847 2605 inspirare
1879 2538 1961 2591 di-

392 2631 602 2689 gnetur.
640 2622 942 2688 Quaerimus
976 2639 1105 2694 ergo
1142 2628 1417 2696 quomodo
1451 2629 1709 2684 Dominus
1742 2637 1796 2683 et
1848 2627 1967 2682 Sal-

394 2720 547 2768 vator
579 2724 784 2783 noster,
818 2717 909 2785 qui
937 2726 1021 2772 est
1048 2733 1210 2775 verus
1236 2720 1494 2789 pontifex.
1533 2736 1656 2776 cum
1688 2722 1962 2791 discipulis

394 2805 528 2871 suis,
558 2808 647 2875 qui
678 2819 803 2862 sunt
830 2810 943 2863 veri
977 2812 1309 2876 sacerdotes,
1329 2823 1617 2881 antequam
1651 2815 1870 2868 accedat
1896 2813 1961 2867 ad

393 2897 567 2953 altare
602 2899 716 2967 Dei,
741 2902 892 2955 bibat
921 2900 1031 2971 (88)
1075 2903 1295 2967 vinum;
1352 2919 1476 2958 cum
1522 2918 1653 2959 vero
1703 2906 1963 2959 accedere

395 2992 643 3061 coeperit,
672 3008 775 3046 non
810 2994 981 3047 bibat.
1015 2994 1245 3049 Venerat
1282 2996 1332 3047 in
1373 2995 1519 3048 hunc
1560 2994 1820 3048 mundum
1850 2994 1966 3048 Sal—

390 3092 569 3147 valor,
598 3094 657 3137 ut
706 3100 803 3152 pro
831 3085 1073 3151 peccatis
1103 3087 1307 3139 nostris
1341 3101 1559 3139 carnem
1607 3102 1759 3139 suam
1803 3085 1966 3139 offer-

2054 627 2107 669 et
2145 623 2441 668 torrentetn
2470 611 2757 679 voluptatis
2788 619 2889 662 tua:
2918 619 3098 678 potum
3134 608 3288 661 dabis
3320 606 3424 659 illis
3452 601 3620 673 (90).»

2055 707 2109 761 In
2141 706 2374 761 Jeremia
2406 719 2619 773 quoque
2646 702 2777 756 dicit
2802 700 3058 754 Dominus
3092 701 3135 730 ¹⁵
3163 718 3213 752 ε(
3252 698 3315 753 Ει
3345 696 3625 751 iuebriabo

2053 797 2308 868 populum
2335 811 2533 848 meum.
2574 814 2593 840 ι
2632 792 2697 847 Et
2739 792 2914 846 Isaias
2956 791 3089 844 dicit
3133 791 3177 821 ¹⁶
3218 808 3229 842 :
3271 809 3287 841 ι
3345 789 3483 842 Ecce
3533 788 3625 856 qui

2055 891 2298 946 serviunt
2333 887 2462 941 mihi
2491 885 2696 948 bibent,
2730 899 2827 937 vos
2858 892 3037 936 autem
3061 881 3278 936 sitietis.
3318 900 3335 931 ι
3367 880 3431 932 Ει
3458 879 3625 931 multa

2056 983 2122 1037 de
2151 980 2522 1050 hujuscemodi
2567 978 2831 1032 ebrietate
2863 975 2914 1027 in
2948 972 3253 1041 Scripturis
3292 969 3492 1023 divinis
3542 970 3626 1021 in-

2054 1073 2240 1127 venies
2279 1069 2589 1124 memorari.
2616 1068 2744 1135 Qua:
2769 1066 3005 1121 ebrietas
3035 1064 3153 1117 siue
3182 1060 3343 1115 dubio
3368 1073 3462 1128 pro
3500 1073 3630 1127 gau-

2058 1169 2146 1223 dio
2187 1166 2377 1220 animae
2414 1172 2469 1217 et
2503 1162 2688 1216 laetitia
2716 1158 2916 1214 mentis
2957 1157 3245 1225 accipitur,
3280 1152 3419 1206 sicut
3443 1159 3495 1204 et
3529 1147 3631 1201 ali-

2056 1261 2109 1316 bi
2153 1258 2472 1314 distinxisse
2513 1270 2611 1310 nos
2675 1251 3047 1318 meminimus,
3100 1247 3244 1302 aliud
3298 1258 3417 1300 esse
3472 1250 3634 1297 nocte

2058 1351 2340 1414 inebriari,
2362 1359 2416 1405 et
2455 1348 2601 1402 aliud
2633 1345 2721 1401 die
2761 1342 3053 1397 inebriari.

2126 1445 2182 1498 2.
2216 1444 2271 1498 Si
2300 1457 2429 1511 ergo
2462 1440 2822 1495 intelleximus
2855 1445 3165 1490 sanctorum
3195 1445 3314 1501 qum
3340 1429 3411 1483 sit
3443 1427 3625 1482 ebrie-

2063 1547 2169 1600 tas,
2207 1545 2262 1590 et
2302 1533 2574 1603 quomodo
2604 1533 2719 1585 haec
2750 1543 2847 1599 pro
2875 1524 3057 1581 laetitia
3082 1524 3287 1579 sanctis
3317 1522 3368 1574 in
3404 1518 3636 1589 promis-

2060 1629 2302 1684 sionibus
2335 1628 2494 1681 datur
2517 1662 2535 1689 ,
2572 1623 2851 1677 videamus
2901 1634 3051 1673 nunc
3082 1614 3354 1687 quomodo
3387 1611 3638 1667 Salvator

2062 1729 2245 1775 noster
2276 1734 2381 1773 non
2418 1716 2553 1771 bibit
2579 1715 2764 1769 vinum
2794 1753 2808 1777 ,
2856 1723 3136 1779 usquequo
3170 1707 3317 1761 bibat
3354 1703 3481 1759 illud
3513 1716 3636 1757 cum

2061 1813 2261 1867 sanctis
2294 1824 2490 1864 novum
2542 1808 2595 1861 in
2627 1820 2790 1875 regno
2832 1803 2950 1858 Dei.
3003 1800 3259 1854 Salvator
3308 1810 3461 1849 meus
3494 1794 3641 1862 luget

2060 1904 2221 1958 etiam
2255 1915 2399 1955 nunc
2430 1900 2541 1970 (9|)
2575 1902 2795 1967 peccata
2820 1908 2963 1948 mea.
2996 1890 3245 1946 Salvator
3279 1900 3429 1940 meus
3466 1883 3637 1937 laetari

2061 2010 2167 2050 non
2195 2001 2370 2062 potest
2397 1992 2571 2045 donec
2594 2002 2693 2058 ego
2723 1988 2776 2041 in
2803 1984 3090 2054 iniquitate
3114 1992 3426 2052 permaneo.
3460 1975 3640 2042 Quare

2062 2104 2168 2142 non
2212 2082 2606 2157 potest?rquia
2661 2082 2777 2152 ipse
2812 2088 2894 2134 est
2942 2077 3238 2131 advocatus
3267 2087 3366 2142 pro
3399 2067 3641 2138 peccatis

2062 2179 2262 2234 nostris
2291 2177 2432 2247 apud
2469 2174 2711 2234 Patrem,
2740 2171 2883 2225 sicut
2916 2166 3157 2221 Joannes
3190 2172 3490 2235 symmysta
3522 2160 3638 2227 ejus

2060 2270 2393 2342 praenuntiat
2426 2268 2613 2322 dicens
2662 2265 2703 2297 ‘7
2735 2264 2862 2335 quia
2908 2279 2926 2312 ‹
2957 2268 3011 2315 et
3047 2258 3093 2314 si
3139 2258 3259 2326 quis
3290 2253 3639 2324 peccaverit,

2063 2364 2384 2417 advocatum
2416 2359 2680 2413 habemus
2712 2352 2852 2424 apud
2890 2350 3107 2405 Patrem
3135 2344 3320 2402 Jesum
3363 2342 3641 2397 Christum

2058 2455 2300 2525 justum,
2342 2462 2396 2508 et
2439 2453 2554 2522 ipse
2576 2460 2659 2505 est
2694 2444 3070 2517 repropitiatio
3115 2457 3216 2511 pro
3258 2436 3497 2508 peccatis
3547 2449 3645 2487 no-

2064 2550 2215 2605 stris.
2248 2566 2266 2600 ι
2303 2544 2585 2613 Quomodo
2610 2557 2737 2613 ergo
2770 2546 2948 2610 potest
2979 2537 3089 2604 ille,
3119 2534 3211 2605 qui
3241 2535 3535 2587 advocatus
3561 2535 3646 2581 est

2066 2657 2160 2711 pro
2193 2639 2429 2710 peccatis
2451 2637 2622 2701 .meis,
2664 2634 2848 2689 bibere
2876 2631 3063 2685 vinum
3096 2626 3315 2689 laetitias,
3346 2636 3507 2694 quem
3542 2636 3644 2690 ego

2064 2732 2339 2802 peccando
2371 2728 2674 2783 contristo?
2705 2722 2987 2793 Quomodo
3014 2727 3191 2790 potest
3218 2718 3339 2782 iste,
3369 2715 3459 2785 qui
3491 2728 3647 2766 acce-

2065 2825 2141 2879 dit
2175 2823 2241 2876 ad
2275 2822 2447 2875 altare
2477 2831 2535 2873 ut
2566 2817 2890 2888 reprOpitiet
2928 2826 3013 2867 me
3044 2817 3406 2880 peccatorem,
3438 2820 3557 2860 esse
3593 2803 3644 2856 iu

2064 2916 2268 2980 la-titia,
2310 2914 2376 2967 ad
2406 2928 2563 2981 quem
2600 2920 2948 2980 peccatorum
2988 2917 3231 2959 meorum
3264 2914 3468 2955 maeror
3505 2913 3649 2952 sem-

2063 3019 2161 3074 per
2190 3003 2478 3057 ascendit?
2513 3000 3048 3068 Vobiscum,inquit,
3097 2996 3224 3052 illud
3260 2995 3440 3050 bibam
3478 2992 3529 3043 iu
3562 3004 3649 3043 re-

2066 3111 2171 3165 gno
2223 3095 2401 3149 Patris
2434 3095 2558 3147 mei.
2595 3094 2845 3160 Quandiu
2896 3106 2994 3146 nos
3037 3105 3143 3146 non
3190 3089 3263 3143 ita
3317 3087 3547 3157 agimus,
3588 3093 3648 3137 ut

393 3185 478 3229 ret
523 3176 758 3229 hostiam
809 3175 941 3229 Deo.
989 3174 1139 3229 llauc
1188 3177 1503 3246 priusquam
1548 3176 1789 3241 oﬂ'erret,
1828 3178 1962 3231 inter

2072 3189 2428 3241 ascendatnus
2461 3187 2527 3239 ad
2560 3200 2808 3254 regnum,
2845 3199 2951 3237 non
2987 3190 3167 3250 petest
3199 3180 3326 3233 illud
3357 3179 3539 3231 vinum
3575 3175 3650 3229 bi-

394 3266 857 3333 dispensationum
896 3281 1078 3320 moras
1117 3269 1301 3321 viuum
1335 3268 1578 3322 bibebat.
1609 3268 1848 3337 Denique
1883 3269 1966 3323 di-

396 3358 625 3412 cebatur
654 3359 813 3411 homo
838 3374 1031 3423 vorax,
1064 3369 1121 3414 et
1147 3360 1256 3414 vini
1287 3370 1523 3429 potator,
1553 3360 1760 3415 amicus
1794 3362 1970 3430 publi-

396 3464 679 3515 canorum,
712 3461 761 3503 et
792 3458 1157 3519 peccatorum.
1194 3450 1294 3506 Ubi
1339 3466 1467 3506 vero
1502 3462 1713 3523 tempus
1752 3455 1971 3509 advenit

396 3541 579 3596 crucis
617 3558 747 3606 suae,
773 3552 827 3597 et
854 3558 1179 3599 accessurus
1207 3552 1325 3598 erat
1356 3546 1422 3599 ad
1452 3545 1624 3600 altare
1647 3546 1736 3600 ubi
1778 3548 1972 3604 inuno-

398 3629 537 3684 laret
565 3632 792 3703 hostiam
827 3635 1011 3689 carnis
1044 3637 1502 3704 suae,qaccipiens,
1548 3637 1721 3706 inquit
1759 3638 1822 3702 “,
1874 3654 1968 3693 ca-

395 3718 577 3786 licem,
614 3722 916 3789 benedixit,
967 3735 1016 3780 et
1060 3728 1204 3780 dedit
1242 3728 1522 3795 discipnl's
1576 3729 1690 3782 suis
1741 3728 1965 3785 dicens:

394 3811 657 3881 Accipite,
702 3824 757 3867 ct
802 3815 970 3869 bibite
1007 3831 1074 3871 et
1106 3816 1230 3870 hoc.
1270 3835 1289 3868 ι
1351 3817 1477 3883 Vos,
1530 3819 1728 3887 inquit,
1772 3820 1966 3888 bibite,

396 3918 487 3973 qm
528 3905 637 3975 (f9)
667 3906 828 3960 modo
873 3908 1142 3961 accessuri
1178 3922 1282 3961 non
1332 3909 1464 3963 estis
1496 3909 1563 3962 ad
1614 3909 1802 3963 altare.
1854 3912 1970 3978 Ipse

396 4005 575 4050 autem
606 4006 859 4064 tanquam
891 4013 1210 4052 accessurus
1241 4000 1307 4051 ad
1335 4000 1524 4063 altare,
1559 4000 1694 4055 dicit
1717 4002 1781 4054 de
1812 4019 1868 4056 se
1891 4004 1966 4056 "z

399 4107 420 4140 ί
458 4090 625 4144 Amen
659 4091 779 4145 dico
812 4091 985 4154 vobis,
1012 4091 1134 4159 quia
1169 4106 1275 4144 non
1306 4091 1484 4145 bibam
1520 4094 1585 4147 de
1620 4095 1971 4163 generatione

396 4182 520 4237 vitis
542 4180 725 4249 hujus,
765 4196 1043 4250 usquequo
1072 4181 1254 4236 bibam
1294 4182 1422 4235 illud
1459 4184 1739 4237 vobiscum
1771 4200 1968 4239 novum

397 4275 450 4330 in
476 4292 640 4346 regno
662 4275 841 4330 Patris
880 4276 1006 4331 mei.
1044 4295 1063 4328 ι
1109 4277 1165 4329 Si
1209 4277 1333 4343 quis
1370 4286 1610 4330 vestrum
1644 4276 1869 4333 auribus
1904 4282 1969 4333 ad

397 4370 728 4423 audiendum
773 4368 1072 4436 puriﬁcatis
1110 4368 1344 4433 accedit,
1390 4368 1680 4422 inelTabilis
1724 4371 1968 4440 mystcrii

398 4460 676 4514 intueatur
712 4475 993 4513 arcanum.
1035 4458 1174 4523 Quid
1204 4459 1457 4526 estquod
1493 4458 1622 4512 dicit
1651 4459 1771 4525 quia
1807 4479 1826 4511 ι
1863 4477 1966 4515 non

2073 3280 2203 3332 bere
2231 3275 2404 3340 solus,
2436 3278 2581 3345 quod
2626 3274 2908 3328 nobiscum
2943 3288 3001 3327 se
3034 3273 3219 3327 bibere
3250 3267 3517 3339 promisit.
3551 3268 3649 3321 Est

2071 3385 2200 3438 ergo
2237 3368 2419 3422 tandiu
2449 3368 2501 3421 in
2536 3379 2789 3427 maerore,
2817 3363 3056 3432 quandiu
3092 3377 3190 3416 nos
3220 3363 3559 3430 persistimus
3593 3358 3647 3410 in

2069 3474 2277 3514 errore.
2315 3458 2370 3511 Si
2402 3459 2545 3512 enim
2581 3454 2869 3526 Apostolus
2901 3455 3070 3522 ipsius
3097 3452 3238 3522 luget
3262 3451 3524 3520 quosdam
3555 3450 3645 3519 qui

2071 3564 2196 3606 ante
2242 3560 2643 3620 peccaverunt,
2678 3559 2733 3602 et
2766 3565 2871 3603 non
2909 3555 3138 3618 egerunt
3167 3546 3541 3613 pinnitentiam
3593 3543 3647 3595 in

2073 3645 2160 3699 his
2186 3660 2303 3714 quae
2334 3652 2619 3714 gesserunt
2645 3642 2708 3709 ³⁸,
2741 3641 2870 3710 quid
2902 3642 3076 3694 dicam
3117 3638 3181 3692 de
3210 3636 3345 3705 ipso,
3384 3634 3473 3703 qui
3511 3634 3650 3688 ﬁlius

2072 3735 2269 3791 dicitur
2299 3731 2627 3785 cbaritatis?
2658 3731 2748 3798 qui
2784 3729 3136 3797 semetipsum
3172 3722 3475 3778 cxiuauivit
3520 3732 3648 3789 pro-

2069 3836 2189 3896 pter
2234 3823 2553 3879 cbaritatem
2590 3836 2756 3890 quam
2809 3819 3043 3873 habebat
3070 3830 3197 3884 erga
3242 3828 3340 3867 nos
3367 3853 3381 3879 ,
3437 3820 3488 3865 et
3544 3826 3646 3863 non

2070 3915 2323 3986 quaesivit
2351 3930 2469 3983 quae
2509 3929 2603 3966 sua
2634 3920 2780 3975 sunt,
2817 3926 2937 3966 cum
2965 3915 3109 3963 cssot
3135 3905 3359 3975 aequalis
3391 3904 3521 3966 Deo,
3556 3902 3649 3956 sed

2071 4006 2316 4076 quaesivit
2347 4019 2465 4073 qum
2516 4012 2695 4056 nostra
2725 4010 2867 4064 sunt,
2902 4010 2957 4053 et
2986 4008 3206 4067 prepter
3238 3998 3338 4051 hoc
3367 3995 3651 4050 erat-navit

2071 4113 2131 4152 se
2164 4098 2205 4127 ¹⁹
2233 4098 2254 4150 ?
2286 4097 2418 4151 Cum
2461 4110 2589 4161 ergo
2635 4096 2735 4146 ista
2785 4107 2905 4161 qum
2944 4100 3129 4145 nostra
3165 4099 3291 4143 sunt
3335 4086 3650 4157 quaesierit,

2072 4204 2217 4243 nunc
2246 4187 2357 4257 jam
2389 4201 2485 4240 nos
2521 4201 2625 4239 non
2661 4184 2878 4252 quarril,
2908 4196 3007 4237 nec
3039 4197 3157 4251 quin
3187 4191 3370 4233 nostra
3401 4189 3530 4232 sunt
3559 4191 3654 4230 (-0-

2071 4281 2203 4349 gitat
2224 4319 2239 4342 ,
2273 4291 2369 4331 nec
2404 4277 2471 4331 de
2521 4273 2799 4329 erroribus
2832 4273 3035 4326 nostris
3069 4280 3257 4325 mmret
3287 4308 3302 4333 ,
3335 4283 3436 4323 nec
3465 4268 3648 4337 perdi-

2074 4370 2246 4421 tiones
2278 4376 2488 4419 nostras
2516 4373 2569 4419 et
2601 4363 2956 4417 contritiones
2989 4360 3167 4426 deflet,
3194 4361 3285 4430 qui
3315 4361 3458 4414 ﬂevit
3488 4374 3653 4427 super

2072 4456 2394 4519 Jerusalem,
2425 4466 2478 4511 et
2509 4456 2641 4509 dixit
2670 4456 2734 4509 ad
2768 4443 2888 4508 eam
2917 4454 2999 4509 ὀε
3039 4474 3057 4506 ι
3086 4452 3311 4519 Quoties
3346 4452 3487 4508 volui
3520 4466 3655 4505 coua

398 4551 578 4607 bibam
610 4566 675 4604 ex
712 4551 1064 4621 generatione
1090 4550 1216 4603 vitis
1255 4549 1431 4615 hujus,
1469 4565 1754 4619 usquequo
1791 4552 1966 4605 bibam
2006 4531 2048 4585 θ
2076 4562 2299 4616 gregare
2332 4547 2470 4601 ﬁlios
2518 4559 2638 4601 tuos
2663 4588 2678 4614 ,
2712 4546 2854 4601 sicut
2893 4545 3091 4615 gallina
3133 4554 3429 4615 congregat
3477 4545 3655 4614 pullos

398 4642 528 4695 illud
562 4636 841 4696 vobiscum
869 4657 1065 4694 novum
1099 4641 1151 4694 iu
1184 4657 1346 4710 regno
1388 4640 1563 4693 Patris
1597 4641 1734 4694 mei?
1771 4660 1787 4691 ι
1824 4643 1971 4697 Dice-

395 4734 586 4787 bamns
630 4734 690 4786 in
721 4734 1092 4802 superioribus
1125 4734 1541 4802 promissiOncm
1577 4735 1783 4789 sanctis
1816 4738 1968 4792 bona:

397 4825 556 4895 hujus
590 4826 871 4880 ebrietatis
905 4826 1105 4891 datam,
1129 4842 1250 4879 cum
1288 4826 1477 4879 dicunt
1511 4826 1552 4856 ¹³
1581 4842 1594 4877 :
1633 4843 1651 4876 ι
1694 4826 1752 4879 Et
1793 4843 1965 4893 pocu-

395 4920 504 4971 lum
540 4926 686 4973 tuum
715 4918 1010 4977 inebrians.
1042 4934 1203 4986 quam
1239 4918 1559 4986 praeclarum
1593 4920 1706 4971 est!
1740 4940 1756 4970 ›
1778 4919 1882 4973 Sed
1916 4931 1970 4974 ct

396 5010 451 5065 in
474 5009 595 5065 aliis
626 5010 808 5063 multis
825 5009 982 5078 221
1012 5008 1301 5078 Scriptura:
1329 5007 1457 5061 locis
1485 5008 1679 5061 similia
1710 5009 1965 5078 legimus,

456 5141 478 5171 ⁹
510 5138 673 5192 Hebr.
714 5153 787 5201 Ix,
829 5136 907 5190 H.
989 5133 1033 5165 ¹⁰
1051 5133 1205 5188 Joan.
1236 5149 1351 5191 xui.
1385 5137 1471 5190 55.

388 5208 434 5240 ¹⁸
464 5210 663 5264 Jerem.
698 5224 842 5265 XXVI,
880 5206 964 5259 M.
1042 5206 1084 5235 ¹⁶
1117 5206 1218 5258 lsa.
1253 5222 1370 5269 t.xv,
1404 5209 1488 5260 15.

389 5296 543 5341 XXIII,
578 5280 664 5333 '57.
702 5348 705 5349 ν
742 5278 783 5307 ¹¹
821 5278 955 5329 l’sal.
994 5293 1214 5334 xxxviii,
1246 5277 1295 5326 ὃ.

462 5378 574 5445 (Χῖ)
633 5378 785 5439 Mss,
826 5396 842 5427 ι
893 5378 944 5430 iu
998 5375 1348 5442 sequentibus
1389 5375 1676 5430 tenebitur.
1732 5393 1751 5428 ι
1799 5372 1954 5432 Libb.

391 5450 541 5502 editi.
571 5468 589 5499 ι
623 5451 672 5499 in
701 5448 1071 5513 superioribus
1098 5455 1331 5499 tentetur.
1364 5465 1381 5496 ι

466 5519 575 5589 (88)
613 5518 762 5580 Mss.,
800 5535 818 5567 ι
869 5518 1035 5589 bibat,
1073 5535 1090 5567 ι
1125 5527 1179 5568 et
1209 5515 1372 5589 paulo
1389 5524 1530 5582 post,
1558 5532 1578 5566 ι
1615 5529 1720 5568 non
1755 5514 1957 5589 bibam

393 5586 743 5712 tilitaediti,
775 5607 793 5638 ι
836 5587 1076 5652 bibebat,
1114 5604 1131 5636 ι
1170 5596 1221 5640 et
1254 5586 1411 5654 paulo
1441 5594 1578 5656 post,
1616 5603 1634 5633 σ
1681 5600 1783 5640 ιιοιι
1816 5586 1968 5642 bibe-

433 5667 504 5712 at.
546 5677 563 5709 ι

433 5667 504 5712 at.
546 5677 563 5709 ι

469 5728 581 5796 (89)
616 5727 769 5791 Mss.,
810 5747 827 5779 ι
863 5727 973 5796 qui.
1010 5745 1025 5775 ι
1064 5724 1216 5779 Libb.
1246 5725 1396 5788 editi,
1428 5745 1445 5778 σ
1494 5726 1640 5794 quia.
1694 5745 1711 5777 ι

471 5801 583 5866 ’90)
634 5798 757 5853 Mss.
809 5809 907 5852 tet
947 5808 1235 5851 torrentem
1289 5796 1577 5869 νυΙιιιιιςιιιδ
1631 5806 1731 5851 tua:
1779 5805 1959 5865 potum

1552 5137 1590 5166 “
1622 5134 1811 5189 Matth.
1846 5149 1990 5199 xxw,
2023 5134 2112 5187 27.

1586 5206 1624 5235 ¹⁷
1658 5206 1677 5258 l
1710 5204 1867 5259 Joan.
1900 5221 1960 5270 ll,
1991 5205 2040 5270 1,
2073 5206 2128 5258 2.

2078 4656 2208 4695 suos
2231 4680 2245 4703 ,
2281 4648 2335 4694 et
2367 4639 2665 4695 noluisti?»
2699 4638 2800 4705 Qui
2836 4654 2964 4709 ergo
2994 4639 3213 4691 vulnera
3247 4650 3428 4692 nostra
3463 4654 3652 4693 susce~

2077 4737 2177 4805 pit,
2214 4744 2267 4790 et
2318 4744 2536 4805 propter
2565 4748 2661 4786 nos
2696 4732 2868 4785 doluit
2918 4741 3172 4801 tanquam
3205 4730 3514 4785 animarum
3557 4746 3652 4784 uo.

2079 4839 2312 4882 strarum
2369 4835 2425 4881 et
2470 4841 2758 4895 corporum
2829 4825 3115 4891 medicus,
3172 4826 3330 4879 modo
3365 4826 3649 4879 vulnerum

2078 4932 2390 4976 nostrorum
2448 4918 2762 4987 putredines
2816 4917 3093 4987 uegligit?
3137 4935 3154 4967 ι
3190 4917 3653 4983 Computru‘erunt

2075 5015 2218 5067 enim
2248 5012 2341 5081 (ut
2370 5012 2444 5066 ait
2477 5012 2745 5081 Propheta
2780 5011 2859 5083 ²¹)
2894 5021 2949 5065 et
2978 5022 3243 5080 corrupta:
3276 5024 3401 5066 sunt
3427 5012 3650 5068 cicatri-

2192 5134 2234 5165 “
2266 5133 2393 5188 ibid.
2424 5133 2516 5189 29.
2595 5135 2638 5165 "
2667 5134 2808 5189 Psal.
2852 5151 3015 5198 χχιιι,
3046 5139 3099 5195 5.

3178 5139 3222 5170 ¹⁸
3251 5140 3369 5195 Psal
3427 5157 3573 5203 xxvr,
3595 5142 3654 5198 9.

2222 5205 2263 5235 ³⁸
2295 5204 2335 5258 ιι
2365 5205 2489 5259 Cor.
2520 5219 2617 5270 xu,
2642 5205 2733 5259 21.

2831 5206 2872 5239 ¹⁹
2900 5205 3133 5280 Philipp.
3167 5227 3225 5275 tt,
3262 5213 3313 5266 7.
3388 5207 3434 5242 ’°
3462 5213 3656 5267 Matth.

2073 5376 2228 5430 dabis
2258 5373 2385 5427 illis.
2418 5390 2437 5425 ι
2473 5370 2629 5427 Libb.
2671 5370 2801 5426 editi
2842 5389 2861 5424 ι
2890 5378 2946 5425 et
2979 5379 3219 5426 torrente
3253 5366 3505 5423 bonitatis
3547 5376 3648 5421 tua

2071 5446 2281 5519 potabis
2307 5459 2432 5519 eos.
2468 5462 2485 5494 ι

2143 5516 2253 5584 (91)
2299 5512 2546 5567 Salvator
2586 5528 2731 5565 meus
2771 5510 2908 5584 luget
2938 5511 3098 5563 etiam
3143 5522 3316 5584 pune,
3347 5516 3468 5584 etc._
3521 5502 3640 5566 Quo

2071 5574 2461 5639 sensu'dixcrit
2490 5584 2751 5646 Origenes
2778 5574 3052 5634 Christum
3082 5577 3250 5643 etiam
3283 5590 3425 5628 nunc
3457 5574 3644 5646 lugere

2070 5667 2286 5724 peccata
2322 5664 2503 5706 nostra
2536 5643 2707 5724 ,fusc
2755 5661 2810 5704 et
2839 5651 2998 5702 docte
3021 5646 3216 5724 _apcrit
3251 5645 3462 5724 clﬁanriss.
3503 5643 3643 5699 ﬂue-

2071 5714 2176 5781 tius
2208 5725 2517 5794 Origeniau.
2561 5723 2652 5778 lib.
2688 5737 2747 5785 ιι,
2787 5728 2980 5788 quazst.
3020 5714 3089 5781 5,‘
3110 5730 3254 5769 num.
3288 5714 3376 5772 29.
