4124 6410
541 386 643 443 ΠΕ)

1998 378 2319 436 (IRIGEMS

3686 373 3788 430 £30

536 516 635 555 σεε
670 512 865 555 nostra:
892 540 905 563 ,
940 519 966 553 a
1022 499 1159 554 facie
1205 502 1530 570 iutipicutia:
1568 513 1789 556 nostrm.
1823 523 1839 553 ι
1892 501 1993 554 Pro
2035 502 2119 553 his
2148 502 2192 557 Α
2222 494 2532 549 intellexisti
2568 495 2692 563 quid
2731 495 2801 549 sit
2835 510 2903 550 ex
2934 504 3106 565 parte,
3138 505 3193 549 et
3224 494 3351 563 quid
3372 493 3444 547 sit
3467 508 3533 547 ex
3575 494 3787 561 integro

537 606 670 660 ergo
693 592 942 645 oumibus
971 594 1335 647 assist'tuuuc
1367 594 1530 647 vultui
1596 594 1720 658 Dei,
1756 594 2115 661 interpellans

539 698 641 753 pro
670 686 824 738 nobis
847 724 862 747 ,
898 686 1107 739 assistit
1152 686 1346 750 altari,
1385 696 1442 739 ιιι
1484 688 1985 756 rt-prOpitiationem
2018 702 2115 754 pro

543 774 700 826 nobis
728 771 917 827 offerat
954 776 1102 827 Deo:
1136 785 1188 827 et
1238 776 1359 827 ideo
1395 778 1606 831 dicebat
1642 787 1898 845 tauquam
1931 794 2117 832 acces-

542 879 699 916 surus
731 866 795 916 ad
830 866 972 917 istttd
1005 865 1197 928 altare,
1236 867 1361 932 quia
1386 866 1493 933 jam
1537 886 1555 917 ι
1584 884 1687 921 ιιοιι
1731 870 1906 921 bibam
1941 872 2005 923 de
2031 886 2117 937 ge-

542 955 819 1008 neratione
857 958 984 1008 vitis
1012 955 1167 1023 hujus
1189 996 1203 1019 ,
1237 957 1408 1011 donec
1457 959 1637 1013 bibam
1671 961 1801 1014 illud
1834 962 2113 1017 vobiscum

538 1056 760 1099 novum.
800 1064 817 1096 ι
853 1046 1138 1115 Exspectat
1173 1062 1302 1116 ergo
1332 1057 1388 1126 ut
1421 1062 1821 1119 convertamur,
1861 1066 1917 1107 ιιι
1949 1057 2115 1126 ipsius

539 1133 816 1189 imitemur
839 1139 949 1208 (9'2)
984 1141 1315 1209 exemplum,
1349 1125 1399 1195 ιιί
1430 1160 1720 1212 sequantur
1751 1148 1971 1213 vestigia
2002 1150 2116 1216 ejus

538 1234 590 1276 et
626 1224 834 1279 ltetetur
874 1230 1153 1284 nobiscum
1179 1273 1192 1296 ,
1226 1245 1280 1285 et
1312 1232 1457 1285 bibat
1487 1235 1669 1287 vinum
1708 1236 1983 1290 nobiscum
2013 1278 2026 1301 ,
2064 1240 2113 1291 in

540 1329 706 1382 regno
736 1318 911 1373 Patris
948 1321 1050 1374 sui.
1083 1321 1236 1375 Nttttc
1268 1326 1409 1376 enim
1445 1326 1571 1394 quia
1602 1328 1914 1383 misericors
1948 1342 2031 1382 est
2062 1343 2115 1383 ct

540 1409 825 1463 tuiserator
857 1411 1134 1477 Dominus,
1171 1417 1375 1485 majore
1407 1418 1604 1472 affectu
1641 1420 1755 1488 ipse
1787 1437 1945 1487 quam
1975 1425 2115 1487 Apo-

535 1501 704 1555 sndus
738 1518 863 1555 suos
912 1505 996 1557 fli-t
1034 1523 1155 1559 cum
1205 1509 1454 1564 flentibus
1480 1552 1494 1576 ,
1532 1513 1679 1579 cupit
1723 1515 1957 1580 gaudere
1991 1531 2112 1569 cum

537 1594 898 1657 gaudentibus
932 1596 995 1649 ²².
1036 1598 1100 1650 Et
1139 1601 1304 1654 multo
1342 1604 1515 1670 magis
1560 1602 1711 1670 luget
1761 1605 1873 1671 ipse
1902 1622 1994 1660 90s
2023 1608 2111 1673 qui

536 1696 663 1737 ante
713 1701 1071 1755 peccaverunt
1103 1701 1158 1745 et
1212 1710 1316 1747 non
1361 1706 1586 1764 egerunt
1639 1697 2008 1765 pmnitentiaut
2046 1699 2112 1752 ³⁷³.

536 1771 721 1843 Neque
749 1779 889 1831 enim
922 1784 1216 1848 putandum
1248 1796 1352 1849 est,
1390 1788 1532 1855 quod
1567 1787 1763 1842 Paulus
1791 1789 2005 1858 quidem
2038 1790 2114 1841 lu-

534 1876 655 1929 geat
687 1883 782 1933 pro
812 1874 1205 1938 peccatoribus,
1239 1888 1291 1929 et
1325 1876 1448 1929 fleat
1478 1893 1578 1947 pro
1609 1879 2053 1947 delinquentibus
2088 1898 2101 1945 ;

534 1955 797 2013 Dominus
847 1948 1024 2017 autem
1081 1982 1234 2021 meus
1263 1968 1422 2023 Jesus
1466 1972 1733 2026 abstineat
1763 1989 1791 2025 a
1828 1972 1951 2026 ﬂetu
1985 1990 2104 2028 cum

533 2048 744 2101 avcedit
782 2054 845 2103 ad
879 2051 1113 2119 l’atrem,
1143 2071 1262 2110 cum
1308 2060 1515 2113 assistit
1556 2061 1709 2114 altari
1737 2102 1751 2125 ,
1785 2074 1836 2116 et
1867 2066 2107 2132 reprnpi-

536 2138 815 2192 tiatiouem
848 2144 956 2215 (95)
990 2162 1085 2215 pro
1119 2149 1275 2202 nobis
1303 2149 1493 2214 offert;
1528 2162 1579 2205 et
1610 2154 1709 2206 hoc
1735 2165 1816 2207 est
1844 2155 2105 2208 acceden-

536 2238 643 2281 tem
673 2234 737 2283 ad
764 2234 933 2290 altare
963 2255 1064 2291 non
1092 2242 1273 2295 bibere
1308 2245 1488 2297 viuum
1519 2244 1739 2307 hetitize,
1766 2251 1889 2318 quia
1924 2250 2102 2305 adhuc

536 2333 883 2385 peccatorum
934 2342 1238 2384 nostrorum
1275 2337 1664 2392 amaritudines
1701 2344 1925 2407 patitur.
1985 2343 2099 2397 Non

534 2417 647 2467 vult
678 2432 806 2487 ergo
837 2423 984 2477 solus
1018 2425 1069 2477 in
1109 2442 1271 2495 regno
1303 2429 1393 2481 Dei
1428 2431 1611 2485 bibere
1642 2434 1846 2499 vinum,
1880 2454 1976 2490 nos
2010 2454 2105 2491 ex-

533 2522 763 2573 spectat.
808 2516 895 2567 Sir
929 2518 1072 2571 enim
1109 2522 1242 2573 dixit
1270 2522 1343 2576 ’5:
1382 2541 1402 2574 ι
1441 2523 1619 2578 Donec
1652 2528 1827 2581 bibam
1860 2529 1985 2583 illud
2017 2547 2103 2585 vo-

533 2601 764 2658 b‘scum.
794 2625 811 2655 ι
852 2606 958 2660 Nos
992 2626 1175 2664 smnus
1209 2613 1371 2681 igitur
1399 2617 1510 2682 qui,
1541 2620 1702 2670 vitam
1736 2631 1971 2673 nostram
2011 2638 2104 2675 ne-

531 2694 825 2761 gligentes,
860 2698 1099 2754 ltetitiam
1133 2704 1273 2759 illius
1296 2707 1660 2762 tletuoratnur.
1694 2711 1980 2778 Exspectat
2008 2732 2103 2769 nos

537 2794 591 2832 ut
629 2786 767 2837 hibal
800 2788 865 2841 tle
896 2797 1247 2857 generatione
1277 2797 1400 2851 vitis
1430 2798 1608 2863 hujus.
1642 2800 1804 2864 Cujus
1836 2804 1999 2857 vitis?
2035 2806 2101 2857 ll—

530 2871 634 2926 lius
667 2881 850 2945 utique
877 2884 1027 2953 cuius
1058 2885 1170 2951 ipse
1219 2899 1331 2940 erat
1382 2890 1549 2956 figura
1588 2893 1775 2946 (licens
1804 2897 1881 2949 ἐξ
1940 2915 1957 2946 ι
1996 2898 2102 2967 Ego

531 2977 653 3015 sunt
681 2968 829 3032 vitis,
857 2986 949 3023 vos
972 2974 1239 3040 palmites.
1269 2996 1286 3026 ι
1326 2977 1475 3033 Unde
1502 2981 1695 3034 iterum
1727 2984 1856 3037 dicit
1886 2985 1953 3047 “,
1977 2989 2101 3054 quia

536 3070 558 3106 tl
583 3061 801 3126 sanguis
830 3076 981 3117 meus
1013 3079 1137 3120 vere
1165 3078 1247 3121 est
1276 3080 1457 3135 potus,
1481 3082 1534 3124 et
1562 3089 1689 3127 caro
1719 3091 1834 3128 mea
1868 3091 1994 3131 vere
2020 3088 2104 3132 est

530 3151 703 3205 cibus.
739 3171 757 3201 ι
816 3154 954 3207 Vere
983 3159 1124 3211 enim
1162 3160 1213 3212 in
1265 3163 1528 3229 sanguine
1564 3180 1679 3219 uvae
1730 3167 1860 3220 lavit
1910 3170 2100 3224 stulam
2131 3188 2177 3249 ρ

531 3256 703 3294 suam.
737 3245 874 3309 Quid
916 3262 1046 3319 ergo
1086 3253 1209 3305 est?
1242 3254 1528 3322 Exspectat
1576 3256 1840 3312 lzetitiatu.
1877 3262 2105 3327 Quando

529 3337 848 3400 exspectat?
870 3337 1001 3392 Cum
1025 3357 1496 3407 consummavero,
1525 3348 1718 3417 iuqttit,
1742 3366 1875 3418 opus
1903 3368 2098 3407 meum.

532 3425 758 3487 Quando
789 3442 1125 3488 consummat
1154 3436 1254 3490 hoe
1279 3440 1457 3507 opus?
1484 3440 1709 3506 Quando
1743 3460 1827 3497 nte
1861 3445 1949 3511 qui
1980 3462 2100 3499 sunt

534 3515 776 3579 ultiuuts,
809 3533 861 3571 et
895 3524 1124 3591 nequior
1152 3528 1395 3582 omnium
1432 3540 1811 3598 peccatorum,
1848 3547 2105 3587 consum-

533 3616 731 3657 malum
764 3606 952 3663 fecerit
981 3623 1035 3665 et
1063 3616 1359 3680 perfectum
1382 3659 1397 3684 ,
1431 3628 1560 3672 tunc
1595 3632 1932 3673 consummat
1967 3638 2102 3691 opus

528 3712 708 3751 suum.
739 3699 889 3754 Nunc
917 3706 1058 3757 enim
1084 3707 1260 3760 adhuc
1290 3708 1664 3776 imperfectum
1689 3721 1771 3765 est
1805 3729 1938 3781 opus
1963 3714 2099 3782 ejus,

527 3791 699 3843 donec
731 3807 835 3860 ego
871 3810 1061 3851 maneo
1094 3798 1461 3866 imperfectus.
1515 3801 1756 3872 Denique
1793 3806 1960 3861 donee
2003 3822 2102 3876 ego

530 3894 635 3931 nou
673 3898 789 3934 sunt
822 3885 1065 3939 subditus
1097 3889 1257 3949 Patri,
1302 3906 1400 3943 nec
1438 3892 1552 3958 ipse
1582 3894 1779 3946 dicitur
1810 3895 1953 3949 Patri
1985 3898 2128 3951 esse"

527 3972 821 4038 subjectus.
864 3973 977 4027 Non
1008 3979 1150 4043 quod
1185 3978 1297 4045 ipse
1328 3977 1663 4043 subjectione
1694 3982 1925 4051 indigeat
1961 3989 2099 4052 apud

526 4058 784 4127 Patrem,
834 4068 925 4119 sed
972 4084 1068 4135 pro
1104 4084 1185 4121 me
1208 4107 1222 4128 ,
1274 4069 1326 4122 itt
1360 4087 1465 4139 quo
1496 4088 1629 4141 opus
1657 4090 1810 4128 suum
1863 4079 2097 4132 nondum

526 4161 955 4218 consummavit.
993 4162 1107 4229 ipse
1147 4165 1347 4217 dicitur
1387 4181 1489 4218 non
1523 4182 1642 4220 esse
1674 4169 1964 4234 subjectus.
2009 4173 2100 4227 Sic

527 4248 669 4299 cuitu
706 4249 932 4317 legimus
961 4251 1027 4314 ⁸⁷,
1053 4255 1304 4320 quoniam
1339 4270 1532 4323 corpus
1563 4272 1749 4311 sumus
1775 4259 2013 4324 Christi,
2044 4274 2099 4314 et

527 4342 766 4392 membra
815 4357 881 4394 ex
933 4352 1108 4410 parte.
1146 4344 1282 4410 Quid
1335 4359 1512 4399 autem
1561 4359 1643 4400 est
1688 4352 1829 4417 quod
1867 4352 1997 4405 dicit
2032 4368 2098 4406 ex

524 4440 700 4495 parte,
732 4431 1029 4486 videamus.
1058 4433 1168 4505 Ego
1200 4452 1341 4491 nunc
1366 4481 1380 4503 ,
1413 4438 1564 4491 verbi
1601 4443 1794 4507 gratia,
1824 4443 2096 4509 subjectus

2215 601 2335 640 esse
2366 585 2690 653 subjectum,
2721 588 2835 641 redi
2869 602 3012 640 nunc
3042 595 3095 641 et
3125 587 3192 639 ad
3225 587 3295 648 id,
3330 586 3473 652 quod
3505 587 3570 638 de
3608 584 3788 651 subje.

2214 677 2397 731 etioue
2425 677 2636 731 Domini
2663 678 3065 745 proposuimus:
3086 688 3139 731 et
3164 677 3284 729 vide
3305 676 3430 745 quia
3454 692 3575 729 cum
3597 691 3788 731 omnes

2215 782 2412 834 corpus
2439 769 2631 837 ipsius,
2662 779 2717 821 et
2746 769 2984 821 membra
3019 783 3141 822 esse
3173 769 3435 833 dicantur,
3467 770 3636 822 donec
3663 781 3787 825 sunt

2216 860 2384 927 aliqui
2419 861 2470 913 in
2526 862 2679 916 nobis
2707 901 2723 927 ,
2758 861 2848 931 qui
2888 862 3123 912 nondum
3159 860 3397 929 perfecta
3450 862 3785 929 subjectione

2217 951 2446 1019 subjecti
2478 965 2624 1015 sunt,
2659 955 2772 1020 ipse
2806 954 3003 1004 dicitur
3036 968 3139 1005 non
3178 968 3298 1004 esse
3328 950 3620 1018 subjectus.
3650 953 3783 1007 Cum

2218 1055 2347 1094 vero
2378 1044 2835 1097 consummaverit
2866 1059 3003 1111 opus
3035 1060 3191 1096 suum
3232 1042 3364 1115 (91),
3394 1054 3440 1097 et
3476 1047 3783 1097 universam

2218 1142 2527 1187 creaturam
2555 1150 2704 1187 suam
2726 1138 2792 1188 ad
2825 1151 3087 1187 summam
3115 1136 3459 1203 perfectionis
3475 1138 3791 1203 adduxerit,

2220 1233 2343 1275 tunc
2378 1226 2488 1293 ipse
2518 1226 2729 1279 dicetur
2756 1226 3028 1295 subjectus
3061 1226 3111 1277 itt
3136 1226 3236 1288 Itis,
3261 1228 3652 1294 quossubdidil
3686 1228 3784 1281 Pa-

2220 1316 2313 1378 tri,
2344 1327 2398 1369 et
2433 1317 2483 1369 in
2519 1319 2716 1385 quibus
2750 1338 2885 1389 opus
2924 1324 3065 1391 quod
3098 1327 3145 1378 ei
3180 1325 3338 1378 Pater
3372 1326 3620 1388 dederat,
3654 1341 3785 1379 eon-

2216 1408 2527 1476 suunnavit,
2558 1421 2612 1464 ut
2647 1412 2712 1466 sit
2740 1413 2883 1467 Deus
2930 1418 3109 1469 omnia
3167 1418 3216 1469 iu
3251 1418 3526 1472 omnibus.
3586 1418 3791 1473 Verum

2216 1496 2331 1551 lucc
2376 1514 2634 1567 quorsum
2682 1506 2974 1569 Spectaut?
3024 1518 3082 1560 ut
3140 1508 3504 1577 intelligamus
3538 1509 3589 1562 id
3641 1511 3787 1578 quod

2214 1603 2373 1655 supra
2404 1592 2757 1644 tractavimus
2784 1631 2800 1655 ,
2831 1597 3099 1661 quomodo
3131 1612 3233 1649 non
3270 1598 3402 1650 bibit
3438 1599 3670 1662 vinum,
3705 1598 3790 1652 vel

2216 1681 2484 1746 quomodo
2513 1682 2649 1736 bibit
2678 1693 2966 1753 antequam
3019 1687 3240 1740 intraret
3280 1688 3331 1740 in
3364 1687 3786 1752 tabernaculum,

2219 1778 2505 1838 antequam
2558 1775 2843 1828 accederet
2891 1777 2956 1828 ad
3015 1777 3211 1832 altare.
3267 1779 3381 1833 Non
3424 1780 3558 1834 bibit
3607 1790 3791 1834 autem

2149 1840 2187 1893 Β
2221 1875 2384 1924 nunc,
2418 1862 2542 1930 quia
2576 1864 2783 1918 assistit
2812 1866 3000 1929 altari,
3029 1878 3083 1921 et
3125 1871 3272 1937 luget
3303 1882 3521 1937 peccata
3559 1887 3710 1936 mea;
3738 1882 3793 1926 et

2217 1964 2430 2005 rursum
2490 1955 2636 2009 bibet
2687 1958 2963 2023 posthaec,
3015 1974 3139 2012 cum
3190 1963 3434 2029 subjecta
3489 1963 3537 2016 ei
3593 1962 3791 2017 fuerint

2213 2045 2416 2108 Omnia,
2446 2055 2502 2099 et
2527 2046 2747 2102 salvatis
2774 2049 3024 2102 omnibus
3052 2066 3114 2104 ac
3141 2053 3413 2105 destructa
3449 2065 3623 2106 morte
3668 2070 3791 2121 pec-

2213 2137 2342 2196 cati,
2375 2136 2515 2190 ultra
2537 2137 2651 2209 jam
2690 2142 3059 2195 necessarium
3089 2158 3195 2195 non
3222 2146 3330 2196 erit
3357 2142 3554 2197 offerre
3586 2145 3792 2199 hostias

2214 2242 2314 2295 pro
2346 2236 2591 2296 peccato.
2625 2229 2775 2286 Tunc
2803 2232 2948 2286 enim
2985 2234 3088 2287 erit
3119 2236 3377 2302 gaudium
3411 2245 3466 2288 et
3495 2234 3703 2299 lictitia,
3738 2248 3792 2288 et

2214 2331 2340 2375 tunc
2377 2342 2395 2373 ι
2426 2322 2777 2376 exsultahunt
2811 2340 2933 2379 ossa
2968 2325 3257 2379 hutuiliata
3290 2328 3356 2392 ³⁸,
3391 2347 3409 2376 ι
3454 2337 3507 2380 et
3541 2328 3791 2396 implebi-

2213 2420 2300 2465 tttr
2333 2413 2458 2466 illud
2490 2416 2629 2482 quod
2657 2416 2917 2484 scriptum
2944 2427 3025 2470 est
3054 2417 3136 2472 "z
3192 2436 3211 2470 ι
3239 2418 3507 2488 Aufugiet
3528 2418 3704 2486 dolor,
3734 2431 3788 2474 et

2213 2501 2431 2555 tristitia
2452 2542 2469 2568 ,
2500 2512 2554 2557 et
2583 2506 2839 2573 gemitus.
2873 2524 2892 2556 ι
2928 2508 3033 2561 Sed
3064 2516 3118 2561 et
3145 2508 3274 2565 illud
3304 2526 3410 2562 non
3446 2513 3787 2579 omittamus,

2211 2595 2353 2660 quod
2392 2609 2497 2647 non
2528 2595 2703 2649 solum
2736 2598 2804 2651 de
2840 2598 3021 2652 Aaron
3057 2600 3256 2653 dicitur
3283 2610 3340 2654 ut
3374 2617 3477 2655 non
3510 2603 3659 2657 bibat
3702 2608 3787 2657 vi-

2212 2699 2360 2744 num,
2399 2685 2491 2737 sed
2526 2694 2582 2739 et
2607 2686 2675 2740 de
2701 2686 2826 2741 filiis
2860 2690 2978 2757 ejus
3002 2704 3123 2742 cum
3159 2690 3535 2759 ingrediuntur
3563 2694 3630 2746 ad
3656 2710 3781 2748 sau-

2211 2784 2318 2832 cta.
2366 2773 2614 2829 Nondum
2665 2778 2809 2830 enim
2862 2788 3180 2847 receperunt
3230 2781 3469 2835 laetitiam
3520 2799 3673 2838 suam
3713 2802 3779 2840 ne

2212 2866 2437 2934 apostoli
2472 2869 2685 2935 quidem
2717 2869 2863 2939 (95),
2894 2873 2987 2924 sed
3018 2881 3071 2925 et
3104 2872 3202 2940 ipsi
3237 2884 3589 2941 exspectant,
3622 2888 3680 2929 ut
3714 2887 3771 2930 et

2211 2971 2313 3027 ego
2345 2959 2543 3013 laetitia:
2570 2977 2754 3014 eorum
2788 2964 3062 3031 particeps
3108 2966 3251 3019 fiant.
3294 2966 3475 3036 Neque
3512 2970 3655 3023 enim
3683 2970 3783 3025 de-

2209 3051 2465 3107 cedentes
2508 3053 2635 3107 hinc
2663 3057 2877 3121 sancti,
2913 3058 3172 3112 continuo
3216 3059 3425 3129 integra
3466 3063 3782 3117 meritorum

2211 3156 2436 3195 suorum
2464 3145 2684 3211 pra:mia
2712 3157 3138 3215 consequuntur;
3167 3149 3259 3201 sed
3283 3160 3599 3219 exspectant
3619 3152 3781 3205 etiam

2211 3247 2329 3298 nos,
2359 3232 2488 3286 licet
2514 3245 2810 3299 morantes,
2841 3238 2961 3292 licet
2986 3240 3221 3294 desides.
3250 3240 3365 3295 Non
3399 3243 3541 3294 enim
3567 3254 3647 3297 est
3680 3246 3785 3299 illis

2208 3323 2451 3391 perfecta
2485 3326 2691 3387 Ιωιίιίιι,
2726 3329 2899 3382 donec
2926 3345 3026 3397 pro
3053 3333 3335 3387 erroribus
3376 3336 3574 3390 nostris
3605 3338 3787 3390 dolent

2206 3422 2263 3466 et
2292 3413 2478 3483 lugent
2518 3429 2703 3471 nostra
2742 3429 2983 3487 peccata.
3021 3421 3133 3474 Hoc
3165 3422 3398 3477 fortasse
3429 3427 3557 3479 tnihi
3584 3429 3780 3482 dicenti

2206 3546 2310 3584 non
2359 3534 2567 3588 credas.
2616 3536 2745 3600 Quis
2797 3538 2942 3589 cuitu
2989 3551 3090 3606 ego
3118 3553 3236 3589 sum
3264 3577 3279 3601 ,
3330 3540 3419 3607 qui
3456 3543 3778 3598 confirmare

2204 3627 2527 3678 sententiam
2570 3626 2700 3678 lauti
2738 3627 3002 3695 dogmatis
3034 3628 3297 3681 audeam?
3346 3630 3438 3683 sed
3475 3632 3647 3684 habeo
3677 3634 3766 3686 bo-

2206 3731 2322 3769 rum
2357 3724 2546 3769 testem
2575 3754 2589 3778 ,
2624 3717 2689 3769 de
2719 3731 2826 3785 quo
2879 3732 2982 3770 non
3028 3728 3181 3786 potes
3212 3719 3477 3773 dubitare.
3526 3720 3783 3789 Magister

2204 3806 2345 3860 enim
2378 3806 2618 3876 gentium
2653 3818 2733 3860 est
2764 3807 2815 3860 in
2846 3807 2949 3861 fide
2984 3818 3038 3861 et
3070 3808 3297 3863 veritate
3324 3811 3603 3880 apostolus
3636 3812 3779 3865 Pau-

2206 3898 2307 3952 lus.
2343 3899 2459 3967 lpse
2489 3897 2654 3965 igitur
2684 3898 2747 3951 ad
2788 3898 3041 3954 Hebraeos
3069 3903 3323 3956 scribens
3345 3944 3359 3968 ,
3402 3919 3524 3956 cum
3554 3919 3780 3959 enume-

2201 4002 2261 4040 ra
2299 3998 2381 4041 set
2409 4001 2599 4040 omnes
2641 3998 2858 4043 sanctos
2892 3998 3109 4057 patres,
3142 3992 3229 4057 qui
3265 4006 3359 4059 per
3395 3993 3551 4045 fidem
3577 3992 3777 4059 justifi-

2202 4076 2307 4130 cati
2333 4084 2479 4140 sunt,
2509 4077 2712 4130 addidit
2742 4088 2863 4145 post
2885 4063 3068 4131 omnia
3097 4078 3261 4132 etiam
3297 4080 3432 4134 hoc:
3483 4100 3500 4131 t
3527 4080 3630 4134 Sed
3667 4082 3778 4146 isti,

2202 4169 2377 4236 inquit
2402 4168 2447 4199 ³⁸
2471 4207 2488 4233 ,
2518 4183 2708 4222 omnes
2742 4169 3109 4223 testimonium
3146 4171 3407 4225 habentes
3447 4188 3543 4240 per
3575 4174 3734 4226 fidem
3758 4213 3773 4235 ,

2203 4258 2435 4311 nondum
2464 4259 2695 4312 assecuti
2731 4268 2858 4313 sunt
2887 4262 3387 4329 repromissionem,
3424 4263 3531 4316 Deo
3561 4280 3656 4332 pro
3688 4281 3780 4318 no-

2203 4349 2285 4403 bis
2335 4350 2528 4403 melius
2561 4351 2767 4421 aliquid
2818 4353 3175 4421 providente,
3227 4354 3303 4405 ttti
3352 4370 3419 4407 ne
3473 4355 3588 4408 sine
3622 4357 3779 4409 nobis

2202 4440 2592 4507 perfectionem
2644 4454 3131 4510 consequerentur.
3171 4461 3189 4494 ι
3255 4442 3419 4496 Vides
3471 4458 3601 4513 ergo
3653 4445 3776 4510 quia

524 4533 642 4572 roum
682 4522 787 4573 Deo
818 4529 1108 4579 secundum
1152 4528 1422 4596 spiritum,
1458 4531 1559 4583 hoc
1588 4542 1666 4583 cst
1706 4535 1985 4600 proposito
2044 4546 2096 4587 et
2129 4516 2173 4570 Ῑ)
2202 4541 2477 4600 exspectat
2504 4533 2679 4586 adhuc
2700 4532 2995 4597 Abraham,
3028 4532 3469 4600 utquatperfecm
3496 4544 3621 4586 sunt
3650 4551 3778 4588 con-

526 4610 842 4675 voluntate;
880 4619 972 4667 sed
1001 4620 1234 4683 quaudiu
1271 4619 1320 4669 itt
1356 4634 1440 4672 me
1472 4636 1597 4672 caro
1631 4623 1966 4690 concupiscit
1999 4628 2093 4677 atl-

525 4716 714 4754 versus
762 4704 1051 4772 spiritum,
1099 4720 1150 4761 et
1185 4711 1407 4778 spiritus
1456 4714 1712 4765 adversus
1757 4730 1999 4777 carnem,
2039 4725 2092 4768 et

525 4798 760 4861 modum
800 4801 945 4867 potui
985 4804 1256 4870 subjirere
1295 4821 1513 4859 carnem
1554 4808 1789 4874 spiritui,
1822 4810 2092 4873 subjectus

526 4888 741 4954 quidem
776 4907 891 4943 sum
951 4893 1056 4945 Deo
1083 4934 1097 4956 ,
1132 4912 1314 4947 verum
1352 4912 1455 4949 non
1499 4912 1565 4949 ex
1604 4898 1812 4966 integro
1843 4938 1858 4962 ,
1895 4902 1985 4951 sed
2031 4917 2096 4954 cx

527 4990 699 5046 parte.
758 4983 812 5034 Si
866 4996 1043 5037 autem
1083 5000 1310 5053 potuero
1357 4989 1522 5041 etiam
1560 5004 1779 5041 carnem
1839 5001 2098 5045 meamet

523 5074 702 5124 outuia
743 5075 979 5128 membra
1021 5093 1132 5130 mea
1184 5079 1234 5131 in
1271 5080 1680 5131 consonantiam
1724 5081 1947 5147 spiritus
1983 5091 2095 5134 tra-

525 5167 673 5227 l;ere,
706 5167 866 5236 222
896 5179 1021 5222 tunc
1045 5170 1283 5237 perfecte
1314 5173 1539 5225 videbor
1567 5187 1687 5225 esse
1715 5172 2003 5237 subjectus.
2039 5174 2094 5227 Si

592 5287 636 5319 ”
669 5289 818 5340 Itoni.
844 5303 936 5350 xu,
975 5288 1059 5341 f5.
1136 5289 1180 5320 ⁸³
1216 5287 1253 5339 ΙΙ
1289 5288 1530 5353 Cet-.xn,
1562 5289 1652 5341 21.

520 5358 610 5413 27.
654 5358 732 5389 ’³⁸
766 5356 904 5411 Psal.
934 5374 985 5420 ι..
1016 5362 1096 5410 10.
1168 5360 1213 5392 ¹⁹
1253 5362 1353 5412 lsa.
1384 5376 1547 5422 xxxv,
1590 5360 1667 5411 l0.

595 5453 875 5524 (1)2)Mss.
914 5474 931 5506 ι
959 5462 1017 5508 ιιι
1044 5456 1210 5524 ipsius
1238 5456 1533 5510 imitemur.
1570 5475 1588 5507 ι
1619 5454 1772 5509 Libb.
1799 5454 1951 5514 editi,
1994 5473 2010 5502 ι
2038 5466 2091 5506 et

522 5523 692 5591 ipsius
723 5523 1016 5579 imitemur.
1052 5523 1070 5576 ι

594 5592 703 5661 (95)
760 5594 912 5665 Mss,
972 5613 991 5646 ι
1050 5597 1569 5665 repropitiationent.
1630 5616 1646 5647 ι
1714 5596 1869 5651 Libb.
1928 5596 2093 5655 edii,

530 5677 549 5712 ι
580 5663 1039 5729 propitiationem.
1079 5685 1097 5718 ι

598 5730 708 5796 (94)
768 5732 898 5785 Cum
934 5750 1051 5786 vero
1098 5736 1530 5788 consunmtat'erit
1579 5752 1710 5800 opus
1758 5754 1936 5798 situm,
1983 5748 2088 5790 etc.

526 5798 757 5854 Consule
796 5800 1046 5857 lluetium
1093 5803 1529 5873 Origcuiattorum
1565 5798 1654 5861 lib.
1688 5823 1747 5875 tt,
1777 5821 1967 5875 qiucst.
2006 5809 2087 5871 ll,

1725 5288 1769 5320 ²”
1802 5288 1949 5339 Matt.
1990 5304 2134 5349 xxvi,
2171 5288 2262 5341 29.

1746 5359 1789 5389 ³ο
1820 5359 1979 5411 llebr.
2014 5375 2086 5419 XI,
2118 5360 2206 5414 59.

2198 4634 2480 4692 sequatur.
2538 4625 2830 4691 Exspectat
2862 4634 2914 4677 et
2962 4624 3114 4677 lsaac
3139 4634 3194 4677 et
3240 4622 3451 4691 Jacoh,
3485 4635 3539 4678 et
3589 4641 3777 4681 omnes

2195 4717 2470 4783 propheta:
2513 4724 2833 4780 exspectant
2883 4730 2981 4769 nos
3029 4725 3087 4773 ut
3136 4715 3416 4768 nobiscum
3474 4717 3771 4785 perfectam

2194 4807 2578 4861 beatitudinem
2598 4808 2833 4875 capiant.
2855 4806 3082 4875 Propter
3114 4807 3226 4860 haec
3239 4823 3366 4876 ergo
3388 4811 3550 4863 etiam
3577 4820 3775 4879 myste-

2206 4899 2343 4952 rium
2372 4899 2497 4952 illud
2531 4898 2582 4950 in
2614 4896 2856 4950 ultimam
2882 4897 3022 4950 diem
3060 4898 3210 4951 dilati
3236 4900 3421 4967 judicii
3450 4901 3770 4953 custoditur.

2208 4988 2384 5043 Unum
2411 4988 2554 5041 enim
2574 5003 2770 5057 corpus
2799 4998 2901 5050 est,
2932 4988 3371 5056 quodjustificari
3401 4996 3772 5058 exspectatur,

2204 5097 2367 5133 ttntttu
2410 5081 2551 5149 quod
2618 5095 2904 5147 resurgere
2955 5080 3153 5133 dicitur
3186 5082 3238 5134 in
3281 5080 3508 5147 judicio.
3572 5100 3589 5133 ι
3618 5080 3770 5137 Licet

2204 5176 2347 5227 enim
2388 5176 2499 5229 sint
2552 5174 2719 5227 multa
2753 5174 2991 5227 membra
3017 5215 3032 5237 ,
3072 5174 3163 5227 sed
3195 5190 3358 5227 unum
3394 5190 3628 5243 corpus,
3664 5189 3767 5229 non

2868 5286 2913 5317 “
2941 5284 3095 5340 Joan.
3130 5300 3200 5350 Vl,
3236 5285 3324 5341 56.
3400 5288 3444 5319 ⁸⁷
3476 5287 3491 5339 I
3519 5286 3645 5341 Cor.
3670 5299 3769 5350 xu,

2368 5288 2412 5318 ³⁸
2435 5285 2595 5343 Joau.
2623 5300 2714 5347 xv,
2740 5284 2796 5340 5.

2241 5470 2351 5505 ill“.
2396 5470 2482 5505 1οο

2241 5470 2269 5501 11
2337 5492 2351 5505 .
2466 5490 2482 5505 ο

2202 5470 2232 5506 n
2273 5452 2669 5587 ('35)‘t(\;'omfnm
2722 5521 2857 5573 enim
2907 5532 3206 5586 receperunt
3238 5520 3473 5573 Irt’titt'mn
3517 5536 3665 5573 suam
3706 5537 3765 5574 η(

2200 5592 2424 5643 (ιυρισιυιί
2470 5591 2677 5657 quidem
2704 5631 2718 5653 ,
2755 5602 2862 5642 etc.
2899 5592 3030 5655 Quis
3078 5593 3145 5643 sit
3200 5592 3462 5656 genuinus
3499 5590 3599 5643 ho:
3650 5591 3768 5643 loco

2200 5662 2448 5727 (ingenis
2479 5676 2704 5722 sensus,
2744 5662 2916 5725 aperit
2951 5661 3174 5715 lluctius
3224 5658 3529 5728 Origeuiau.
3569 5662 3659 5717 lib.
3706 5674 3769 5727 tl,

2201 5740 2388 5798 qttazsl.
2427 5732 2512 5797 11,
2549 5747 2695 5784 ιιυιιι.
2736 5732 2814 5784 ιυ.
