4124 6434
321 374 416 428 ιθι

1444 374 1512 427 IN
1552 371 1927 427 LEVlTlCUM
1964 371 2249 427 IlOMiLlA
2292 372 2405 430 Vll.

3467 375 3571 427 {8’3

322 501 501 561 potest
535 493 716 547 dicere
756 493 944 547 oculus
983 495 1187 556 manui,
1222 492 1333 546 Non
1371 507 1429 548 es
1465 496 1593 548 mihi
1643 510 1897 548 necessa—
1927 499 1972 555 Α
2003 494 2265 547 cannas”
2289 493 2541 561 Dispersa
2566 501 2688 545 sunt
2711 506 2832 545 ossa
2859 503 3038 546 nostra
3064 491 3569 548 sccusinl’ernmn.»

326 586 408 638 ria
440 584 507 646 ³¹,
537 603 557 636 ι
588 584 753 637 etiam
788 585 830 638 si
859 600 1020 638 sanus
1066 586 1133 649 sit
1195 585 1403 649 oculus,
1436 595 1486 640 et
1524 601 1628 640 non
1685 586 1754 638 sit
1788 594 1901 637 tur-

324 678 507 731 batus.
537 676 581 741 ρ
605 684 807 729 tantum
838 676 1071 743 pertinet
1115 675 1179 730 ad
1216 676 1528 738 videndum,
1565 676 1608 727 si
1644 675 1819 727 desint
1852 673 1897 726 ei

326 768 537 835 reliqua
587 774 825 820 membra
858 807 872 829 ,
904 782 1024 835 qua:
1061 768 1162 821 erit
1196 768 1350 820 oculo
1399 767 1628 820 laetitia?
1659 777 1752 817 attt
1783 780 1900 830 qure

327 859 601 910 videbitur
648 872 767 910 esse
815 857 1076 925 perfectio
1106 858 1148 910 si
1195 874 1383 912 manus
1425 873 1527 910 non
1572 856 1809 909 habeat?
1854 856 1899 909 si

327 952 493 1019 pedes
523 948 721 1013 desim,
747 956 840 1000 aut
871 948 1074 1015 reliqua
1111 950 1348 1003 membra
1378 964 1481 1002 non
1515 946 1737 1000 adsint?
1765 944 1899 1010 Quia

326 1054 382 1094 et
418 1042 460 1095 si
495 1049 577 1095 est
608 1040 923 1108 prmcellens
947 1040 1125 1109 aliqua
1157 1041 1297 1093 oculi
1330 1041 1521 1110 gloria,
1550 1041 1599 1093 in
1631 1055 1696 1091 eo
1727 1037 1902 1090 maxi-

332 1148 416 1186 ne
447 1141 554 1195 est,
583 1141 640 1184 ut
675 1132 755 1184 vel
784 1131 896 1200 ipse
924 1131 1031 1185 dux
1062 1133 1134 1185 sit
1165 1134 1430 1198 corporis,
1461 1130 1543 1183 vel
1578 1141 1898 1183 czeterorum

330 1229 698 1279 membrorum
750 1240 854 1277 non
892 1226 1176 1280 deseratur
1215 1223 1421 1279 ciliciis.
1462 1221 1578 1277 Hoc
1598 1231 1775 1276 autem
1803 1236 1900 1275 nos

327 1332 424 1385 per
478 1316 622 1369 illam
695 1315 997 1369 Ezechielis
1058 1315 1333 1384 propheta:
1391 1315 1653 1367 visionem
1714 1311 1899 1366 doceri

330 1417 482 1476 puto,
511 1423 630 1461 cum
660 1408 792 1462 dicit
815 1417 1243 1477 congregandum
1264 1421 1323 1459 os
1341 1406 1407 1459 ad
1423 1421 1505 1470 os,
1529 1415 1573 1458 et
1591 1405 1897 1473 juncturam

328 1499 396 1550 ad
424 1497 729 1564 juncturam
758 1538 774 1560 ,
827 1506 880 1550 et
919 1511 1141 1559 nervos,
1176 1510 1239 1549 ac
1270 1510 1469 1560 venas,
1508 1504 1561 1547 et
1591 1494 1808 1561 pellem,
1837 1510 1900 1548 ac

328 1590 541 1659 singula
590 1590 721 1643 locis
776 1590 889 1643 suis
941 1604 1064 1643 esse
1115 1588 1437 1658 reparanda.
1489 1588 1728 1656 Denique
1780 1587 1901 1641 \ide

328 1681 459 1747 quid
491 1679 640 1731 addit
672 1680 970 1748 propheta:
1012 1697 1030 1730 ι
1063 1676 1196 1732 Ossa
1221 1717 1236 1740 ,
1273 1678 1448 1745 inquit
1473 1676 1516 1707 ³⁸
1542 1716 1557 1742 ,
1588 1678 1709 1737 ista,
1742 1696 1760 1727 ι
1797 1694 1900 1730 non

329 1773 462 1826 dixit
494 1786 682 1826 omnes
726 1772 971 1825 homines
1016 1780 1177 1835 sunt,
1225 1771 1319 1825 sed
1361 1770 1533 1833 dixit,
1590 1787 1607 1819 ι
1636 1784 1756 1822 ossa
1800 1770 1897 1823 ista

2006 583 2142 649 Quia
2180 597 2311 651 ergo
2343 582 2590 650 dispersa
2620 589 2797 643 erant,
2824 592 3107 650 propterea
3132 585 3263 636 dicit
3290 600 3386 653 per
3407 583 3570 637 alium

2004 675 2384 743 proiihetam”
2408 692 2420 727 :
2448 692 2465 723 ι
2493 675 2864 741 Coagregetur
2905 690 2967 727 os
3011 676 3073 728 ad
3108 692 3187 737 os,
3234 686 3287 728 et
3315 676 3570 741 junctura

2003 770 2066 819 ad
2096 768 2433 835 juncturam,
2472 774 2524 816 ct
2565 765 2738 825 nervi,
2779 774 2833 815 et
2880 779 3049 829 venre,
3086 774 3137 816 et
3172 765 3358 832 pellis.
3386 784 3403 815 ι
3437 765 3570 820 Cum

2001 861 2143 912 enim
2181 861 2281 912 hoc
2314 857 2514 910 factum
2560 854 2740 913 fuerit.
2780 867 2905 907 tunc
2940 855 3158 907 «omnia
3202 857 3300 908 ista
3344 858 3566 911 dicent:

2006 949 2253 1012 Domine,
2278 949 2398 1015 quis
2426 946 2619 1000 similis
2646 944 2779 997 tibi?
2802 944 3052 1010 Eripicns
3079 946 3291 1012 inopem
3316 949 3380 998 de
3411 963 3568 998 manu

2002 1037 2242 1092 fortioris
2276 1038 2469 1104 ejus”.
2504 1055 2522 1088 ›
2574 1035 3007 1102 Uinni‘iquodqne
3042 1037 3183 1090 enim
3235 1053 3296 1089 os
3342 1052 3407 1089 ex
3455 1038 3573 1091 istis

2001 1132 2215 1183 ossibus
2247 1132 2400 1197 inops
2434 1141 2577 1191 erat,
2626 1137 2681 1180 et
2728 1127 3066 1179 atterebatur
3115 1126 3355 1181 fortioris
3388 1144 3568 1182 manu.

2001 1220 2117 1275 Non
2153 1222 2296 1275 enim
2332 1221 2565 1275 habebat
2603 1220 2915 1287 juncturam
2963 1220 3272 1284 cbaritatis,
3309 1237 3413 1274 non
3446 1238 3572 1274 nrr-

2000 1330 2096 1368 vos
2136 1315 2430 1383 patientim,
2468 1330 2569 1367 non
2606 1329 2772 1367 venas
2818 1313 2998 1367 vitalis
3044 1314 3230 1373 animi,
3262 1323 3314 1365 et
3350 1312 3466 1365 lidei
3496 1314 3574 1366 vi-

2000 1422 2207 1475 gorem.
2252 1406 2349 1461 Ubi
2394 1422 2521 1460 vero
2568 1407 2713 1457 venit
2748 1407 2837 1473 qui
2890 1406 3132 1473 dispersa
3184 1407 3485 1475 colligeret,
3516 1417 3574 1460 et

2000 1498 2091 1567 qui
2128 1497 2393 1562 dissipata
2425 1497 2801 1565 conjungeret,
2831 1498 3155 1551 consocians
3200 1512 3263 1549 os
3293 1499 3359 1549 ad
3402 1513 3484 1563 os,
3517 1508 3572 1550 et

1996 1589 2308 1657 juncturam
2353 1590 2417 1640 ad
2447 1588 2779 1656 juncturam,
2814 1586 3083 1640 mdiiicat'e
3130 1589 3293 1658 cmpit
3324 1601 3570 1642 sanctum

2003 1695 2199 1750 corpus
2233 1680 2504 1734 Ecclesia;
2550 1678 2672 1733 Ilaec
2716 1679 3017 1731 inciderunt
3049 1681 3266 1747 quidem
3299 1681 3569 1733 extrinse-

2005 1787 2100 1825 cus
2157 1770 2281 1823 huic
2344 1770 2715 1837 disputationi.
2773 1770 2864 1821 sed
2923 1770 3234 1822 necessario
3284 1770 3567 1838 explanata

329 1866 528 1918 domus
556 1862 718 1916 Israel
750 1872 849 1916 est.
883 1880 902 1914 ι
958 1862 1190 1917 liabebis
1234 1877 1364 1930 ergo
1397 1861 1637 1915 laetitiam
1687 1862 1752 1915 de
1802 1862 1900 1915 hac
1934 1858 1973 1912 Β
2004 1872 2148 1922 sunt,
2186 1872 2243 1914 ut
2277 1861 2615 1914 manifestior
2645 1861 2797 1914 ﬁeret
2831 1862 3102 1929 pontiﬁcis
3140 1862 3240 1913 mei
3293 1863 3572 1927 ingressus

338 1960 447 2009 vita
484 1958 785 2015 discedens.
823 1959 864 2012 si
900 1954 1067 2011 fueris
1089 1970 1328 2012 sanetus.
1359 1956 1465 2011 Sed
1503 1967 1629 2009 tunc
1656 1956 1759 2010 erit
1789 1958 1900 2026 ple-

332 2066 400 2101 na
433 2049 617 2103 lmtitia
649 2088 664 2112 ,
696 2065 818 2104 cum
859 2049 1061 2103 nullmn
1114 2049 1206 2102 tibi
1258 2051 1618 2103 membrorum
1654 2052 1898 2119 corporis

326 2144 495 2193 deest.
530 2140 878 2208 Exspectabis
904 2142 1044 2192 enim
1073 2150 1126 2192 tu
1153 2141 1305 2205 alios,
1331 2141 1473 2194 sicut
1496 2153 1547 2195 et
1570 2142 1689 2210 ipse
1716 2157 1901 2207 exspe-

326 2238 501 2284 cmius
531 2243 613 2283 es.
644 2230 795 2296 Quod
822 2231 865 2283 si
900 2230 1014 2291 tibi,
1043 2231 1131 2299 qui
1165 2235 1463 2285 membrum
1498 2249 1577 2296 es,
1619 2247 1722 2285 non
1755 2233 1901 2287 vide-

330 2325 416 2367 tur
446 2331 567 2370 esse
616 2317 850 2385 perfecta
881 2318 1064 2373 lmtitia
1114 2318 1159 2373 si
1202 2319 1342 2373 desit
1377 2322 1520 2374 aliud
1555 2322 1850 2375 membrum
1881 2339 1897 2387 ;

326 2419 529 2475 quanto
558 2409 725 2476 magis
775 2411 1034 2464 Dominus
1067 2424 1121 2465 et
1156 2412 1404 2469 Salvator
1432 2422 1614 2467 noster
1641 2454 1654 2477 ,
1688 2416 1775 2482 qui
1805 2431 1899 2468 ca-

330 2509 421 2565 put
454 2510 507 2553 et
533 2512 721 2555 auctor
749 2512 830 2555 est
867 2503 1030 2556 totius
1056 2506 1325 2573 corporis,
1351 2522 1452 2557 non
1475 2506 1576 2559 sibi
1600 2506 1899 2573 perlectam

329 2589 457 2642 dicit
492 2607 609 2644 e~sr
638 2593 885 2647 Ιιιςῑῐιίειιιι
912 2635 926 2658 ,
964 2597 1137 2649 donec
1172 2597 1371 2666 aliquid
1403 2613 1469 2651 ex
1518 2598 1772 2651 membris
1808 2601 1899 2652 de-

327 2697 445 2737 esse
480 2687 695 2752 corpori
735 2703 835 2739 suo
868 2687 1053 2741 videt?
1093 2688 1154 2741 Et
1191 2698 1478 2757 propterea
1513 2689 1655 2744 forte
1701 2693 1902 2745 oratio-

330 2791 448 2828 nem
485 2775 738 2832 fundebat
765 2780 829 2833 ad
866 2779 1101 2843 Patrem,
1138 2782 1322 2835 dicens
1352 2784 1429 2836 ’3:
1457 2802 1474 2832 ι
1510 2783 1666 2836 Pater
1693 2795 1898 2849 sancte,

330 2865 564 2934 glorifica
600 2886 683 2922 me
715 2871 798 2923 illa
829 2871 1019 2938 gloria,
1055 2888 1215 2941 quam
1249 2874 1408 2926 habui
1446 2875 1582 2941 apml
1632 2885 1682 2927 te
1719 2876 1901 2942 prius-

331 2976 486 3024 quam
518 2963 744 3014 mundus
792 2972 953 3016 esset.
989 2984 1006 3015 ι
1066 2964 1178 3016 Non
1214 2964 1323 3015 vult
1353 2980 1480 3031 ergo
1517 2965 1637 3017 sine
1670 2975 1718 3018 te
1760 2966 1900 3018 reci-

332 3065 456 3116 pere
485 3051 775 3119 perfectam
807 3051 1031 3119 gloriam
1069 3069 1243 3113 suam,
1303 3053 1404 3103 hoc
1438 3060 1523 3104 est
1554 3054 1672 3104 sine
1704 3053 1900 3120 populo

330 3154 447 3202 suo,
480 3142 569 3207 qui
600 3149 682 3192 est
715 3155 913 3205 corpus
943 3140 1080 3206 ejus,
1118 3150 1172 3192 et
1205 3141 1294 3206 qui
1328 3148 1458 3193 sunt
1492 3139 1730 3192 membra
1759 3141 1895 3206 ejus.

333 3228 454 3281 Volt
496 3232 638 3284 enim
679 3231 731 3283 in
766 3233 868 3284 isto
903 3247 1130 3299 corpore
1164 3231 1415 3285 Ecclesia:
1449 3246 1559 3284 sua:
1587 3240 1640 3284 et
1686 3232 1736 3284 in
1781 3234 1898 3284 istis

331 3320 589 3372 membris
617 3320 792 3387 populi
823 3322 904 3373 sui
932 3361 946 3384 ,
978 3323 1089 3390 ipse
1121 3322 1266 3373 velut
1296 3322 1479 3374 anima
1520 3323 1809 3389 habitare;
1843 3334 1901 3376 ut

331 3424 521 3461 omnes
574 3421 766 3471 motus.
800 3420 962 3480 atque
999 3414 1179 3465 omnia
1208 3428 1371 3481 opera
1405 3416 1699 3467 secundum
1730 3416 1900 3484 ipsius

332 3502 528 3553 habeat
578 3504 945 3566 voluntatem;
993 3513 1049 3557 ut
1085 3521 1208 3558 vere
1244 3506 1576 3573 compleatur
1631 3507 1683 3559 in
1745 3509 1901 3563 nobis

332 3591 458 3643 illud
490 3594 762 3659 pmpheta:
788 3594 987 3648 dictum
1007 3593 1078 3646 31’:
1101 3614 1116 3643 ι
1138 3596 1398 3649 llabitabo
1429 3598 1478 3648 in
1504 3596 1606 3661 eis,
1636 3609 1689 3649 et
1713 3598 1901 3652 auibu-

328 3682 471 3735 labo.
512 3708 530 3735 ι
580 3683 731 3739 Nunc
791 3697 970 3739 autem
1028 3686 1201 3742 donec
1256 3688 1477 3757 perfecti
1539 3706 1643 3743 non
1714 3707 1901 3746 sumus

329 3790 536 3839 omnes,
592 3778 685 3829 sed
731 3777 905 3829 adhuc
936 3792 1124 3833 sumus
1161 3781 1210 3833 in
1243 3783 1482 3848 peccatis
1510 3821 1525 3846 ,
1560 3796 1622 3834 ex
1658 3793 1812 3849 parte
1847 3785 1896 3836 in

330 3869 486 3921 nobis
519 3876 600 3921 est
630 3908 645 3929 ,
679 3878 731 3920 et
782 3868 901 3922 ideo
935 3888 953 3919 ι
980 3885 1044 3923 ex
1093 3882 1246 3938 parte
1279 3874 1481 3926 scimus
1508 3913 1522 3936 ,
1564 3883 1616 3927 et
1646 3890 1707 3927 ex
1747 3885 1899 3943 parte

330 3960 719 4028 prophetatuus
756 3960 830 4025 ³⁵,
866 3979 887 4012 ι
927 3962 1097 4015 donec
1144 3962 1265 4029 quis
1300 3966 1584 4031 pervenire
1625 3975 1899 4017 mereatur

329 4053 394 4105 ad
424 4053 563 4104 illam
592 4066 928 4115 mensuram,
963 4068 1124 4121 quam
1163 4053 1295 4106 dicit
1332 4055 1621 4123 Apostolus
1652 4056 1726 4110 ’σε
1768 4074 1786 4108 ι
1812 4057 1898 4111 V'i-

328 4158 396 4195 vo
426 4154 603 4196 autem
625 4144 734 4212 jam
767 4160 871 4197 non
905 4160 1024 4213 ego,
1058 4145 1188 4197 vivit
1220 4160 1347 4198 vero
1377 4146 1427 4198 in
1460 4164 1543 4199 me
1573 4146 1841 4203 Christus.
1873 4168 1892 4201 ι

329 4236 409 4289 Ex
445 4247 595 4305 parte
639 4252 767 4300 ergo
796 4276 811 4294 ,
843 4245 904 4289 ut
949 4236 1082 4288 dicit
1113 4236 1435 4305 Apostolus,
1474 4254 1616 4290 nunc
1655 4241 1892 4293 membra

327 4328 446 4395 ejus
472 4343 680 4389 smnus,
732 4336 785 4381 et
816 4343 880 4380 ex
909 4337 1061 4396 parte
1099 4342 1220 4381 ossa
1251 4326 1367 4394 ejus
1396 4344 1602 4383 sumus.
1635 4331 1765 4383 (ium
1796 4348 1895 4384 an-

330 4432 434 4473 tem
472 4420 754 4488 conjuncta
789 4418 994 4471 fuerint
1023 4433 1142 4472 ossa
1179 4420 1243 4470 ad
1276 4433 1420 4484 ossa,
1451 4429 1505 4472 et
1530 4419 1798 4487 juncturae
1828 4416 1895 4475 ad

324 4513 610 4581 juncturas
642 4511 778 4583 (96).
812 4510 1107 4563 secundum
1145 4509 1245 4563 hoc
1274 4508 1414 4577 quod
1444 4525 1605 4579 supra
1637 4511 1891 4577 diximus,

330 4615 459 4656 tunc
484 4604 648 4654 etiam
675 4602 788 4670 ipse
817 4601 959 4654 dicet
996 4603 1062 4654 de
1094 4602 1246 4654 nobis
1271 4601 1399 4654 illud
1428 4603 1799 4669 preplieticnin
1829 4605 1893 4658 87:

330 4716 349 4745 ι
370 4696 560 4750 Omnia
582 4709 705 4747 ossa
733 4707 849 4745 mea
874 4692 1054 4746 dicent
1072 4710 1086 4745 :
1104 4692 1349 4756 Domine,
1373 4693 1493 4760 quis
1517 4694 1706 4747 similis
1726 4697 1853 4748 tibi?
1873 4715 1890 4746 ι

324 4792 515 4845 Omnia
545 4808 781 4861 namque
807 4809 927 4847 ossa
962 4794 1064 4844 ista
1097 4792 1411 4857 loquuntur,
1441 4799 1494 4841 et
1530 4789 1785 4857 hymnum
1816 4792 1898 4844 dio

320 4897 475 4948 cunt,
508 4895 561 4937 et
589 4886 792 4952 gratias
818 4893 987 4953 agunt
1022 4884 1146 4936 Deo.
1176 4880 1535 4933 Meminerant
1564 4882 1706 4934 enim
1740 4882 1899 4935 bene-

327 4975 435 5027 licii
491 4975 631 5039 ejus,
664 4986 717 5028 et
745 4975 864 5027 ideo
905 4991 923 5024 ι
958 4975 1135 5026 omnia
1165 4988 1284 5025 ossa
1320 4987 1434 5024 mea
1463 4972 1679 5025 dicent:
1715 4974 1898 5026 Domi-

326 5082 394 5116 ne.
417 5103 431 5127 ,
471 5067 590 5133 quis
619 5065 814 5118 similis
847 5063 982 5116 tibi?
1024 5062 1271 5129 Eripiens
1303 5076 1593 5129 pauperem
1631 5062 1696 5114 de
1732 5079 1892 5114 manu

326 5153 567 5205 fortioris
595 5153 731 5219 ejus.
767 5172 785 5204 ι
840 5154 912 5205 De
940 5152 1057 5205 istis
1087 5149 1301 5203 ossibus
1335 5163 1455 5198 cum
1489 5147 1666 5200 adhuc
1710 5157 1895 5201 essent

254 5226 255 5229 η
322 5243 484 5313 223
506 5244 771 5312 dispersa,
791 5253 1075 5311 antequam
1103 5240 1314 5292 veniret
1338 5238 1426 5306 qui
1452 5253 1510 5289 ea
1540 5238 1815 5303 colligeret
1843 5248 1899 5293 et

323 5346 679 5403 congregaret
712 5335 763 5387 in
790 5350 979 5397 unum,
1013 5333 1216 5386 dictum
1245 5340 1326 5383 est
1358 5340 1411 5382 et
1439 5329 1565 5382 illud
1612 5329 1894 5397 prOpheti-

394 5510 439 5543 "
470 5509 488 5565 I
521 5512 645 5566 Cor.
692 5526 787 5573 xu,
816 5510 905 5563 20.

320 5582 369 5615 ⁸⁸
401 5582 575 5635 Galat.
615 5599 671 5645 ιι,
706 5581 795 5634 20.
907 5581 950 5612 ³⁷
983 5580 1120 5633 Psal.
1155 5595 1334 5635 xxxiv.
1370 5579 1455 5630 l0.

318 5653 363 5684 ⁸⁸
403 5654 593 5705 Matth.
638 5669 712 5716 Ix,
756 5652 843 5704 17.
917 5652 960 5681 δ’
995 5651 1033 5702 ll
1065 5652 1188 5704 Cor.
1232 5664 1302 5713 tv,
1335 5649 1419 5700 16.

396 5769 509 5838 (96)
545 5768 668 5838 Mss.
700 5785 718 5818 ι
740 5768 1047 5838 juncturas.
1078 5787 1094 5818 ι
1129 5765 1461 5838 Libhsrditi,
1495 5761 1897 5838 tju-ncturam.»

396 5832 508 5901 (97)
542 5837 694 5902 Mss”
730 5832 757 5889 ι’
790 5838 951 5893 bibet.
989 5856 1004 5888 ι
1036 5838 1192 5893 Libb.
1221 5836 1351 5891 editi
1376 5875 1389 5893 ,
1426 5851 1444 5885 ι
1494 5832 1649 5886 bibit.
1686 5850 1702 5883 ι

1016 5512 1061 5543 ³³
1097 5511 1291 5563 Eaech.
1330 5522 1537 5569 “xvii,
1589 5504 1675 5559 ii.

1788 5506 1832 5536 ⁸³
1863 5504 2016 5560 Joan.
2050 5521 2181 5573 xvtl,
2213 5506 2304 5561 5|.

1567 5575 1611 5605 ³⁸
1637 5574 1780 5628 Psal.
1834 5592 1957 5642 CXL,
2021 5578 2071 5631 7.

1496 5646 1542 5678 "
1570 5644 1744 5699 Levit.
1782 5662 1834 5708 χ,
1872 5647 1949 5700 14.

2002 1954 2054 2006 in
2089 1964 2273 2006 sancta
2312 1968 2415 2005 non
2453 1952 2687 2003 bibentis
2720 1951 2899 2003 vinum
2953 1968 3232 2018 usquequo
3266 1955 3571 2006 sacerdotio

2000 2045 2332 2115 fungeretur.
2383 2043 2508 2095 Post
2543 2046 2656 2095 haec
2692 2052 2866 2095 tamen
2899 2042 3046 2095 bibet
3076 2043 3185 2111 (97)
3228 2044 3432 2107 vinum,
3468 2050 3559 2096 sed

2002 2140 2185 2191 vinum
2229 2152 2448 2200 novum,
2480 2144 2533 2188 et
2577 2135 2757 2186 vinum
2812 2148 3007 2186 novum
3058 2135 3107 2185 in
3149 2135 3283 2187 ('(elo
3326 2150 3484 2195 novo.
3514 2146 3571 2188 et

2002 2231 2055 2287 in
2092 2248 2226 2286 nova
2261 2242 2431 2295 terra,
2461 2239 2515 2283 et
2561 2230 2614 2283 in
2664 2244 2802 2281 novo
2835 2228 3070 2292 homine,
3104 2242 3223 2279 cum
3261 2228 3571 2283 hOminibus

2003 2324 2173 2380 novis.
2206 2333 2261 2376 et
2307 2338 2426 2375 cum
2463 2321 2546 2374 his
2578 2322 2667 2390 qui
2701 2327 2925 2374 cantant
2954 2318 3001 2370 ei
3046 2320 3315 2370 canticum
3346 2335 3567 2374 novum.

2002 2414 2163 2469 Vides
2183 2430 2330 2481 ergo,
2358 2416 2482 2483 quia
2510 2413 2841 2482 impossibile
2865 2422 2949 2465 est
2977 2412 3043 2465 de
3068 2427 3204 2464 nova
3235 2411 3341 2463 vite
3358 2418 3566 2463 ‘novum

2002 2509 2249 2577 poculum
2284 2507 2391 2559 bibi
2427 2518 2492 2559 ab
2527 2521 2615 2567 eo,
2645 2506 2734 2572 qui
2768 2506 2945 2557 adhuc
2978 2503 3192 2555 indutus
3222 2512 3305 2555 est
3332 2516 3566 2555 veterem

2001 2600 2275 2655 hominem
2300 2615 2420 2653 cum
2449 2600 2659 2651 actibus
2688 2598 2821 2650 suis.
2861 2615 2879 2646 ι
2911 2595 3078 2648 Nemo
3107 2595 3273 2655 enim,
3310 2594 3567 2663 inquit“,

2003 2692 2165 2745 mittit
2193 2694 2374 2744 vinum
2405 2706 2599 2743 novum
2649 2690 2701 2741 in
2740 2699 2886 2741 utres
2920 2699 3147 2741 veteres.
3178 2704 3195 2737 ι
3232 2686 3285 2738 Si
3322 2688 3401 2739 vis
3442 2704 3569 2750 ειμι)

2002 2785 2057 2831 et
2091 2789 2142 2831 tu
2190 2777 2373 2831 bibere
2414 2778 2479 2831 de
2511 2777 2610 2830 hoc
2638 2791 2778 2829 novo
2809 2777 2953 2835 vino.
2992 2778 3271 2839 innovare,
3302 2786 3352 2826 et
3388 2778 3471 2827 die
3520 2774 3564 2807 ⁴²

1997 2871 2139 2939 quia,
2170 2869 2261 2923 «Et
2285 2870 2328 2925 si
2360 2869 2593 2924 exterior
2639 2869 2799 2923 homo
2844 2876 3026 2921 noster
3059 2868 3446 2933 corrumpitur,
3475 2867 3567 2919 sed

2002 2962 2091 3028 qui
2128 2962 2272 3014 intus
2303 2970 2387 3014 est
2414 2970 2703 3014 renovatur
2734 2959 2800 3012 de
2827 2960 2911 3011 die
2935 2974 2984 3011 ιιι
3013 2960 3176 3015 diem.
3205 2977 3223 3009 ι
3265 2959 3327 3011 lit
3354 2960 3569 3025 quidem

2001 3054 2068 3106 de
2098 3053 2182 3105 his
2210 3050 2539 3106 sufficienter
2570 3054 2795 3107 dictum.

2073 3143 2124 3195 5.
2166 3142 2327 3194 Multa
2357 3153 2485 3193 sunt
2507 3152 2562 3194 et
2586 3141 2714 3203 alia,
2746 3157 2863 3208 qua:
2897 3141 3123 3193 recitata
3158 3142 3433 3207 sunt(98).
3463 3142 3567 3195 Sed

2004 3234 2257 3302 quoniam
2296 3244 2488 3285 cuncta
2541 3248 2644 3285 n0n
2699 3249 3007 3301 posunnns,
3040 3233 3350 3301 eligendum
3388 3246 3465 3287 est
3504 3238 3569 3287 de

2002 3326 2195 3394 quibus
2228 3326 2407 3377 dicere
2460 3326 2775 3380 debeamus.
2832 3324 2895 3377 Et
2947 3326 3202 3393 quoniam
3251 3324 3376 3392 quid
3425 3336 3570 3379 esset

2003 3419 2210 3479 bibere,
2248 3432 2299 3469 ct
2339 3435 2439 3469 non
2475 3419 2661 3472 bibere
2700 3418 2877 3470 vinum
2925 3435 3021 3487 pro
3055 3418 3262 3473 viribus
3312 3419 3568 3487 diximus,

2003 3524 2143 3560 nunc
2176 3509 2301 3575 quid
2334 3509 2404 3560 sit
2429 3510 2591 3561 etiam
2630 3511 2914 3562 comedere
2947 3510 3319 3578 peetusculum
3348 3527 3568 3579 separa-

2005 3601 2183 3655 tionis.
2218 3609 2264 3650 et
2306 3598 2583 3650 brachimn
2615 3599 2922 3662 oblationis,
2963 3600 3260 3654 videamus.
3298 3599 3420 3655 Post
3456 3602 3571 3655 hzcc

2002 3692 2067 3743 de
2109 3691 2338 3750 inundis,
2374 3702 2427 3741 et
2454 3689 2768 3750 imumndis,
2801 3690 2879 3743 vel
2909 3690 3067 3753 cibis,
3103 3689 3185 3741 vel
3222 3689 3569 3751 animalibus,

2002 3781 2318 3847 inquanlttnt
2360 3779 2617 3831 Dominus
2665 3778 2898 3840 dederit,
2929 3789 2980 3831 ct
3029 3780 3287 3846 temporis
3336 3780 3569 3842 spatium

2001 3868 2183 3929 fuerit,
2202 3868 2549 3920 disseremus.
2577 3866 2715 3920 Dicit
2748 3881 2876 3935 ergo
2910 3862 3185 3933 Scriptura
3206 3863 3282 3915 ηε
3309 3879 3327 3913 ι
3354 3862 3573 3915 Pectus-

2000 3961 2174 4012 Catlum
2216 3959 2628 4027 segregationis,
2661 3967 2715 4010 et
2770 3955 3047 4008 brat-hinni
3097 3953 3385 4006 ablationis
3419 3970 3571 4003 ιιι.ιιι-

2001 4052 2227 4103 ducabis
2260 4053 2309 4101 in
2348 4050 2463 4102 loco
2493 4057 2707 4113 sancto,
2749 4055 2802 4100 tu
2827 4055 2879 4099 et
2914 4046 3004 4097 lilii
3039 4045 3132 4103 tui.
3164 4054 3218 4096 et
3252 4047 3443 4096 domus
3482 4057 3570 4095 tua

2003 4150 2219 4202 tecum;
2255 4139 2552 4208 legitimum
2586 4139 2727 4191 enim
2759 4138 2875 4199 tibi,
2906 4148 2959 4190 et
2988 4136 3285 4205 legitimum
3313 4134 3435 4187 filiis
3466 4136 3572 4187 tuis

1999 4233 2183 4286 datum
2216 4239 2299 4284 est
2332 4231 2398 4283 de
2427 4230 2712 4282 sacrificiis
2743 4228 3071 4281 salutaribus
3105 4227 3339 4280 ﬁliorum
3383 4226 3570 4289 lsrael,

1996 4322 2278 4379 brachium
2309 4320 2620 4382 ablatiOnis,
2643 4329 2693 4371 et
2721 4318 3090 4386 pectusculum
3119 4315 3564 4383 segregationis.»

1996 4414 2117 4469 Non
2144 4428 2301 4467 omne
2325 4410 2718 4479 pectusculom,
2756 4394 3147 4476 segregatiouis
3173 4416 3256 4460 est
3282 4418 3568 4475 pectuscu-

2001 4503 2146 4566 lnm;
2178 4518 2279 4556 nec
2311 4518 2472 4555 omne
2505 4501 2784 4555 brachium
2811 4500 3098 4553 ablationis
3125 4508 3177 4552 et
3205 4498 3572 4567 separationis

2002 4605 2086 4648 est
2116 4594 2419 4648 brachium.
2470 4592 2574 4647 Sed
2626 4593 2878 4659 quoniam
2932 4591 2995 4645 ad
3048 4590 3335 4644 Dominqu
3389 4606 3568 4649 meum

2000 4684 2181 4738 Jesum
2207 4701 2491 4755 personam
2524 4685 2798 4753 pontificis
2829 4682 3226 4747 revocavimus,
3248 4692 3302 4735 et
3331 4683 3396 4735 ad
3428 4682 3572 4738 filios

2003 4776 2117 4844 ejus
2167 4789 2385 4831 sanctos
2432 4777 2732 4845 apostolos,
2793 4776 3075 4829 videamus
3124 4775 3398 4845 quomodo
3457 4776 3573 4844 ipse

2004 4869 2223 4935 quidem
2283 4869 2653 4937 pectusculum
2704 4868 3099 4937 segregationis
3151 4870 3463 4931 manducat,
3519 4877 3575 4920 et

2007 4958 2097 5011 lilii
2136 4959 2273 5026 ejus,
2316 4960 2406 5011 alii
2453 4969 2631 5011 autem
2669 4974 2770 5011 non
2822 4974 3011 5011 omnes
3060 4969 3282 5025 possuot
3318 4974 3573 5025 segrega-

2004 5049 2166 5103 tionis
2212 5049 2582 5118 pectusculum
2640 5049 2985 5104 manducare.
3051 5047 3188 5116 Quid
3248 5049 3411 5118 igitur
3466 5059 3571 5109 est,

2001 5143 2142 5208 quod
2175 5154 2203 5191 a
2238 5138 2398 5192 rebus
2420 5137 2669 5192 omnibus
2691 5149 3028 5207 segrrgatur,
3054 5153 3152 5192 uec
3174 5148 3257 5191 est
3280 5150 3567 5193 commune

2001 5248 2123 5286 cum
2176 5231 2417 5297 reliquis,
2469 5230 2569 5281 nisi
2625 5229 2735 5281 sola
2794 5229 3099 5283 substantia
3150 5225 3474 5281 Trinitatis?
3513 5225 3570 5277 Si

2002 5339 2131 5395 ergo
2160 5324 2454 5393 intelligam
2487 5322 2707 5390 quidem
2744 5322 3009 5375 rationem
3054 5318 3259 5385 mundi,
3304 5334 3409 5372 non
3443 5332 3570 5385 pos-

3079 5499 3167 5551 "l
3202 5496 3324 5549 Cor.
3362 5507 3479 5552 xm,
3514 5492 3571 5547 9.

2412 5505 2456 5537 ³⁸
2484 5506 2655 5560 Levit.
2695 5520 2842 5568 xxvi,
2879 5503 2966 5556 12.
3079 5503 3167 5551 "l
3202 5503 3324 5549 Cor.
3362 5507 3479 5552 xui,
3514 5503 3571 5547 υ.

2412 5580 2456 5630 lt.
2493 5592 2694 5630 xxxvn.
2752 5576 2805 5630 7.
2849 5576 2903 5629 8.
3018 5570 3061 5603 ⁸³
3095 5567 3429 5630 l’sal.xxxw,
3464 5562 3572 5619 10.

2188 5577 2230 5608 ³⁸
2258 5577 2456 5632 Ezech.
2493 5592 2694 5641 xxxvn,
2752 5576 2805 5641 7,
2849 5576 2903 5629 8.

2082 5765 2193 5835 (9i)
2232 5766 2343 5820 Duo
2375 5779 2527 5832 mss.,
2564 5781 2582 5815 ι
2622 5759 2894 5817 recitando
2924 5764 3067 5812 sunt.
3102 5769 3121 5805 ι
