4124 6462
531 352 634 408 483

1972 350 2312 437 νΟῐίΙΟΕΝΙὸ

3698 351 3801 404 481,

533 473 634 526 sint
668 480 847 526 autem
903 479 1066 523 etiam
1100 470 1167 524 de
1205 469 1314 525 Deo
1361 470 1663 541 intelligere
1713 473 1852 528 sicut
1886 473 2105 544 digumn
2138 480 2184 534 Α
2214 474 2508 545 dieatquis
2564 476 2893 539 auditorum,
2945 476 3053 531 Cur
3102 476 3207 530 vim
3268 474 3402 531 facis
3467 474 3801 549 Scriptura-1

531 575 636 628 est,
675 580 847 633 neque
880 563 1118 616 revelata
1166 563 1296 616 mihi
1342 562 1508 618 fuerit
1541 565 1768 618 scientia
1811 566 1925 631 Dei,
1961 584 2113 619 mau-

532 660 672 712 duco
718 658 936 727 quidem
990 653 1390 722 pectusculum,
1438 655 1533 710 sed
1586 670 1690 708 non
1734 655 2108 725 pectusculum

532 751 947 819 segregatiouis.
996 748 1223 802 Etiamsi
1272 756 1500 817 potuero
1548 748 1749 815 dicere,
1795 749 1918 817 Ipse
1958 750 2104 803 enim

535 844 665 896 mihi
695 842 839 892 dedit
869 842 1108 893 omnium
1150 857 1271 911 quae
1319 850 1446 895 sunt
1480 840 1774 895 .scieutiam
1809 855 2018 905 veram,
2055 850 2115 895 ut

533 936 700 986 sciam
734 935 1000 987 rationem
1048 933 1256 995 mundi,
1295 942 1349 987 et
1385 933 1643 986 virtutem
1692 932 2112 998 elementorum,

535 1026 745 1079 initium
776 1036 829 1078 et
863 1025 1048 1089 finem,
1086 1024 1433 1081 medietatem
1469 1039 1795 1094 temporum,
1832 1037 2114 1093 permuta-

536 1121 743 1173 tiouum
797 1118 1229 1181 vicissitudines,
1265 1128 1318 1172 et
1361 1118 1748 1173 conversiones
1787 1128 2112 1186 temporum,

536 1213 662 1263 anui
716 1210 974 1287 circulos,
1032 1218 1084 1263 et
1129 1210 1410 1264 stellarum
1461 1210 1893 1279 dispositiones:
1923 1211 2114 1262 horum

534 1304 781 1357 omnium
823 1302 1073 1364 scientia,
1109 1302 1236 1370 quia
1274 1302 1617 1357 rationabilis
1649 1312 1752 1364 est,
1812 1301 2112 1372 pectuscnli

539 1394 693 1448 cibus
727 1405 832 1455 est,
861 1393 955 1447 sed
1002 1409 1104 1446 non
1142 1394 1439 1463 pectusculi
1478 1394 1893 1462 segregationis.
1928 1393 1982 1447 Si
2019 1409 2117 1445 au-

537 1496 644 1540 tem
676 1496 901 1554 potuero
932 1486 998 1540 de
1044 1486 1149 1538 Deo
1180 1488 1387 1538 sentire
1432 1501 1552 1553 qua:
1593 1500 1805 1553 magna,
1839 1500 1957 1553 qua:
1984 1500 2114 1537 sau-

535 1588 645 1644 cta,
684 1593 803 1647 quae
851 1592 978 1631 vera
1025 1585 1150 1630 sum
1198 1585 1253 1630 et
1301 1588 1534 1642 secreta,
1591 1586 1718 1631 tunc
1774 1577 2114 1630 mamlueabo

536 1669 904 1740 pectusculum
955 1668 1372 1737 segregatiouis,
1405 1685 1524 1722 cum
1557 1669 1631 1731 id,
1663 1669 1807 1737 quod
1858 1670 1928 1722 ab
1963 1668 2112 1722 omni

535 1776 787 1818 creatura
827 1762 1030 1816 eminet
1073 1770 1127 1815 et
1172 1772 1515 1832 segregatur,
1550 1777 1846 1832 aguovero.
1898 1761 2115 1817 Primus

533 1873 662 1927 ergo
695 1856 1067 1925 pectusculum
1101 1857 1242 1909 istud
1278 1872 1441 1909 verus
1477 1856 1719 1925 pontifex
1750 1870 1902 1910 meus
1932 1872 2115 1911 come-

535 1946 634 1999 dit.
689 1945 973 2010 Quomodo
1026 1945 1295 1999 comedit?
1352 1945 1587 2011 «Nemo,
1647 1947 1905 2017 inquit“,
1966 1948 2117 2001 novit

533 2035 775 2101 Patrem,
818 2035 921 2089 nisi
979 2034 1169 2092 Filius.
1196 2055 1214 2088 ι
1257 2036 1505 2091 Secundo
1542 2038 1593 2089 in
1643 2037 1761 2090 loco
1791 2038 2117 2091 manducant

533 2136 590 2180 et
617 2128 709 2180 filii
752 2127 891 2195 ejus.
933 2146 950 2177 ι
980 2126 1147 2181 Nemo
1171 2126 1315 2181 enim
1349 2127 1494 2180 novit
1522 2126 1764 2193 Patrem,
1796 2128 1895 2182 nisi
1922 2128 2114 2193 Filius,

533 2226 591 2272 et
615 2217 702 2271 cui
736 2216 968 2270 voluerit
1001 2215 1168 2269 Filius
1199 2215 1463 2269 revelare.
1488 2234 1506 2268 ι
1546 2216 1754 2281 Quibus
1786 2224 1963 2268 autem
1994 2215 2117 2271 aliis

535 2309 637 2363 uisi
672 2308 935 2378 apostolis
974 2309 1087 2363 suis
1126 2308 1366 2362 revelat?
1407 2307 1599 2362 Sedet
1644 2307 1926 2361 brachium
1957 2322 2118 2377 sepa-

537 2402 787 2465 rationis,
818 2401 902 2455 vel
937 2402 1254 2465 oblationis,
1300 2401 1443 2456 sicut
1489 2409 1542 2456 et
1574 2401 1825 2470 superius
1856 2401 2113 2466 diximus,

536 2503 695 2548 actus
723 2502 851 2547 sunt
879 2503 933 2547 et
960 2508 1126 2561 opera
1161 2493 1522 2545 eminentiora
1563 2493 1801 2557 caeteris,
1850 2507 1972 2561 qua:
2007 2492 2116 2545 uti-

534 2601 638 2655 que
670 2586 877 2654 primus
908 2586 1021 2654 ipse
1056 2584 1309 2639 Salvator
1339 2594 1393 2637 et
1430 2583 1692 2638 Dominus
1728 2599 1880 2639 meus
1924 2584 2116 2652 imple-

535 2679 631 2731 vil.
661 2677 943 2742 Quomodo
970 2674 1250 2744 implevit?
1289 2692 1306 2725 ι
1336 2674 1502 2739 Meus,
1540 2675 1799 2742 inquit",
1830 2676 1985 2729 cibus
2010 2684 2116 2740 est,

534 2776 593 2823 ut
621 2769 814 2822 faciam
846 2766 1177 2820 voluntatem
1201 2767 1316 2836 ejus
1341 2766 1431 2836 qui
1463 2781 1549 2820 me
1581 2766 2115 2835 misit,etperliciam

536 2877 672 2931 Opus
719 2860 899 2930 ejus.»
939 2860 1073 2914 Cum
1126 2874 1256 2929 ergo
1308 2858 1437 2913 facit
1494 2858 1834 2913 voluntatem
1868 2859 1984 2930 ejus
2025 2860 2117 2927 qui

535 2954 683 3009 misit
711 2968 856 3018 eum,
888 2953 941 3007 in
986 2954 1089 3007 hoc
1120 2968 1225 3007 nou
1266 2952 1661 3022 pectusculum,
1703 2953 1798 3007 sed
1830 2954 2115 3008 brachium

535 3045 896 3116 separationis
940 3045 1198 3099 comedit.
1240 3044 1509 3098 Similiter
1559 3054 1741 3098 autem
1778 3054 1834 3099 et
1883 3045 2115 3115 apostoli

536 3139 673 3209 ejus,
708 3155 827 3193 cum
882 3138 1087 3193 faciunt
1118 3152 1255 3208 Opus
1286 3137 1657 3207 evangelistze,
1702 3147 1759 3193 et
1806 3136 2115 3193 efﬁciuntur

536 3233 771 3303 operarii
805 3230 1245 3294 inconfusibiles,
1279 3239 1429 3284 recte
1477 3239 1776 3285 tractantes
1806 3246 2115 3287 sermonem

535 3324 811 3387 veritatis,
860 3322 1224 3391 separatiouis
1254 3322 1335 3376 vel
1367 3320 1661 3376 ablationis
1710 3322 1992 3377 brachium
2027 3338 2121 3378 co-

537 3419 782 3471 medunt.
827 3414 915 3469 Vis
943 3414 1121 3469 adhuc
1162 3414 1375 3483 planius
1405 3415 1591 3467 videre
1622 3416 1895 3482 quomodo
1927 3415 2119 3469 Salva-

541 3518 627 3561 tor
657 3506 1019 3577 separatiouis
1048 3505 1329 3558 brachium
1357 3505 1798 3559 eomedat?Auili
1824 3506 1952 3573 quid
1975 3507 2118 3560 dicat

538 3603 605 3655 ad
631 3596 885 3653 Judmos:
920 3613 939 3647 ι
965 3594 1022 3650 Si
1052 3596 1179 3661 feci,
1215 3595 1472 3664 inquit“,
1505 3611 1672 3665 opera
1710 3597 1762 3649 in
1798 3599 1968 3661 vobis,
2001 3612 2120 3666 quae

540 3693 724 3747 nullus
754 3692 896 3746 alius
929 3690 1075 3754 fecit,
1112 3705 1210 3759 pro
1250 3703 1362 3758 quo
1404 3689 1595 3741 horum
1633 3689 1794 3743 vultis
1842 3704 1926 3743 me
1970 3690 2119 3742 occi-

539 3786 711 3840 dere?
757 3805 773 3837 ι
807 3782 969 3837 Vides
1011 3784 1286 3852 quomodo
1322 3784 1437 3851 ipse
1492 3795 1616 3834 vere
1658 3782 1953 3836 mauducat
1998 3782 2121 3834 bra-

541 3878 725 3930 chium
757 3874 1135 3945 separationis,
1162 3875 1253 3943 qui
1284 3888 1447 3941 opera
1479 3882 1586 3926 tam
1618 3884 1893 3945 segregata
1928 3886 1983 3929 et
2013 3885 2118 3928 tam

538 3968 791 4023 sublimia
828 3967 976 4031 fecit,
1007 3982 1170 4036 quam
1206 3967 1386 4022 nullus
1416 3967 1552 4021 alius
1584 3967 1732 4023 fecit.

616 4060 671 4113 4.
708 4060 812 4115 Sed
834 4058 945 4127 jam
976 4060 1255 4113 videamus
1283 4059 1460 4128 aliqua
1487 4060 1649 4112 etiam
1679 4074 1743 4113 ex
1778 4060 1884 4125 his,
1913 4076 2032 4130 quae
2054 4060 2121 4115 de

538 4152 778 4214 mundis,
809 4149 1318 4218 atque'immtmdis,
1355 4149 1442 4203 vel
1482 4148 1550 4203 de
1584 4149 1741 4217 cibis,
1787 4150 1868 4204 vel
1909 4152 2121 4204 anima-

542 4238 681 4297 libus
723 4245 861 4297 lecta
890 4251 1047 4307 sunt;
1079 4248 1135 4295 et
1166 4242 1307 4297 sicut
1336 4242 1388 4295 in
1417 4242 1803 4312 explanatione
1850 4244 2024 4313 poculi
2057 4245 2122 4298 de

540 4335 732 4389 umbra
777 4332 1125 4388 ascendimus
1170 4332 1235 4385 ad
1277 4332 1560 4388 veritatem
1609 4332 1875 4402 spiritalis
1918 4334 2119 4403 poculi,

542 4429 614 4481 ita
671 4427 833 4480 etiam
890 4426 957 4480 de
1010 4424 1151 4480 cibis
1218 4425 1308 4494 qui
1372 4440 1468 4494 per
1524 4426 1769 4479 umbram
1830 4427 2119 4491 dicuntur,

2214 564 2483 618 Animalia
2510 566 2785 631 dicuntur,
2814 567 3069 620 animalia
3101 568 3501 635 intelligantur.
3554 569 3632 625 Ne
3664 584 3799 641 ergo

2217 658 2413 726 aliquis
2461 658 2574 711 haec
2638 658 2924 727 depravari
2974 659 3211 711 lmmauo
3274 661 3461 713 credat
3510 661 3731 729 ingenio
3783 701 3799 726 ,

2217 750 2504 820 apostolica
2554 750 2607 803 in
2637 750 2715 803 eis
2746 749 3048 802 auctoritas
3072 750 3343 803 evocanda
3370 757 3471 806 est.
3502 751 3637 803 Audi
3669 767 3800 817 ergo

2216 842 2447 909 primum
2499 843 2743 897 omnium
2810 843 3007 897 Paulus
3059 841 3125 896 de
3199 842 3280 895 eis
3342 842 3576 912 qualiter
3624 844 3772 895 dii-at

2222 950 2239 983 ι
2274 932 2474 988 Omnes
2504 936 2674 999 enim,
2727 936 2900 1005 inquit
2927 934 2995 998 ⁵⁷,
3028 949 3124 1001 per
3156 949 3307 987 mare
3338 934 3693 995 transierunt,
3746 942 3799 986 et

2216 1037 2405 1078 omnes
2434 1026 2486 1077 in
2517 1025 2755 1097 Moysem
2792 1024 3048 1093 baptizati
3073 1033 3198 1077 sunt
3227 1024 3277 1075 in
3305 1024 3445 1077 nube
3473 1033 3526 1077 et
3556 1023 3606 1077 in
3637 1023 3796 1089 mari,

2215 1126 2271 1169 et
2320 1131 2507 1170 omnes
2549 1116 2792 1170 eamdem
2827 1131 3009 1171 eseam
3068 1114 3370 1185 spiritalem
3420 1116 3792 1168 manducave-

2220 1218 2369 1273 ruut,
2399 1220 2453 1264 et
2480 1225 2669 1265 omnes
2698 1212 2945 1265 eumdem
2973 1219 3155 1279 potum
3184 1210 3487 1279 spiritalem
3520 1208 3792 1263 biberunt.

2216 1299 2483 1354 Bibcbaut
2516 1311 2694 1356 autem
2727 1302 2793 1356 de
2816 1303 3051 1370 spiritali
3077 1310 3448 1369 consequente
3468 1314 3566 1354 eos
3594 1310 3745 1368 petra
3774 1312 3793 1351 :

2218 1402 2372 1460 petra
2410 1404 2596 1445 autem
2655 1402 2772 1445 erat
2811 1393 3087 1446 Christus.
3129 1412 3147 1445 ι
3208 1392 3411 1446 Paulus
3463 1392 3578 1446 iure
3620 1390 3796 1449 dicit:

2220 1484 2480 1539 Hebraeus
2508 1500 2575 1539 ex
2614 1483 2873 1549 Hebraeis,
2929 1486 3225 1539 secundum
3259 1485 3434 1553 legem
3467 1482 3797 1547 Phariszeus,

2216 1586 2271 1631 et
2303 1579 2495 1634 doctus
2527 1594 2683 1633 secus
2712 1582 2877 1648 pedes
2918 1580 3253 1644 Gamalielis,
3304 1580 3395 1647 qui
3445 1579 3632 1648 utique
3662 1592 3801 1632 nun-

2216 1685 2380 1739 quam
2411 1670 2635 1724 auderet
2671 1670 2969 1739 spiritalem
3004 1686 3213 1735 escam,
3256 1680 3311 1725 et
3361 1669 3657 1739 spiritalem
3697 1683 3800 1739 po-

2220 1768 2331 1813 tum
2361 1760 2655 1829 appellare,
2695 1762 2795 1816 nisi
2833 1762 2975 1816 hunc
3014 1776 3135 1816 esse
3180 1776 3399 1816 sensum
3468 1758 3803 1829 legislatoris

2226 1868 2321 1920 per
2352 1854 2602 1906 traditam
2635 1852 2736 1907 sibi
2774 1854 3072 1908 verissima:
3099 1852 3367 1908 doctrina:
3391 1851 3676 1906 scientiam
3712 1850 3802 1903 di-

2226 1944 2468 1999 dicisset.
2501 1944 2653 1999 Unde
2674 1952 2728 1997 et
2756 1944 2883 1997 illud
2909 1946 3074 2012 addit,
3130 1954 3387 2015 tanquam
3419 1944 3720 2008 conlidens,
3749 1950 3805 1998 et

2226 2045 2409 2090 certus
2440 2037 2505 2089 de
2539 2036 2783 2091 ciborum
2818 2039 3029 2091 ratione
3060 2038 3412 2101 mundorum,
3449 2036 3532 2089 vel
3567 2036 3803 2091 immun-

2226 2127 2440 2192 dorum,
2470 2128 2613 2195 quod
2649 2141 2753 2180 non
2792 2127 3088 2180 secundum
3132 2127 3389 2189 litteram,
3446 2128 3541 2181 sed
3586 2125 3806 2195 spirita-

2228 2220 2350 2275 liter
2382 2220 2722 2275 observanda
2766 2221 2901 2285 sint,
2934 2228 2990 2274 et
3030 2220 3163 2275 dicit
3203 2220 3248 2252 ⁵⁸
3284 2236 3297 2272 :
3339 2237 3357 2271 ι
3396 2219 3472 2273 Ne
3504 2220 3626 2288 quis
3676 2232 3807 2287 ergo

2226 2310 2549 2378 vosjudicet
2595 2311 2648 2366 in
2678 2312 2826 2377 cibo,
2875 2320 2968 2366 aut
3011 2312 3062 2365 in
3099 2320 3248 2381 potu,
3278 2318 3371 2365 aut
3406 2311 3459 2364 in
3504 2298 3659 2379 parte
3696 2308 3804 2363 diei

2226 2402 2371 2471 festi,
2429 2412 2524 2457 aut
2574 2403 2897 2467 neomenia',
2948 2412 3041 2457 aut
3080 2402 3429 2458 sabbatorum
3484 2400 3623 2470 (99),
3679 2416 3803 2470 qua:

2227 2506 2352 2550 sunt
2383 2496 2573 2550 umbra
2603 2495 2927 2549 futurorum.
2966 2513 2985 2546 ι
3038 2493 3199 2550 Vides
3227 2510 3361 2564 ergo
3393 2492 3665 2564 quomodo
3688 2493 3805 2546 haec

2227 2589 2431 2655 omnia,
2469 2602 2587 2657 qua:
2614 2587 2680 2641 de
2708 2585 2842 2641 cibis
2870 2586 2951 2641 vel
2979 2596 3106 2655 potu
3136 2587 3377 2655 loquitur
3407 2586 3640 2655 Moyses,
3663 2585 3810 2638 Pau-

2228 2680 2333 2746 lus,
2387 2681 2477 2751 qui
2527 2680 2722 2735 melius
2760 2680 2863 2735 ista
2904 2680 3167 2735 didicerat
3216 2695 3376 2750 quam
3422 2680 3479 2734 hi
3520 2668 3610 2747 qui
3661 2694 3807 2733 nunc

2222 2773 2431 2843 jactaut
2475 2788 2532 2828 se
2579 2787 2700 2841 esse
2737 2772 3018 2839 doctores,
3057 2773 3237 2826 omnia
3286 2773 3401 2827 h.ec
3447 2774 3638 2827 umbra
3675 2771 3808 2826 dicit

2227 2881 2348 2923 esse
2373 2866 2700 2921 futurorum.
2734 2866 2801 2921 Et
2833 2865 2973 2927 ideo,
3009 2865 3148 2920 sicut
3179 2865 3435 2927 diximus,
3464 2868 3529 2918 ah
3554 2867 3654 2919 hac
3687 2881 3809 2919 um-

2228 2959 2324 3015 bra
2356 2960 2421 3013 ad
2452 2961 2736 3015 veritatem
2762 2958 3022 3013 debemus
3054 2958 3371 3013 ascendere.
3404 2958 3731 3012 Christianis
3749 2967 3807 3012 et

2229 3066 2259 3107 a
2288 3052 2618 3108 Christianis
2648 3052 2727 3123 (l)
2769 3066 2952 3106 sermo
2989 3059 3092 3116 est,
3137 3050 3335 3120 quibus
3378 3049 3806 3119 apostolicorum

2228 3146 2498 3201 dictorum
2530 3143 2694 3198 chara
2723 3157 2842 3198 esse
2868 3144 3026 3198 debet
3067 3142 3390 3197 auctoritas.
3439 3141 3495 3196 Si
3522 3142 3646 3210 quis
3676 3155 3808 3194 vero

2228 3237 2539 3307 arrogantia
2592 3236 2831 3289 tumidus
2865 3235 3160 3303 apostolica
3208 3235 3352 3288 dicta
3390 3232 3692 3286 contemnit
3720 3241 3812 3285 aut

2228 3329 2457 3399 spernit,
2488 3329 2604 3397 ipse
2628 3328 2844 3381 viderit.
2903 3328 3031 3382 Mihi
3062 3338 3262 3387 autem,
3303 3327 3446 3381 sicut
3482 3325 3591 3380 Deo
3630 3334 3681 3381 et
3716 3325 3812 3378 Do-

2230 3421 2382 3475 mino
2436 3427 2622 3473 nostro
2670 3416 2798 3471 Jesu
2859 3417 3099 3481 Christo,
3153 3417 3226 3470 ita
3283 3425 3339 3469 et
3395 3416 3655 3483 apostolis
3695 3413 3810 3481 ejus

2229 3510 2509 3563 adhmrere
2549 3510 2750 3563 bonum
2782 3517 2891 3569 est,
2932 3516 2985 3559 et
3031 3522 3095 3559 ex
3143 3506 3341 3559 divinis
3402 3504 3699 3573 Scripturis
3731 3520 3814 3558 se-

2230 3603 2465 3656 cundum
2499 3601 2739 3669 ipsorum
2771 3600 3119 3653 traditionem
3153 3597 3561 3667 intelligentiam
3587 3612 3806 3666 capere.

2229 3692 2346 3745 Erit
2377 3701 2558 3745 autem
2600 3698 2963 3759 opportumun
2995 3687 3231 3742 fortasse
3258 3699 3492 3756 tempus,
3544 3685 3587 3739 si
3627 3695 3806 3739 tamen

2233 3785 2324 3839 Dei
2352 3784 2603 3838 voluntas
2647 3783 2698 3835 iu
2729 3782 2831 3836 hoc
2878 3778 3077 3844 fuerit,
3125 3789 3178 3835 et
3214 3795 3395 3833 rerum
3443 3778 3811 3848 tranquillitas

2230 3876 2395 3931 fuerit
2431 3875 2729 3940 (nescimus
2787 3873 2931 3928 enim
2992 3871 3119 3941 quid
3183 3872 3359 3941 pariat
3407 3880 3804 3938 superventura

2231 3970 2391 4037 dies),
2420 3975 2477 4021 ut
2516 3968 2675 4021 etiam
2713 3980 2779 4020 ex
2830 3965 3007 4019 Veteri
3067 3963 3417 4018 Testamento
3448 3962 3811 4032 assignemus,

2230 4060 2524 4116 secundum
2569 4060 2620 4113 id
2664 4063 2806 4126 quod
2860 4057 3118 4127 apostolis
3165 4057 3338 4109 visum
3378 4064 3491 4121 est,
3544 4056 3810 4110 rationem

2231 4157 2477 4211 ciborum
2520 4150 2599 4221 (2)
2642 4149 2991 4215 mundorum,
3040 4148 3126 4202 vel
3172 4149 3592 4210 immundorum,
3634 4148 3727 4202 sed
3758 4158 3814 4201 et

2230 4244 2570 4307 animalium,
2614 4242 2698 4296 vel
2739 4244 2941 4302 avium,
2996 4239 3079 4295 vel
3120 4239 3373 4309 piscium,
3415 4237 3482 4291 de
3523 4238 3719 4306 quibus
3759 4238 3811 4291 iu

2232 4336 2349 4405 lege
2387 4334 2667 4397 scribitur,
2701 4330 3114 4401 intelligentiam
3166 4331 3230 4383 ad
3275 4321 3527 4385 homines
3568 4328 3815 4383 referen-

2230 4430 2377 4483 dam.
2429 4426 2535 4481 Sed
2578 4440 2723 4479 nunc
2780 4425 3039 4494 quoniatn
3084 4421 3278 4476 latiore
3312 4422 3389 4473 uti
3430 4420 3814 4489 explanatione

541 4519 900 4572 ascendamus
937 4518 1003 4571 ad
1034 4532 1130 4571 eos
1157 4517 1246 4585 qui
1280 4533 1377 4587 per
1398 4517 1652 4588 spiritum
1689 4518 1801 4571 veri
1835 4528 1964 4573 sunt
1990 4521 2119 4574 cibi.
2155 4537 2201 4595 ο
2234 4535 2337 4574 ηοη
2379 4527 2461 4573 est
2500 4526 2737 4587 tempus.
2789 4515 3003 4569 duobus
3057 4512 3357 4565 luminibus
3410 4513 3810 4579 apostolormu,

544 4610 650 4662 Sed
682 4611 747 4662 ad
780 4609 895 4663 [nec
926 4605 1326 4677 investiganda,
1382 4609 1682 4678 Scriptura:
1719 4608 1921 4663 divinae
1967 4610 2121 4664 testi-

544 4703 743 4755 moniis
773 4699 1097 4769 indigemus,
1151 4698 1369 4768 nequis
1415 4710 1569 4767 putet
1613 4705 1823 4769 (amant
1848 4702 1994 4755 enim
2028 4703 2124 4756 ho-

545 4794 723 4848 mines
775 4806 1044 4847 exacuere
1070 4793 1285 4862 linguas
1325 4807 1451 4847 suas
1486 4801 1545 4847 ut
1590 4792 1851 4864 gladium)
1881 4808 1948 4849 ne
1975 4797 2120 4865 quis,

546 4886 791 4955 inquam,
827 4893 998 4954 putet,
1031 4886 1175 4953 quod
1204 4899 1305 4954 ego
1333 4885 1439 4938 vim
1482 4884 1675 4939 faciam
1723 4882 2019 4954 Scripturis
2046 4889 2125 4942 di-

544 4979 709 5043 vinis,
737 4989 791 5032 et
818 4993 883 5032 ea
910 4992 1031 5047 qua:
1057 4978 1123 5033 de
1152 4977 1501 5044 animalibus,
1540 4976 2007 5044 quadrupedibus,
2040 4978 2124 5032 vel

544 5073 708 5128 etiam
735 5073 947 5135 avibus,
981 5071 1332 5140 autpiscibus
1366 5070 1605 5134 mundis,
1646 5068 1761 5123 sive
1810 5069 2122 5135 immundis,

544 5168 598 5220 iu
626 5165 741 5234 lege
773 5164 1104 5227 referuntur,
1135 5163 1299 5237 224.
1331 5164 1398 5217 ad
1432 5163 1681 5218 homines
1708 5162 1942 5227 traham,
1970 5178 2025 5218 et
2059 5165 2125 5218 de

543 5257 855 5315 hominibus
883 5257 999 5312 haec.
1019 5256 1162 5311 dicta
1183 5270 1303 5309 esse
1327 5258 1654 5327 contingam.
1682 5256 1959 5312 Fortassis
1979 5258 2123 5313 enim

619 5395 666 5429 δ”
696 5396 889 5451 Matth.
916 5409 990 5458 xl,
1028 5393 1120 5448 27.
1194 5393 1239 5425 “
1266 5391 1422 5447 Joan.
1451 5407 1522 5457 tv,
1552 5390 1643 5448 54.

620 5542 731 5611 (99)
760 5543 873 5596 Duo
901 5557 1055 5601 mss..
1086 5560 1104 5593 ε
1143 5541 1391 5596 sabbato.
1420 5560 1439 5593 ι

621 5610 917 5683 (1)0mues
944 5628 1100 5683 m_ss.,
1140 5630 1158 5663 ι
1195 5611 1543 5683 Christianis,
1562 5620 1672 5683 feta
1703 5610 2053 5665 Christianis.
2100 5628 2118 5661 ι

549 5681 707 5738 Libh.
735 5684 889 5746 editi,
926 5701 944 5734 ι
979 5681 1301 5745 Christiani,
1331 5693 1385 5737 et
1411 5681 1476 5733 ad
1513 5682 1875 5736 Christianos.
1923 5699 1942 5732 ι

621 5754 699 5819 (ἓ)
728 5750 885 5805 Libb.
920 5763 1077 5805 antea
1108 5754 1263 5817 editi,
1300 5770 1319 5803 ι
1367 5754 1659 5807 secundum
1694 5768 1813 5805 eam
1842 5767 1963 5821 qum
1991 5767 2123 5818 apo-

549 5825 705 5881 stolis
733 5824 843 5877 visa
871 5832 953 5878 est
980 5824 1270 5889 rationem,
1314 5825 1582 5887 ciborum,
1627 5841 1646 5874 ι
1678 5834 1811 5889 ete.,
1853 5823 1947 5877 sed
1991 5839 2122 5875 mss.

1723 5390 1767 5423 “
1790 5389 1945 5447 Joan.
1975 5409 2029 5459 ι,
2065 5392 2155 5451 '53.

2228 4610 2391 4667 Petro
2429 4620 2484 4666 et
2522 4610 2688 4664 Paulo
2729 4608 2958 4661 testibus
2999 4604 3241 4659 contenti
3272 4603 3463 4659 siums.
3503 4603 3569 4656 Et
3594 4604 3813 4671 quidem

2232 4705 2433 4760 Paulus
2469 4718 2591 4772 qua:
2613 4699 2870 4761 senserit,
2909 4697 3017 4767 jam
3072 4697 3416 4766 protulimus.
3455 4696 3647 4749 Petrus
3682 4710 3816 4749 vero

2231 4798 2506 4866 apostolus
2528 4810 2648 4849 cum
2686 4802 2831 4847 esset
2856 4791 2908 4843 in
2937 4788 3133 4859 Joppe,
3155 4799 3211 4843 et
3235 4803 3393 4843 orare
3423 4788 3606 4850 vellet,
3630 4803 3818 4841 ascen-

2233 4892 2312 4946 dit
2366 4890 2420 4943 iu
2472 4887 2755 4958 superiora
2796 4884 2863 4936 ⁸³.
2896 4883 3008 4953 Ego
3065 4893 3246 4939 tamen
3278 4882 3467 4937 ethoc
3522 4881 3698 4951 ipsum
3731 4880 3813 4952 (5)

2232 4984 2373 5053 quod
2416 4982 2586 5037 uoluit
2626 4980 2678 5034 in
2721 4976 3072 5032 inferioribus
3105 4991 3286 5042 orare,
3339 4975 3433 5030 sed
3474 4974 3720 5030 ascendit
3744 4972 3816 5027 ad

2234 5075 2538 5144 superiora,
2595 5086 2700 5126 nou
2746 5070 2948 5124 frustra
2998 5071 3103 5125 dici
3146 5069 3375 5137 accipio.
3435 5065 3622 5136 Neque
3662 5063 3811 5119 enim

2236 5169 2369 5223 tanti
2409 5166 2636 5237 apostoli
2679 5163 2967 5221 consilium
3001 5178 3065 5219 ex
3096 5160 3369 5231 superfluo
3408 5162 3695 5229 superiora
3728 5157 3819 5210 de-

2236 5260 2364 5331 legit
2413 5258 2481 5315 ad
2528 5258 2819 5327 orandum,
2880 5258 2999 5321 sed,
3032 5268 3295 5325 quantum
3336 5269 3436 5325 ego
3468 5254 3725 5312 arbitror,
3755 5257 3817 5301 ut

2239 5395 2281 5427 ⁸⁷
2326 5394 2508 5451 lCor.
2548 5412 2602 5459 κ,
2647 5396 2682 5448 2
2733 5403 2789 5449 et
2824 5408 2972 5463 seqq.
3055 5390 3097 5422 ⁸⁸
3124 5388 3239 5446 Col.
3275 5385 3445 5456 ",16.
3523 5385 3568 5417 δ’
3605 5385 3703 5438 Act
3754 5396 3813 5439 ι.

2234 5554 2293 5598 ut
2326 5545 2377 5598 in
2410 5552 2600 5597 nostro
2633 5550 2804 5596 textu.
2933 5611 2938 5612 ν
2975 5609 2985 5612 _
3069 5609 3080 5612 _
3159 5608 3169 5612 _
3576 5611 3582 5612 ,
3633 5601 3670 5612 Α.

2304 5616 2381 5687 (ὖ)
2410 5614 2545 5668 Male
2586 5615 2636 5665 in
2671 5624 2828 5665 antea
2859 5609 3020 5687 editis
3066 5608 3287 5687 legitur,
3309 5624 3339 5687 ,ε
3375 5618 3504 5672 ergo
3542 5608 3818 5687 sta'timuet

2232 5671 2335 5740 ιιοίτ
2364 5671 2559 5753 ipsum,
2604 5702 2620 5733 ι
2650 5695 2779 5740 ete.,
2808 5682 3026 5753 uiuissis
3066 5671 3147 5733 his
3173 5678 3372 5739 Verbis,
3413 5671 3576 5735 (non
3610 5671 3817 5725 frustm

2234 5758 2341 5810 diri
2374 5751 2605 5824 accipio,
2643 5774 2660 5804 ι
2702 5768 2821 5821 qua:
2854 5751 3173 5820 supplentur
3200 5764 3230 5801 e
3259 5762 3388 5801 mss.
