4124 6430
294 336 398 396 ιὸὕ

1414 338 1479 392 IN
1519 336 1893 393 LEVITICUM
1941 335 2227 394 llOMll.l.-\
2275 336 2381 392 VII.

3447 338 3554 394 486

295 464 665 515 ostenderetur
709 456 851 525 quod
890 456 1082 511 Petrus
1124 457 1250 527 quia
1287 468 1537 511 mortuus
1598 467 1716 511 erat
1751 473 1871 511 eum
1903 462 1947 518 Α
1979 458 2253 511 manebat.
2296 456 2456 511 Venit
2511 471 2643 527 ergo
2704 457 3033 524 Caesaream,
3094 458 3300 513 invenit
3359 460 3556 515 multos

296 549 536 612 Christo,
566 562 687 615 quae
734 561 957 599 sursum
1002 555 1128 599 sunt
1167 548 1466 615 quaerebat,
1505 550 1591 601 ubi
1626 548 1874 603 Christus

297 650 380 693 est
411 639 464 692 in
493 639 713 692 dextera
749 637 838 690 Dei
870 638 1072 692 sedens
1095 637 1163 703 ⁵ο,
1203 651 1388 692 etnon
1418 655 1538 708 qua?
1563 654 1727 708 super
1770 650 1876 693 ter-

298 747 435 785 ram.
466 729 595 783 Illuc
627 729 978 794 ascendebat,
1013 731 1077 783 ad
1115 730 1204 784 illa
1235 740 1398 794 tecta.
1427 732 1492 784 ad
1520 731 1605 784 illa
1638 731 1872 802 fastigia,

296 823 362 876 de
408 821 606 891 quibus
664 820 796 874 dicit
834 831 888 873 et
926 820 1185 876 Dominus
1238 822 1282 852 ἰ
1343 837 1355 870 :
1413 840 1430 873 ι
1487 821 1588 888 Qui
1621 824 1673 876 in
1732 835 1875 879 tecto

294 924 398 977 est,
432 929 537 966 non
576 913 870 967 descendat
925 913 1116 967 tollere
1146 914 1350 981 aliquid
1381 916 1445 967 dc
1491 916 1667 968 domo.
1712 933 1730 965 ι
1774 915 1875 969 De-

295 1004 457 1072 nique
496 1011 553 1054 ut
592 1002 735 1055 scias
776 1002 901 1069 quia
940 1018 1046 1057 non
1082 1003 1198 1056 haec
1233 1004 1531 1072 suspiciose
1559 1006 1637 1072 (4)
1680 1006 1743 1058 de
1776 1004 1876 1059 Pe-

294 1110 380 1151 tro
435 1096 689 1158 dicimus,
740 1096 865 1164 quia
908 1095 975 1148 ad
1022 1097 1302 1164 superiora
1344 1097 1763 1159 conscenderit,
1806 1112 1873 1151 ex

290 1187 752 1255 consequentibus
784 1186 1134 1256 approbabis.
1182 1206 1200 1239 α
1250 1188 1531 1251 Ascendit,
1595 1189 1770 1259 inquit
1803 1190 1871 1254 ",

292 1281 359 1333 ad
386 1278 691 1348 superiora,
731 1287 787 1330 ut
826 1286 1027 1338 oraret.
1056 1287 1111 1332 et
1157 1279 1288 1333 vidit
1311 1277 1507 1332 caelum
1550 1290 1818 1346 apertum.
1850 1298 1866 1328 ι

288 1368 537 1425 Nondum
561 1369 658 1423 tibi
692 1368 903 1422 videtur
931 1367 1123 1423 Petrus
1152 1371 1216 1422 ad
1246 1369 1523 1438 superiora
1562 1385 1665 1422 nou
1698 1370 1871 1423 solum

290 1476 541 1532 corpore,
594 1461 686 1515 sed
731 1470 911 1513 mente
934 1474 998 1514 ac
1036 1460 1233 1529 spiritu
1275 1460 1694 1515 conscendisse?
1724 1480 1742 1510 ‹
1786 1459 1876 1512 Vi-

289 1557 389 1621 dit,
434 1553 610 1622 inquit
652 1552 717 1616 ⁵³,
786 1550 981 1606 crelum
1039 1562 1307 1620 apertum,
1360 1561 1413 1606 et
1470 1567 1562 1605 vas
1603 1553 1871 1621 quoddam

289 1647 491 1717 deponi
525 1654 581 1698 ιιι
610 1643 835 1697 linteum
868 1643 921 1696 in
967 1650 1191 1706 terram,
1234 1644 1284 1697 in
1338 1658 1443 1712 quo
1486 1652 1643 1695 erant
1683 1644 1867 1697 omnia

287 1737 685 1810 quadrupedis,
720 1746 774 1791 et
809 1736 1045 1803 reptilia,
1075 1745 1129 1789 et
1169 1736 1405 1790 volatilia
1451 1736 1597 1796 coeli,
1631 1746 1683 1790 et
1725 1737 1871 1789 audi-

288 1835 363 1885 \it
393 1848 579 1887 vocem
611 1832 881 1887 dicentem
915 1832 1016 1885 sibi
1060 1847 1073 1883 :

288 1926 594 1989 manduca;
651 1943 669 1975 ι
708 1924 771 1979 de
808 1924 893 1978 his
937 1925 1053 1976 sine
1095 1922 1260 1975 dubio
1314 1923 1589 1989 imperans
1641 1919 1870 1972 mandu-

285 2016 478 2069 candis
501 2015 960 2087 quadrupedibus,
983 2024 1037 2069 et
1062 2014 1430 2083 serpentibus,
1451 2022 1505 2064 et
1535 2011 1866 2074 volatilibus,

286 2122 412 2172 qin
439 2107 779 2174 superposita
806 2106 973 2159 linteo
1006 2104 1071 2157 ad
1114 2120 1235 2157 eum
1266 2103 1482 2157 coelitus
1512 2112 1638 2155 sunt
1669 2102 1867 2155 delata.

284 2198 350 2248 At
382 2196 472 2248 ille
515 2212 527 2247 :
562 2213 580 2246 ι
629 2196 872 2260 Domine,
902 2194 1079 2263 inquit
1112 2193 1181 2257 ⁵⁸,
1215 2203 1268 2246 ιιι
1296 2195 1403 2247 scis
1434 2193 1559 2262 quia
1595 2208 1866 2260 nunquam

285 2300 577 2339 commune
621 2293 712 2338 aut
744 2285 1077 2338 immundum
1108 2284 1348 2345 introivit
1378 2285 1428 2338 in
1462 2300 1524 2338 os
1559 2300 1765 2338 meutn.
1804 2284 1869 2337 Et

285 2392 420 2443 vox,
448 2377 644 2445 inquit,
690 2378 755 2431 ad
787 2393 909 2431 eum
944 2377 1184 2430 secundo
1218 2394 1230 2429 :
1279 2376 1428 2442 Quod
1464 2377 1606 2430 Deus
1637 2377 1869 2429 munda-

285 2471 386 2534 vit,
416 2476 469 2520 tu
512 2483 801 2523 commune
829 2482 895 2521 ne
921 2468 1156 2531 dixeris;
1185 2477 1237 2520 et
1272 2467 1377 2521 hoc
1417 2467 1620 2519 factum
1648 2476 1728 2521 est
1772 2460 1869 2536 per

289 2572 394 2616 ter.
430 2560 496 2614 Et
534 2569 655 2631 post
687 2561 808 2627 hoc,
865 2561 1070 2629 inquit,
1104 2570 1381 2629 receptum
1432 2569 1516 2613 est
1545 2559 1771 2612 linteum
1811 2560 1864 2612 iu

285 2654 466 2708 caelis.
520 2671 539 2704 ι
598 2652 671 2707 De
725 2653 942 2708 mundis
985 2653 1074 2708 hic
1106 2662 1162 2708 et
1217 2652 1513 2706 immundis
1543 2651 1868 2706 animalibus

288 2745 428 2800 ratio
459 2755 560 2799 est.
597 2745 671 2801 De
699 2746 918 2815 quibus,
960 2761 1140 2799 rerum
1174 2745 1401 2800 scientia
1436 2744 1652 2798 et’elitus
1700 2744 1867 2797 doce-

293 2848 383 2890 tur
412 2838 688 2906 apostolus
711 2840 968 2907 quoniam
998 2838 1215 2906 quidem
1243 2837 1661 2891 eminentiorem
1706 2849 1786 2902 se,
1815 2845 1870 2889 et

286 2926 552 2995 majorem
584 2946 690 2983 non
730 2929 970 3003 habebat
994 2929 1045 2982 in
1082 2927 1238 2982 terris
1258 2966 1273 2991 ,
1300 2935 1353 2980 et
1378 2926 1603 2980 docetur
1627 2941 1733 2978 non
1761 2940 1869 2980 una

285 3035 426 3075 voce
448 3036 548 3075 nec
573 3037 675 3074 una
701 3020 931 3083 visione,
961 3021 1053 3072 scd
1088 3018 1250 3071 trina.
1276 3015 1390 3084 Ego
1417 3031 1515 3068 nec
1541 3016 1641 3069 hoc
1669 3014 1867 3083 ipsum,

280 3114 429 3183 quod
476 3113 637 3168 tertio
674 3111 792 3166 haec
840 3109 1114 3173 dicuntur,
1158 3109 1335 3163 otiose
1362 3107 1565 3160 dictum
1603 3106 1863 3174 suscipio.

282 3193 475 3260 Tertio
529 3206 577 3258 ei
629 3204 853 3267 dicitur,
897 3211 951 3255 et
994 3216 1089 3270 per
1144 3199 1297 3252 illum
1347 3199 1604 3252 oninilms
1658 3198 1866 3255 uol-is:

286 3318 306 3350 ι
358 3297 513 3363 Quod
544 3295 683 3349 Deus
712 3294 1014 3357 mundavit,
1067 3301 1120 3347 ttt
1154 3306 1450 3347 commune
1484 3304 1551 3344 ne
1586 3291 1810 3343 dixeris.
1846 3308 1865 3343 ι

281 3390 422 3455 Quae
465 3386 608 3441 enim
665 3385 982 3449 mundavit,
1038 3400 1142 3440 non
1192 3385 1293 3439 sub
1338 3397 1445 3437 una
1504 3383 1871 3452 appellatione

282 3480 641 3543 tnundantur,
680 3493 856 3547 neque
897 3479 996 3534 sub
1037 3478 1300 3543 secunda,
1332 3476 1425 3531 sed
1462 3476 1562 3531 nisi
1601 3484 1655 3530 et
1714 3476 1870 3529 tertia

280 3572 578 3641 appellatio
612 3572 943 3634 nominetur,
998 3586 1158 3625 nemo
1202 3569 1518 3623 mandatur.
1565 3569 1674 3623 Nisi
1722 3567 1869 3622 enim

282 3667 343 3721 in
374 3665 554 3731 Patre,
581 3675 635 3719 et
658 3664 816 3728 Filio,
843 3673 896 3718 et
917 3664 1121 3734 Spiritu
1146 3672 1336 3717 saneto
1362 3660 1531 3716 fueris
1556 3666 1868 3726 mundatus,

282 3758 523 3813 mundus
554 3770 673 3811 esse
707 3771 811 3810 non
843 3758 1068 3826 poteris.
1095 3756 1395 3825 Propterea
1438 3770 1567 3821 ergo
1611 3769 1729 3822 qua:
1771 3768 1870 3821 pro

282 3849 675 3909 einundatioue
700 3847 1156 3911 ostendebantur,
1200 3861 1306 3899 non
1339 3844 1532 3907 semel,
1575 3857 1748 3911 neque
1779 3844 1874 3897 ite-

285 3959 433 4006 rum,
461 3942 553 3995 sed
604 3941 766 3994 tertio
808 3938 1187 4001 ostenduntur,
1241 3944 1297 3989 et
1337 3936 1499 3988 tertio
1540 3934 1871 4003 praecipiun-

284 4046 397 4088 tur.
440 4031 612 4086 Erant
641 4044 772 4099 ergo
820 4029 1001 4083 omnia
1046 4028 1098 4081 iu
1147 4027 1238 4080 illo
1272 4028 1438 4081 linteo
1473 4025 1869 4095 quadrupedia,

280 4135 343 4181 et
377 4123 612 4193 reptilia,
638 4131 696 4176 et
723 4119 973 4174 volucres
1002 4117 1153 4173 coeli.
1188 4118 1250 4171 Et
1285 4116 1544 4186 posthaec
1572 4115 1869 4184 cogitabat,

285 4215 490 4285 inquit,
531 4216 670 4267 intra
721 4209 1071 4274 semetipsum
1125 4207 1342 4270 Petrus,
1401 4205 1529 4272 quid
1565 4206 1665 4257 hoc
1705 4214 1868 4257 esset.

286 4308 357 4363 Et
383 4309 558 4361 adlmc
601 4319 666 4359 eo
707 4304 984 4375 cogitante
1015 4306 1472 4371 supervenerunt,
1504 4296 1679 4363 inquit
1708 4295 1776 4359 ⁵⁸,
1816 4295 1867 4348 hi

284 4405 381 4473 qui
411 4419 437 4453 a
471 4398 726 4454 Cornelio
762 4396 1082 4451 centurione
1108 4392 1256 4446 missi
1285 4397 1498 4444 tuerant
1526 4403 1590 4440 ex
1626 4388 1725 4440 hac
1743 4387 1873 4441 civi-

265 4506 402 4549 .tate
424 4492 523 4563 (5),
555 4491 605 4545 id
631 4500 711 4543 est
740 4505 767 4541 a
799 4489 1049 4542 Catsarea
1088 4485 1137 4537 iu
1163 4481 1354 4551 Joppe.
1379 4479 1452 4533 lbi
1488 4492 1719 4544 namque
1751 4484 1869 4531 erat

286 4588 506 4649 Petrus,
524 4597 579 4639 ct
605 4583 985 4652 hospitabatur
1010 4577 1149 4647 apud
1172 4576 1447 4627 Simonem
1467 4570 1760 4638 quemdam
1781 4583 1868 4621 co-

288 4682 541 4736 t‘iarium.
578 4676 722 4730 Bene
754 4682 930 4727 autem
968 4670 1158 4723 Petrus
1174 4665 1316 4741 apud
1340 4664 1636 4719 coriarium
1666 4668 1865 4723 manet,

288 4767 444 4823 illum
472 4762 807 4825 fortasse,de
821 4775 928 4829 quo
949 4755 1263 4811 dieitJaeob
1280 4754 1347 4818 ⁵⁸,
1365 4753 1489 4821 quia
1515 4769 1532 4801 ι
1558 4750 1696 4820 pelle
1717 4764 1801 4802 me
1818 4758 1875 4803 et

286 4871 457 4916 carne
487 4855 648 4925 225
676 4852 919 4908 induisti.
944 4869 962 4902 ι
987 4850 1094 4904 Sed
1120 4850 1231 4902 lucc
1260 4850 1310 4899 in
1328 4859 1552 4900 excessu
1586 4843 1728 4896 dicta
1746 4842 1874 4897 sint.

288 4950 513 5005 Interim
556 4941 948 5016 superveniunt
987 4939 1076 5009 qui
1122 4937 1272 4991 missi
1308 4937 1521 4990 fuerant
1555 4948 1582 4985 a
1616 4929 1876 4985 Cornelio

288 5041 359 5095 ad
390 5038 609 5093 Petrum
639 5053 652 5089 :
686 5048 824 5104 quos
858 5030 947 5084 ille
992 5029 1314 5097 suscipiens,
1348 5025 1499 5078 audit
1545 5024 1613 5077 ab
1643 5024 1721 5077 eis
1754 5037 1874 5090 quze

290 5130 398 5186 sibi
436 5124 723 5181 Cornelius
752 5121 990 5175 mandat.
1025 5117 1087 5170 Et
1119 5115 1453 5169 descendens
1478 5115 1543 5169 de
1574 5111 1873 5180 superiori-

291 5223 420 5287 bus,
461 5216 609 5270 venit
642 5213 709 5267 ad
743 5210 1075 5267 Cornelium.
1129 5207 1439 5270 Descendit,
1470 5206 1598 5259 dicit
1644 5222 1657 5258 :
1696 5205 1873 5258 adlme

289 5321 442 5378 enim
495 5318 753 5374 deorsum
805 5323 925 5368 erat
975 5309 1286 5372 Cornelius,
1327 5313 1381 5357 et
1419 5304 1470 5356 in
1520 5296 1872 5353 inferioribus

359 5467 409 5499 ⁸ο
432 5466 743 5526 Colostht,
776 5461 824 5515 Ι.
902 5457 1311 5515 “Mattlmmv,
1341 5447 1425 5500 i7.

291 5556 348 5602 tt,
379 5539 467 5593 Η.
544 5535 589 5567 ⁸⁷
618 5538 741 5588 Act.
776 5548 829 5596 χ,
859 5529 952 5585 28.

363 5655 440 5723 (.i)
478 5653 626 5714 Mss.,
667 5670 683 5702 ι
725 5651 919 5704 otiose.
952 5667 1017 5723 Im
1117 5713 1149 5723 η
1269 5707 1346 5723 *Δ
1386 5708 1395 5718 _
1518 5720 1590 5723 ____
1625 5698 1830 5723 una:

473 5702 1091 5796 Excivitaie.i~te,_lliuc
1117 5707 1595 5796 liquetlorigeucm
1625 5702 1792 5755 hasce
1819 5702 1872 5752 in

294 5782 597 5851 Le‘t'iltirnm
628 5793 879 5846 hozuilias
908 5789 1169 5842 Cmsarea:
1210 5782 1485 5834 imbuisse.

1507 5445 1554 5476 5'
1579 5448 1699 5497 Act.
1762 5456 1813 5500 χ,
1848 5437 2019 5499 9.1L

1028 5527 1074 5559 ⁸⁸
1099 5508 1445 5581 Μιιιιιιίιιιιι,
1482 5516 1571 5569 47.
1625 5514 1669 5544 ⁵9
1694 5512 1820 5566 Cor.
1853 5508 2013 5571 v,il.

1978 548 2116 616 apud
2154 546 2467 602 Cornelimn
2525 557 2899 616 congregatos,
2932 548 2999 603 'et
3062 548 3138 602 ait
3190 549 3256 601 ad
3309 564 3403 603 eos
3435 560 3558 618 post.

1979 639 2198 693 multa:
2247 656 2265 688 ‹
2311 639 2376 693 Et
2430 636 2593 702 mihi,
2649 638 2824 706 inquit
2853 638 2919 705 ⁸⁷,
2983 641 3220 696 ostendit
3282 637 3422 692 Deus
3457 654 3553 692 ne-

1979 729 2183 781 miuem
2234 743 2577 782 communem
2634 737 2727 779 aut
2784 727 3118 781 immundum
3164 730 3347 783 dicere
3379 729 3555 782 homi-

1980 828 2123 869 nem.
2162 833 2181 865 ι
2220 813 2335 869 Νοιι
2377 815 2714 886 videturﬁbi
2749 814 2941 869 Petrus
2988 817 3262 884 apostolus
3303 819 3547 886 quadrn-

1979 906 2133 975 pedia
2187 905 2273 958 illa
2307 907 2511 971 omnia,
2541 914 2594 960 et
2628 907 2867 975 reptilia,
2922 916 2975 959 et
3025 907 3264 961 volatil‘a
3314 909 3552 962 dilucide

1976 998 2045 1049 ad
2093 998 2366 1052 hominem
2419 999 2793 1065 transtulisse,
2832 1009 2884 1053 et
2929 1000 3177 1055 homines
3214 1001 3551 1056 intellexisse

1976 1103 2038 1141 ea
2070 1103 2190 1156 quae
2219 1089 2320 1143 sibi
2353 1088 2405 1141 in
2446 1088 2613 1142 linteo
2643 1090 2859 1145 ccelitus
2892 1090 3043 1161 lapso
3076 1089 3293 1145 fuerant
3320 1091 3552 1148 demon-

1980 1178 2193 1230 strata?

2047 1266 2097 1320 5.
2141 1267 2248 1321 Sed
2287 1267 2521 1323 fortasse
2559 1269 2705 1323 dicat
2735 1269 2972 1339 aliquis:
3002 1271 3077 1326 De
3108 1271 3554 1341 quadrupedibus

1975 1357 2217 1424 quidem,
2256 1368 2309 1413 et
2339 1359 2644 1428 reptilibus,
2676 1370 2730 1414 et
2757 1362 2949 1416 avibus
2976 1363 3254 1417 reddidisti
3287 1364 3360 1434 (6)
3394 1367 3557 1420 ratio-

1976 1464 2120 1511 nem,
2152 1451 2294 1516 quod
2314 1451 2570 1504 homines
2608 1452 2833 1522 intelligi
2870 1453 3140 1519 debeant;
3178 1455 3241 1508 da
3284 1457 3446 1509 etiam
3489 1457 3558 1511 de

1976 1540 2061 1593 his
2092 1556 2210 1607 quae
2236 1543 2286 1595 in
2326 1543 2481 1611 aquis
2516 1553 2661 1597 sunt.
2699 1546 2968 1609 Quoniam
3006 1546 3226 1615 quidem
3272 1547 3356 1601 lex
3389 1549 3554 1602 etiam

1976 1629 2041 1683 de
2084 1629 2218 1699 ipsis
2260 1633 2458 1686 munda
2494 1648 2617 1688 esse
2647 1635 2917 1702 qumdam,
2952 1645 3006 1688 et
3039 1636 3141 1689 alia
3173 1638 3412 1707 designat
3447 1638 3556 1691 im-

1978 1723 2200 1786 munda,
2230 1724 2362 1776 nihil
2400 1726 2450 1778 in
2486 1725 2571 1778 his
2602 1735 2659 1777 ut
2689 1728 2869 1779 verbis
2899 1729 3033 1781 meis
3084 1730 3341 1783 credatur
3388 1746 3553 1799 expo-

1130 1831 1325 1900 Surge,
1381 1828 1561 1893 Petre,
1603 1829 1789 1881 occide
1816 1838 1869 1880 ei,
1903 1813 1944 1870 Β
1974 1826 2087 1878 sco,
2127 1814 2227 1867 nisi
2268 1825 2438 1869 testes
2465 1817 2689 1869 idoneos
2720 1818 2942 1887 dedero.
2970 1817 3145 1885 Ipsum
3182 1819 3332 1873 vobis
3368 1821 3553 1874 Domi-

1982 1918 2110 1954 num
2142 1911 2195 1955 et
2220 1902 2560 1956 Salvatorem
2584 1912 2829 1956 notrum
2853 1904 3036 1959 Jesum
3058 1906 3331 1961 Christum
3359 1920 3553 1964 testem

1977 1993 2173 2046 horum
2213 2004 2267 2047 et
2318 2006 2596 2048 auctorem
2633 1996 2789 2059 dabo,
2826 1999 3098 2065 quomodo
3147 1999 3322 2066 pisces
3374 2000 3555 2053 horni-

1979 2103 2072 2141 nes
2107 2102 2230 2141 esse
2265 2087 2540 2141 dicantur.
2571 2106 2589 2138 ι
2630 2087 2819 2142 Simile
2878 2096 2998 2153 est,
3082 2090 3258 2157 inquit
3286 2088 3336 2121 ⁵⁸
3369 2130 3385 2156 ,
3467 2105 3556 2145 re-

1976 2196 2139 2249 gnum
2173 2178 2440 2234 caelorum
2490 2179 2590 2233 reti
2626 2180 2795 2234 misso
2842 2179 2893 2233 in
2925 2195 3096 2243 mare,
3133 2182 3273 2249 quod
3306 2196 3372 2235 ex
3403 2182 3552 2238 onmi

1976 2287 2174 2341 genere
2218 2271 2447 2340 piscium
2498 2270 2723 2340 colligit,
2779 2282 2830 2325 et
2879 2288 3003 2326 eum
3054 2272 3315 2339 repletum
3366 2271 3555 2339 fuerit,

1978 2365 2230 2417 sedentes
2279 2379 2440 2431 supra
2472 2362 2625 2416 littus
2662 2366 2902 2416 condunt
2935 2378 3030 2417 eos
3056 2364 3147 2433 qui
3180 2365 3303 2418 boni
3339 2373 3464 2418 sunt
3496 2365 3555 2417 in

1977 2455 2146 2518 vasis,
2188 2455 2276 2522 qui
2307 2465 2487 2508 autem
2539 2453 2686 2517 ntali,
2731 2452 2877 2509 foras
2926 2454 3227 2508 mittuntur.
3267 2474 3284 2507 ι
3324 2456 3555 2509 Eviden-

1976 2557 2058 2601 ter
2096 2547 2314 2601 edocuit
2349 2562 2443 2600 eos
2474 2547 2568 2615 qui
2617 2549 2823 2600 retibus
2850 2546 3031 2615 colligi
3066 2547 3321 2599 dicuntur
3354 2548 3554 2615 pisces,

1976 2640 2058 2693 vel
2090 2641 2260 2694 bonos
2295 2640 2540 2693 homines
2573 2654 2713 2703 esse,
2767 2640 2847 2693 vel
2887 2640 3075 2695 malos.
3108 2637 3197 2693 Isti
3232 2654 3363 2707 ergo
3406 2650 3556 2709 sunt,

1975 2732 2064 2800 qui
2094 2734 2389 2786 secundum
2417 2731 2653 2800 Moysem
2678 2731 2853 2797 pisces
2880 2730 2957 2783 vel
2993 2730 3175 2783 mnmli
3207 2730 3285 2783 vel
3318 2732 3553 2783 immun-

1977 2824 2026 2878 di
2067 2823 2438 2877 nominautur.
2484 2822 2577 2875 llis
2611 2823 2773 2889 igitur
2801 2837 2865 2875 ex
2897 2821 3219 2874 auctoritate
3250 2820 3549 2888 apostolica

1976 2918 2139 2976 atque
2170 2910 2485 2979 evangeliea
2545 2910 2936 2979 comprobatis,
2972 2910 3249 2962 videamus
3282 2912 3554 2977 quomodo

1977 3006 2353 3070 unusquisque
2389 3002 2671 3055 hominum
2710 3001 2793 3055 vel
2840 3001 3091 3064 mundus,
3130 3001 3210 3053 vel
3245 3002 3555 3054 iumiuudus

1976 3094 2149 3164 possit
2175 3094 2411 3149 ostendi.
2451 3093 2641 3149 Omnis
2691 3092 2854 3146 homo
2901 3091 3063 3145 habet
3112 3091 3348 3159 aliquem
3394 3093 3445 3145 in
3494 3109 3553 3146 se

1974 3184 2177 3247 cibum,
2210 3200 2370 3253 quem
2415 3183 2697 3237 accedenti
2762 3182 2826 3234 ad
2882 3196 2940 3234 se
2990 3182 3238 3248 proximo
3297 3182 3552 3247 pus-heat.

1974 3273 2090 3328 Non
2124 3275 2269 3327 enim
2303 3283 2482 3343 potest
2515 3274 2652 3337 ﬁeri,
2706 3281 2761 3325 ut
2798 3286 2920 3324 cum
2969 3270 3367 3324 aceesscritnus
3399 3274 3555 3324 adin-

1975 3368 2147 3421 vieem
2183 3382 2280 3420 nos
2314 3367 2587 3430 homines,
2624 3375 2676 3419 et
2727 3362 3165 3417 conseruerimus
3217 3377 3553 3429 sermonem,

1975 3476 2083 3515 non
2117 3460 2378 3528 aliquem,
2410 3458 2490 3511 vel
2524 3472 2589 3511 ex
2627 3455 3001 3524 responsione,
3034 3454 3115 3507 vel
3148 3468 3211 3507 ex
3246 3454 3555 3522 interregn-

1979 3549 2145 3612 lione,
2184 3548 2266 3602 vel
2301 3561 2368 3602 ex
2402 3547 2581 3616 aliquo
2621 3554 2774 3616 gestu
2818 3553 2911 3597 aut
2944 3544 3220 3612 capiamus
3267 3544 3406 3596 inter
3458 3559 3556 3599 nos

1975 3648 2212 3709 gustum,
2257 3648 2350 3692 aut
2399 3640 2762 3707 pra-beamus.
2819 3634 2884 3688 Et
2948 3636 2993 3689 si
3040 3634 3255 3704 quidem
3317 3638 3555 3690 mundus

1977 3733 2136 3787 homo
2184 3741 2288 3794 est,
2324 3739 2378 3785 et
2408 3731 2563 3784 bonae
2592 3730 2792 3782 mentis
2841 3727 2908 3793 is,
2952 3727 3017 3781 de
3066 3742 3172 3796 quo
3202 3737 3415 3797 gustum
3459 3744 3554 3781 ca-

1975 3826 2177 3896 pimus.
2217 3824 2474 3878 mundum
2511 3823 2780 3879 suudmus
2810 3823 3012 3877 cibum.
3058 3818 3115 3874 Si
3148 3834 3281 3872 vero
3323 3820 3555 3871 imtuun-

1975 3920 2076 3971 dus
2104 3918 2172 3971 sit
2208 3932 2367 3987 quem
2406 3917 2795 3987 contingimus,
2845 3924 2898 3969 et
2948 3912 3287 3967 iununndum
3343 3913 3551 3979 cibum,

1974 4009 2275 4063 secundum
2309 4023 2373 4062 ea
2408 4022 2527 4076 qum
2559 4023 2724 4076 supra
2762 4006 2905 4060 dicta
2960 4012 3110 4065 sunt,
3167 4004 3454 4059 sumimus.
3488 4003 3554 4057 Et

1974 4109 2287 4168 prepterea,
2319 4108 2468 4167 puto,
2499 4097 2778 4166 apostolus
2814 4094 3011 4150 Paulus
3044 4095 3113 4150 de
3144 4094 3362 4158 talibus,
3406 4094 3554 4148 velut

1977 4190 2267 4243 immundis
2306 4188 2659 4253 animalibus,
2708 4190 2843 4244 dicit
2874 4189 2918 4221 ”
2956 4207 2969 4242 :
3012 4207 3030 4240 ί
3071 4187 3207 4243 Cum
3242 4187 3550 4253 hujusmodi

1975 4293 2078 4333 nec
2105 4280 2285 4334 cibum
2310 4294 2548 4334 sumere.
2594 4299 2613 4333 ι
2650 4280 2848 4336 Verum
2885 4290 2943 4333 ut
2987 4279 3294 4334 evidentius
3324 4279 3419 4333 tibi
3454 4294 3550 4345 pa-

1976 4380 2185 4426 tescant
2220 4372 2285 4425 ad
2318 4370 2651 4425 intellectum
2688 4387 2808 4441 qua:
2852 4370 3104 4431 dicimus,
3141 4369 3209 4423 de
3257 4368 3553 4437 majoribus

1976 4478 2252 4518 sumamus
2286 4462 2615 4531 exemplum,
2646 4471 2705 4516 ut
2740 4463 2865 4515 inde
2903 4460 3163 4530 paulatim
3212 4460 3549 4512 descenden-

1979 4570 2056 4611 tes
2084 4572 2253 4625 usque
2294 4555 2360 4608 ad
2396 4554 2653 4607 inferiora
2697 4553 3000 4606 veniamus.
3032 4551 3294 4605 Dominus
3327 4558 3381 4603 et
3432 4547 3552 4603 Sal-

1976 4657 2132 4701 valor
2182 4657 2366 4700 noster
2388 4646 2618 4701 dicit“:
2660 4665 2678 4698 ‹
2719 4646 2831 4700 Nisi
2854 4645 3314 4700 manducaveritis
3331 4660 3551 4700 carnem

1976 4756 2167 4805 meam,
2203 4751 2255 4793 et
2279 4739 2525 4794 biberitis
2556 4740 2874 4808 sanguinem
2910 4753 3103 4800 meum,
3133 4754 3240 4791 non
3287 4738 3555 4792 habebitis

1977 4834 2143 4887 vitam
2178 4832 2231 4887 in
2258 4833 2411 4887 vobis
2442 4831 2596 4901 ipsis.
2634 4832 2775 4886 Caro
2818 4844 2934 4884 mea
2974 4844 3103 4885 vere
3166 4839 3248 4882 est
3294 4828 3469 4891 cibus,
3500 4839 3557 4883 et

1977 4924 2202 4992 Sanguis
2231 4938 2383 4976 meus
2414 4938 2540 4978 vere
2575 4932 2659 4977 est
2690 4932 2869 4990 potus.
2911 4938 2930 4973 ι
2964 4917 3125 4974 Jesus
3160 4934 3291 4988 ergo
3321 4918 3446 4986 quia
3475 4926 3557 4972 to-

1979 5023 2065 5068 tus
2099 5030 2166 5068 ex
2212 5024 2324 5069 toto
2358 5016 2594 5081 mundus
2623 5022 2731 5077 est,
2778 5021 2887 5066 tota
2924 5010 3040 5079 ejus
3070 5025 3199 5064 caro
3245 5009 3399 5063 cibus
3447 5017 3554 5076 est,

1978 5118 2032 5163 et
2065 5116 2208 5162 totus
2257 5107 2480 5177 sanguis
2514 5108 2631 5177 ejus
2682 5116 2839 5175 potus
2880 5114 2997 5171 est;
3052 5105 3177 5174 quia
3226 5118 3388 5160 omne
3420 5119 3556 5172 Opus

1980 5197 2098 5266 ejus
2132 5207 2379 5253 sanctum
2411 5207 2515 5267 est,
2550 5208 2606 5254 et
2659 5200 2835 5253 omnis
2872 5212 3052 5253 sermo
3090 5196 3206 5264 ejus
3252 5210 3410 5249 verus
3448 5202 3554 5247 est.

1983 5290 2275 5360 Propterea
2304 5305 2436 5361 ergo
2465 5302 2519 5345 et
2544 5306 2674 5347 caro
2698 5290 2814 5360 ejus
2847 5305 3007 5346 verus
3030 5299 3114 5344 est
3145 5287 3318 5349 cibus,
3349 5292 3402 5338 et
3432 5298 3558 5338 san-

2097 5434 2142 5467 ⁸³
2183 5436 2315 5489 ibid.
2394 5434 2623 5498 “ibid,
2667 5434 2733 5488 14
2765 5444 2820 5489 et
2846 5445 2999 5501 seqq.
3079 5421 3124 5454 "
3153 5420 3286 5479 ibid.
3358 5417 3550 5485 “10b:

2094 5505 2137 5536 °°
2162 5505 2320 5564 Joan.
2345 5521 2422 5571 Vt,
2450 5507 2517 5561 54
2545 5515 2599 5559 et
2623 5504 2716 5560 56.

1983 5701 2032 5755 ὁ,
2158 5624 2357 5681 Omnes
2390 5640 2542 5692 mss.,
2575 5642 2595 5677 σ
2625 5618 2923 5679 reddidisti.
2956 5635 2975 5668 ι
3004 5612 3157 5669 Libb.
3179 5606 3333 5674 editi,
3366 5622 3384 5656 ι
3427 5603 3532 5659 red

2023 5718 2054 5754 ιι
2079 5712 2240 5753 unus.
2278 5714 2296 5748 ›

2023 5712 2240 5754 ιιιιιιιυε.
2278 5714 2296 5748 )
