4124 6418
391 385 492 439 439

1551 383 1613 439 ΙΝ
1655 380 2034 440 LEVITICUM
2075 382 2360 439 HOMILIA
2402 384 2513 440 γη.

3565 392 3657 442 εστι

388 500 739 558 rationabiles
770 499 1047 556 hominum
1094 500 1264 570 leges,
1305 500 1459 554 verbi
1508 503 1704 571 gratia,
1731 501 1817 556 vel
1864 502 1972 555 Ro-
2002 502 2046 561 Α
2077 498 2442 568 disciplinam,
2482 508 2537 553 et
2566 498 2811 568 ahjecisti
2842 516 3127 559 sermones
3176 520 3326 561 meos
3358 518 3477 576 post
3519 519 3587 563 te.
3629 530 3649 562 ο

386 609 696 657 manorum,
721 594 803 646 vel
844 592 1277 658 Atheniensium,
1305 593 1388 647 vel
1413 593 1971 648 Laeedtemoniorum.

385 686 441 740 Si
477 701 605 741 vero
636 685 930 739 secundum
958 666 1095 738 hanc
1120 683 1562 755 intelligentiam,
1593 700 1756 755 quam
1804 684 1969 740 docet

384 776 654 838 Ecclesia,
682 775 984 845 accipiatur
1027 774 1121 830 Dei
1153 774 1261 841 lex,
1294 785 1425 829 tunc
1452 775 1616 845 plane
1650 790 1842 831 omnes
1873 777 1973 831 hu-

384 884 576 924 manas
607 869 973 937 supereminet
1005 868 1173 938 leges,
1204 877 1259 923 et
1290 882 1421 924 vere
1449 869 1542 923 Dei
1574 868 1657 922 lex
1700 883 1825 925 esse
1857 885 1974 924 cre-

384 963 571 1017 detur.
604 961 789 1030 Itaque
814 960 901 1015 his
928 961 998 1013 ita
1025 961 1341 1030 pra‘missis,
1367 960 1618 1030 spiritali,
1648 968 1707 1016 ut
1735 976 1973 1016 commo-

387 1054 630 1115 nuimus,
665 1050 1021 1119 intelligentia
1053 1050 1120 1105 de
1154 1051 1369 1105 mundis
1415 1059 1470 1106 et
1518 1051 1808 1106 immundis
1851 1052 1970 1106 ani-

387 1147 621 1200 malibus
653 1146 833 1212 aliqua
870 1144 1326 1214 perstringamus.

485 1240 539 1293 ti.
586 1257 605 1289 ς
666 1237 873 1302 Omne,
928 1237 1102 1306 inquit
1174 1236 1241 1301 ⁸⁸,
1296 1250 1460 1306 pecus
1518 1236 1663 1305 Quod
1712 1235 1966 1306 ungulam

391 1331 611 1393 dividit,
651 1341 705 1383 et
736 1329 967 1399 ungulas
1002 1330 1186 1393 habet,
1216 1337 1268 1383 et
1302 1330 1511 1383 reducit
1545 1330 1967 1384 ruminationem

384 1422 438 1478 in
472 1422 781 1492 pecoribus,
814 1421 931 1476 haec
986 1421 1404 1476 manducabitis.
1452 1420 1724 1478 Praeterea
1762 1424 1830 1477 ab
1884 1424 1969 1479 his

387 1529 491 1568 non
527 1513 945 1580 manducabitis,
985 1527 1106 1582 quae
1136 1514 1397 1569 reducunt
1436 1515 1883 1579 ruminationem.
1914 1526 1969 1572 et

390 1622 499 1659 non
544 1605 795 1660 dividunt
822 1605 1073 1675 ungulas,
1095 1614 1149 1659 et
1179 1606 1378 1660 habent
1412 1608 1656 1677 ungulas.
1693 1609 1965 1675 Camelus,

383 1698 641 1766 quoniam
691 1697 900 1751 reducit
947 1697 1396 1762 ruminationem,
1447 1708 1503 1754 et
1549 1701 1803 1770 ungulam
1855 1717 1961 1756 non

384 1785 593 1851 dividit,
640 1785 978 1840 immundum
1020 1785 1124 1840 erit
1163 1785 1265 1841 hoc
1298 1788 1471 1842 vobis.
1512 1789 1579 1844 Et
1611 1791 1788 1861 lepus,
1830 1807 1963 1862 quo—

2079 590 2136 644 In
2165 606 2272 659 quo
2315 592 2595 646 evidenter
2639 594 2879 647 ostendit
2920 596 3083 651 istum
3128 600 3489 653 ruminantem
3534 604 3656 675 qui—

2078 679 2223 743 dem,
2278 679 2371 733 sed
2426 679 2679 748 ungulam
2732 697 2838 735 non
2884 684 3242 750 dividentem,
3287 701 3343 742 et
3393 690 3511 744 ideo
3562 691 3656 743 im-

2077 772 2313 824 mundus
2368 781 2451 825 est
2506 771 2816 841 quicunque
2876 785 2960 830 est
3014 778 3155 833 talis.
3208 779 3275 833 Et
3328 781 3523 837 iterum
3572 794 3656 839 est

2075 861 2235 927 alius,
2288 861 2368 917 vel
2413 877 2478 917 ex
2542 863 2628 918 his
2690 864 2779 933 qui
2840 875 2994 922 extra
3047 869 3361 939 religionem
3411 884 3654 932 nostram

2073 962 2221 1015 sunt,
2265 952 2351 1007 vel
2396 967 2459 1007 ex
2495 953 2578 1009 bis
2615 956 2704 1024 qui
2750 957 3029 1014 nobiscum
3075 971 3237 1029 sunt;
3286 965 3378 1033 qui
3408 967 3659 1022 dividunt

2073 1044 2291 1113 quidem
2347 1046 2599 1113 ungulas,
2642 1056 2698 1101 et
2753 1049 2824 1103 ita
2880 1051 3139 1108 incedunt
3181 1055 3232 1108 in
3269 1056 3371 1112 viis
3413 1058 3546 1124 suis,
3600 1071 3659 1113 ut

2074 1143 2229 1187 actus
2276 1150 2402 1191 suos
2436 1138 2502 1191 ad
2549 1137 2790 1193 futurum
2842 1143 3099 1198 saeculum
3131 1148 3655 1216 prmparent..hlulti

2073 1226 2237 1296 227
2262 1227 2408 1281 enim
2434 1228 2507 1282 ita
2533 1238 2583 1284 et
2614 1246 2682 1284 ex
2706 1230 3043 1302 philosophis
3069 1236 3309 1305 sapiunt,
3339 1249 3393 1293 et
3417 1237 3660 1294 futurum

2071 1331 2192 1371 esse
2208 1316 2472 1386 judicium
2495 1318 2743 1373 credunt.
2778 1320 3139 1377 Immortalem
3164 1338 3399 1395 namque
3419 1327 3657 1384 animam

2071 1408 2333 1473 sentiunt,
2363 1418 2419 1463 et
2448 1413 2939 1467 remunerationem
2982 1415 3137 1471 bonis
3164 1418 3465 1489 quibusque
3512 1423 3659 1489 posi-

2073 1507 2181 1553 tam
2217 1499 2571 1555 confitentur.
2634 1501 2747 1557 lluc
2788 1515 2844 1559 et
2880 1506 3262 1564 haereticorum
3301 1512 3541 1566 nonnulli
3574 1512 3656 1565 fa-

2072 1591 2247 1658 ciunt,
2292 1600 2346 1645 et
2401 1603 2663 1660 quantum
2699 1596 2904 1663 expetit
2937 1595 3072 1667 (l0),
3107 1600 3352 1654 timorem
3377 1600 3542 1655 futuri
3565 1602 3658 1670 ju—

2072 1683 2198 1737 dicii
2233 1693 2450 1753 gerunt,
2485 1692 2540 1739 ct
2577 1696 2731 1741 actus
2766 1702 2895 1743 suos
2934 1700 3189 1759 tanquam
3220 1693 3275 1747 in
3309 1694 3490 1749 divino
3519 1710 3657 1751 exa-

2072 1775 2218 1829 mine
2263 1777 2620 1847 requirendos
2665 1779 2879 1835 cautius
2931 1789 3251 1852 temperant.
3318 1784 3422 1841 Sed
3462 1788 3655 1842 hormn

386 1878 530 1929 “iam
565 1876 775 1930 reduci,
818 1877 1263 1945 ruminalionem’
1299 1891 1354 1934 ει
1383 1880 1643 1949 ungulam
1666 1858 1786 1937 ἠοη
1818 1858 1961 1939 divi,
2000 1858 2042 1912 Β
2071 1877 2301 1936 uterque
2356 1883 2463 1923 non
2499 1869 2757 1933 ruminat,
2800 1886 2899 1927 nec
2948 1883 3171 1928 revocat
3216 1877 3655 1936 ruminationem.

383 1967 486 2030 dit,
521 1967 853 2021 imnmndum
909 1967 1011 2021 hoc
1045 1967 1148 2021 erit
1174 1969 1356 2037 vobis;
1396 1981 1447 2025 et
1471 1972 1802 2040 herinacius,
1834 1976 1963 2045 quia

388 2061 601 2114 reducit
627 2060 1070 2126 ruminationem,
1098 2070 1154 2115 et
1196 2063 1449 2133 ungulam
1484 2081 1591 2121 non
1625 2068 1837 2136 dividit,
1867 2070 1965 2124 im-

385 2153 645 2204 mundum
691 2150 793 2206 hoc
842 2150 1017 2217 vobis,
1065 2161 1120 2207 et
1164 2167 1309 2219 sues,
1348 2174 1366 2207 ι
1392 2168 1498 2212 etc.
1528 2158 1781 2214 Decernit
1836 2175 1966 2231 ergo

388 2257 456 2296 ne
485 2242 885 2297 manduceutur
911 2242 1219 2311 huiusmodi
1261 2247 1539 2315 animalia,
1571 2264 1695 2320 qua:
1720 2266 1786 2306 ex
1809 2263 1966 2321 parte

386 2336 639 2389 videntur
667 2349 791 2391 esse
826 2337 1046 2405 munda,
1085 2347 1139 2394 et
1165 2354 1228 2393 ex
1261 2350 1418 2410 parte
1458 2341 1737 2399 immunda
1774 2362 1789 2399 :
1825 2344 1967 2403 sicut

382 2429 627 2483 camelus
654 2444 718 2481 ex
750 2444 815 2484 eo
846 2430 989 2499 quod
1033 2432 1293 2499 ruminat,
1346 2435 1575 2490 mundus
1616 2436 1865 2501 videtur;
1897 2453 1964 2493 ex

384 2534 450 2573 eo
478 2528 657 2573 autem
697 2520 840 2587 quod
873 2521 1101 2590 ungulas
1135 2523 1337 2578 divisas
1371 2541 1476 2579 non
1507 2526 1692 2592 habet,
1722 2527 1963 2584 immun-

384 2611 483 2665 dus
511 2611 729 2666 dicitur.
766 2611 896 2667 Post
945 2613 1060 2669 haec
1087 2613 1199 2684 jam
1249 2619 1494 2672 nominat
1536 2628 1592 2674 et
1628 2619 1865 2689 leporem
1911 2630 1966 2675 et

384 2702 745 2769 herinaeium,
782 2704 878 2758 sed
928 2713 981 2758 et
1012 2705 1160 2775 ipsos
1216 2709 1347 2763 dicit
1415 2710 1691 2766 ruminare
1721 2712 1962 2780 quidem,

383 2793 478 2847 sed
528 2794 755 2865 ungulas
786 2811 891 2850 non
933 2796 1196 2851 dividere.
1227 2797 1406 2851 Alittm
1436 2813 1567 2853 vero
1596 2800 1842 2855 ordinem
1884 2797 1965 2855 fa-

384 2886 461 2940 cit
495 2902 683 2940 eorum
708 2928 723 2952 ,
761 2890 853 2958 qui
908 2889 1221 2943 econtrario
1276 2889 1532 2960 ungulam
1574 2893 1787 2960 quidem
1822 2892 1963 2948 divi-

383 2978 536 3043 dunt,
578 2979 672 3034 sed
713 2977 817 3034 non
867 2980 1166 3036 ruminaut.
1218 2979 1460 3035 Primum
1510 2998 1639 3053 ergo
1679 2984 1964 3039 videamus

382 3073 473 3139 qui
505 3082 629 3127 sunt
664 3073 776 3137 i5ti,
807 3072 903 3141 qui
952 3073 1249 3139 ruminant,
1289 3083 1343 3125 et
1390 3076 1649 3143 ungu’am
1690 3075 1960 3142 dividunt,

380 3178 521 3233 quos
562 3164 792 3217 mundos
831 3162 1087 3232 appellat.
1128 3163 1237 3231 Ego
1268 3164 1509 3217 arbitror
1547 3164 1696 3217 illum
1726 3164 1831 3218 dici
1870 3181 1961 3217 ru-

383 3256 620 3319 minare,
651 3256 739 3323 qui
763 3268 986 3323 operam
1014 3255 1105 3308 dat
1141 3254 1404 3317 scientite,
1436 3265 1491 3309 et
1520 3256 1572 3308 in
1601 3254 1720 3325 lege
1749 3254 1959 3310 Domini

382 3345 675 3400 meditatur
704 3346 790 3399 die
812 3360 876 3400 ac
909 3355 1087 3400 nocte.
1134 3345 1240 3400 Sed
1271 3345 1396 3400 a‘udi
1440 3348 1709 3415 quomodo
1752 3347 1957 3401 dictmn

380 3446 510 3491 est:
562 3456 580 3487 ι
622 3438 720 3505 Qui
777 3439 990 3503 dividit,
1054 3439 1248 3510 inquit,
1301 3440 1576 3508 ungulam,
1636 3447 1691 3492 et
1741 3448 1961 3494 revocat

380 3532 818 3586 ruminationem.
858 3549 878 3583 ι
915 3531 1155 3587 llevocat
1200 3548 1329 3602 ergo
1379 3532 1822 3596 rnminationem,
1866 3533 1957 3601 qui

379 3634 443 3674 ea
474 3636 593 3690 qum
620 3624 917 3679 secundum
949 3623 1186 3677 litteram
1219 3623 1369 3692 legit,
1396 3631 1613 3677 revocat
1638 3623 1705 3677 ad
1738 3638 1956 3678 sensum

381 3712 702 3782 spiritalem,
734 3723 790 3768 et
816 3713 883 3769 ab
920 3713 1119 3768 inlimis
1163 3726 1217 3770 et
1251 3713 1618 3769 iuvisihil.bus
1657 3715 1725 3768 ad
1780 3714 1960 3769 invisi-

382 3803 511 3857 bilia
545 3813 597 3859 et
632 3804 821 3859 altiora
851 3806 1190 3863 conscendit.
1226 3805 1332 3861 Sed
1379 3806 1422 3858 si
1456 3804 1735 3861 mediteris
1782 3805 1954 3876 legem

381 3895 645 3959 divinam,
668 3905 722 3948 et
748 3909 809 3949 ea
840 3910 960 3965 qua:
983 3894 1140 3965 legis,
1169 3895 1237 3949 ad
1268 3893 1520 3949 subtilem
1554 3903 1611 3948 et
1638 3895 1705 3948 ad
1739 3893 1956 3962 spirita-

382 3988 485 4042 lem
530 3987 939 4055 intelligentiam
972 4002 1215 4051 revoces,
1247 3990 1355 4041 vita
1392 3997 1569 4041 autem
1598 3997 1685 4042 tua
1714 3996 1769 4041 et
1799 3996 1955 4041 actus

380 4079 453 4132 tui
506 4094 610 4132 non
652 4087 782 4132 sunt
816 4078 973 4144 tales,
1020 4087 1078 4130 ut
1118 4078 1356 4133 habeant
1407 4079 1792 4134 discretionem
1832 4078 1955 4132 vitae

376 4171 658 4238 prazsentis
687 4179 739 4223 et
783 4168 978 4224 futurae
1023 4170 1179 4238 hujus
1221 4170 1401 4225 smeuli
1433 4179 1487 4225 et
1536 4169 1720 4225 saeculi
1765 4185 1958 4238 super-

377 4266 631 4332 veuturi;
664 4265 708 4319 si
754 4279 860 4317 non
904 4265 1003 4319 ista
1033 4263 1370 4334 competenti
1402 4262 1612 4317 ratione
1647 4262 1951 4325 discernas,

375 4367 431 4411 et
456 4358 685 4423 dividas,
714 4356 953 4412 camelos
986 4370 1047 4410 es
1083 4365 1397 4420 tortuosus;
1454 4352 1543 4423 qui
1576 4368 1699 4408 cum
1748 4351 1955 4407 intelle-

374 4452 517 4497 ctum
548 4447 826 4515 acceperis
860 4462 921 4499 ex
968 4445 1323 4500 meditatione
1351 4446 1484 4517 legis
1528 4446 1693 4515 hujus
1735 4445 1953 4507 divinze,

372 4553 482 4591 non
532 4539 762 4605 dividis,
804 4554 984 4609 neque
1041 4554 1292 4611 segregas
1336 4540 1627 4611 praesentia
1665 4549 1721 4595 et
1754 4540 1954 4606 futura,

372 4648 477 4688 nec
506 4642 790 4705 angustam
822 4634 965 4688 viam
996 4650 1026 4688 a
1055 4634 1137 4689 via
1164 4634 1399 4705 spatiosa
1431 4633 1693 4689 secernis.
1724 4632 1828 4687 Sed
1858 4633 1958 4687 ad-

374 4725 483 4780 huc
511 4726 854 4781 manifestius
878 4727 1021 4796 quod
1058 4727 1257 4782 dicitur
1294 4727 1667 4797 explanemus.
1695 4725 1836 4779 Sunt
1864 4724 1956 4794 qui

371 4826 661 4872 assumunt
709 4826 1097 4873 testamentum
1142 4817 1234 4873 Dei
1279 4834 1380 4888 per
1422 4832 1484 4872 os
1527 4832 1717 4879 suum,
1747 4824 1953 4870 etcum

373 4907 547 4979 legem
578 4908 674 4963 Dei
707 4909 761 4962 in
789 4924 883 4963 ore
913 4908 1169 4973 habeant,
1211 4909 1316 4963 vita
1348 4918 1404 4964 et
1442 4918 1596 4964 actus
1624 4907 1709 4964 sui
1738 4907 1895 4973 longe
1923 4920 1954 4961 a

372 4998 552 5051 verbis
607 5010 799 5049 eorum
852 5002 907 5048 et
961 4992 1308 5048 sermonibus
1360 4992 1698 5061 discrepant.
1754 4992 1947 5045 Dicunt

368 5092 590 5142 enimet
616 5102 721 5141 non
753 5084 987 5149 faciunt;
1015 5086 1081 5138 de
1102 5082 1299 5153 quibus
1319 5090 1373 5136 et
1394 5079 1669 5150 Propheta
1702 5081 1835 5135 dicit
1858 5079 1902 5110 ⁶⁷
1931 5097 1945 5132 :

372 5200 393 5232 ο
434 5178 714 5233 Peccatori
746 5187 925 5232 autem
967 5175 1107 5231 dixit
1152 5174 1291 5228 Deus
1338 5194 1349 5229 :
1399 5174 1582 5238 Quare
1627 5180 1683 5225 tu
1718 5186 1947 5226 enarras

361 5273 606 5342 justitias
634 5285 809 5333 meas,
835 5282 891 5328 et
909 5268 1156 5323 assumis
1194 5274 1580 5322 testamentum
1622 5277 1802 5321 meum
1843 5278 1940 5331 per

361 5382 426 5420 os
457 5365 651 5419 tuum?
691 5381 709 5415 ›
743 5361 905 5417 Vides
953 5376 1083 5432 ergo
1111 5360 1383 5430 quomodo
1429 5359 1518 5413 ille
1554 5358 1817 5423 ruminat,
1853 5359 1942 5426 qui

360 5466 751 5514 testamentum
793 5452 886 5507 Dei
950 5452 1112 5505 habet
1156 5452 1207 5505 in
1247 5466 1344 5505 ore
1391 5466 1512 5505 suo.
1563 5449 1670 5505 Sed
1722 5449 1851 5519 quid
1890 5449 1942 5503 in

358 5548 723 5617 sequentibus
757 5545 825 5600 ad
856 5558 980 5598 eum
1010 5543 1210 5597 dicitur
1238 5542 1285 5576 “
1312 5542 1335 5595 ?
1361 5561 1379 5595 ι
1420 5541 1500 5597 Tu
1548 5552 1731 5596 autem
1776 5541 1939 5603 odisti

427 5673 477 5705 “
504 5668 779 5736 Levit.xr,
809 5669 842 5725 5
863 5677 919 5722 et
947 5681 1100 5737 seqq.
1176 5664 1219 5695 ⁸⁷
1239 5660 1381 5717 Psal.
1410 5675 1556 5725 thx,
1588 5656 1675 5712 l6.

432 5813 543 5878 ηις»)
575 5808 725 5866 Μςςη
763 5825 779 5857 ι
807 5804 1044 5875 expedit.
1072 5800 1282 5856 LLihh.
1309 5797 1462 5864 editi,
1496 5814 1514 5847 ι
1541 5801 1766 5865 spectat.
1798 5814 1816 5847 ι

639 5899 915 5960 Ρλτκοιι.
964 5895 1083 5957 Gn.
1130 5895 1270 5954 XII.

1753 5656 1798 5690 ⁵⁸
1821 5658 1951 5713 ibid.
1991 5658 2072 5711 l7.

2071 1960 2186 2015 Non
2216 1962 2361 2017 enim
2394 1977 2457 2018 ea
2493 1979 2613 2034 quae
2648 1966 2699 2019 in
2731 1966 2846 2037 lege
2878 1967 2969 2021 Dei
3008 1969 3208 2039 scripta
3252 1985 3381 2027 sunt
3405 1975 3654 2042 audiens,

2077 2055 2392 2122 meditatur,
2425 2071 2490 2113 ac
2516 2068 2736 2113 revocat
2765 2060 2831 2114 ad
2862 2060 3115 2116 subtilem
3148 2073 3205 2118 et
3238 2065 3540 2134 spiritalem
3570 2070 3654 2123 in-

2072 2144 2425 2216 telligentiam
2483 2165 2497 2202 :
2552 2150 2645 2205 sed
2677 2152 2860 2205 statim
2912 2162 2970 2205 ut
3024 2154 3262 2210 audierit
3304 2157 3530 2229 aliquid,
3561 2174 3655 2219 aut

2070 2240 2391 2301 contemnit,
2426 2249 2519 2295 aut
2548 2243 2803 2313 despicit,
2854 2262 2955 2302 nec
2986 2249 3213 2318 requirit
3240 2251 3330 2321 qui
3372 2252 3423 2307 in
3452 2254 3656 2311 viliori-

2071 2328 2171 2384 bus
2198 2332 2382 2386 verbis
2425 2334 2693 2402 pretiosus
2743 2336 2910 2392 lateat
2953 2353 3169 2396 sensus.
3232 2341 3301 2397 Et
3333 2344 3532 2400 habent
3565 2347 3654 2403 isti

2070 2418 2409 2476 dividentem
2472 2424 2693 2493 quidem
2749 2429 3033 2497 ungulam,
3081 2432 3176 2487 sed
3233 2435 3652 2491 ruminatinuem

2072 2525 2181 2565 non
2212 2523 2490 2568 revocant.
2527 2514 2607 2569 Tu
2634 2526 2838 2584 autem,
2866 2522 2958 2591 qui
2991 2522 3071 2577 vis
3094 2538 3214 2581 esse
3244 2529 3496 2595 mundus,
3526 2546 3653 2585 eon-

2073 2603 2380 2680 venientem
2430 2606 2633 2663 habeto
2662 2609 2853 2677 vitam,
2898 2627 3189 2673 consonam
3220 2629 3271 2673 et
3299 2620 3563 2690 scientia,
3595 2636 3652 2678 et

2070 2704 2226 2750 actus
2256 2696 2554 2753 intellectui
2597 2718 2611 2754 :
2645 2711 2707 2756 ut
2739 2703 2813 2758 sis
2842 2703 2895 2758 in
2931 2716 3165 2775 utroque
3206 2713 3459 2779 mundus,
3508 2726 3565 2769 ut
3595 2726 3651 2771 et

2070 2802 2294 2843 revoces
2344 2790 2786 2861 ruminationem,
2833 2807 2888 2851 et
2914 2798 3169 2866 ungulam
3202 2804 3431 2866 dividas,
3469 2811 3649 2864 sedet

2069 2879 2301 2949 ungulas
2330 2889 2390 2935 ut
2418 2883 2709 2952 producas,
2741 2887 2856 2941 sive
2907 2888 3153 2957 abjicias.
3194 2888 3559 2960 Requiramus
3585 2906 3639 2950 et

2070 2970 2229 3038 hujus
2281 2973 2358 3027 rei
2390 2975 2786 3045 testimonium,
2819 2980 3096 3048 quomodo
3123 2983 3349 3050 ungulas
3397 2988 3651 3053 produci-

2069 3078 2209 3130 mus,
2239 3065 2347 3132 vel,
2372 3074 2429 3119 ut
2465 3066 2592 3121 alibi
2652 3069 2875 3141 legitur,
2919 3070 3223 3139 abjicimus.
3269 3074 3539 3146 Scriptmn
3566 3092 3651 3135 est

2068 3153 2120 3207 in
2152 3155 2609 3216 Deuteronomio:
2643 3179 2660 3211 ε
2683 3160 2762 3226 Si,
2809 3162 3066 3233 inquit",
3111 3166 3313 3222 exieris
3351 3171 3415 3221 ad
3448 3171 3645 3226 bellum

2070 3246 2359 3301 adversum
2394 3248 2643 3305 inimicos
2679 3261 2817 3315 tuos,
2845 3263 2897 3307 ct
2924 3253 3124 3309 videris
3152 3256 3222 3310 ibi
3252 3258 3528 3314 mulierem
3563 3263 3651 3316 de-

2070 3348 2196 3388 cora
2227 3337 2430 3406 specie,
2476 3348 2529 3393 et
2563 3343 2906 3410 concupieris
2949 3358 3093 3410 eam,
3125 3361 3367 3403 assumes
3412 3364 3554 3417 eam,
3596 3362 3652 3407 et

2071 3428 2230 3482 rades
2267 3444 2484 3484 omnem
2539 3432 2705 3500 pilum
2738 3434 2929 3503 capitis
2976 3438 3115 3505 ejus,
3144 3449 3198 3493 et
3248 3441 3472 3511 ungulas
3504 3444 3645 3514 ejus,

2068 3530 2123 3573 et
2172 3522 2364 3577 inducs
2391 3538 2510 3577 eam
2561 3525 2902 3583 vestimentis
2954 3529 3310 3598 lugubribus;
3352 3545 3405 3590 et
3438 3539 3645 3592 sedebit

2070 3612 2122 3665 in
2154 3613 2316 3668 domo
2344 3614 2535 3677 lugens
2570 3627 2779 3687 patrem
2830 3634 3010 3687 suum,
3050 3634 3101 3677 et
3134 3636 3360 3682 matrem
3387 3644 3562 3696 suam,
3592 3647 3648 3689 et

2068 3703 2287 3758 domum
2339 3716 2620 3775 paternam
2655 3724 2833 3776 suam,
2884 3721 2941 3767 et
2985 3726 3107 3783 post
3141 3718 3358 3789 triginta
3403 3723 3517 3778 dies
3542 3728 3648 3780 erit

2069 3795 2164 3850 tibi
2198 3812 2355 3853 uxor.
2388 3816 2406 3849 ι
2472 3798 2579 3853 Sed
2611 3816 2754 3857 nunc
2804 3818 2909 3858 non
2943 3805 3043 3861 hoc
3074 3818 3158 3863 est
3199 3815 3555 3882 propositum,
3588 3828 3647 3872 ut

2068 3888 2182 3943 haec
2206 3904 2327 3959 qua:
2358 3890 2410 3944 in
2447 3893 2817 3949 testimonium
2851 3909 3039 3954 vocata
3069 3912 3213 3967 sunt,
3243 3907 3641 3977 explantentur;

2065 3979 2159 4032 sed
2186 3989 2474 4049 propterea
2500 3982 2759 4052 diximus,
2789 3989 2913 4056 quia
2945 4000 2999 4045 et
3028 3992 3114 4046 hic
3151 3996 3215 4049 de
3248 4000 3459 4068 ungulis
3488 4017 3643 4057 men-

2065 4072 2140 4125 tio
2173 4073 2312 4126 facta
2362 4081 2465 4127 est.
2512 4074 2897 4134 Verumtamen
2930 4090 2983 4135 et
3033 4098 3132 4153 ego
3157 4086 3471 4156 frequenter
3496 4093 3641 4148 exivi

2065 4162 2131 4216 ad
2162 4163 2361 4218 bellum
2389 4174 2577 4219 contra
2609 4166 2858 4225 inimicos
2890 4188 3060 4240 meos,
3092 4186 3145 4229 et
3178 4179 3282 4233 vidi
3317 4181 3387 4235 ibi
3420 4183 3472 4236 in
3504 4200 3644 4253 prte-

2064 4254 2185 4307 dam
2222 4253 2501 4309 mulierem
2532 4259 2732 4311 decora
2760 4262 2961 4327 Specie.
3007 4266 3353 4339 Quaecunque
3378 4276 3520 4328 enim
3549 4277 3643 4331 be-

2065 4359 2132 4399 ne
2156 4355 2212 4399 ct
2263 4345 2665 4401 rationabiliter
2691 4349 2833 4405 dicta
2886 4353 3190 4414 invenimus
3219 4365 3359 4431 apud
3393 4365 3640 4423 inimicos

2063 4447 2296 4505 nostros,
2352 4440 2395 4494 si
2455 4438 2586 4508 quid
2636 4449 2778 4510 apttd
2824 4444 2942 4501 illos
2996 4450 3272 4519 sapienter
3305 4465 3359 4510 et
3405 4461 3643 4517 scienter

2063 4532 2266 4586 dictum
2324 4533 2571 4603 legimus,
2624 4551 2840 4607 oportet
2894 4557 2990 4597 nos
3037 4546 3297 4603 mundare
3346 4549 3421 4613 id.
3470 4564 3526 4608 et
3575 4560 3640 4610 ab

2056 4623 2281 4677 scientia
2314 4638 2437 4693 quae
2466 4628 2606 4694 apud
2641 4628 2764 4684 illos
2798 4640 2883 4686 est
2911 4632 3126 4689 auferre
3153 4645 3207 4691 et
3242 4653 3488 4698 resecare
3517 4660 3639 4699 omn

2057 4729 2120 4767 ne
2148 4714 2292 4783 quod
2318 4724 2625 4770 emortuum
2656 4728 2712 4774 et
2744 4720 2906 4777 inane
2932 4732 3035 4790 est,
3066 4725 3166 4780 hoc
3194 4730 3336 4783 enim
3369 4744 3496 4787 sunt
3523 4751 3640 4788 om-

2049 4820 2151 4859 nes
2197 4806 2375 4875 capilli
2410 4809 2605 4877 capitis
2639 4820 2694 4864 et
2740 4814 2954 4884 ungulae
3004 4817 3246 4875 mulieris
3275 4838 3341 4876 ex
3390 4825 3639 4881 inimicu-

2053 4912 2171 4950 rum
2203 4897 2392 4967 spoliis
2420 4910 2736 4970 assumptus,
2762 4912 2818 4957 et
2850 4905 2919 4958 ita
2946 4908 3165 4962 deumm
3190 4909 3371 4968 facere
3398 4930 3516 4971 eam
3550 4935 3640 4973 no-

2050 4986 2135 5041 bis
2170 5002 2420 5053 uxorem,
2455 5004 2577 5043 cum
2624 4990 2737 5059 jam
2772 4994 2906 5048 nihil
2935 5011 3000 5051 ex
3034 4997 3139 5053 illis
3168 5017 3288 5069 quae
3319 5020 3414 5072 per
3446 5007 3639 5065 infide-

2056 5078 2259 5133 litatem
2315 5091 2528 5134 mortua
2563 5083 2836 5149 dicuntur,
2894 5086 3167 5154 habuerit,
3215 5094 3348 5148 nihil
3384 5096 3433 5149 in
3459 5102 3637 5169 capite

2059 5168 2250 5222 habeat
2306 5177 2603 5232 mortuum,
2639 5171 2771 5227 nihil
2808 5175 2858 5227 iu
2902 5178 3171 5245 manibus,
3206 5192 3264 5236 ut
3297 5200 3471 5254 neque
3512 5168 3634 5243 seu-

2055 5260 2225 5326 sibus,
2259 5275 2434 5330 neque
2465 5263 2699 5326 actibus,
2732 5264 3069 5323 immundum
3098 5272 3323 5342 aliquid,
3358 5287 3452 5330 aut
3487 5294 3633 5331 mur-

2057 5363 2207 5407 tuum
2242 5362 2417 5421 gerat.
2480 5353 2623 5409 Nihil
2655 5357 2797 5411 enim
2833 5361 3091 5416 mundum
3141 5365 3341 5418 habent
3375 5368 3630 5422 murieres

2053 5447 2292 5502 hostium
2334 5455 2671 5513 nostrorum,
2710 5450 2834 5519 quia
2893 5453 3036 5507 nulla
3088 5466 3169 5507 est
3200 5456 3339 5524 apud
3388 5456 3506 5510 illos
3534 5474 3629 5513 sa-

2052 5538 2273 5610 pientia,
2310 5536 2396 5591 cui
2430 5537 2767 5595 immunditia
2792 5542 2970 5614 aliqua
3000 5559 3104 5599 non
3132 5544 3198 5599 sit
3233 5545 3488 5602 admista.
3525 5557 3624 5611 γρ-

2149 5656 2193 5689 ⁶⁹
2220 5654 2373 5710 Deut.
2402 5671 2515 5721 xxi,
2553 5656 2639 5712 10.

3333 5872 3401 5928 l6
