4124 6448
448 413 542 473 ιρι

1907 419 2065 479 ORIG
2075 419 2161 475 EN
2167 420 2223 477 IS

3620 427 3726 481 49?.

449 536 542 590 lim
590 546 771 590 tamen
819 536 1063 591 dicerent
1107 536 1235 590 mihi
1268 536 1437 592 Judmi
1466 542 1741 607 quomodo
1770 542 1908 609 apud
1939 557 2034 596 eos
2064 549 2109 603 Α
2140 552 2293 610 raptu
2328 543 2533 596 vivunt.
2581 542 2671 597 lla!
2723 553 2848 599 sunt
2878 545 3095 610 animm,
3125 559 3245 613 quae
3291 545 3589 599 secundum
3622 549 3724 601 hoe

450 628 555 682 ista
592 636 899 681 serventur.
962 627 1101 691 Quid
1134 644 1332 691 causai,
1384 630 1513 697 quid
1544 632 1774 684 rationis
1821 640 1906 685 est
1939 633 2035 686 de-

449 719 649 773 calvari
683 718 987 783 ntulierem,
1018 727 1072 771 et
1100 720 1325 789 ungulas
1353 719 1468 786 ejus
1500 722 1684 776 domi?
1717 720 1873 777 Verbi
1902 739 2032 776 cau-

449 826 533 871 sa,
564 825 828 879 ponamus
863 815 1008 878 quod
1041 810 1112 863 ita
1152 811 1420 867 invenerit
1474 828 1595 867 eam
1634 814 1679 868 is
1713 814 1802 883 qui
1836 815 2034 870 dicitur

449 904 747 968 invenisse,
781 914 837 956 ut
865 918 1041 972 neque
1072 905 1314 974 capillos,
1352 920 1525 975 neque
1556 907 1782 977 ungulas
1814 908 2031 975 habeat,

446 999 578 1068 quid
606 996 822 1060 habuit,
857 997 1001 1066 quod
1035 999 1332 1052 secundum
1366 999 1536 1069 legem
1570 1001 1789 1055 demere
1817 1000 2036 1069 jubere-

449 1089 573 1144 tur?
611 1087 717 1142 Nos
750 1102 880 1141 vero
907 1088 1105 1155 quibus
1134 1089 1325 1143 militia
1370 1092 1631 1160 spiritalis
1660 1102 1763 1159 est,
1790 1103 1853 1147 et
1882 1107 2033 1148 arma

450 1196 556 1234 non
594 1178 860 1245 carnalia,
894 1180 989 1233 sed
1021 1181 1265 1246 polentia
1310 1180 1418 1235 Deo
1449 1184 1517 1236 ad
1546 1184 1872 1237 destruenda
1903 1200 2035 1239 con-

449 1271 590 1333 silia,
640 1270 835 1323 decora
875 1272 1071 1324 mulier
1116 1270 1158 1323 si
1200 1280 1411 1339 reperta
1460 1270 1625 1324 fuerit
1652 1272 1791 1340 apud
1828 1271 2031 1338 hostes,

449 1378 501 1419 et
538 1364 875 1420 rationabilis
921 1364 1099 1433 aliqua
1139 1362 1448 1432 disciplina,
1504 1365 1607 1417 hoc
1641 1367 1800 1418 modo
1848 1364 2034 1431 puriﬁ-

450 1459 696 1512 cabimus
745 1473 864 1512 eam
922 1473 1029 1526 quo
1061 1456 1313 1525 superius
1345 1456 1606 1510 diximus.
1646 1454 1869 1525 Oportet
1902 1472 2033 1526 ergo

450 1565 572 1603 cum
604 1551 693 1617 qui
731 1550 962 1602 mundus
996 1558 1102 1614 est,
1140 1563 1247 1601 non
1285 1547 1457 1601 solum
1511 1547 1752 1602 dividere
1780 1546 2030 1617 ungulas,

451 1648 503 1693 et
553 1655 658 1692 non
712 1638 887 1692 solum
942 1638 1226 1705 prasentis
1281 1636 1464 1692 saeculi
1513 1650 1566 1691 et
1596 1636 1759 1690 futuri
1794 1650 1951 1692 aetus
1979 1647 2034 1692 et

448 1740 612 1795 opera
664 1727 998 1793 discernere,
1048 1727 1141 1781 sed
1178 1734 1232 1780 et
1282 1725 1511 1796 ungulas
1550 1727 1872 1795 producere,
1925 1726 2030 1791 vel,

450 1831 505 1870 ιιι
537 1818 663 1871 alibi
710 1818 961 1885 legimus,
1014 1816 1275 1886 abjicere,
1326 1827 1385 1871 ut
1434 1817 1788 1885 purilieautes
1818 1833 1918 1873 nos
1963 1819 2032 1873 ab

446 1913 706 1980 operibus
737 1911 986 1975 mortuis,
1024 1925 1439 1980 permaneamus
1470 1910 1522 1964 in
1559 1911 1692 1967 vita.

519 2008 571 2061 7.
616 2007 741 2060 lla-e
769 2006 987 2074 quidem
1034 2004 1365 2072 generaliter
1390 2004 1531 2058 dicta
1580 2004 1689 2058 sint
1717 2004 1782 2059 de
1819 2003 2033 2058 anima-

449 2101 590 2152 libus
621 2116 635 2152 :
670 2098 755 2151 illa
790 2114 919 2151 vero
958 2111 1080 2167 (pta:
1131 2097 1184 2148 in
1214 2095 1369 2165 aquis
1415 2105 1565 2159 sunt,
1596 2096 1724 2164 quia
1758 2095 2032 2159 dicuntur,

446 2190 715 2259 siquidem
745 2189 983 2243 habeant
1027 2188 1221 2255 pinnas
1249 2194 1302 2238 et
1333 2170 1627 2253 squamas,
1647 2188 1840 2239 nmnda
1874 2200 2032 2250 esse;

448 2287 491 2335 si
526 2299 653 2337 vero
684 2297 789 2335 non
818 2281 1080 2344 habeant,
1133 2280 1241 2332 imn
1267 2281 1432 2342 unda,
1468 2294 1566 2333 nec
1594 2280 1678 2331 edi
1712 2280 1939 2345 debere;
1974 2278 2036 2332 il-

450 2376 539 2429 lud
572 2376 625 2429 in
673 2375 758 2428 his
783 2372 1110 2435 ostenditur,
1158 2383 1215 2424 ut
1245 2372 1287 2425 si
1325 2371 1448 2440 quis
1490 2379 1574 2424 est
1607 2370 1659 2423 in
1700 2371 1855 2439 aquis
1890 2372 2032 2436 istis,

448 2481 504 2526 et
538 2472 590 2525 itt
621 2469 755 2524 mari
797 2468 918 2521 vita:
946 2466 1126 2532 huius,
1158 2477 1320 2534 atque
1351 2466 1402 2517 itt
1433 2462 1687 2519 ﬂuctibus
1720 2462 1904 2517 saeculi
1938 2478 2033 2532 po-

449 2564 611 2624 situs,
662 2570 839 2613 tamen
878 2559 1071 2611 debeat
1106 2557 1241 2611 satis
1270 2572 1452 2626 agere,
1492 2565 1549 2609 ut
1590 2570 1697 2609 non
1728 2555 1780 2609 in
1810 2556 2037 2624 profun-

450 2656 533 2709 dis
557 2652 743 2724 jaceat
771 2666 1060 2722 aquarmn,
1111 2652 1252 2705 sicut
1300 2658 1427 2704 sunt
1473 2649 1561 2703 isti
1600 2649 1777 2716 pisces
1827 2647 1919 2716 qui
1956 2648 2036 2701 di-

448 2756 648 2799 cuntur
696 2759 801 2799 non
853 2744 1053 2798 habere
1107 2744 1302 2813 pinnas
1351 2755 1525 2812 neque
1573 2755 1850 2810 squamas.
1906 2739 2033 2793 lltec

451 2853 685 2907 namque
712 2852 902 2892 eorum
952 2843 1145 2889 natura
1180 2835 1514 2905 perhibetur,
1553 2841 1611 2886 ut
1648 2834 1701 2886 in
1734 2832 1856 2886 imis
1893 2848 2037 2887 sem-

450 2946 547 3001 per
576 2941 625 2983 et
661 2929 808 2983 circa
841 2927 1016 2996 ipsum
1046 2941 1263 2982 casuum
1301 2926 1653 2980 demorentur
1674 2964 1690 2989 ,
1740 2924 1882 2977 sient
1910 2933 2036 2977 sunt

450 3022 723 3092 anguilhe,
774 3030 829 3074 et
861 3019 988 3073 huic
1017 3018 1237 3085 similia,
1290 3033 1412 3087 qua:
1444 3033 1547 3071 non
1584 3025 1809 3088 possunt
1840 3031 2034 3070 ascen-

451 3117 580 3169 dere
607 3115 672 3167 ad
703 3126 857 3181 aqua:
883 3112 1279 3173 summitatem,
1315 3125 1489 3180 neque
1539 3111 1607 3163 ad
1639 3107 1755 3177 ejus
1786 3108 2035 3179 superio-

453 3225 509 3261 ra
541 3205 846 3275 pervenire.
876 3201 955 3258 llli
988 3219 1118 3257 vero
1150 3203 1329 3273 pisces
1363 3204 1453 3274 qui
1492 3201 1728 3272 pinnulis
1752 3201 2033 3270 juvantur,

451 3316 515 3352 ac
554 3298 801 3367 squamis
851 3296 1192 3357 tnuniuntur,
1230 3294 1535 3348 ascendunt
1586 3292 1757 3362 magis
1784 3292 1849 3345 ad
1877 3308 2037 3360 supe-

453 3391 622 3452 riora,
652 3399 707 3443 et
735 3388 847 3441 aeri
876 3386 1006 3441 huic
1036 3385 1333 3439 viciniores
1366 3384 1523 3449 liunt,
1575 3383 1722 3437 velut
1752 3381 1844 3451 qui
1876 3381 2041 3435 liber-

452 3494 621 3536 tatem
648 3481 874 3550 spiritus
897 3487 1165 3548 qumrant.
1204 3475 1354 3530 Talis
1376 3485 1459 3530 est
1488 3491 1619 3546 ergo
1639 3484 1862 3529 sanctus
1888 3474 2041 3543 quis-

446 3593 583 3645 que,
616 3577 741 3645 quia
795 3574 934 3627 intra
968 3569 1104 3625 retia
1156 3570 1277 3625 ﬁdei
1318 3569 1634 3637 conclusus,
1676 3569 1848 3623 bonus
1876 3566 2039 3636 piscis

452 3687 483 3724 ει
520 3668 804 3723 Salvatore
835 3662 1149 3718 nominatur
1192 3681 1205 3718 :
1253 3661 1345 3733 qui
1379 3663 1541 3716 etiam
1574 3662 1807 3714 mittitur
1838 3659 1888 3711 in
1922 3671 2038 3719 vas,

453 3764 619 3819 veluti
667 3764 861 3832 pinnas
913 3759 1119 3812 habens
1156 3765 1211 3811 et
1244 3770 1520 3825 squamas.
1582 3751 1697 3806 Non
1752 3751 1895 3806 enim
1944 3746 2039 3803 ha-

447 3856 663 3909 buisset
694 3854 907 3923 pinnas,
941 3866 1045 3904 non
1081 3850 1472 3904 resurrexisset
1498 3847 1565 3901 de
1593 3860 1751 3901 cteuo
1786 3844 2041 3897 incredu-

447 3945 650 4012 litatis,
686 3959 783 3998 nec
812 3943 888 3998 ad
914 3952 1029 3996 rete
1062 3942 1180 3995 iidei
1219 3939 1575 4010 pervenisset,
1609 3936 1710 3991 nisi
1742 3936 1923 4006 pinnis
1953 3934 2041 3988 ad-

442 4036 599 4106 jutus
633 4035 698 4090 ad
750 4034 1026 4103 superiora
1064 4034 1323 4085 venisset.
1368 4029 1507 4097 Quid
1559 4038 1642 4084 est
1690 4025 2039 4095 autemquod

446 4142 512 4186 et
540 4144 799 4199 squamas
851 4128 1053 4182 habere
1105 4124 1344 4179 dicitur?
1398 4131 1656 4191 tanquam
1689 4121 1780 4191 qui
1818 4130 2039 4188 paratus

449 4228 528 4282 sit
552 4234 736 4278 vetera
788 4221 1104 4275 indumenta
1141 4218 1432 4286 deponere.
1476 4213 1539 4267 Hi
1571 4212 1715 4267 enim
1758 4213 1847 4280 qui
1878 4228 2040 4278 squa-

454 4332 574 4371 mas
624 4330 728 4368 non
785 4312 1007 4373 habent,
1046 4309 1195 4363 velut
1244 4323 1311 4361 ex
1361 4307 1569 4375 integro
1600 4305 1781 4360 carnei
1832 4310 1960 4358 sunt
1986 4314 2040 4356 et

459 4409 557 4462 toti
593 4405 862 4468 carnales,
911 4400 1004 4471 qui
1036 4402 1310 4469 deponere
1345 4397 1479 4452 nihil
1528 4404 1776 4466 possunt.
1814 4394 1869 4447 Si
1916 4409 2038 4464 qus

457 4514 587 4568 ergo
635 4497 802 4551 habet
847 4496 1063 4562 pinnas,
1117 4491 1314 4560 quibus
1360 4489 1427 4541 ad
1481 4488 1763 4556 superiora
1806 4487 2036 4549 nitatur,

2136 634 2379 700 quidem,
2410 634 2551 703 quod
2585 633 2939 688 rationabiles
2963 644 3017 688 et
3046 634 3262 687 imbuta:
3295 633 3463 703 228
3495 644 3621 687 sttnt
3658 634 3723 688 li-

2137 724 2418 779 beralibus
2467 724 2745 788 institutis,
2806 726 2888 779 vel
2945 725 3365 779 rationabilibus
3401 725 3727 794 disciplinis.

2137 818 2379 871 volatilia
2407 817 2685 872 videntur.
2727 817 2938 887 Legunt
2982 820 3126 872 enim
3184 826 3241 871 et
3281 817 3587 886 requirunt,
3641 820 3726 873 vel

2137 907 2205 961 de
2252 907 2464 962 ratione
2496 908 2640 971 εαξη,
2690 908 2775 963 vel
2824 911 3098 979 quomodo
3130 909 3361 963 mundus
3394 908 3487 963 Dei
3544 906 3728 977 provi-

2137 1000 2321 1054 dentia
2346 1000 2710 1070 gubernetur;
2743 1001 3040 1056 secundum
3071 1000 3185 1055 haec
3209 1014 3338 1069 ergo
3362 1000 3598 1053 volatilia
3629 1016 3725 1053 no-

2138 1093 2434 1145 minantur.
2479 1089 2535 1145 Si
2564 1106 2695 1147 vero
2720 1092 3028 1159 hujusmodi
3048 1091 3301 1145 homines
3332 1090 3512 1159 inique
3536 1100 3727 1159 agant,

2136 1193 2191 1238 et
2242 1192 2428 1238 contra
2483 1184 2653 1253 legem
2716 1182 2941 1249 faciant,
2993 1182 3254 1251 diripiant
3290 1183 3587 1253 proximos,
3642 1191 3722 1248 ut,

2136 1289 2257 1326 cum
2316 1273 2368 1326 in
2421 1273 2600 1327 verbis
2647 1288 2770 1327 esse
2821 1274 3066 1327 videatur
3103 1273 3338 1327 eruditio
3372 1273 3634 1339 caelestis,
3668 1273 3720 1325 in

2136 1364 2354 1418 actibus
2387 1363 2627 1418 carnalia
2662 1376 2716 1418 et
2748 1375 2957 1418 mortua
2988 1380 3153 1434 Opera
3187 1374 3398 1433 gerant,
3429 1372 3578 1420 recte
3609 1363 3727 1416 vul-

2139 1465 2288 1509 tures
2339 1454 2423 1508 vel
2458 1456 2652 1524 aquilae
2690 1456 2903 1511 dicendi
2952 1467 3101 1520 Sttltl,
3138 1470 3259 1523 qua:
3300 1456 3365 1508 de
3396 1453 3630 1508 excelsis
3658 1454 3723 1508 ad

2136 1561 2330 1600 carnes
2366 1557 2605 1601 mortuas
2636 1563 2699 1601 ac
2749 1547 2966 1602 lwtidas
2997 1547 3345 1601 delabuntur.
3392 1547 3472 1599 Ad
3513 1547 3613 1600 hoc
3641 1561 3727 1601 re—

2136 1640 2355 1694 ferenda
2400 1649 2485 1694 est
2531 1650 2584 1695 et
2629 1640 2908 1710 accipitris
2962 1642 3248 1709 rapacitas,
3303 1649 3356 1693 et
3402 1649 3725 1693 caeterorum

2134 1735 2413 1799 omnium;
2444 1749 2507 1788 ex
2542 1736 2760 1805 quibus,
2793 1734 3038 1805 quaedam
3069 1744 3195 1789 sunt
3227 1734 3463 1788 volatilia
3511 1734 3724 1802 rapaci-

2138 1826 2235 1879 tati
2264 1826 2556 1890 studentis,
2606 1829 2851 1897 quaedam
2887 1843 3018 1881 vero
3047 1843 3149 1881 tton
3191 1838 3299 1881 tam
3345 1827 3723 1895 rapacitatem,

2139 1935 2300 1989 quam
2350 1920 2739 1976 obscuritatem
2790 1931 2847 1976 et
2900 1921 3157 1976 tenebras
3192 1919 3450 1974 amantia.
3494 1917 3727 1972 «Omnis

2137 2012 2281 2065 enim
2329 2012 2419 2080 qui
2474 2012 2613 2066 male
2648 2013 2780 2084 agit,
2832 2013 2947 2066 odit
2992 2012 3191 2075 lucem,
3226 2020 3281 2066 et
3330 2025 3434 2064 non
3484 2010 3628 2065 venit
3656 2008 3725 2063 ad

2140 2103 2311 2158 lucem
2334 2105 2402 2169 "',
2431 2124 2449 2157 ι
2485 2113 2541 2156 ιιι
2570 2115 2695 2161 sunt
2744 2113 2958 2158 noctua:
2986 2115 3041 2159 et
3072 2102 3509 2172 vespertiliones,
3536 2113 3588 2156 et
3620 2117 3725 2155 ea:-

2140 2205 2253 2250 tera
2285 2213 2406 2267 qua:
2438 2197 2523 2251 lex
2556 2198 2929 2267 pronuntiavit
2960 2197 3260 2254 immunda.
3302 2196 3341 2249 Α
3380 2196 3576 2264 quibus
3604 2210 3724 2249 out-

2139 2288 2301 2342 nibus
2352 2288 2581 2361 spiritali
2622 2304 2723 2343 nos
2756 2289 3099 2343 observantia
3138 2286 3533 2353 custodientes,
3561 2296 3616 2340 et
3647 2285 3723 2338 ci-

2138 2381 2265 2433 bum
2313 2394 2376 2432 ex
2430 2379 2645 2434 mundis
2674 2378 3001 2433 animalibus
3049 2385 3391 2447 appetentes,
3426 2377 3589 2430 etiam
3622 2375 3723 2443 ipsi

2138 2474 2256 2541 puri
2305 2471 2606 2526 elliciemur
2653 2480 2705 2525 et
2752 2470 2964 2554 mundi,
3005 2484 3101 2538 per
3126 2468 3399 2525 Christum
3438 2467 3725 2522 Dominum

2138 2574 2387 2619 nostrum
2438 2583 2450 2617 :
2506 2580 2605 2633 per
2656 2579 2815 2633 quem
2858 2572 2943 2617 est
2995 2563 3105 2618 Deo
3156 2561 3303 2617 l’atri
3343 2577 3466 2615 cum
3519 2560 3729 2629 Spiritu

2139 2667 2332 2713 sancto
2380 2657 2550 2729 gloria
2583 2668 2639 2713 et
2685 2658 2973 2727 imperium
3022 2658 3077 2712 in
3127 2655 3324 2713 saecula
3379 2655 3724 2712 saeculorum.

2135 2756 2334 2808 Amen.

2710 2820 2989 2876 llOMILIA
3020 2819 3154 2875 Vlll.

2138 2916 2215 2974 De
2240 2933 2299 2971 co
2322 2916 2462 2986 quod
2490 2917 2742 2984 scriptum
2770 2926 2845 2969 est
2867 2917 2913 2947 ⁷⁸
2938 2931 2957 2968 .·
2988 2933 3005 2965 ι
3031 2911 3225 2967 Mulier
3248 2925 3573 2986 quacunque
3595 2924 3721 2986 cou-

2208 2980 2400 3055 ccperit
2443 2980 2643 3049 senuit,
2684 2995 2731 3039 et
2782 2986 3036 3055 pepererit
3083 2980 3401 3055 masculum,
3449 2980 3722 3055 immunda

2207 3050 2306 3110 erit
2336 3066 2529 3122 septem
2574 3050 2819 3118 diebus.)
2853 3066 2900 3109 et
2946 3062 3009 3109 de
3038 3052 3435 3108 diversitatibus
3477 3050 3636 3119 lepra:
3661 3065 3725 3103 ac

2207 3126 2665 3195 puriﬁcatiouibus
2694 3126 2911 3195 leprosi.

2211 3221 2262 3274 Ι.
2307 3220 2571 3275 Medicum
2623 3220 2729 3273 dici
2779 3220 2829 3271 in
2860 3216 3158 3284 Scripturis
3191 3215 3391 3271 divinis
3431 3212 3724 3268 Dominum

2146 3322 2391 3366 nostrum
2420 3309 2603 3365 Jesum
2630 3309 2931 3371 Christum,
2965 3309 3127 3363 etiam
3162 3307 3332 3375 ipsius
3363 3303 3571 3359 Domini
3600 3318 3729 3358 sen-

2146 3404 2315 3459 lentia
2369 3403 2748 3471 perdocemur,
2821 3401 2961 3453 sicut
3014 3399 3144 3453 dicit
3194 3400 3246 3453 in
3305 3395 3611 3465 Evangeliis
3632 3391 3725 3447 "z

2149 3510 2168 3543 ι
2193 3490 2309 3546 Non
2346 3492 2589 3561 indigent
2636 3489 2755 3543 sani
2805 3491 3035 3553 medico,
3077 3489 3171 3545 sed
3197 3489 3287 3557 qui
3326 3486 3463 3539 male
3503 3485 3727 3539 habent.

2142 3581 2258 3636 Non
2285 3582 2433 3635 enim
2460 3581 2581 3635 veni
2608 3593 2808 3634 vocare
2828 3580 3024 3647 justos,
3056 3578 3148 3633 sed
3178 3586 3490 3649 peccatores
3520 3576 3571 3628 in
3610 3588 3728 3644 poe-

2144 3674 2452 3727 nitentiam.
2480 3691 2498 3724 ι
2566 3670 2757 3727 Omnis
2808 3681 2987 3725 autem
3037 3671 3277 3725 medicus
3323 3684 3391 3723 ex
3432 3668 3725 3723 herbarum

2141 3764 2322 3819 succis
2357 3761 2438 3816 vel
2492 3761 2773 3825 arborum,
2811 3760 2897 3815 vel
2943 3760 3107 3815 etiam
3155 3760 3494 3815 metallorum
3549 3759 3723 3825 venis,

2142 3855 2229 3908 vcl
2278 3854 2637 3908 animantium
2669 3851 2901 3908 naturis.
2952 3853 3233 3923 profutura
3268 3851 3585 3921 corporibus
3614 3865 3727 3904 me-

2142 3948 2446 4002 dicamenta
2476 3947 2774 4015 componit.
2820 3946 2926 4001 Sed
2959 3945 3155 4001 herbas
3188 3946 3319 4000 istas
3346 3944 3392 4000 si
3427 3946 3549 4015 quis
3590 3945 3728 3998 forte

2142 4051 2436 4109 antequam
2487 4055 2583 4110 pro
2621 4040 2830 4094 ratione
2873 4038 3009 4094 artis
3039 4048 3436 4107 componantur
3473 4037 3726 4108 aspiciat,

2141 4132 2405 4200 siquidem
2461 4131 2511 4185 in
2543 4132 2713 4202 agris,
2748 4140 2841 4185 aut
2878 4132 3179 4192 montibus,
3216 4133 3363 4185 velut
3408 4129 3589 4185 fenum
3622 4128 3729 4182 vile

2141 4224 2426 4281 conculeat
2472 4237 2526 4277 et
2581 4224 2842 4293 praeterit.
2905 4224 2962 4279 Si
3020 4238 3149 4279 vero
3198 4237 3291 4278 eas
3338 4223 3478 4276 intra
3533 4220 3726 4274 medici

2140 4315 2385 4371 scholam
2421 4316 2717 4385 dispositas
2748 4329 2845 4383 per
2875 4315 3125 4370 ordinem
3161 4313 3384 4376 viderit,
3438 4310 3563 4365 licet
3596 4310 3726 4364 odo-

2143 4423 2257 4463 rem
2306 4408 2543 4474 tristem,
2596 4406 2793 4460 fortem
2831 4414 2882 4459 et
2927 4415 3203 4460 austerum
3245 4402 3496 4467 reddant,
3546 4410 3728 4453 tamen

2140 4501 2509 4571 suspicabitur
2532 4514 2626 4553 eas
2653 4513 2796 4553 cura:
2826 4496 2909 4553 vel
2938 4497 3156 4550 remedii
3191 4495 3391 4564 aliqttid
3420 4494 3727 4557 continuere,

459 4591 692 4644 mundus
723 4598 827 4643 est.
867 4586 966 4652 Qui
1003 4599 1127 4637 vero
1154 4598 1259 4636 non
1294 4581 1453 4636 habet
1484 4581 1701 4649 pinnas,
1741 4579 1832 4633 sed
1868 4580 1920 4632 in
1957 4578 2036 4630 in-

2142 4591 2353 4646 etiamsi
2390 4591 2627 4644 nomium
2661 4602 2800 4656 quae,
2839 4587 2919 4639 Vel
2948 4586 3123 4655 qualis
3151 4586 3221 4639 sit
3267 4584 3517 4639 sanitatis
3547 4598 3609 4637 ac
3645 4596 3727 4635 re-

460 4685 750 4741 ierioribus
797 4689 1096 4753 permanet,
1154 4679 1288 4733 etin
1339 4694 1497 4734 ραιηο
1529 4693 1744 4748 semper
1768 4686 2033 4741 versatur,

462 4781 770 4839 immundus
820 4788 925 4835 est.
971 4775 1234 4830 Similiter
1281 4785 1460 4829 autem
1504 4774 1569 4829 de
1616 4772 1801 4826 avib'ts
1872 4768 2035 4823 «Non

463 4872 837 4935 manducabis,
890 4871 1063 4939 inquit
1110 4869 1178 4936 "°,
1223 4872 1356 4933 haec,
1397 4868 1523 4938 quia
1558 4863 1831 4920 immunda
1875 4872 2034 4927 sunt;

460 4968 722 5038 aquilam,
774 4975 831 5020 et
865 4965 1153 5029 vulturem,
1180 4982 1197 5014 ι
1239 4973 1289 5017 et
1321 4970 1519 5015 caetera
1569 4961 1653 5013 his
1682 4956 1902 5011 similia.
1945 4955 2039 5009 llis

460 5061 661 5115 etenim
689 5057 878 5113 avibus
910 5071 1127 5123 semper
1176 5066 1511 5107 mortuorum
1565 5063 1849 5117 corporum
1887 5047 2042 5101 cibus

462 5162 565 5212 est,
599 5160 653 5202 et
684 5164 747 5201 ex
786 5149 1013 5202 mortuis
1048 5143 1405 5200 cadaveribus
1438 5143 1643 5195 vivunt.
1686 5138 1886 5195 Oanes
1912 5154 2042 5208 ergo

464 5242 548 5309 qui
586 5240 890 5307 hujusmodi
923 5239 1089 5293 vitam
1127 5246 1317 5307 gerunt
1351 5233 1608 5287 immundi
1639 5231 1866 5286 habendi
1896 5240 2041 5285 sunt.

466 5335 576 5402 Ego
605 5344 733 5403 puto
782 5342 835 5388 et
866 5333 982 5387 illos
1020 5332 1070 5384 in
1128 5330 1211 5382 his
1245 5325 1535 5389 nominari,
1589 5324 1677 5392 qui
1732 5322 1922 5377 alienis
1960 5324 2042 5376 itt-

463 5427 668 5481 cubant
722 5427 988 5480 mortibus
1023 5434 1074 5477 et
1128 5431 1242 5475 arte
1274 5422 1506 5489 quadam
1542 5419 1617 5471 vel
1655 5416 1845 5471 fraude
1879 5426 2043 5471 testa-

466 5530 647 5573 menta
688 5518 1005 5588 subjiciunt.
1051 5513 1368 5583 llujusmodi
1399 5512 1539 5566 enim
1572 5511 1836 5577 homines,
1868 5510 2045 5563 vultu-

469 5623 553 5660 res
577 5616 631 5661 et
661 5608 851 5677 aquila:
882 5605 1077 5661 merito
1124 5604 1486 5674 appellantur,
1517 5602 1663 5655 velut
1709 5610 2043 5653 mortuorum

463 5701 820 5755 cadaveribus
871 5700 1164 5754 inhiantes.
1223 5698 1349 5752 Scio
1396 5707 1451 5751 ct
1484 5697 1585 5749 alia
1636 5694 1895 5757 volatilia,
1926 5708 2047 5762 qua:

539 5861 583 5892 "°
608 5860 778 5915 Let'it.
823 5878 893 5927 xi,
930 5863 1013 5915 15.
1089 5862 1131 5899 ⁷⁸
1159 5860 1314 5915 Joan.
1347 5860 1537 5925 “1,220.

1616 5860 1658 5890 τ’
1684 5858 1859 5913 Levit.
1892 5873 1963 5911 xu
1991 5867 2042 5911 et
2072 5874 2188 5912 χιιι.

2146 4683 2307 4737 medii
2342 4682 2533 4746 virtus,
2571 4679 2875 4750 agnoverit.
2940 4675 3067 4732 Hart:
3101 4676 3166 4732 de
3202 4676 3583 4732 communibus
3614 4686 3727 4727 tne-

2146 4778 2283 4833 dieis
2319 4775 2573 4830 diximus.
2626 4770 2762 4826 Veni
2799 4786 2939 4826 nunc
2982 4770 3048 4824 ad
3083 4767 3265 4825 .lesum
3304 4768 3578 4822 caelestem
3616 4780 3728 4821 me-

2146 4870 2350 4938 dicum,
2380 4869 2518 4922 intra
2553 4867 2619 4923 nd
2653 4866 2795 4921 hanc
2825 4866 3116 4921 stationem
3148 4862 3429 4920 medicinae
3476 4861 3591 4930 ejus
3619 4860 3726 4916 Ec-

2149 4962 2389 5029 clesiam,
2427 4961 2546 5014 vide
2578 4960 2651 5014 ibi
2692 4959 3060 5028 languentium
3082 4957 3268 5025 jacere
3302 4956 3726 5010 multitudinem.

2150 5052 2311 5108 Venit
2345 5054 2561 5119 mulier,
2609 5069 2726 5123 qua:
2777 5069 2841 5108 ex
2870 5063 3023 5123 partu
3074 5053 3351 5106 immunda
3395 5049 3586 5103 ell‘ecla
3621 5058 3729 5109 est.

2151 5145 2304 5198 venit
2352 5146 2618 5214 leprosus,
2670 5148 2760 5214 qui
2793 5158 2944 5199 extra
2995 5156 3173 5200 castra
3212 5152 3492 5213 separatus
3515 5148 3599 5195 est
3630 5155 3728 5208 pro

2152 5235 2494 5289 inununditia
2545 5237 2732 5305 leprzn,
2784 5243 3040 5306 quaerunt
3082 5250 3113 5289 a
3168 5235 3379 5289 medico
3428 5232 3725 5286 remedium

2150 5327 2423 5394 quomodo
2475 5339 2758 5392 sanentur,
2803 5326 3078 5399 quomodo
3118 5325 3478 5387 tnundentur;
3510 5330 3561 5375 et
3602 5320 3728 5389 quia

2149 5416 2306 5474 Jesns
2337 5421 2424 5475 hic
2471 5422 2564 5491 qui
2601 5422 2841 5476 medicus
2871 5422 3092 5490 est,ipse
3127 5427 3208 5474 est
3253 5428 3308 5473 et
3342 5415 3575 5471 Verbum
3608 5412 3723 5477 Dei,

2150 5512 2308 5581 aegris
2342 5514 2455 5568 suis
2480 5529 2587 5568 nou
2637 5515 2928 5569 herbarum
2958 5512 3160 5577 succis,
3192 5511 3287 5565 sed
3318 5511 3603 5564 verborum
3636 5517 3721 5557 sa-

2153 5606 2449 5659 cramentis
2498 5608 2888 5662 medicamenta
2937 5604 3232 5676 conquirit.
3275 5602 3405 5669 Qua:
3432 5600 3727 5652 verborum

2154 5696 2549 5752 medicamenta
2589 5698 2634 5753 si
2690 5699 2813 5767 quis
2869 5696 3124 5752 incultius
3154 5710 3248 5765 per
3280 5693 3445 5748 libros
3474 5700 3727 5758 tanquam

2266 5854 2312 5888 ⁷³
2336 5855 2527 5909 Matth.
2560 5871 2630 5916 Ix,
2665 5852 2868 5920 12,13.
