4124 6438
414 434 516 489 493

1574 425 1638 481 lN
1680 423 2055 481 LEVITICUM
2099 422 2382 481 HOMILIA
2420 424 2551 480 Vlll.

3587 429 3681 479 illi

410 563 510 616 per
554 560 712 617 agros
742 545 924 602 videat
954 557 1075 601 esse
1120 545 1393 616 dispersa,
1455 547 1713 615 ignorans
1758 544 2000 615 singulo-
2031 550 2075 604 A
2113 566 2131 597 ς
2165 541 2267 602 Ubi
2297 557 2478 602 autem
2516 544 2664 600 venit
2695 544 2974 613 plenitudo
3000 554 3327 615 temporum,
3361 544 3503 597 misit
3546 545 3685 596 Deus

410 652 529 691 rum
557 638 825 692 dictorum
859 637 1136 703 virtutem,
1166 645 1225 690 ut
1258 637 1382 690 vilia
1422 637 1536 690 haec
1563 645 1618 691 et
1654 637 1861 691 nullum
1884 651 2000 691 ser-

410 730 589 783 monis
645 729 850 784 cultum
904 728 1184 793 habentia,
1236 729 1560 797 praeteribit.
1624 728 1727 794 Qui
1770 742 1997 782 veroex

410 821 593 889 aliqua
616 830 773 890 parte
795 820 1050 875 didicerit
1076 820 1385 876 animarum
1408 822 1548 889 apud
1574 819 1848 874 Christum
1878 831 1999 874 esse

410 917 757 980 medicinam,
813 915 1071 986 intelliget
1118 914 1365 984 profecto
1410 927 1476 967 ex
1514 913 1598 969 his
1632 912 1787 970 libris
1818 913 1909 982 qui
1945 915 1995 967 in

410 1009 658 1066 Ecclesia
698 1009 1018 1073 recitantur,
1054 1015 1313 1077 tanquam
1344 1020 1408 1061 ex
1437 1005 1584 1072 agris
1609 1015 1665 1059 et
1695 1004 1994 1069 montibus,

406 1100 687 1157 salutares
740 1100 939 1155 herbas
985 1112 1262 1153 assumere
1294 1105 1751 1165 unumquemque“
1775 1096 1993 1160 debere,

408 1207 726 1251 sermonum
765 1192 1033 1246 duntaxat
1062 1191 1170 1245 vim
1200 1206 1216 1256 ;
1270 1197 1329 1244 ut
1358 1189 1404 1244 si
1433 1189 1556 1256 quis
1585 1188 1658 1243 illi
1688 1186 1799 1259 (11)
1827 1198 1907 1243 est
1938 1189 1994 1243 in

408 1287 592 1341 anima
638 1283 886 1354 languor,
919 1296 1026 1337 non
1081 1290 1191 1337 tam
1226 1281 1517 1337 exterioris
1552 1279 1762 1336 frondis
1789 1289 1845 1335 et
1866 1296 1992 1336 cor-

408 1378 533 1434 ticis
561 1390 727 1447 quam
773 1374 922 1430 succi
969 1373 1250 1429 interioris
1288 1373 1479 1429 hausta
1511 1373 1712 1427 virtute
1741 1382 1990 1428 sanetur.

406 1470 700 1524 Videamus
730 1483 863 1540 ergo
893 1469 1177 1522 adversum
1226 1464 1629 1519 immunditiam
1678 1473 1887 1532 partus,
1939 1474 1995 1519 et

406 1563 785 1632 (-outagionem
836 1560 1020 1628 leprze,
1072 1572 1313 1627 praesens
1368 1557 1484 1611 htec
1534 1555 1693 1611 lectio
1724 1572 1887 1624 quam
1917 1558 1993 1610 di-

405 1667 582 1718 versa,
632 1660 686 1706 et
724 1665 888 1721 quant
924 1649 1075 1705 varia
1108 1646 1550 1718 puriﬁcationem
1588 1646 1983 1704 medicamenta

406 1746 683 1801 conﬁciat.

473 1837 530 1890 2.
577 1855 597 1888 ι
634 1836 700 1891 Et
729 1834 940 1890 locutus
989 1842 1090 1898 est,
1122 1832 1388 1904 inquit",
1434 1833 1692 1889 Dominus
1717 1834 1785 1888 ad
1835 1833 1989 1906 Moy-

2107 640 2302 695 Filinm
2333 655 2515 703 suum,
2542 637 2745 694 factum
2781 653 2846 693 ex
2884 638 3131 702 muliere,
3166 638 3368 692 factum
3397 639 3498 689 sub
3543 638 3682 705 lege,

2108 734 2165 778 ut
2190 740 2287 782 eos
2320 726 2411 794 qui
2442 726 2542 780 sub
2574 724 2693 794 lege
2718 735 2879 780 erant
2938 726 3268 791 redimeret;
3316 745 3334 776 ι
3388 728 3685 795 responde-

2105 817 2288 871 bimus
2321 817 2394 882 ei,
2428 817 2556 886 quia
2595 817 2648 870 in
2677 819 2778 871 hoc
2806 817 3102 886 Apostolus
3137 818 3417 874 mulierem
3448 836 3553 873 non
3583 834 3685 888 pro

2105 908 2411 978 corruptela
2443 908 2808 976 integritatis,
2836 909 2929 963 sed
2963 923 3061 977 pro
3117 924 3277 964 sexus
3329 910 3532 965 indicio
3587 926 3684 966 no-

2105 1002 2449 1069 minavit;ut
2477 1000 2603 1072 quia
2641 1001 2860 1056 dicebat
2894 1002 3093 1057 Filium
3124 1003 3216 1058 Dei
3250 1002 3682 1067 missum,simul

2102 1105 2155 1151 ct
2189 1095 2317 1149 illud
2353 1095 2496 1165 quod
2531 1095 2811 1149 communi
2845 1096 3091 1150 omnium
3121 1096 3374 1165 ingressu
3425 1095 3481 1149 in
3540 1098 3684 1152 hunc

2104 1190 2361 1241 mundum
2396 1186 2509 1256 (15)
2535 1186 2797 1251 venisset,
2826 1196 3147 1256 exponeret.
3167 1188 3259 1243 Est
3280 1203 3444 1257 porro
3473 1200 3527 1243 et
3549 1201 3685 1244 asta-

2105 1279 2173 1334 tis
2201 1279 2343 1333 istud
2374 1278 2729 1344 vocabulum,
2781 1279 2900 1349 ejus
2943 1278 3199 1345 scilicet,
3252 1297 3359 1350 qua
3423 1281 3688 1339 lenitinino

2100 1370 2254 1425 sexui
2291 1372 2355 1425 de
2379 1370 2536 1425 annis
2571 1369 2875 1439 pubertatis
2901 1372 3205 1436 exceditur,
3240 1382 3296 1428 et
3328 1373 3395 1428 ad
3441 1374 3493 1427 id
3546 1384 3686 1429 tem-

2099 1476 2221 1530 pns,
2251 1477 2358 1531 quo
2388 1463 2585 1518 habilis
2615 1461 2735 1515 viro
2766 1460 3016 1517 videatur
3047 1481 3191 1528 esse,
3231 1468 3499 1521 transitur
3545 1468 3682 1536 (t6).

2100 1553 2254 1608 Sicut
2276 1564 2329 1608 et
2365 1558 2677 1613 econtrario
2707 1560 2791 1613 vir
2820 1559 3129 1627 appellatur
3152 1560 3195 1613 is
3233 1561 3324 1629 qui
3362 1560 3683 1615 adolescen-

2101 1647 2188 1701 tia:
2214 1655 2429 1714 tempus
2455 1652 2777 1716 excesserit,
2805 1652 3025 1706 etiamsi
3053 1667 3278 1706 uxorem
3313 1654 3551 1707 nondum
3590 1655 3688 1708 ba-

2098 1739 2242 1804 heat,
2274 1738 2430 1807 cujus
2457 1741 2542 1793 vir
2572 1757 2694 1797 esse
2723 1742 2974 1808 dicatur;
3031 1758 3142 1813 quo
3172 1744 3394 1798 nomine
3416 1745 3684 1814 appellari

2098 1829 2271 1885 solent
2303 1832 2465 1886 etiam
2500 1833 2575 1898 hi,
2602 1848 2737 1902 quos
2764 1834 3014 1889 feminea:
3062 1835 3409 1889 admistionis
3473 1838 3683 1891 macula

405 1943 500 1984 seu
528 1930 714 1983 dicens
747 1945 760 1981 :
791 1926 1041 1996 Loquere
1086 1924 1212 1980 ﬁliis
1257 1923 1440 1990 Israel,
1494 1935 1550 1980 et
1580 1926 1727 1981 dices
1753 1925 1820 1979 ad
1847 1941 1987 1981 eos:
2025 1906 2067 1965 Β
2099 1923 2246 1978 nulla
2287 1926 2628 1996 perstringit.
2670 1926 2727 1981 Si
2783 1941 2916 1998 ergo
2986 1935 3134 1982 recte
3184 1928 3386 1982 dicitur
3443 1930 3527 1982 rir
3585 1946 3685 1998 pro

404 2019 596 2073 Mulier
628 2032 965 2089 quaecunque
1018 2018 1332 2089 conceperit
1379 2032 1587 2083 semen,
1625 2027 1679 2072 et
1723 2018 1993 2087 pepererit

405 2113 729 2177 masculum,
770 2110 1049 2166 immunda
1079 2113 1185 2167 erit
1212 2119 1419 2182 septem
1450 2111 1660 2167 diebus.
1692 2130 1711 2164 ι

401 2205 702 2277 Παρὲλκειν
736 2203 847 2275 (12)
880 2203 1023 2267 δόξει
1054 2204 1114 2257 τό
1143 2218 1157 2233 ·
1230 2202 1271 2272 -ξ-
1334 2202 1522 2258 Primo
1582 2201 1993 2258 consideremus

406 2321 426 2354 ε
487 2302 613 2355 Ἐὰν
658 2299 1084 2372 σπερματισθῇ,
1136 2316 1156 2351 ι
1233 2301 1532 2355 secundum
1575 2298 1885 2362 historiam,
1943 2298 1990 2353 si

403 2392 840 2464 προτασσόμενον
867 2389 962 2444 τοῦ
981 2407 1029 2440 ἰ
1051 2391 1162 2445 Καὶ
1233 2406 1341 2447 non
1370 2392 1582 2447 videtur
1616 2392 1770 2460 quasi
1803 2405 1868 2446 ex
1899 2406 1993 2446 su-

398 2488 533 2559 τέκῃ
566 2488 750 2557 ἄρσεν.
780 2503 798 2537 ›
862 2485 1003 2538 Ἀλλ’
1037 2485 1161 2554 ὲφί-
1235 2481 1449 2550 perﬂuo.
1475 2482 1714 2537 additum
1750 2499 1769 2533 ε
1800 2482 1993 2536 mulier

402 2597 566 2651 στημι
602 2581 809 2651 μήποτε
837 2579 923 2632 ἵνα
950 2596 1163 2650 πρθφη-
1232 2588 1353 2643 qum
1436 2573 1738 2643 susceperit
1803 2587 1988 2629 semen

399 2674 568 2737 τικῶς
615 2676 649 2744 ἡ
702 2673 892 2745 Μαρία
947 2673 1049 2725 οὐκ
1098 2674 1162 2726 ἐκ
1233 2666 1368 2739 (15),
1392 2676 1447 2721 et
1470 2668 1741 2736 pepererit
1773 2682 1991 2722 mascu-

400 2768 492 2822 τοῦ
514 2767 1162 2841 ἐσπερματίσθαιτεκοῦ-
1235 2762 1367 2825 lum,
1395 2780 1413 2813 ι
1456 2761 1615 2831 quasi
1669 2761 1840 2830 possit
1887 2761 1991 2815 ali-

403 2882 470 2916 σα
503 2866 689 2936 ἄρσεν,
724 2866 797 2935 μὴ
837 2864 1065 2935 νομισθῇ
1094 2865 1158 2917 ἁ-
1229 2864 1311 2910 ter
1334 2854 1633 2910 masculum
1653 2868 1867 2922 parere,
1888 2855 1991 2910 nisi

399 2957 672 3033 κάθαρτος
719 2955 856 3012 εἶναι
895 2974 1156 3027 γεγεννη-
1230 2947 1440 3001 semine
1506 2955 1794 3016 concepto.
1882 2946 1993 3001 Sed

399 3055 528 3108 κυῖα
549 3051 640 3105 τὸν
665 3051 912 3122 Σωτῆρα,
943 3050 1157 3121 εἴρηται
1231 3055 1335 3093 ἢθη
1358 3055 1424 3093 ex
1457 3039 1728 3108 superﬂuo
1752 3040 1989 3095 additur.

399 3148 520 3201 ὃ).ον
566 3144 740 3199 τοῦτο.
805 3141 1057 3195 Ἐδύνατο
1103 3141 1160 3194 δὲ
1230 3132 1311 3184 Ad
1343 3131 1727 3185 discretionem
1759 3145 1993 3200 namque

396 3239 494 3292 καὶ
513 3238 586 3309 μὴ
604 3234 1002 3306 προσκειμένου
1024 3231 1153 3286 τοῦ’
1234 3221 1397 3288 illius,
1454 3236 1575 3291 qua:
1624 3223 1741 3277 sine
1785 3222 1991 3277 semine

404 3351 423 3381 ι
456 3331 547 3384 ἐὰν
578 3326 979 3398 σπερματισθῇ,
1012 3344 1030 3377 ›
1073 3343 1155 3379 νο-
1231 3319 1554 3386 concepitet
1571 3318 1801 3389 peperit,
1827 3317 1987 3371 istum

398 3416 574 3470 εἰσοαι
627 3415 701 3486 μὴ
742 3410 874 3466 οὖσα
914 3413 1157 3485 ἀκάθαρ-
1230 3428 1535 3467 sermonem
1601 3428 1700 3482 pro
1774 3413 1990 3468 caeteris

396 3525 488 3571 τος
527 3509 560 3578 ἡ
594 3505 801 3578 Μαρία.
855 3507 928 3559 Οὐ
957 3505 1066 3577 γὰρ
1097 3507 1154 3559 ἁ-
1232 3504 1343 3575 (14)
1395 3506 1720 3560 mulieribus
1768 3505 1988 3575 legisla-

396 3602 543 3666 πλῶς
566 3598 634 3673 ἦν
663 3599 820 3671 γυνὴ,
851 3601 985 3655 ἀλλά
1015 3618 1156 3673 παρ-
1232 3605 1317 3650 tor
1350 3596 1549 3666 adjecit
1586 3614 1599 3651 :
1639 3606 1697 3651 ut
1725 3613 1830 3652 non
1866 3611 1986 3653 om-

394 3696 563 3758 Οένος.
1229 3706 1351 3747 nem
1387 3690 1669 3746 mulierem
1716 3707 1838 3761 qua:
1884 3708 1983 3764 pe-

398 3787 646 3855 perisset,
682 3784 994 3854 designaret
1016 3782 1372 3846 immundam,
1404 3783 1632 3836 sedeam
1652 3797 1774 3851 qua:
1791 3799 1984 3839 conce-

394 3891 486 3946 pto
518 3878 725 3932 semine
754 3876 1077 3946 peperisset.
1137 3874 1274 3928 Addi
1307 3888 1525 3944 quoque
1574 3875 1641 3929 ad
1682 3876 1786 3930 hoc
1812 3877 1982 3931 etiam

395 3970 525 4023 illud
555 3978 753 4038 potest.
788 3968 929 4036 quod
959 3966 1043 4020 lex
1077 3966 1204 4030 ista,
1230 3979 1351 4035 quae
1373 3965 1438 4018 de
1465 3964 1808 4020 immunditia
1841 3968 1979 4023 seri-

399 4062 566 4124 bitur,
594 4060 659 4113 ad
693 4058 949 4112 mulieres
977 4056 1142 4127 229
1174 4055 1427 4124 pertinet.
1490 4054 1563 4109 De
1594 4055 1762 4111 Maria
1795 4069 1975 4114 autem

392 4152 625 4217 dicitur,
679 4147 1008 4221 quia'virgo
1058 4149 1342 4219 concepit,
1400 4158 1455 4204 et
1498 4149 1731 4219 peperit.
1784 4148 1983 4205 Ferant

392 4262 523 4317 ergo
578 4245 710 4318 legis
761 4260 928 4300 onera
982 4243 1268 4307 mulieres,
1326 4241 1567 4312 virgines
1615 4256 1745 4295 vero
1790 4240 1982 4295 abhis

394 4341 703 4394 habeantur
755 4338 1047 4393 immunes.
1097 4334 1207 4390 Sed
1260 4333 1302 4389 si
1360 4333 1519 4388 nobis
1558 4331 1751 4403 aliquis
1787 4348 1983 4388 occur-

300 4460 301 4463 η
395 4441 480 4487 rat
533 4441 791 4503 argutus,
850 4439 907 4485 et
962 4428 1107 4485 dicat
1156 4425 1281 4497 quia
1346 4433 1402 4480 et
1458 4423 1622 4478 Maria
1679 4424 1875 4478 mulier
1926 4423 1982 4478 in

391 4522 698 4595 Scripturis
734 4522 1050 4577 nominatur
1083 4539 1095 4574 :
1126 4519 1205 4576 sic
1235 4517 1382 4574 enim
1419 4516 1549 4573 dicit
1582 4515 1875 4583 Apostolus
1895 4516 1979 4567 7':

1034 4629 1184 4685 Vers.
1209 4647 1332 4684 nov.

458 4694 636 4771 Illud,
665 4716 683 4748 t
711 4694 773 4752 Si
799 4629 1353 4771 fonceipeiiiirssieiiiie‘ii,
1388 4720 1406 4751 ι
1455 4703 1599 4770 quod
1636 4708 1965 4771 prwponitur

386 4765 468 4816 liis
498 4768 664 4820 verbis
698 4781 715 4819 :
743 4767 860 4837 [Et
894 4765 1149 4837 pepererit
1180 4765 1494 4835 masculum,
1524 4792 1540 4822 ι
1568 4765 1829 4827 videbitur
1857 4794 1967 4831 esse

384 4838 727 4909 strperﬂuum.
758 4836 862 4909 Sed
893 4838 1008 4892 vide
1024 4856 1085 4892 ne
1110 4840 1245 4909 forte
1276 4842 1489 4894 omnino
1507 4842 1619 4895 haec
1643 4845 1801 4897 simul
1826 4847 1971 4901 dicta

383 4906 507 4973 sint,
543 4924 605 4961 ne
632 4907 810 4962 Maria
837 4925 955 4977 qum
982 4906 1141 4978 juxta
1184 4911 1460 4979 prophetas
1490 4914 1685 4968 semine
1710 4931 1815 4969 non
1872 4935 1970 4971 su—

455 5113 501 5147 ⁷⁶
522 5114 691 5172 Levit.
718 5132 816 5184 ιη,
837 5117 889 5171 2η
999 5119 1045 5151 ⁷⁸
1071 5116 1252 5175 Galat.
1301 5135 1375 5188 tv,
1410 5121 1466 5174 4.

447 5232 568 5372 (ll)
602 5232 786 5288 Codex
823 5233 1136 5304 Saugerm.,
1166 5252 1186 5286 ‹
1208 5234 1305 5289 illi.
1329 5255 1348 5287 ι
1382 5234 1539 5291 Libh.
1568 5236 1720 5303 editi,
1757 5256 1775 5291 ι
1801 5238 1912 5294 ille.
1938 5258 1957 5291 ι

482 5303 564 5372 12)
596 5302 781 5358 Graeca
831 5305 945 5359 haec
970 5306 1023 5358 in
1060 5306 1313 5361 omnibus
1343 5305 1459 5362 fere
1501 5306 1728 5363 Catenis
1755 5307 1957 5366 Graecis

482 5303 564 5374 l2)
596 5302 781 5385 Graeca
831 5302 1023 5359 haec—in
1060 5306 1313 5361 omnibus
1343 5305 1459 5362 fere
1501 5302 1728 5363 Catenis
1755 5307 1964 5366 Graecis

382 5387 514 5427 IIISS.
550 5390 673 5429 reue
682 5391 760 5427 ΙΊυ
769 5393 798 5427 11
809 5386 861 5429 ιιι
870 5391 915 5428 Γ.

450 5443 562 5517 (t5)
594 5443 797 5517 Codex.
825 5444 1137 5516 Sangerm.,
1173 5464 1193 5496 ι
1228 5460 1347 5514 qure
1368 5446 1673 5517 susceperit
1701 5461 1911 5503 semen.
1935 5467 1956 5500 ι

378 5508 552 5584 Libh.:
571 5514 724 5584 editi,
763 5531 781 5565 ι
807 5529 926 5582 quae
942 5508 1266 5584 conceperit
1291 5532 1498 5571 semen.
1524 5508 1542 5568 ἰ

449 5582 565 5655 (ti)
586 5582 764 5638 Codex
791 5582 1151 5655 Saugerunet
1178 5584 1288 5649 alii,
1319 5603 1340 5637 ‹
1365 5602 1461 5655 pro
1485 5587 1718 5643 caeteris.
1743 5607 1761 5639 ι
1792 5587 1950 5645 Libh.

376 5653 717 5721 editi,'tpr;e
763 5656 998 5709 exteris.
1021 5673 1039 5706 ι
1089 5653 1227 5707 Inl‘ra
1261 5653 1401 5710 idem
1435 5673 1563 5717 ms..
1616 5675 1634 5709 ι
1665 5659 1731 5713 ad
1764 5659 1954 5713 mulie-

378 5738 464 5775 res
517 5725 771 5793 pertinet.
802 5744 821 5777 ι
884 5724 1044 5780 Libh.
1084 5726 1240 5792 editi,
1292 5727 1399 5781 «ad
1448 5729 1734 5784 mulierem
1781 5730 1951 5798 perti—

375 5803 486 5848 net.
514 5812 534 5845 ι

446 5863 560 5925 (15)
582 5864 730 5922 Libri
753 5877 912 5923 antea
938 5866 1090 5934 editi,
1129 5884 1147 5920 ι
1179 5867 1301 5935 quia
1360 5883 1459 5938 pro
1509 5870 1785 5927 communi
1833 5886 1950 5927 om-

1564 5122 1610 5153 “
1638 5121 1863 5189 Cenes,
1911 5142 2058 5192 xxiv,
2096 5128 2147 5182 5.

2093 2017 2208 2072 sola
2244 2018 2386 2072 virili
2420 2028 2581 2074 aetate
2614 2020 2747 2089 (17),
2785 2021 2953 2074 etiam
2998 2021 3047 2077 is
3107 2021 3198 2090 qui
3234 2022 3433 2078 nullius
3473 2021 3685 2076 admis-

2098 2108 2300 2163 tiouem
2341 2109 2556 2165 feminae
2586 2112 2803 2167 noverit
2834 2129 2847 2165 :
2887 2114 3159 2182 quomodo
3186 2130 3292 2169 non
3323 2114 3513 2170 eadem
3546 2128 3681 2171 con-

2094 2202 2378 2271 sequentia
2408 2203 2573 2258 etiam
2618 2204 2773 2274 virgo
2801 2220 2926 2275 quae
2987 2206 3310 2261 intemerata
3362 2210 3681 2276 permansit,

2096 2306 2193 2359 pro
2222 2291 2336 2347 sola
2376 2294 2553 2348 anatis
2586 2295 2903 2350 maturitate
2936 2297 3133 2357 mulier
3191 2298 3681 2369 nominatur(l8)?

2097 2382 2343 2451 Denique
2368 2393 2424 2438 et
2462 2386 2741 2440 Abraham
2776 2404 2898 2442 cum
2948 2403 3178 2459 puerum
3229 2394 3471 2444 mitteret
3514 2391 3684 2447 Meso-

2097 2475 2393 2541 potamiam
2445 2478 2498 2530 in
2564 2480 2786 2533 domum
2818 2479 3102 2538 Bathuelis
3151 2493 3211 2537 ut
3241 2486 3364 2538 inde
3413 2486 3685 2554 acciperet

2098 2565 2246 2620 Isaac
2272 2567 2387 2622 lilio
2416 2582 2517 2623 suo
2543 2585 2790 2639 uxorem,
2834 2583 2889 2627 et
2927 2588 3061 2641 puer
3087 2575 3362 2632 curiosius
3393 2586 3683 2647 perconta-

2097 2667 2273 2723 retur,
2308 2658 2384 2713 ait
2409 2661 2478 2715 ad
2506 2677 2634 2715 eum
2658 2662 2704 2695 ⁷⁸
2736 2679 2754 2717 :
2811 2681 2832 2715 ι
2876 2664 3030 2733 Quod
3092 2666 3139 2721 si
3194 2667 3432 2723 noluerit
3490 2670 3686 2723 mulier

2097 2749 2250 2817 sequi
2283 2764 2389 2815 me,
2418 2751 2680 2806 reducam
2734 2753 2904 2809 lilium
2970 2766 3119 2811 tuum
3183 2757 3403 2814 illuc?»
3463 2770 3518 2814 et
3576 2777 3681 2816 non

2096 2838 2252 2906 dixit,
2289 2841 2432 2909 quod
2470 2841 2514 2895 si
2547 2842 2782 2897 noluerit
2814 2846 2969 2917 virgo
3004 2849 3157 2918 sequi
3216 2864 3322 2905 me.
3379 2850 3505 2907 Haec
3549 2867 3684 2921 ergo

2096 2929 2239 2985 dicta
2271 2932 2383 2987 sint
2406 2934 2567 2988 nobis
2597 2936 2663 2989 de
2694 2950 2760 2990 eo
2785 2940 2930 3007 quod
2958 2940 3369 2995 observavimus
3390 2945 3681 3012 scriptum,

2096 3025 2224 3093 quia
2268 3039 2375 3080 non
2412 3027 2690 3096 superﬂuo
2751 3031 2959 3086 addidit
3005 3033 3287 3101 legislatur
3309 3036 3377 3099 ⁷⁷,
3432 3053 3451 3088 ‹
3487 3038 3683 3093 mulier

2096 3117 2141 3172 si
2192 3120 2511 3189 conceperit
2555 3134 2792 3187 .semcn,
2837 3134 2893 3178 et
2942 3127 3215 3195 pepererit
3261 3128 3463 3194 lilium;
3508 3149 3527 3181 ι
3586 3133 3681 3187 sed

2096 3224 2219 3265 esse
2247 3212 2635 3282 exceptionem
2664 3217 2977 3287 mysticam,
3006 3233 3127 3287 quae
3164 3219 3338 3274 solam
3392 3219 3619 3278 Mariam
3649 3241 3679 3279 a

2095 3300 2321 3371 reliquis
2366 3304 2691 3365 mulieribus
2740 3319 3076 3379 segregaret,
3129 3309 3285 3379 cujus
3336 3323 3527 3382 partus
3573 3331 3679 3369 non

2091 3405 2156 3445 ex
2183 3396 2545 3465 conceptione
2586 3399 2850 3464 seminis,
2887 3402 2981 3455 sed
3041 3417 3107 3456 ex
3165 3405 3452 3471 praesentia
3502 3409 3678 3463 sancti

2093 3482 2335 3553 Spiritus
2365 3495 2421 3541 et
2447 3488 2652 3545 virtute
2690 3491 2949 3547 Altissimi
2987 3493 3169 3549 fuerit.

2158 3582 2211 3636 5.
2243 3581 2400 3641 Nunc
2438 3600 2569 3642 vero
2599 3588 2713 3658 (19)
2754 3591 3098 3659 requiramus
3126 3596 3291 3650 etiam
3333 3596 3466 3653 illud
3490 3639 3505 3663 ,
3542 3600 3674 3668 quid

2088 3688 2267 3729 causae
2291 3677 2364 3731 sit
2387 3679 2532 3747 quod
2574 3681 2772 3735 mulier
2795 3698 2916 3752 quae
2967 3685 3017 3739 in
3046 3687 3150 3742 hoc
3188 3690 3389 3745 mundo
3445 3706 3677 3748 nascen-

2090 3767 2234 3823 tibus
2266 3770 2630 3828 ministerium
2660 3776 2884 3845 prtebet,
2920 3795 3026 3834 non
3073 3782 3246 3837 solum
3302 3801 3427 3840 cum
3488 3802 3675 3843 semen

2088 3864 2399 3932 susceperit
2430 3865 2704 3921 immunda
2743 3869 2858 3923 l'reri
2891 3872 3121 3940 dicitur,
3166 3875 3259 3929 sed
3309 3885 3365 3930 et
3406 3891 3528 3933 cum
3577 3896 3673 3949 pe-

2086 3957 2307 4022 pererit.
2370 3956 2525 4014 Unde
2591 3971 2641 4016 et
2701 3977 2798 4030 pro
2848 3965 3234 4033 puriﬁcatione
3290 3981 3388 4022 sua
3450 3969 3676 4039 jubetur

2086 4042 2284 4100 offerre
2314 4047 2490 4115 pullos
2514 4051 2881 4117 columbinos,
2919 4064 3013 4108 aut
3055 4065 3299 4113 turtures
3338 4074 3439 4129 pro
3474 4076 3672 4130 pecca-

2087 4141 2162 4201 to,
2196 4134 2264 4188 ad
2293 4134 2493 4190 ostium
2530 4138 2868 4195 tabernaculi
2905 4143 3205 4199 testimonii
3236 4184 3253 4212 ,
3314 4155 3372 4203 ut
3428 4153 3672 4220 reprolti-

2083 4223 2181 4277 tiet
2213 4238 2312 4292 pro
2366 4226 2481 4296 ipsa
2523 4233 2815 4297 sacerdos;
2866 4236 3025 4303 quasi
3086 4252 3207 4305 qua;
3263 4242 3672 4309 repropitiatio-

2085 4328 2208 4368 nem
2240 4315 2456 4381 debeat,
2488 4326 2541 4371 et
2581 4320 3023 4389 purificationem
3062 4329 3269 4394 peccati
3307 4345 3403 4397 pro
3440 4346 3506 4385 eo
3524 4336 3670 4402 quod

2081 4406 2329 4460 nascenti
2356 4408 2409 4459 itt
2446 4410 2547 4464 hoc
2587 4412 2794 4465 mundo
2849 4414 3055 4469 homini
3114 4419 3484 4474 ministerium
3538 4440 3672 4491 prae-

2081 4498 2215 4556 buit.
2249 4499 2342 4555 Sic
2371 4502 2518 4556 enim
2559 4505 2827 4574 scriptum
2860 4520 2942 4564 est
2968 4510 3013 4541 ⁷⁸
3057 4528 3070 4564 :
3106 4530 3125 4563 ε
3171 4512 3237 4567 Et
3278 4517 3661 4586 reprOpitiabit

1998 4646 2040 4699 D
2071 4655 2244 4728 seeplg
2264 4645 2458 4728 peperit
2488 4646 2805 4728 masculum,
2830 4663 3108 4728 putaretur
3132 4654 3405 4711 immunda
3432 4675 3544 4713 esse
3570 4676 3663 4728 ge-

2071 4715 2179 4796 nito
2207 4712 2498 4795 Saluatore.
2533 4714 2636 4769 Sed
2667 4712 2860 4787 absque
2890 4723 3099 4796 Itur-unt
3121 4742 3300 4779 vocum
3322 4712 3618 4796 adjectimie
3644 4748 3662 4782 :

2078 4801 2096 4833 σ
2121 4782 2179 4837 Si
2203 4788 2495 4863 conceperit
2516 4801 2719 4869 semen,
2740 4806 2757 4838 ι
2773 4782 2996 4869 "poterat
3022 4795 3192 4869 etiam
3206 4868 3209 4869 ν
3224 4782 3405 4851 Μανίᾶ
3436 4801 3662 4869 intelligi

2076 4870 2176 4973 ne:
2201 4869 2310 4935 esse
2337 4855 2629 4912 immunda.
2672 4858 2794 4912 Non
2821 4864 2958 4916 enim
2988 4866 3099 4933 sim,
3124 4864 3295 4920 liciter
3319 4880 3432 4923 erat
3454 4855 3661 4934 mulier,

2077 4939 2129 4973 se
2194 4939 2360 4973 mrao.

2077 4939 2163 4975 aea
2194 4939 2360 4993 virgo.

2259 5131 2300 5159 "
2333 5128 2506 5185 Levii.
2542 5149 2641 5198 xu,
2677 5134 2732 5187 2.
2811 5136 2855 5167 ⁷⁸
2885 5138 3014 5192 ibid.
3044 5138 3097 5192 7.

2072 5241 2219 5296 nium
2246 5242 2355 5296 vita
2387 5243 2663 5327 ingressus
2707 5248 2761 5301 in
2810 5249 2953 5304 hunc
2984 5254 3267 5318 mundum,
3301 5273 3319 5307 ›
3374 5266 3463 5311 etc
3495 5298 3513 5326 ,
3558 5262 3652 5314 sed

2069 5328 2261 5368 Otnnes
2293 5328 2423 5368 mss.
2461 5323 2522 5368 ut
2552 5323 2606 5370 in
2637 5330 2823 5375 nostro
2846 5330 3016 5376 textu.

2143 5382 2256 5455 (I6)
2308 5383 2460 5449 Mss.,
2520 5403 2540 5436 ‹
2583 5389 2866 5447 transitur.
2900 5412 2919 5443 ›
2974 5390 3132 5448 Libh.
3172 5394 3334 5458 editi,
3384 5412 3402 5447 ι
3450 5398 3656 5453 ιτδηεὶα

2075 5461 2177 5507 tus.
2212 5472 2230 5504 ι

2143 5522 2458 5604 (l7)_Libh.
2494 5526 2647 5604 editi,
2676 5548 2695 5580 r
2722 5531 2802 5584 vir
2830 5531 2917 5585 ille
2944 5549 3041 5597 pro
3068 5533 3185 5590 sola
3228 5536 3486 5604 temporis
3522 5548 3656 5593 πω-

2072 5593 2159 5648 ιθ.
2191 5613 2210 5644 ι
2239 5593 2369 5648 Mss.
2409 5606 2466 5650 ut
2497 5598 2550 5651 in
2577 5612 2766 5655 nostro
2797 5593 2971 5656 textu.

2132 5662 2446 5737 (l8)7Mss.,
2476 5684 2493 5717 ι
2537 5671 2867 5724 nominatur.
2904 5691 2922 5722 ι
2964 5671 3121 5726 Libh.
3160 5673 3312 5737 editi,
3353 5693 3371 5724 ε
3405 5676 3656 5732 nomine-

2064 5742 2175 5810 tttr.
2193 5754 2233 5810 ΔιΔ
2263 5736 2409 5810 Infra
2435 5739 2606 5810 codex
2648 5739 2961 5810 Sangerm.,
2999 5760 3019 5792 ‹
3059 5758 3199 5809 puer
3232 5745 3503 5798 curiosus.
3536 5765 3555 5797 ι

2131 5804 2242 5873 (l9)
2277 5806 2458 5864 Codex
2486 5804 2802 5881 Sangermf,
2835 5830 2852 5862 ι
2887 5804 3035 5866 vero.
3060 5804 3093 5864 ἰ
3136 5813 3291 5871 Libb.
3328 5817 3483 5881 editi,
3518 5833 3537 5867 ι
3571 5830 3654 5871 er-

2058 5888 2149 5942 go.
2184 5894 2205 5928 ι
