4124 6414
454 406 559 462 ιῑ95

1903 404 2224 468 ORIGENIS

3600 413 3708 479 496

455 543 553 596 pro
589 527 702 593 ipsa
740 524 1018 589 sacerdos,
1051 534 1104 581 et
1129 528 1502 583 mundabitur.
1545 549 1563 583 ι
1598 532 1710 601 Ego
1746 533 1796 587 in
1832 534 2030 589 talibus
2061 539 2103 593 A
2137 545 2316 591 cetum
2350 536 2776 607 interempturus
2795 543 2926 594 est.»
2970 532 3129 595 Vides
3162 552 3290 610 ergo
3323 544 3594 610 quomodo
3651 560 3704 598 ut

452 620 587 675 nihil
619 618 791 672 audeo
822 619 1026 682 dicere,
1051 621 1227 675 sentio
1252 632 1428 676 tamen
1455 624 1665 678 occulta
1694 627 1747 679 in
1771 626 1857 680 his
1881 642 2028 694 qua:-

452 713 575 769 tlam
602 710 856 781 mysteria
887 712 1181 777 contineri,
1214 723 1266 767 et
1298 727 1417 768 esse
1445 715 1647 784 aliquid
1671 717 1892 772 latentis
1935 734 2025 771 ar-

450 803 596 865 cani,
629 816 729 870 pro
758 816 865 871 quo
889 811 943 857 et
976 802 1168 856 tnulier
1194 817 1313 871 qure
1352 807 1660 874 conceperit
1692 824 1757 861 ex
1786 809 2020 871 semine,

450 906 501 950 ct
536 895 828 965 pepererit,
863 895 1141 948 immunda
1167 897 1403 961 dicatur,
1441 906 1497 951 et
1530 906 1784 966 tauquam
1816 900 2020 969 peccati

450 1000 541 1043 rea
579 987 778 1043 offerre
800 986 1058 1054 jnbeatur
1084 987 1315 1042 lt05tiam
1346 1003 1445 1057 pro
1470 999 1715 1056 pecrato,
1741 1002 1790 1043 et
1826 991 1895 1044 ita
1923 1008 2022 1059 pu-

447 1078 677 1132 rilicari.
704 1078 812 1132 Sed
838 1087 893 1131 et
940 1076 1031 1130 ille
1085 1078 1199 1145 ipse
1232 1077 1320 1146 qui
1357 1080 1624 1146 nascitur,
1665 1080 1776 1133 sive
1826 1083 2020 1144 virilis,

447 1171 562 1224 sive
588 1168 806 1224 feminei
834 1182 995 1222 sexus
1028 1168 1120 1230 sit,
1150 1169 1465 1236 pronuntiat
1486 1171 1552 1223 de
1579 1188 1643 1225 eo
1668 1171 1951 1241 Scriptura
1976 1174 2023 1205 "’

442 1261 572 1332 quia
622 1277 726 1314 non
760 1261 834 1315 sit
876 1278 895 1312 ο
929 1259 1161 1313 mundus
1186 1274 1213 1311 a
1247 1261 1442 1323 sorde,
1480 1262 1691 1316 etiamsi
1724 1265 1883 1318 unius
1916 1265 2021 1319 diei

444 1355 515 1406 sit
539 1353 644 1405 vita
673 1351 811 1421 ejus.
840 1369 858 1403 ι
891 1351 957 1406 Et
987 1360 1045 1405 ut
1071 1352 1214 1407 scias
1235 1366 1354 1406 esse
1390 1352 1442 1405 in
1476 1353 1577 1407 hoc
1610 1357 1817 1422 grande
1841 1358 2022 1411 nescio

443 1444 598 1513 quid,
640 1455 692 1497 et
725 1441 831 1498 tale
869 1443 1013 1512 quod
1046 1443 1177 1497 nulli
1235 1452 1549 1497 sanetormn
1614 1460 1681 1499 ex
1753 1448 2018 1501 sententia

442 1536 678 1600 venerit,
712 1549 873 1589 nemo
904 1549 970 1588 ex
1018 1534 1274 1589 omnibus
1309 1536 1519 1589 sanctis
1554 1537 1830 1590 invenitur
1879 1538 2017 1591 dicm

440 1624 664 1689 festum,
691 1625 770 1678 vel
799 1624 1107 1679 convivium
1132 1640 1386 1693 magnum
1415 1628 1595 1695 egisse
1620 1628 1673 1680 itt
1707 1629 1798 1682 die
1854 1640 2020 1683 nata-

439 1718 506 1771 lis
536 1717 641 1780 sui,
681 1731 841 1771 nemo
894 1716 1173 1770 invenitur
1218 1716 1477 1771 habuisse
1517 1716 1759 1773 lzetitiam
1826 1720 1879 1773 in
1931 1722 2018 1775 die

439 1805 636 1859 natalis
685 1805 799 1869 lilii,
832 1804 917 1858 vel
950 1803 1074 1859 filice
1133 1818 1266 1858 sum.
1320 1804 1434 1859 Soli
1484 1818 1801 1876 peccatores
1853 1826 2017 1880 super

2130 628 2337 696 Spiritu
2368 638 2558 682 sancto
2588 631 2839 698 praedixit
2867 634 2932 685 de
2989 647 3184 701 magno
3232 642 3352 686 ceto
3389 647 3550 702 quem
3621 631 3706 688 in-

2132 718 2457 772 terfecturus
2487 726 2630 772 esset
2659 718 2939 785 Dominus,
3004 721 3159 788 cujus
3194 730 3353 790 typus
3377 732 3500 776 erat
3549 734 3705 778 cetus

2130 808 2220 861 ille
2245 805 2396 862 Jouze
2432 824 2447 860 :
2480 808 2619 863 unde
2645 819 2700 864 et
2730 809 3014 873 Dominus,
3046 813 3137 881 qui
3174 812 3557 868 interfecturus
3587 825 3706 868 erat

2127 910 2306 955 cetum
2338 901 2500 956 istum
2531 901 2828 966 diabolum,
2856 902 3045 956 dicit”
3084 920 3099 959 τ
3148 924 3168 957 ι
3215 906 3369 961 Sicut
3402 907 3548 960 enim
3603 906 3702 962 Joo

2128 1007 2227 1046 nas
2257 1002 2368 1047 tres
2392 992 2510 1048 dies
2538 1002 2593 1048 et
2625 1001 2736 1047 tres
2769 1003 2955 1048 noctes
2981 994 3081 1049 fuit
3113 999 3167 1050 in
3199 1009 3395 1053 ventre
3421 1000 3528 1052 ceti
3556 1038 3572 1064 ,
3622 1001 3697 1053 ita

2124 1093 2338 1153 oportet
2366 1094 2421 1138 et
2464 1084 2656 1139 Filium
2712 1084 2948 1141 hominis
3002 1103 3126 1143 esse
3183 1088 3357 1144 tribus
3413 1091 3607 1145 diebus
3643 1102 3701 1145 et

2126 1176 2297 1230 tribus
2322 1178 2575 1233 noctibus
2619 1178 2671 1233 in
2724 1178 2888 1233 corde
2929 1188 3113 1233 terrre.
3157 1197 3176 1231 ι
3235 1179 3388 1246 Quod
3432 1182 3477 1234 si
3521 1181 3697 1250 placet

2123 1269 2314 1323 audire
2340 1270 2466 1337 quid
2488 1271 2654 1326 etiam
2685 1272 2776 1327 alii
2806 1274 2983 1328 sancti
3006 1273 3073 1327 de
3107 1273 3209 1327 ista
3253 1273 3539 1327 nativitate
3565 1288 3694 1327 sen-

2124 1360 2317 1426 serint,
2351 1362 2473 1414 audi
2508 1362 2673 1417 David
2709 1365 2976 1419 dicentem
3003 1365 3091 1418 ":
3130 1383 3149 1417 r
3182 1364 3239 1418 In
3292 1365 3695 1433 iniquitatibus,

2124 1452 2317 1519 inquit.
2342 1462 2638 1522 conceptus
2670 1470 2788 1509 sum
2813 1495 2828 1519 ,
2862 1465 2916 1510 et
2947 1456 2999 1510 in
3046 1457 3286 1525 peccatis
3344 1459 3551 1525 peperit
3611 1472 3700 1510 me

2122 1552 2298 1596 mater
2329 1557 2476 1609 mea;
2507 1561 2527 1594 ι
2556 1547 2850 1599 ostendens
2873 1548 3017 1615 quod
3059 1563 3397 1617 quaecunque
3430 1550 3608 1601 anima
3640 1550 3697 1601 'm

2120 1646 2287 1686 carne
2318 1633 2583 1693 nascitur.
2616 1635 2924 1703 iniquitatis
2977 1647 3028 1689 et
3066 1638 3271 1704 peccati
3307 1639 3467 1691 sorde
3499 1637 3694 1706 pollui-

2123 1730 2243 1786 tur;
2272 1730 2327 1775 et
2350 1731 2633 1790 propterea
2665 1724 2868 1777 dictum
2897 1739 3021 1779 esse
3064 1724 3220 1789 illud,
3242 1727 3381 1794 quod
3437 1725 3549 1793 jam
3602 1742 3697 1781 su-

2120 1813 2303 1878 perius
2329 1815 2755 1870 memoravimus
2787 1834 2801 1869 :
2830 1817 2954 1885 quia
2994 1835 3012 1867 ι
3050 1832 3209 1872 nemo
3232 1820 3459 1874 mundus
3492 1835 3521 1873 a
3571 1836 3692 1875 sor-

440 1895 743 1964 hnjusmodi
773 1894 1055 1948 nativitate
1105 1894 1377 1948 laetantur.
1422 1895 1733 1953 Invenimus
1794 1878 1996 1956 etenim
2050 1878 2091 1933 Β
2117 1902 2205 1965 de,
2234 1916 2336 1957 nec
2362 1901 2409 1955 si
2439 1903 2600 1957 unius
2622 1903 2728 1957 diei
2760 1878 2965 1958 sitvita
2995 1904 3135 1973 ejus.
3169 1924 3188 1957 ι
3219 1905 3357 1960 Addi
3411 1906 3496 1961 his
3526 1909 3695 1961 etiam

437 1990 489 2040 in
528 1985 702 2040 Veteri
733 1985 949 2055 quidem
972 1982 1325 2039 Testamento
1350 1985 1397 2017 ⁸⁸
1433 1986 1771 2044 Pharaonem
1829 2006 2008 2060 regem

434 2078 681 2151 Egypti,
710 2078 853 2134 diem
883 2076 1079 2132 natalis
1120 2075 1205 2130 sui
1244 2091 1364 2130 cum
1397 2079 1700 2137 festivitate
1730 2083 2011 2138 celebran-

437 2185 567 2237 tem,
607 2173 659 2226 in
692 2172 841 2228 Novo
889 2187 1018 2227 vero
1050 2172 1400 2229 Testamento
1441 2172 1707 2230 Herodem
1738 2175 1805 2229 ⁸³.
1852 2174 2009 2231 Uter-

435 2280 542 2334 que
578 2274 755 2318 tamen
809 2280 998 2319 eorum
1039 2266 1208 2334 ipsam
1266 2266 1616 2321 festivitatem
1677 2268 1876 2323 natalis
1925 2269 2004 2323 sui

436 2356 750 2425 profusione
802 2357 1020 2412 humani
1051 2358 1337 2429 sanguinis
1369 2359 1705 2414 cruentavit.
1736 2360 1827 2415 llle
1861 2362 2005 2414 enim

432 2448 784 2515 pt'mpositttm
843 2449 1151 2518 pistorum,
1213 2449 1300 2503 hic
1363 2461 1612 2505 sanctum
1686 2452 2004 2521 prophetam

430 2541 694 2595 Joannem
723 2543 1074 2597 obtruncavit
1110 2544 1163 2597 in
1190 2558 1437 2599 carcere.
1480 2545 1666 2599 Sancti
1719 2561 1848 2601 vero
1899 2564 2003 2602 non

430 2633 607 2686 solum
643 2649 750 2688 non
783 2642 948 2701 agunt
973 2633 1321 2691 festivitatem
1356 2638 1408 2691 in
1435 2637 1523 2691 die
1548 2637 1743 2691 natalis
1766 2640 1875 2705 sui,
1910 2642 2006 2695 sed

431 2732 486 2775 et
509 2720 714 2792 Spiritu
761 2732 948 2778 sancto
992 2724 1180 2793 repleti
1235 2734 1592 2780 exsecrantur
1648 2727 1791 2781 hunc
1837 2728 2002 2783 diem.

428 2815 610 2885 Neque
638 2816 783 2871 enim
826 2824 1010 2872 tantus
1066 2832 1130 2871 ac
1194 2817 1325 2871 talis
1376 2819 1637 2888 propheta
1692 2818 2002 2888 (Jeremiatn

426 2908 571 2973 dico,
602 2908 694 2977 qui
728 2910 780 2963 in
821 2918 977 2965 utero
1021 2910 1216 2965 matris
1250 2909 1627 2965 sanctillcatus
1644 2921 1746 2977 est,
1775 2921 1828 2965 et
1875 2927 2001 2981 pro-

430 3000 591 3072 pheta
627 3001 679 3054 in
716 3001 967 3069 gentibus
993 3001 1370 3072 consecratus)
1422 3002 1578 3057 libris
1635 3002 1687 3056 in
1734 3014 1999 3057 amentum

427 3092 701 3146 mansuris
724 3092 924 3162 aliquid
950 3092 1184 3147 inaniter
1209 3094 1562 3159 condidisset,
1598 3094 1699 3149 nisi
1730 3105 2001 3149 secretum

2114 1992 2243 2046 illud
2280 2003 2480 2062 potest.
2527 2002 2585 2049 ut
2640 1996 2957 2066 requiratur
3004 1997 3133 2067 quid
3195 2013 3373 2052 causa:
3424 2000 3517 2063 sit,
3566 2015 3692 2053 cum

2110 2084 2379 2154 baptisma
2412 2086 2670 2143 Ecclesia:
2700 2104 2798 2154 pro
2832 2089 3149 2145 remissione
3178 2090 3294 2161 (2i)
3340 2101 3689 2160 peccatorum

2113 2176 2317 2243 detur,
2381 2180 2682 2234 secundum
2735 2178 2989 2235 Ecclesiae
3053 2183 3457 2237 observantiam
3522 2185 3691 2238 etiam

2112 2269 2351 2337 parvulis
2382 2270 2703 2339 baptismum
2729 2271 2882 2339 dari;
2912 2288 3034 2327 eum
3075 2277 3263 2345 utique
3300 2276 3344 2331 si
3381 2276 3516 2331 nihil
3544 2286 3691 2331 esset

2111 2357 2164 2412 in
2199 2360 2437 2428 parvulis
2465 2362 2607 2430 quod
2642 2360 2708 2415 ad
2740 2361 3114 2418 remissionem
3143 2365 3364 2420 deberet
3419 2375 3472 2419 et
3506 2366 3688 2420 indul-

2105 2451 2345 2520 gentiam
2377 2452 2671 2517 pertiuere,
2713 2450 2888 2519 gratia
2914 2451 3172 2522 baptismi
3199 2454 3472 2524 superflua
3535 2456 3687 2510 video

2109 2551 2281 2595 retur.
2307 2540 2498 2596 Mulier
2526 2558 2657 2613 ergo
2683 2559 3020 2614 quaecunque
3048 2547 3362 2614 conceperit
3384 2562 3598 2610 semen,
3626 2557 3685 2601 et

2107 2635 2380 2703 pepererit
2408 2636 2731 2701 masculum,
2770 2638 3053 2692 immunda
3075 2639 3181 2692 erit
3215 2649 3424 2706 septem
3448 2640 3641 2693 diebus
3666 2656 3685 2704 °,

2106 2726 2246 2779 sicut
2285 2736 2341 2779 et
2376 2726 2487 2791 illa,
2522 2742 2643 2796 quae
2689 2728 2988 2783 secundum
3023 2728 3141 2783 dies
3189 2729 3525 2800 purgationis
3572 2744 3688 2783 sum

2106 2828 2311 2887 septem
2342 2819 2533 2876 diebus
2560 2832 2877 2891 segregatur
2905 2823 2971 2876 ab
3004 2823 3151 2877 omni
3189 2824 3411 2878 mundo.
3462 2823 3597 2890 Quia
3630 2825 3683 2878 in

2106 2913 2370 2983 sanguine
2396 2914 2679 2969 immundo
2704 2914 2833 2970 facit
2867 2927 3072 2987 septem
3109 2917 3249 2982 dies,
3298 2916 3353 2970 in
3415 2917 3686 2987 sanguine

2108 3016 2287 3059 autem
2347 3007 2548 3061 mundo
2601 3007 2819 3079 triginta
2860 3018 2915 3063 et
2957 3017 3069 3063 tres
3099 3009 3251 3077 dies;
3302 3011 3397 3064 sed
3466 3011 3567 3064 hoc
3630 3010 3685 3063 in

2109 3096 2333 3151 masculi
2373 3099 2678 3166 nativitate,
2707 3098 2901 3168 duplos
2933 3109 3113 3154 autem
3146 3100 3262 3154 dies
3306 3099 3434 3154 facit
3477 3100 3532 3155 in
3587 3116 3683 3153 na-

421 3187 550 3256 quid
597 3186 922 3250 contineret,
966 3193 1022 3239 et
1070 3185 1382 3255 ingentibus
1429 3187 1708 3258 mysteriis
1758 3186 1996 3257 plenum,
2029 3216 2071 3270 ο
2109 3187 2317 3242 tivitate
2347 3187 2580 3244 feminae.
2617 3190 2809 3259 Incipit
2828 3205 2956 3261 ergo
2981 3205 3100 3246 esse
3132 3191 3185 3244 in
3215 3191 3481 3260 sanguine
3516 3207 3679 3244 mun-

424 3280 512 3334 ubi
549 3277 753 3333 dicit"
790 3296 802 3332 :
866 3296 885 3329 ι
920 3277 1236 3331 Maledictus
1265 3278 1381 3332 dies
1415 3278 1468 3332 in
1508 3293 1616 3348 quo
1644 3289 1805 3333 natus
1854 3295 2000 3345 sum,

421 3381 476 3423 et
501 3386 605 3423 nox
637 3371 687 3422 in
724 3384 827 3437 qua
845 3369 1106 3422 dixerunt
1132 3384 1147 3422 :
1176 3368 1312 3424 Ecce
1336 3374 1634 3435 masculus,
1672 3369 2001 3428 Maledictns

422 3464 512 3531 qui
553 3462 905 3515 annuntiavit
935 3460 1081 3531 patri
1112 3475 1255 3524 meo,
1289 3460 1479 3515 dicens
1507 3476 1522 3512 :
1554 3459 1723 3515 Natus
1771 3472 1855 3517 est
1906 3464 2000 3518 tibi

423 3554 721 3608 masculus.
756 3552 996 3607 Laetetur
1043 3554 1204 3608 homo
1256 3552 1344 3621 ille
1396 3553 1537 3606 sicut
1573 3553 1826 3607 civitates
1866 3569 2002 3623 quas

422 3646 685 3699 Dominus
715 3644 984 3698 destruxit
1033 3643 1085 3696 in
1141 3642 1349 3707 furore,
1385 3653 1439 3697 et
1483 3659 1590 3698 non
1655 3646 1934 3712 putuituit.
1976 3664 1998 3698 ι

424 3738 719 3793 Videturne
750 3735 844 3790 tibi
872 3735 1115 3790 haectam
1141 3733 1328 3801 gravia
1371 3744 1427 3789 et
1460 3742 1568 3788 tam
1614 3749 1844 3789 onerosa
1902 3737 2003 3789 im-

418 3829 634 3898 precari
664 3831 928 3899 prepheta
964 3831 1229 3901 potuisse,
1260 3829 1364 3884 nisi
1410 3829 1581 3883 sciret
1623 3841 1745 3883 esse
1793 3828 1999 3897 aliquid

423 3924 478 3977 in
539 3923 638 3976 ista
696 3922 983 3977 nativitale
1031 3937 1333 3994 corporea,
1394 3920 1537 3991 quod
1586 3930 1640 3975 et
1692 3919 1999 3986 hujusmodi

421 4017 642 4085 dignum
676 4015 1151 4072 maledictiouibus
1174 4015 1287 4085 (20)
1324 4015 1602 4070 videretur
1624 4053 1639 4079 ,
1667 4024 1721 4069 et
1764 4030 1860 4083 pro
1891 4029 1998 4081 quo

424 4107 703 4176 legislator
737 4114 814 4160 tot
852 4106 1222 4161 immunditias
1248 4113 1572 4169 accusaret,
1611 4105 1810 4173 quibus
1867 4119 2001 4155 con-

422 4226 588 4280 gruas
618 4208 1024 4280 purificationes
1050 4216 1450 4274 consequenter
1471 4204 1811 4274 imponeret?
1851 4202 1998 4257 Lou-

420 4318 545 4371 gum
574 4312 658 4356 est
683 4311 890 4364 autem,
918 4308 973 4355 et
999 4297 1223 4353 alterius
1252 4297 1532 4367 temporis,
1578 4305 1637 4349 ut
1692 4296 1997 4351 testimonia

418 4409 540 4463 qum
573 4393 641 4447 de
684 4392 949 4462 propheta
993 4389 1323 4458 sumpsimus
1355 4426 1371 4453 ,
1432 4386 1825 4455 explanetntts;
1869 4388 1996 4456 quia

418 4500 561 4536 nunc
590 4498 695 4535 non
736 4478 1009 4539 Jeremim,
1036 4479 1127 4531 sed
1172 4476 1399 4531 Levitici
1459 4477 1618 4531 nobis
1654 4477 1993 4546 propositum

2108 3281 2179 3333 do
2208 3281 2273 3333 ab
2300 3289 2489 3334 octava
2516 3281 2603 3335 die
2637 3291 2693 3335 et
2720 3291 2808 3337 est
2848 3284 2900 3336 in
2925 3282 3191 3351 sanguine
3244 3282 3445 3337 mundo
3490 3282 3683 3336 diebus

2108 3369 2329 3438 triginta
2359 3371 2558 3435 tribus,
2595 3372 2699 3426 hoc
2728 3381 2813 3426 est
2867 3371 3039 3425 tribus
3093 3371 3331 3430 decadis,
3394 3380 3450 3425 et
3504 3372 3682 3425 tribus

2108 3461 2384 3513 mouadis.
2420 3459 2483 3512 Et
2505 3475 2628 3513 cum
2660 3459 2890 3527 coeperit
2915 3472 3035 3514 esse
3066 3459 3119 3512 itt
3154 3458 3424 3528 sanguine
3471 3460 3678 3512 mundo

2104 3552 2194 3607 illa
2226 3567 2343 3619 quae
2377 3552 2608 3620 peperit,
2638 3561 2765 3604 tunc
2805 3549 3148 3604 circumcidit
3185 3548 3441 3603 infantem
3484 3564 3497 3599 :
3530 3566 3548 3599 ι
3578 3548 3682 3602 0c-

2108 3650 2227 3693 tava
2257 3640 2398 3693 enim
2427 3640 2513 3693 die
2552 3638 2929 3702 circumcides,
2968 3636 3224 3704 inquit",
3256 3652 3478 3692 carnem
3540 3653 3681 3707 prae-

2107 3731 2242 3800 putii
2276 3731 2411 3800 ejus.
2447 3749 2465 3781 ι
2503 3729 2626 3784 [hec
2674 3740 2756 3785 cst
2809 3730 2893 3783 lex
2932 3729 3146 3794 litterae,
3208 3730 3303 3783 sed
3346 3729 3562 3798 require
3623 3738 3678 3781 tu

2105 3838 2267 3892 quam
2326 3823 2800 3878 circtnncisionem
2863 3822 3156 3893 Apostolus
3208 3823 3480 3892 praedicet,
3517 3836 3679 3891 quant

2106 3927 2203 3965 nos
2237 3921 2290 3964 et
2314 3899 2595 3979 suscipere
2624 3920 2679 3966 et
2728 3912 2927 3967 habere
2972 3910 3149 3980 jubet.
3207 3930 3226 3963 ι
3263 3910 3372 3965 Nos
3401 3911 3564 3974 enim,
3597 3913 3682 3964 in-

2102 4003 2312 4071 quit”,
2345 4018 2532 4057 sumus
2557 4003 2926 4070 circumcisio,
2972 4003 3064 4074 qui
3114 4003 3314 4073 spiritu
3362 4002 3471 4057 Deo
3511 4004 3683 4057 servi-

2104 4110 2246 4151 mus.
2289 4112 2308 4146 ›
2344 4094 2409 4149 Ει
2441 4094 2586 4163 quod
2628 4097 2680 4149 in
2715 4094 2932 4150 Psalmo
2981 4095 3164 4149 ait":
3206 4113 3224 4145 ι
3261 4094 3495 4149 Alienati
3553 4104 3681 4148 sunt

2105 4200 2426 4260 peccatores
2462 4204 2490 4243 a
2524 4190 2734 4255 vulva,»
2762 4191 3045 4246 considera
3093 4189 3137 4245 si
3180 4206 3286 4243 non
3334 4190 3399 4242 de
3426 4187 3529 4242 illis
3574 4186 3681 4239 hoc

2101 4282 2253 4349 dicit,
2312 4280 2403 4350 qui
2458 4281 2606 4335 illam
2670 4282 3139 4337 circumcisionem
3199 4279 3525 4346 suscipiunt,
3569 4291 3677 4344 qua

2102 4388 2199 4433 nos
2225 4373 2541 4429 circumcidi
2580 4372 2872 4442 Apostolus
2895 4381 3077 4433 vetat;
3109 4380 3163 4424 et
3194 4378 3321 4422 tunc
3346 4378 3429 4421 est
3461 4366 3678 4434 quando

2103 4465 2410 4519 alienantur
2432 4475 2744 4533 peccatores
2771 4482 2800 4519 a
2833 4464 3012 4525 vulva,
3045 4474 3166 4512 cum
3194 4474 3298 4511 non
3327 4458 3543 4526 Spiritu,
3578 4455 3678 4508 sed

422 4583 504 4626 est
527 4574 792 4626 disserere
824 4571 1135 4624 lectionem.
1168 4568 1274 4622 Sed
1308 4577 1361 4620 et
1409 4566 1511 4621 Job
1550 4583 1655 4620 non
1705 4569 1823 4621 sine
1876 4567 1999 4636 Spi-

2111 4569 2267 4609 carne
2294 4555 2783 4609 circumciduntur.
2821 4552 2957 4619 Quia
3001 4549 3092 4619 qui
3143 4550 3195 4602 in
3241 4548 3358 4617 lege
3384 4546 3679 4601 circumci-

422 4663 528 4717 ritu
556 4676 745 4715 sancto
774 4662 1020 4729 loquens,
1063 4658 1427 4733 maledicebat
1486 4658 1627 4711 diem
1695 4659 1995 4714 nativitatis

422 4771 557 4820 sum,
596 4754 781 4808 dicens
796 4752 841 4783 ⁸³
876 4769 889 4805 :
928 4770 947 4802 ι
983 4749 1267 4804 Maledicta
1296 4748 1409 4801 dies
1436 4748 1488 4800 in
1529 4763 1635 4815 qua
1669 4760 1827 4803 natus
1849 4764 1991 4814 sum,

422 4858 477 4900 et
512 4860 615 4899 nox
648 4845 830 4912 inqua
853 4842 1106 4899 dixerunt
1134 4856 1146 4892 :
1177 4838 1313 4893 Ecce
1339 4836 1643 4904 masculus;
1670 4853 1775 4893 nox
1809 4838 1893 4894 illa
1925 4840 1996 4893 sit

424 4938 733 5005 tenebrat-,et
763 4950 869 4989 non
905 4933 1145 5003 requirat
1168 4930 1330 5001 230
1356 4946 1476 4985 eam
1505 4931 1766 4987 Dominus
1795 4933 1991 4999 denuo,

422 5044 596 5099 neque
638 5028 817 5081 veniat
851 5028 904 5081 in
951 5026 1066 5080 dies
1103 5026 1257 5090 anni,
1315 5038 1418 5078 nec
1480 5032 1798 5077 numeretur
1853 5024 1996 5078 inter

418 5120 541 5173 dies
570 5118 857 5173 mensium.
891 5137 910 5170 ι
944 5116 1099 5183 Quod
1137 5115 1180 5169 si
1219 5116 1313 5171 tibi
1346 5129 1455 5169 non
1489 5116 1701 5170 videtur
1735 5116 1850 5171 haec
1893 5115 1996 5172 Job

418 5211 734 5282 prophetico
762 5220 815 5264 et
847 5210 1033 5264 divino
1060 5207 1267 5276 Spiritu
1296 5207 1464 5276 loqui,
1490 5222 1556 5261 ex
1596 5207 1678 5262 his
1706 5209 1991 5265 considera

422 5322 537 5374 quae
564 5311 865 5374 sequuntur
896 5321 909 5357 :
945 5303 1149 5357 addidit
1173 5303 1317 5358 enim
1351 5302 1396 5332 ⁸³
1429 5319 1441 5354 :
1480 5319 1498 5351 ε
1541 5300 1647 5356 Sed
1703 5301 1994 5355 maledicat

422 5416 561 5465 ram,
593 5399 682 5467 qui
719 5396 997 5452 maledixit
1038 5394 1186 5449 illum
1250 5394 1411 5459 diem,
1471 5394 1524 5447 in
1578 5408 1685 5462 quo
1734 5408 1991 5464 magnum

486 5560 533 5591 ⁷⁸
571 5558 689 5612 Job.
719 5573 829 5621 XIV,
855 5556 912 5610 4.

405 5632 451 5665 ⁸⁵
493 5629 679 5683 Matth.
709 5644 807 5692 ιιι,
832 5628 920 5681 40.
1002 5626 1050 5658 ⁸⁸
1079 5625 1223 5681 Psal.
1257 5643 1310 5687 ι..
1338 5623 1388 5678 7.
1453 5623 1498 5655 ⁸⁷
1523 5624 1697 5678 Levit.
1728 5640 1813 5690 ιιι,
1849 5626 1939 5679 12.

488 5721 601 5789 (20)
635 5719 789 5777 Lihb.
815 5720 969 5785 editi,
1001 5736 1019 5770 ι
1060 5717 1483 5774 maledictionis.
1512 5736 1531 5769 ι
1583 5717 1737 5785 Mss.,
1772 5736 1790 5768 ι
1825 5719 1995 5775 ntale-

419 5790 769 5845 tliCtiOuibus.
814 5809 832 5840 ›

491 5862 603 5932 (at;
630 5861 809 5915 Codex
838 5857 1121 5930 Sangertn.
1152 5866 1206 5914 et
1241 5856 1359 5926 alii,
1396 5875 1415 5910 ι
1454 5872 1552 5928 pro
1590 5857 1929 5915 remissione.
1969 5878 1988 5910 ι

988 5555 1034 5587 ⁸⁸
1055 5553 1248 5609 Genes.
1281 5554 1474 5615 “.20.
1550 5554 1593 5583 ‘”
1620 5552 1786 5608 Marc.
1818 5570 1892 5617 vt.
1927 5557 2018 5613 2|.
2115 5557 2159 5589 θ’
2185 5555 2388 5611 Jerem.
2424 5570 2455 5609 x

1002 5626 1050 5658 ⁸⁸
1079 5625 1223 5681 Psal.
1257 5643 1310 5687 ι..
1338 5623 1388 5678 7.
1453 5623 1498 5655 ⁸⁷
1523 5624 1697 5678 Levit.
1728 5640 1813 5690 ιιι,
1849 5626 1939 5679 12.
2017 5627 2060 5659 ⁸⁸
2083 5627 2283 5695 Philip.
2316 5642 2398 5692 III,
2424 5626 2459 5680 5

2103 4647 2325 4709 duntur,
2353 4659 2383 4698 a
2419 4646 2597 4714 gratia
2626 4643 2965 4699 exciderunt.
3024 4642 3196 4710 Igitur
3250 4638 3524 4693 immunda
3560 4636 3675 4690 fieri

2103 4733 2297 4787 mulier
2336 4733 2553 4796 dicitur,
2587 4748 2706 4802 quae
2739 4741 3002 4801 concepto
3032 4731 3239 4786 semine
3280 4727 3491 4809 peperit
3557 4742 3676 4781 tua-

2103 4826 2315 4882 sculum
2337 4843 2353 4892 ;
2379 4841 2504 4895 quae
2534 4836 2714 4879 autem
2746 4824 3001 4877 feminam
3032 4822 3328 4891 pepererit,
3359 4834 3467 4872 non
3500 4817 3676 4871 solum

2104 4919 2380 4971 immunda
2407 4918 2544 4981 erit,
2575 4916 2669 4972 sed
2701 4914 2989 4982 dupliciter
3034 4912 3336 4968 immunda.
3378 4909 3470 4964 Bis
3530 4910 3676 4963 enitu

2102 5009 2343 5077 septenis
2396 5008 2697 5065 diebusin
2747 5006 3090 5062 immunditia
3147 5005 3413 5061 scribitur
3460 5016 3676 5071 perma-

2104 5121 2256 5163 nere.

2173 5220 2228 5273 4.
2258 5220 2363 5276 Sed
2389 5222 2604 5277 interim
2644 5237 2763 5289 quae
2792 5220 3000 5292 peperit
3022 5218 3345 5281 masculum,
3368 5224 3559 5271 octava
3591 5213 3679 5265 die

2102 5314 2156 5359 et
2193 5308 2287 5376 qui
2318 5316 2479 5363 natus
2506 5320 2589 5364 est
2612 5308 3050 5373 circumciditur,
3089 5317 3147 5361 et
3201 5306 3291 5360 illa
3340 5306 3399 5358 fit
3455 5301 3675 5357 munda.

2103 5399 2249 5455 Satis
2276 5417 2507 5471 operosa
2535 5417 2621 5459 res
2647 5412 2730 5458 est
2768 5402 2907 5471 (22),
2943 5401 2997 5454 in
3050 5401 3153 5455 hac
3184 5399 3450 5455 brevitate
3475 5405 3679 5464 tempo-

2115 5557 2159 5589 θ’
2185 5555 2388 5611 Jerem.
2424 5570 2516 5610 xx.
2572 5556 2783 5622 14,15.
2889 5556 2935 5588 ⁸³
2968 5555 3088 5611 Job.
3146 5572 3225 5620 nt,
3272 5553 3359 5609 16.
3470 5550 3673 5608 “ibid.

2574 5627 2618 5659 ⁸⁸
2652 5627 2794 5683 Psal.
2814 5643 2967 5693 Lvttt,
2993 5628 3049 5681 4.

2105 5708 2259 5775 Libb.
2284 5718 2439 5782 editi,
2476 5737 2494 5769 ι
2527 5718 2578 5772 in
2607 5720 3005 5774 remissionem.
3042 5735 3061 5768 ι

2178 5788 2292 5858 (22)
2321 5781 2476 5843 Libb.
2506 5789 2661 5851 editi,
2696 5808 2713 5840 ι
2748 5789 2885 5845 satis
2914 5788 3001 5844 illa
3030 5802 3257 5858 operosa
3290 5799 3373 5843 res
3415 5794 3519 5845 est.
3559 5801 3579 5838 ι
3616 5781 3676 5838 in

2105 5876 2237 5917 mss.
2260 5859 2554 5925 omittitur,
2587 5877 2605 5910 ι
2635 5859 2743 5913 illa.
2776 5877 2795 5911 ›
