4124 6444
446 418 545 473 897

1616 413 1683 469 ΙΝ
1719 408 2093 468 LEVITICUM
2130 407 2413 465 IIOMILIA
2455 406 2588 461 VIII.

3612 408 3718 464 ωε

434 536 522 589 ris
549 533 653 587 ista
690 531 1029 600 contingere,
1068 540 1249 586 tamen
1283 538 1342 586 ut
1387 530 1439 585 in
1480 539 1799 586 transcursu
1848 531 2028 599 aliqua
2064 531 2102 587 Α
2136 541 2305 596 usque
2329 527 2395 579 ad
2434 524 2598 593 pedes
2644 521 2781 592 ejus.
2816 518 2909 574 Vel
2960 520 3117 574 tertia
3166 520 3399 588 species,
3439 521 3491 576 in
3528 525 3719 579 carnis

442 627 715 687 dicamus,
743 624 1040 691 septimana
1070 622 1189 679 lucc
1218 623 1506 693 praesentis
1538 624 1663 677 vitae
1690 633 1901 693 tempus
1950 624 2031 674 vi-

445 716 561 769 deri
593 722 789 777 potest.
834 711 888 765 In
932 712 1234 780 septimana
1273 726 1505 779 namque
1531 712 1742 767 dierum
1775 726 2029 767 consum-

445 795 727 862 matusest
758 803 1010 858 mundus.
1060 804 1118 857 In
1180 819 1288 874 quo
1318 805 1489 861 donec
1532 819 1721 859 sumus
1755 805 1808 859 in
1862 818 2029 856 carne

444 897 630 967 positi,
670 898 737 949 ad
768 894 1032 964 liquidum
1068 897 1187 965 puri
1231 912 1357 953 esse
1387 912 1491 951 non
1548 911 1861 966 possumus,
1924 895 2027 949 nisi

441 999 636 1043 octava
680 990 888 1043 venerit
917 991 1055 1053 dies,
1088 989 1139 1043 id
1167 998 1252 1044 est
1307 989 1413 1044 nisi
1455 988 1624 1042 futuri
1662 988 1843 1043 saeculi
1895 998 2030 1042 lem-

446 1096 549 1150 pus
584 1079 850 1134 adfuerit.
897 1080 952 1134 In
976 1096 1082 1149 quo
1117 1088 1295 1134 tamen
1350 1080 1438 1135 die
1477 1081 1567 1149 qui
1623 1079 1897 1133 masculus
1946 1086 2031 1133 est

445 1173 586 1239 (23),
620 1182 678 1226 et
709 1172 942 1227 viriliter
976 1174 1170 1243 egerit,
1207 1173 1390 1227 statim
1417 1174 1471 1226 itt
1525 1173 1642 1241 ipso
1675 1172 1907 1226 adventu
1945 1170 2029 1225 [ιι-

446 1268 552 1319 turi
581 1265 763 1320 sa‘culi
793 1275 1077 1335 purgatur,
1104 1274 1158 1321 et
1199 1266 1382 1320 statim
1430 1269 1626 1317 munda
1655 1262 1887 1317 edicitur
1922 1277 2028 1316 ma-

447 1367 550 1422 ter,
581 1373 701 1425 quae
733 1356 914 1426 genuit
944 1371 1090 1410 eum.
1117 1355 1412 1426 Purgatam
1445 1370 1678 1425 namque
1710 1354 1855 1408 vitiis
1905 1368 2029 1409 car-

445 1464 568 1504 nem
597 1465 664 1504 ex
701 1448 1105 1504 resurrectione
1150 1450 1398 1516 recipiet.
1443 1447 1500 1502 Si
1533 1462 1660 1501 vero
1697 1446 1832 1500 nih'l
1865 1446 1918 1499 in
1970 1459 2029 1498 se

443 1538 632 1594 habuit
662 1539 820 1595 virile
864 1540 1154 1595 adversum
1200 1548 1503 1608 peccatum,
1562 1540 1654 1594 sed
1684 1539 1945 1593 remissus
1976 1546 2029 1592 et

440 1630 789 1687 elI'eminatus
819 1633 920 1687 l‘uit
952 1635 1003 1687 in
1027 1634 1240 1687 actibus
1270 1635 1406 1697 suis,
1431 1633 1590 1701 cujus
1616 1642 1895 1702 peccatum
1921 1633 2029 1686 tale

438 1733 545 1786 est,
578 1726 717 1793 quod
759 1741 862 1779 non
896 1726 1205 1781 remittatur
1229 1739 1402 1794 neque
1439 1726 1490 1779 iu
1516 1727 1772 1794 prmsenti
1802 1727 2027 1790 saeculo,

441 1831 622 1884 neque
652 1817 703 1870 in
747 1816 931 1873 futuro
977 1834 992 1871 :
1041 1819 1145 1873 iste
1199 1819 1394 1871 transit
1444 1828 1499 1872 et
1543 1834 1703 1872 unatn
1764 1828 1818 1873 et
1864 1817 2024 1871 aliam

439 1906 808 1976 septimanam
838 1907 892 1962 in
940 1908 1284 1962 immunditia
1320 1923 1418 1962 sua
1446 1948 1460 1973 ,
1497 1917 1551 1963 et
1594 1909 1751 1962 tertia
1805 1907 2021 1962 detuum

434 2000 737 2069 iui-ipienle
758 2000 964 2056 oboriri
1001 2002 1329 2073 septimana,
1355 2010 1619 2070 purgatur
1662 2002 1730 2055 ab
1787 2000 2022 2055 immun-

434 2093 596 2159 ditia,
655 2107 816 2162 quam
870 2091 1128 2148 lcminam
1179 2093 1439 2162 pariendo
1468 2095 1766 2149 contraxit.
1826 2094 2026 2149 llostiae

438 2198 594 2248 vero,
625 2200 746 2254 qum
775 2199 872 2253 pro
897 2183 1205 2252 hujusmodi
1231 2185 1568 2239 imnnmditia
1586 2184 1849 2252 jubentur
1872 2187 2021 2241 adhi-

435 2280 577 2341 heri,
615 2278 903 2348 dupliciter
937 2279 1366 2348 distinguuntur.
1396 2277 1582 2334 Primo
1609 2277 1829 2345 iubetur
1854 2294 2024 2350 agnus

435 2371 624 2427 θῦνε-τί
685 2372 973 2427 anniculus
1016 2372 1135 2427 sine
1164 2372 1373 2426 macula
1421 2372 1473 2426 in
1508 2371 1923 2440 holocaustum,
1969 2381 2025 2428 et

434 2465 616 2534 pullus
651 2463 1028 2528 columbinus,
1057 2473 1148 2520 aut
1180 2471 1359 2519 turtur
1395 2479 1492 2533 pro
1520 2474 1770 2533 peccato.
1812 2463 2023 2520 Secun~

436 2556 505 2608 da
542 2570 670 2609 vero
707 2556 1000 2611 mandatur
1024 2556 1220 2623 hostia,
1261 2558 1329 2622 si,
1357 2557 1533 2628 inquit
1562 2556 1701 2627 (‘24),
1736 2573 1841 2612 non
1873 2558 2023 2612 inve-

436 2647 585 2701 nerit
608 2664 800 2703 manus
832 2648 951 2717 ejus
974 2650 1113 2718 qttod
1142 2650 1372 2704 sulliciat
1420 2649 1487 2704 ad
1534 2665 1756 2719 agnum,
1789 2651 2023 2721 accipiat

438 2738 576 2791 duos
609 2748 876 2804 turtures,
917 2750 1011 2795 aut
1032 2740 1173 2797 duos
1203 2741 1378 2812 pullos
1404 2741 1807 2806 columbarum,
1852 2756 2018 2797 unum

434 2830 507 2884 ad
534 2831 933 2899 holocaustum,
962 2842 1017 2888 et
1045 2833 1213 2887 alium
1241 2848 1337 2903 pro
1368 2844 1612 2901 peccato.
1649 2834 1801 2889 Unde
1821 2843 1877 2890 et
1918 2835 2019 2889 mi-

438 2936 562 2975 rum
599 2923 817 2977 videtur
839 2925 988 2992 quod
1014 2922 1221 2978 oblatio
1250 2923 1435 2978 Maria:
1470 2939 1575 2978 non
1626 2922 1876 2979 habuerit
1923 2924 2020 2979 ho-

438 3013 601 3066 stiam
628 3014 881 3083 primam,
912 3013 965 3068 id
987 3022 1071 3068 est
1097 3027 1296 3082 agnum
1323 3014 1665 3081 anniculum,
1702 3016 1794 3069 sed
1829 3010 2024 3070 secun-

439 3104 601 3167 dam;
633 3111 891 3170 tanquam
924 3101 1088 3169 cujus
1132 3117 1324 3158 manus
1354 3119 1459 3157 non
1500 3103 1779 3160 suﬂecerit
1801 3106 1867 3160 ad
1911 3106 2024 3175 pri-

2133 630 2256 675 cule
2310 620 2367 673 lit
2409 618 2582 679 ulcus,
2625 627 2681 670 et
2720 623 2975 679 sanatur;
3027 624 3081 668 et
3118 613 3177 668 lit
3221 614 3272 668 in
3312 614 3429 671 loco
3478 617 3594 685 ipso
3638 618 3719 670 ul-

2133 713 2273 765 ceris
2316 709 2543 764 cicatrix
2584 707 2726 762 alba.
2760 706 2865 760 Aut
2901 708 2953 760 in
2995 707 3180 761 carnis
3216 718 3342 761 cute
3403 707 3460 761 tit
3506 713 3719 764 adustio

2135 804 2294 872 ignis,
2324 814 2377 857 et
2413 811 2539 871 post
2573 801 2687 855 haec
2733 810 2922 854 sanata
2961 800 3178 854 adustio
3209 800 3315 854 erit
3360 801 3533 855 lucida
3571 803 3717 870 alba,

2134 905 2229 950 aut
2261 911 2384 949 cum
2423 896 2621 947 rubore
2661 893 2914 946 candida.
2945 893 3143 959 Quinta
3177 894 3411 960 species,
3442 910 3564 948 cum
3602 897 3720 948 viro

2132 998 2227 1041 aut
2278 987 2491 1041 mulieri
2542 984 2599 1039 lit
2648 985 2702 1039 in
2743 986 2941 1053 capite,
3003 995 3099 1038 aut
3140 986 3193 1038 in
3252 986 3418 1039 barba
3464 988 3720 1056 contagio

2134 1081 2319 1151 leprze.
2368 1080 2565 1137 Ultima
2614 1093 2745 1132 vero
2796 1079 3054 1133 scribitur
3102 1077 3340 1146 species,
3380 1094 3508 1133 cum
3554 1082 3614 1133 iit
3665 1083 3717 1133 iu

2131 1173 2381 1239 calvitie,
2423 1172 2503 1225 vel
2572 1171 2625 1225 in
2688 1170 3053 1225 recalvatione
3100 1171 3353 1239 contagio
3400 1170 3563 1239 lepraa
3620 1187 3716 1225 ru-

2135 1264 2410 1328 bicunda»,
2452 1281 2574 1335 quae
2617 1274 2700 1320 est
2742 1264 2890 1334 lepra
2941 1261 3193 1317 emorcns
3240 1263 3292 1316 in
3332 1262 3581 1326 calvitio,
3637 1263 3717 1318 vel

2134 1357 2187 1410 in
2240 1357 2631 1412 recalvatione.
2685 1355 2813 1411 Hmc
2877 1366 2936 1411 ut
2985 1356 3314 1425 compendio
3361 1355 3718 1425 expositionis

2135 1459 2374 1514 utamur,
2416 1448 2677 1519 quoniam
2724 1447 2945 1517 quidem
2987 1462 3130 1502 nunc
3174 1448 3512 1518 propositum
3561 1447 3720 1501 nobis

2133 1552 2216 1596 est
2266 1543 2504 1596 breviter
2552 1542 2831 1595 auditores
2877 1554 2944 1593 ex
2996 1540 3078 1594 his
3134 1554 3258 1608 quae
3313 1540 3543 1594 recitata
3592 1548 3720 1593 sunt

2134 1632 2445 1695 admonere,
2490 1647 2589 1686 nec
2629 1642 2715 1686 est
2767 1641 2981 1700 tempus
3038 1630 3151 1703 (‘27)
3194 1632 3263 1685 ad
3298 1631 3559 1701 liquidum
3601 1632 3718 1686 siu-

2132 1723 2254 1792 gula
2281 1738 2510 1792 quicque
2544 1724 2835 1789 discutere,
2868 1723 3152 1777 referenda
3198 1724 3327 1777 mihi
3366 1724 3623 1778 videntur
3653 1725 3716 1777 ad

2134 1829 2575 1882 unamquamque
2597 1815 2834 1881 speciem
2864 1823 3230 1883 peccatormn,
3251 1823 3306 1868 et
3334 1815 3386 1868 in
3420 1816 3504 1870 his
3525 1816 3721 1867 aniqu

2136 1907 2383 1973 maculae,
2426 1923 2546 1977 qua:
2587 1924 2651 1962 ex
2705 1908 2941 1977 peccatis
2981 1908 3030 1962 ei
3076 1908 3367 1972 accidunt,
3419 1907 3713 1961 intuendae.

2135 1997 2430 2053 Dicendum
2477 1999 2641 2069 igitur
2671 2000 2854 2069 primo
2888 2008 2975 2055 est
3004 1999 3277 2069 designari
3311 2014 3406 2067 per
3445 1999 3561 2053 lure
3594 2013 3717 2067 pec-

2133 2100 2289 2158 cata,
2337 2107 2462 2161 quae
2525 2091 2576 2146 iu
2633 2092 2735 2146 hac
2789 2092 2898 2145 vita
2953 2091 3113 2162 positi
3163 2090 3593 2156 committimus;
3649 2106 3715 2143 ex

2130 2183 2329 2252 quibus
2353 2184 2534 2254 aliqua
2566 2184 2751 2239 curari
2787 2199 2933 2239 nunc
2964 2194 3212 2254 possunt,
3239 2182 3418 2252 aliqua
3454 2197 3582 2237 vero
3610 2198 3714 2236 non

2133 2282 2378 2342 possunt.
2413 2272 2666 2328 Secundo
2710 2289 2839 2328 vero
2876 2287 2933 2327 et
2963 2275 3031 2329 de
3080 2273 3186 2328 illis
3233 2274 3388 2344 ipsis,
3429 2288 3549 2341 qum
3594 2282 3716 2340 post

2131 2364 2279 2419 hanc
2311 2366 2477 2419 vitam
2529 2367 2810 2421 nobiscum
2861 2376 3168 2429 transeunt,
3205 2365 3503 2436 signiﬁcari
3552 2365 3714 2419 intel-

2128 2457 2406 2526 ligendqu
2434 2467 2537 2522 est,
2566 2466 2621 2512 et
2648 2473 2770 2514 esse
2801 2459 2853 2511 in
2892 2458 3023 2526 ipsis
3050 2459 3295 2527 quaedam
3330 2460 3402 2513 ita
3429 2458 3714 2512 animabus

2129 2556 2329 2620 inﬁxa,
2373 2565 2431 2608 ut
2482 2560 2754 2620 nequeant
2801 2550 3044 2619 aboleri;
3092 2552 3197 2605 alia
3237 2567 3365 2607 vero
3398 2566 3545 2620 esse,
3594 2566 3714 2621 qua!

2129 2648 2508 2722 purgationem
2542 2645 2749 2714 possint
2790 2644 3033 2714 recipere
3085 2643 3383 2699 secundum
3418 2644 3713 2713 inspectio-

2132 2756 2257 2797 nem
2290 2748 2347 2795 et
2381 2738 2643 2809 judicium
2676 2736 2954 2807 pontiﬁcis
2997 2738 3162 2803 illius,
3191 2754 3350 2808 quem
3397 2739 3608 2795 occulta
3642 2739 3714 2792 la-

2132 2841 2250 2888 tere
2295 2846 2399 2885 non
2436 2837 2685 2899 possunt,
2715 2827 2923 2898 quique
2970 2830 3307 2899 dispensabit
3350 2831 3561 2885 animas
3594 2832 3711 2886 siu-

2130 2925 2378 2995 gulorum
2407 2922 2703 2977 secundum
2733 2920 2835 2977 hoc
2872 2922 3014 2991 quod
3047 2920 3101 2974 iu
3138 2922 3218 2977 eis
3250 2922 3487 2976 tnaculas
3519 2922 3708 2990 leprae,

2129 3024 2223 3069 aut
2295 3013 2623 3084 expiabiles,
2697 3022 2791 3068 aut
2836 3012 3192 3085 inexpiabiles
3249 3012 3466 3068 viderit.
3540 3012 3712 3082 Cujus

2130 3107 2209 3163 rei
2254 3106 2590 3162 dill‘erentias
2634 3106 2701 3161 de
2747 3106 2999 3176 praesenti
3046 3105 3281 3160 lectione
3333 3105 3610 3173 colligere,
3652 3116 3709 3162 et

441 3207 607 3247 mam.
639 3190 736 3246 Sic
764 3192 910 3245 enim
945 3193 1213 3261 scriptum
1236 3202 1320 3247 est
1353 3194 1421 3246 de
1453 3208 1517 3247 ea
1552 3211 1568 3249 :
1607 3192 1906 3261 Venerunt,
1938 3195 2023 3249 in-
2050 3233 2094 3290 c
2127 3214 2225 3271 per
2272 3199 2480 3267 singula
2517 3197 2817 3253 secundum
2852 3196 3155 3266 Scriptum
3204 3196 3366 3265 hujus
3414 3197 3713 3262 indicium,

434 3281 554 3348 quit
577 3283 644 3347 ⁸ο,
674 3291 928 3350 parentes
957 3282 1092 3351 ejus,
1144 3301 1166 3336 ‹
1206 3293 1262 3338 ut
1316 3284 1574 3341 ollerrent
1638 3302 1737 3356 pro
1779 3303 1845 3344 eo
1918 3295 2023 3349 ho-

438 3372 624 3433 stiam,
656 3374 952 3427 secundum
975 3375 1117 3443 quod
1148 3376 1407 3443 scriptum
1438 3388 1522 3431 est
1546 3378 1597 3432 in
1622 3378 1737 3447 lege
1780 3378 2018 3443 Domini,

436 3476 537 3530 par
568 3472 837 3517 turturum
873 3474 969 3519 aut
1007 3465 1143 3521 duos
1184 3466 1359 3536 pullos
1395 3467 1799 3524 columbarum.
1840 3489 1859 3523 ι
1913 3472 2019 3527 Sed

436 3564 494 3608 et
521 3555 573 3606 in
598 3553 701 3610 hoc
730 3556 1037 3611 ostenditur
1071 3573 1256 3611 verum
1284 3572 1407 3612 esse
1434 3558 1564 3614 illttd
1588 3564 1732 3631 quod
1759 3563 2020 3632 scriptum

432 3654 537 3708 est,
570 3648 696 3713 quia
723 3648 975 3701 Christus
1004 3647 1161 3704 Iesus
1200 3668 1218 3701 ι
1257 3664 1381 3703 cum
1408 3650 1560 3706 dives
1590 3662 1766 3721 esset,
1795 3668 1893 3723 pro
1926 3670 2029 3712 no-

435 3738 520 3791 bis
547 3738 658 3809 (25)
684 3755 888 3809 pauper
918 3739 1096 3795 factus
1125 3749 1209 3796 est
1241 3740 1308 3794 “.
1342 3759 1362 3793 ι
1410 3741 1535 3797 Ideo
1558 3758 1687 3815 ergo
1710 3754 1765 3800 et
1789 3756 2018 3803 matrem

431 3828 502 3882 de
525 3844 631 3897 qua
692 3840 1037 3897 nasceretur,
1086 3831 1252 3902 elegit
1301 3847 1620 3903 pauperem,
1672 3845 1725 3892 et
1782 3839 2017 3907 patriam

433 3938 748 3991 pauperem,
792 3926 858 3980 de
882 3941 986 3997 qua
1029 3927 1229 3981 dicitur
1262 3928 1352 3981 ἰε
1390 3945 1409 3978 ‹
1448 3927 1514 3982 Ει
1538 3937 1620 3990 ttt,
1672 3929 2018 4000 Bethlehem,

432 4016 663 4070 minima
686 4032 746 4072 es
779 4017 832 4072 in
880 4018 1119 4075 millibus
1143 4019 1302 4084 Iuda,
1336 4038 1356 4072 ι
1416 4032 1471 4076 et
1520 4022 1749 4093 reliqua.
1822 4024 2016 4080 Verum

431 4104 549 4162 hac
604 4108 846 4162 breviter
905 4118 1291 4169 transcurrere
1336 4116 1610 4184 cogimur,
1662 4131 1763 4171 nec
1803 4118 2018 4189 singula

429 4212 555 4269 qua:
585 4200 790 4271 scripta
837 4211 966 4257 sunt
1017 4204 1292 4262 discutere
1320 4208 1433 4277 (26)
1489 4209 1747 4278 quoniam
1796 4212 2014 4279 quidem

428 4284 756 4346 festinamus
778 4290 982 4360 aliquid
1035 4294 1199 4348 etiam
1256 4296 1324 4350 de
1372 4296 1531 4367 231
1591 4296 1802 4367 legibus
1852 4299 2018 4370 leprae

432 4393 554 4445 qua:
586 4379 832 4436 recitata:
862 4391 1010 4449 sunt,
1040 4394 1400 4453 pertractare.

505 4471 561 4525 5.
600 4471 909 4528 Invenimus
957 4490 1088 4545 ergo
1129 4491 1224 4532 sex
1273 4479 1482 4546 species
1532 4483 1843 4550 propositas
1892 4499 2015 4541 esse

2128 3307 2248 3362 quae
2290 3302 2515 3361 possunt
2552 3305 2650 3345 nos
2686 3304 2926 3357 movere,
2971 3289 3186 3354 rimari,
3225 3298 3709 3360 extemporaneus,

2126 3394 2186 3440 ut
2208 3383 2319 3452 jam
2353 3383 2603 3454 superius
2632 3382 2766 3448 dixi,
2799 3383 2901 3436 iste
2941 3396 3124 3437 sermo
3174 3395 3279 3435 non
3340 3383 3568 3453 patitur.
3609 3382 3711 3437 Vix

2126 3476 2270 3531 enim
2306 3475 2422 3529 haec
2454 3473 2638 3529 tnultis
2672 3482 2897 3544 possent
2928 3472 3292 3528 voluminibus
3324 3474 3530 3544 digesta
3567 3489 3715 3527 com-

2125 3568 2249 3638 poni
2282 3568 2351 3622 ab
2397 3567 2482 3622 his
2532 3568 2733 3636 quibus
2789 3566 3051 3621 Dominus
3097 3567 3163 3621 de
3221 3566 3453 3622 lectione
3504 3565 3711 3625 Veteris

2125 3659 2461 3715 Testamenti
2516 3659 2760 3715 velamen
2812 3660 3103 3715 abstraxit.
3156 3658 3263 3715 Nos
3309 3674 3441 3729 ergo
3482 3675 3578 3729 pro
3628 3660 3707 3713 vi-

2124 3753 2275 3808 ribus
2322 3753 2544 3815 nostris,
2579 3762 2842 3822 quantum
2880 3752 3115 3822 proferri.
3144 3753 3195 3807 in
3244 3754 3481 3808 medium
3508 3768 3713 3808 conve-

2123 3845 2242 3909 nit,
2286 3858 2679 3913 exsequamur,
2724 3844 2969 3914 apostolo
3017 3844 3172 3899 nobis
3231 3843 3400 3900 Paulo
3440 3844 3709 3915 pandente

2123 3934 2494 4007 intelligentia:
2529 3937 2670 3990 viam
2700 3954 2713 3990 :
2748 3951 2854 4005 qua
2895 3936 3028 3990 dicit
3068 3936 3240 4008 legem
3280 3938 3529 3993 umbram
3564 3937 3716 3991 futu—

2124 4042 2311 4083 rorum
2363 4028 2567 4083 habere
2610 4028 2883 4082 bonorum
2915 4028 2985 4092 ",
3035 4044 3145 4083 non
3194 4030 3365 4099 ipsam
3414 4031 3706 4101 imaginem

2122 4134 2342 4186 rerum;
2383 4129 2439 4173 et
2476 4123 2777 4175 secundum
2822 4122 2874 4175 id
2918 4122 3062 4191 quod
3097 4136 3160 4175 ea
3193 4137 3315 4190 qua:
3350 4122 3416 4175 de
3448 4122 3620 4177 bobus
3653 4123 3704 4176 in

2122 4205 2240 4277 lege
2275 4206 2388 4279 (28)
2427 4210 2679 4264 videntur
2710 4211 2942 4279 scripta,
2982 4226 3086 4265 non
3123 4212 3188 4266 de
3234 4212 3429 4278 bobus,
3470 4227 3702 4281 quorum

2119 4297 2234 4353 Deo
2262 4315 2393 4353 cura
2430 4314 2537 4354 non
2573 4302 2664 4363 sit,
2695 4303 2789 4356 sed
2822 4304 2887 4356 de
2922 4302 3183 4369 apostolis
3218 4303 3557 4358 advertenda
3585 4320 3705 4374 pro-

2120 4391 2354 4446 nuntiat.
2390 4391 2445 4445 lu
2484 4392 2630 4461 quod
2678 4395 3035 4463 consequenti
3084 4394 3271 4464 utique
3323 4396 3533 4451 ratione
3568 4397 3701 4450 edo-

2122 4497 2331 4549 cemur,
2366 4486 2507 4554 quod
2538 4495 2594 4538 et
2629 4500 2693 4539 ea
2725 4501 2848 4555 quae
2878 4487 2944 4541 de
2978 4486 3124 4557 lepra
3160 4487 3478 4541 scribuntur
3504 4487 3699 4543 umbra

429 4562 498 4615 de
542 4560 816 4618 hominum
872 4564 1057 4635 lepra;
1100 4583 1223 4638 quae
1279 4585 1371 4626 sex
1433 4574 1645 4642 species
1697 4576 1800 4631 hoc
1852 4581 2010 4633 modo
2044 4576 2088 4632 D
2119 4576 2189 4631 sit
2219 4577 2273 4630 in
2300 4578 2423 4633 aliis
2464 4578 2673 4634 habens
2704 4580 2997 4650 imaginem
3032 4578 3297 4634 veritatis.
3338 4577 3509 4648 Igitur.
3545 4580 3702 4635 adhic

429 4654 829 4739 describuntur.
859 4657 965 4713 Aut
1007 4661 1153 4715 enim
1194 4662 1247 4716 in
1297 4672 1428 4719 cute
1471 4668 1720 4735 corporis
1763 4668 1824 4722 ﬁt
1869 4671 2016 4726 cica-

430 4744 563 4805 trix,
594 4754 649 4798 et
683 4745 897 4814 signum
938 4749 1277 4816 exalbidum,
1302 4760 1359 4805 et
1396 4761 1520 4807 tunc
1559 4753 1617 4807 lit
1652 4755 1706 4808 in
1736 4765 1860 4811 cute
1890 4773 2017 4812 cor-

425 4837 576 4904 poris
608 4836 726 4905 ejus
760 4841 1014 4910 contagio
1060 4841 1244 4912 leprte.
1293 4844 1401 4897 Aut
1448 4845 1700 4900 eﬂlorens
1744 4847 2016 4904 elllurebit

425 4925 599 4995 lepra,
630 4939 686 4984 et
725 4940 979 5003 conteget
1017 4948 1234 4990 omnem
1268 4947 1446 4991 cutem
1477 4939 1726 5009 contagio
1760 4956 1789 4994 a
1834 4943 2015 5011 capite

501 5068 550 5101 ’°
582 5069 717 5127 Luc.
748 5087 807 5137 tt,
837 5072 926 5127 24.
1005 5074 1051 5107 ⁹¹
1076 5073 1117 5129 ll
1148 5074 1277 5129 Cor.
1305 5089 1420 5140 \‘lll,
1446 5075 1500 5131 9.
1576 5045 1621 5109 δ’
1642 5077 1803 5134 Mich.
1835 5095 1887 5145 ν,
1922 5079 1977 5135 2.

498 5207 705 5284 (23)__ln
729 5227 833 5284 quo
864 5221 1035 5284 tamen
1058 5214 1145 5267 die
1170 5214 1261 5284 qui
1290 5215 1559 5269 masculus
1597 5227 1692 5281 est,
1723 5226 1831 5273 etc.
1859 5219 2007 5274 Con-

424 5280 555 5401 mlﬂe‘
598 5280 853 5403 lHetium
915 5280 1357 5354 Origenianorum
1408 5285 1503 5340 lib.
1556 5302 1619 5352 ll,
1672 5280 1866 5358 quast.
1921 5292 2008 5357 ll,

498 5417 613 5488 (24)
643 5421 802 5479 Libb.
828 5431 985 5477 antea
1027 5422 1182 5497 edit_i,
1216 5442 1236 5477 ι
1268 5435 1362 5497 aut
1395 5425 1523 5497 pulli
1548 5427 1843 5481 columbini
1867 5469 1881 5490 ,
1916 5438 2011 5484 aut

425 5499 669 5568 turtures
701 5507 798 5568 pro
833 5504 1079 5568 peccato.
1119 5493 1375 5568 Secundo
1398 5493 1555 5550 'vero
1587 5498 1876 5551 mandatur
1907 5499 2007 5554 ho-

421 5562 589 5630 stia;
612 5562 682 5621 si,
708 5563 905 5630 inquit,
950 5582 969 5614 ι
996 5573 1128 5628 etc.,
1154 5565 1246 5621 sed
1274 5580 1404 5630 mss,
1437 5575 1499 5620 ut
1525 5567 1575 5619 in
1610 5578 1796 5622 nostro
1826 5578 2001 5625 textu.

499 5628 615 5705 (ἐξ)
644 5630 751 5684 Pro
784 5625 953 5687 nobis.
986 5625 1341 5689 Desideratur
1372 5625 1426 5690 i'n
1459 5646 1620 5691 antea
1674 5638 1857 5705 editis,
1908 5640 2005 5694 sed

422 5698 706 5767 suppletur
735 5717 766 5756 e
789 5719 920 5757 mss.

496 5769 607 5838 (26)
639 5769 792 5827 Libb.
831 5773 958 5827 editi
988 5783 1127 5843 post,
1162 5792 1183 5827 ι
1223 5774 1517 5840 discutere,
1561 5794 1579 5827 ι
1621 5777 1844 5840 addunt,
1876 5798 1893 5829 ο
1919 5794 2005 5831 va-

423 5838 617 5908 lemus,
652 5860 667 5891 ι
707 5845 847 5911 quod
884 5838 1037 5902 abest
1073 5846 1143 5902 ab
1199 5845 1453 5902 omnibus
1506 5838 1637 5905 mss.
1687 5838 2002 5926 ctabsqttc

2116 4668 2341 4723 beamus
2380 4669 2577 4740 primo,
2617 4670 2663 4725 si
2709 4670 2943 4734 videtur,
2991 4670 3165 4740 ipsam
3221 4671 3522 4740 Scriptura-
3578 4688 3699 4725 tun-

2115 4759 2297 4825 bram,
2326 4770 2380 4814 et
2416 4770 2542 4816 tunc
2582 4762 2650 4816 de
2677 4762 2796 4832 ejus
2833 4763 3063 4817 veritate
3090 4763 3452 4831 requiramus.
3498 4764 3551 4817 lu
3586 4765 3702 4817 vul-

2117 4852 2343 4907 neribus
2375 4867 2671 4921 corporum
2714 4862 3067 4923 posteaquam
3116 4865 3305 4910 curata
3353 4856 3574 4921 fuerint,
3617 4874 3703 4914 re-

2114 4954 2299 4999 manet
2333 4944 2609 5000 interdum
2652 4946 2825 5016 ipsius
2854 4946 3095 5006 vulneris
3135 4950 3378 5020 signum,
3426 4955 3570 5021 quod
3617 4953 3698 5009 ci-

2081 5083 2129 5114 ”
2168 5082 2333 5139 Ilebr.
2361 5099 2421 5152 Χ,
2445 5083 2496 5139 l.

2112 5234 2313 5277 sensus
2339 5222 2623 5291 dispendio
2653 5224 2846 5282 abesse
2881 5235 3077 5296 potest.
3138 5226 3283 5283 Infra
3325 5231 3495 5285 codex
3555 5229 3693 5284 San-

2111 5308 2307 5361 germ.,
2342 5311 2360 5344 t
2392 5310 2486 5375 sex
2518 5297 2728 5375 Species
2755 5298 3063 5366 propositas
3103 5314 3247 5354 esse.
3293 5318 3311 5351 ι
3339 5299 3496 5353 Libb.
3538 5304 3689 5365 editi,

2115 5379 2134 5412 c
2173 5378 2264 5417 sex
2309 5369 2521 5430 species
2554 5369 2759 5434 positas
2783 5383 2922 5423 esse.
2968 5388 2988 5421 ι

2182 5432 2294 5505 (‘27)
2335 5434 2517 5514 Codex
2558 5432 2898 5508 ὃλιιιςθηιι..
2946 5457 2965 5490 t
2998 5448 3227 5508 tempus.
3264 5457 3282 5491 ι
3325 5437 3486 5492 Libb.
3515 5438 3692 5504 editi,

2114 5521 2132 5553 ‹
2167 5512 2451 5574 letttporis.
2478 5524 2495 5555 ι

2189 5573 2301 5646 (987)
2343 5575 2500 5630 Libb.
2547 5577 2716 5640 editi,
2769 5597 2788 5628 ι
2820 5576 3065 5645 intelligi.
3094 5595 3113 5628 ι
3163 5576 3343 5631 Codex
3398 5578 3687 5646 Sangerm.

2115 5655 2169 5698 et
2197 5645 2312 5708 alii,
2348 5665 2366 5698 ‹
2400 5647 2450 5699 iu
2490 5647 2625 5715 lege.
2650 5665 2667 5697 ι
2704 5648 2845 5701 lnl’ra
2876 5648 3038 5699 iidem
3071 5661 3226 5711 mss.,
3266 5664 3287 5698 ι
3314 5645 3609 5701 υιιιὺωίδίι
3638 5649 3689 5700 in

2112 5714 2235 5841 pnis
2276 5716 2494 5841 habens.
2524 5714 2564 5771 »ί
2584 5715 2742 5774 Libb.
2770 5718 2926 5783 editi,
2960 5733 2978 5766 ι
3007 5716 3194 5770 umbra
3224 5717 3358 5783 sint,
3387 5727 3441 5772 et
3472 5718 3524 5772 in
3562 5716 3691 5771 aliis

2131 5801 2178 5839 ta
2219 5800 2319 5841 can
2350 5824 2363 5841 .
2384 5805 2403 5840 ι

2131 5795 2363 5842 labeant.
2384 5805 2403 5840 ι
