4124 6398
345 344 452 399 501
1526 335 1592 389 ιδ
1628 332 1951 389 LEVITICU

2067 328 2325 386 IOMILIA
2362 325 2496 382 Vill.
3522 316 3625 371 50‘!

350 459 607 517 ostendat
655 454 893 523 indicia;
936 462 992 511 et
1038 452 1291 509 fortassis
1340 453 1552 522 peccati
1604 453 1763 516 talis,
1802 452 1945 520 quod
1978 455 2023 511 Α
2057 448 2233 502 fronte
2248 447 2364 514 ejus
2386 444 2730 509 deduxerint,
2758 440 3006 497 recalvus
3031 446 3136 504 est,
3162 445 3213 491 ct
3244 435 3476 491 mundcs
3496 445 3632 487 est.»

359 556 423 609 ad
468 561 704 607 mortem
741 550 844 617 sit;
885 556 941 604 et
988 548 1109 603 ideo
1156 562 1262 602 non
1313 545 1489 601 solum
1538 544 1661 598 alba
1713 543 1944 598 cicatrix

357 660 498 710 esse,
528 644 622 697 sed
650 652 706 696 ει
738 639 1041 695 rubicunda
1085 638 1442 693 describitur.
1489 636 1640 704 Quod
1670 650 1798 689 vero
1843 634 1946 687 hu-

355 736 630 791 miliorem
661 736 834 803 ipsam
873 731 1189 788 cicatricem
1223 731 1355 786 dicit
1395 728 1592 791 videri,
1622 737 1831 783 certum
1865 734 1949 780 est

355 826 486 897 quia
526 826 835 895 hujusmodi
878 823 1087 878 macula
1138 822 1351 895 peccati
1403 820 1665 877 humilem
1698 829 1753 874 et
1797 818 1948 887 deje-

356 923 502 968 etatn
537 914 774 967 animam
807 912 993 968 faciat.

426 1004 483 1059 8.
527 1002 731 1069 Quarta
766 1012 847 1058 est
890 1003 1007 1070 lex,
1053 1003 1144 1059 ubi
1190 1000 1414 1066 dicitur,
1463 1001 1589 1071 quia
1642 1002 1688 1056 si
1724 1000 1779 1056 in
1826 1008 1951 1055 cute

360 1093 455 1148 fiat
492 1095 708 1151 adustio
753 1095 918 1166 ignis,
956 1104 1015 1151 et
1050 1104 1172 1166 post
1214 1097 1331 1150 bare
1378 1109 1503 1150 cum
1544 1104 1734 1150 sanata
1788 1092 1948 1146 fuerit

356 1187 597 1250 adustlo,
643 1187 762 1257 ipsa
804 1187 1085 1255 Splendida
1130 1187 1263 1252 fiat,
1304 1195 1361 1240 et
1394 1185 1518 1241 alba
1551 1200 1676 1240 cum
1724 1186 1945 1247 rubore,

362 1280 448 1333 vel
481 1288 633 1335 certe
680 1279 959 1345 exalbida,
1004 1291 1061 1336 et
1095 1281 1234 1335 visio
1270 1280 1387 1347 ejus
1433 1277 1697 1334 humilior
1743 1276 1949 1344 reliqua

360 1381 507 1437 cute,
534 1380 589 1424 et
630 1372 768 1426 hanc
807 1371 939 1426 dicit
974 1386 1097 1427 esse
1144 1371 1394 1442 lepram,
1439 1386 1558 1439 quae
1600 1371 1653 1424 in
1703 1368 1949 1422 adustio-

361 1477 488 1518 nem
520 1462 760 1519 elllornit
794 1462 927 1534 (35).
963 1461 1094 1519 Vide
1134 1479 1267 1535 ergo
1304 1464 1348 1519 si
1386 1478 1489 1518 non
1537 1461 1753 1516 adustio
1784 1468 1866 1514 est
1900 1459 1951 1512 in

362 1552 516 1608 omni
575 1552 759 1606 anima
830 1566 1172 1621 quascunque
1234 1551 1431 1622 recipit
1479 1548 1659 1618 jacula
1732 1543 1953 1614 maligni

366 1642 575 1713 ignita;
609 1650 702 1695 aut
731 1641 775 1696 si
820 1656 925 1695 non
970 1640 1081 1711 igni
1125 1642 1398 1705 aduritur,
1438 1639 1622 1694 omnis
1663 1636 1754 1706 qui
1797 1634 1955 1689 ardet

365 1735 418 1788 in
454 1746 642 1789 amore
667 1733 896 1788 carnali.
930 1732 1052 1788 Ista:
1082 1740 1209 1787 sunt
1242 1747 1372 1802 ergo
1401 1730 1718 1786 adnstiones
1744 1736 1801 1784 et
1829 1741 1954 1782 suc-

2048 540 2113 594 Et
2144 538 2533 594 convenienter
2567 536 2680 589 haec
2710 532 3022 587 referuntur
3054 530 3118 583 ad
3144 528 3406 593 animam,
3430 534 3486 578 ιιι
3513 540 3639 578 ειιιιι

2048 648 2110 688 ea
2139 647 2260 701 quae
2290 630 2373 685 sui
2404 636 2595 683 natura
2633 635 2844 679 mortua
2878 632 3009 677 sunt
3042 621 3228 688 abjicit
3260 634 3323 673 ac
3379 617 3639 687 deponit,

2049 725 2249 780 munda
2278 737 2400 779 esse
2422 721 2658 775 dicatur.
2692 717 2799 772 Sed
2831 724 2955 785 post
2995 714 3110 768 haec
3145 712 3191 767 si
3238 725 3301 764 ea
3338 726 3457 780 quae
3489 708 3642 776 prius

2049 814 2335 885 pttrilicata
2368 811 2606 875 fuerant,
2667 806 3001 877 repullulare
3048 803 3326 859 sordidius
3369 810 3423 856 et
3459 798 3641 855 humi«

2049 907 2177 971 lius,
2207 921 2371 976 quam
2410 904 2649 974 dignitas
2688 899 2947 973 puritatis
2981 897 3220 965 expetit,
3271 895 3636 954 videbuntur.

2052 998 2389 1054 immundam
2447 1011 2510 1051 ac
2546 995 2815 1065 lcprosam
2855 990 3093 1045 animam
3140 986 3370 1043 reddent
3403 985 3540 1057 (55).
3577 984 3642 1037 Et

2054 1089 2158 1145 hoc
2184 1089 2291 1157 jam
2320 1086 2658 1158 generaliter
2684 1085 2752 1139 de
2776 1081 2921 1137 omni
2964 1080 3181 1149 lcproso
3203 1119 3218 1141 ,
3252 1078 3306 1132 in
3339 1091 3449 1147 quo
3481 1076 3645 1132 fuerit

2053 1182 2313 1250 contagio
2374 1180 2567 1250 lepraz,
2614 1187 2668 1234 et
2714 1176 2971 1231 humilior
3037 1172 3314 1227 videbitur
3362 1187 3391 1224 a
3433 1170 3641 1239 reliqua

2054 1286 2213 1340 cute;
2273 1274 2534 1329 humilius
2566 1285 2798 1340 namque
2826 1278 2911 1325 est
2954 1281 3118 1321 omne
3155 1266 3357 1320 animae
3389 1264 3580 1318 vitium
3613 1276 3644 1315 a

2059 1367 2283 1437 reliquis
2310 1366 2428 1435 ejus
2455 1364 2773 1420 virtutibus.
2804 1361 2915 1417 Lex
2951 1377 3071 1432 quae
3098 1358 3364 1430 spiritalis
3403 1367 3507 1425 est,
3539 1356 3647 1411 alia

2055 1461 2301 1532 quaedam
2346 1458 2610 1514 decernit.
2651 1474 2669 1509 ι
2698 1455 3055 1520 Vestimenta,
3086 1454 3309 1523 inquit’
3374 1450 3490 1521 ejus
3536 1450 3649 1506 dis-

2057 1563 2178 1607 suta
2230 1552 2368 1613 sint,
2409 1557 2464 1604 ει
2504 1556 2669 1618 caput
2704 1547 2821 1615 ejus
2852 1544 3170 1610 revelatum,
3204 1556 3255 1599 et
3290 1560 3351 1599 os
3385 1542 3502 1610 ejus
3561 1542 3652 1595 ad-

2056 1652 2331 1715 opertum.
2360 1661 2378 1695 ι
2402 1642 2505 1697 Per
2528 1656 2647 1710 quin
2668 1641 2917 1709 designat
2939 1655 3062 1694 eum
3082 1641 3171 1709 qui
3192 1640 3245 1693 in
3270 1640 3449 1693 anima
3474 1638 3652 1707 lepro-

2060 1752 2158 1792 sus
2180 1744 2285 1799 est,
2316 1734 2367 1787 id
2417 1742 2500 1786 εει
2535 1734 2626 1800 qui
2665 1730 2905 1800 peccatis
2937 1732 3185 1784 confixus
3212 1739 3317 1791 est,
3350 1745 3455 1782 non
3487 1742 3651 1797 opor-

320 1850 323 1853 λ
362 1825 652 1880 censiones
687 1824 849 1895 ignis.
877 1824 982 1879 Sed
1030 1833 1084 1879 et
1116 1823 1205 1879 ille
1236 1824 1578 1878 adustionem
1610 1820 1834 1892 patitur,
1865 1815 1956 1886 qui

2067 1841 2181 1885 tere
2214 1841 2437 1881 assuere
2473 1825 2576 1881 sibi
2605 1838 2934 1898 tegumenta,
2967 1840 3021 1882 et
3050 1825 3414 1894 turpitudines
3435 1825 3654 1891 operire

364 1915 552 1984 gloria:
586 1914 833 1970 humanae
877 1916 1172 1981 cupiditate
1233 1914 1605 1981 succenditur,
1642 1924 1697 1969 et
1729 1913 1821 1982 qui
1860 1910 1954 1968 iraa

360 2006 447 2060 vel
487 2007 686 2061 furoris
719 2007 941 2062 testibus
973 2006 1360 2061 inflammatur.
1386 2006 1544 2073 and
1591 2007 1636 2061 si
1686 2006 1826 2061 forte
1860 2022 1957 2061 cu-

366 2110 521 2152 retur
549 2098 617 2153 ab
645 2096 732 2154 his
779 2098 1097 2154 vulneribus
1128 2100 1309 2153 anima
1346 2114 1440 2169 per
1491 2098 1687 2163 fidem,
1732 2108 1787 2153 et
1837 2108 1958 2168 post

365 2194 661 2248 sanitatem
701 2204 971 2262 receptam
1007 2205 1321 2265 contempto
1371 2210 1435 2250 eo
1485 2195 1692 2250 dixit”
1719 2209 1734 2249 :
1766 2213 1785 2247 ι
1818 2195 1958 2250 Ecce

360 2286 474 2355 jam
502 2300 669 2340 sanus
708 2284 884 2341 factus
921 2302 1000 2350 es,
1039 2287 1145 2341 noli
1185 2301 1433 2356 peccare,
1465 2302 1531 2341 ne
1568 2287 1697 2357 quid
1732 2287 1825 2341 tibi
1866 2287 1960 2342 de-

368 2375 539 2432 terius
575 2378 888 2448 contingat;
917 2398 935 2431 ι
983 2379 1208 2449 incipiat
1242 2380 1443 2435 veteris
1480 2380 1594 2434 vitii
1649 2378 1862 2435 fructus
1891 2396 1959 2436 ex

366 2468 601 2524 obducta
632 2468 894 2525 cicatrice
927 2469 1199 2541 proferre,
1231 2486 1332 2527 nec
1366 2481 1687 2541 exzeqnetur
1719 2473 1955 2527 cicatrix

369 2560 438 2614 ad
491 2560 683 2631 reliqui
738 2563 983 2631 corporis
1027 2572 1243 2625 cutem,
1290 2564 1387 2617 sed
1434 2564 1505 2617 sit
1556 2563 1850 2629 humilior,
1905 2574 1959 2619 et

372 2651 521 2705 illum
560 2653 735 2709 adhuc
770 2656 1005 2710 retineat
1036 2656 1300 2722 colorem,
1348 2671 1508 2725 quem
1562 2658 1751 2711 habuit
1796 2658 1962 2728 lepra:

377 2754 653 2813 tempore;
683 2745 829 2816 lepra
865 2746 983 2817 ejus
1026 2749 1078 2802 in
1115 2749 1401 2804 adustione
1434 2746 1701 2812 refloruit,
1740 2757 1795 2805 et
1841 2751 1964 2806 ideo

372 2835 683 2891 immundus
712 2854 741 2891 a
775 2840 1061 2893 sacerdote
1086 2840 1387 2909 judicatur.

443 2928 501 2983 9.
540 2927 735 2994 Quinta
768 2932 982 2998 species
1021 2931 1185 3000 lepra:
1215 2942 1322 2997 est,
1366 2948 1489 2989 cum
1529 2932 1583 2987 in
1616 2934 1795 3002 capite
1829 2950 1962 2989 con-

376 3020 522 3090 tagio
567 3020 822 3086 efﬁcitur,
864 3030 958 3076 aut
1009 3023 1063 3077 in
1106 3024 1279 3078 barba
1338 3024 1478 3091 viri,
1526 3025 1643 3080 sive
1697 3026 1964 3093 mulieris,

376 3114 450 3168 ita
482 3124 540 3168 ut
571 3114 707 3167 visio
756 3114 1100 3183 contagionis
1144 3116 1317 3184 ipsius
1362 3116 1625 3173 humilior
1650 3119 1721 3173 sit
1763 3134 1791 3173 a
1842 3129 1966 3173 cute

2060 1924 2298 1993 peccati.
2353 1923 2511 1979 Sicut
2547 1924 2696 1978 enim
2756 1923 2802 1975 is
2851 1921 3007 1991 cujus
3061 1918 3391 1973 vestimenta
3445 1917 3652 1970 dissuta

2060 2024 2209 2082 sunt,
2232 2016 2434 2069 nudant
2460 2025 2628 2084 atque
2648 2013 2910 2067 inlectam
2940 2012 3080 2080 gerit
3111 2008 3503 2078 turpitudinem
3530 2020 3655 2060 cor—

2061 2109 2251 2177 poris:
2278 2108 2353 2161 ita
2383 2116 2599 2176 oportet
2628 2120 2752 2157 cum
2787 2103 2878 2172 qni
2916 2101 3154 2170 peccatis
3196 2099 3466 2169 aliquibus
3494 2096 3654 2152 obse-

2070 2210 2199 2271 ptus
2225 2210 2330 2267 est,
2368 2199 2508 2254 mala
2539 2214 2634 2253 sua
2670 2208 2722 2251 et
2753 2196 2957 2266 ﬂagitia
2992 2195 3154 2249 nullis
3184 2193 3471 2249 verborum
3498 2209 3655 2249 assu-

2065 2294 2290 2360 mentis,
2336 2292 2504 2348 nullis
2534 2290 2950 2345 excusationem
2985 2287 3349 2343 velaminibns
3383 2286 3599 2357 Operire
3636 2304 3649 2342 τ

2065 2382 2145 2436 uti
2176 2396 2243 2435 ne
2278 2383 2372 2435 fiat
2412 2381 2722 2451 sepulcrum
2752 2379 3085 2442 dealbatam,
3124 2378 3270 2447 quod
3298 2376 3504 2432 deforis
3529 2377 3653 2447 qui—

2064 2474 2186 2528 dem
2231 2485 2455 2544 apparet
2496 2472 2808 2529 hominibus
2856 2473 3161 2542 speciosum
3194 2511 3208 2535 ,
3261 2471 3408 2525 intus
3462 2480 3648 2525 autem

2064 2567 2283 2638 plenum
2318 2576 2402 2620 est
2456 2566 2674 2620 ossibus
2714 2571 3073 2628 mortuorum,
3123 2572 3179 2618 et
3222 2564 3373 2617 omni
3423 2564 3660 2617 immun-

2065 2658 2217 2712 ditia.
2278 2655 2402 2710 Vult
2460 2672 2594 2725 ergo
2653 2655 2739 2710 lex
2785 2654 2964 2709 divina
3004 2664 3349 2724 peccatorem
3402 2669 3509 2709 non
3566 2668 3658 2709 so-

2068 2750 2177 2803 lutn
2203 2748 2527 2804 vestimenta
2557 2763 2661 2802 non
2704 2763 2951 2813 assuere,
2991 2749 3084 2805 sed
3112 2757 3165 2802 et
3191 2757 3352 2817 caput
3393 2763 3500 2801 non
3528 2762 3661 2801 con-

2069 2850 2295 2911 tegere:
2331 2850 2390 2895 ut
2415 2840 2458 2894 si
2485 2840 2627 2909 quod
2664 2848 2746 2894 est
2783 2839 2980 2909 capitis
3005 2840 3286 2906 delictum,
3318 2840 3369 2896 id
3396 2849 3482 2895 est
3521 2840 3565 2895 si
3606 2839 3658 2893 in

2070 2935 2244 2989 Deum
2274 2932 2509 3002 aliquid
2542 2931 2893 2986 commissum
2926 2942 3029 2999 est,
3068 2932 3111 2986 si
3159 2933 3209 2986 in
3240 2932 3346 2986 fide
3375 2941 3660 3001 peccatum

2069 3036 2173 3092 est,
2210 3040 2277 3079 ne
2302 3026 2416 3079 haec
2446 3025 2666 3093 quidem
2719 3024 3030 3079 habeantur
3063 3024 3279 3078 obtecta
3304 3061 3321 3086 ,
3356 3022 3450 3077 sed
3483 3022 3664 3077 omni-

2074 3119 2176 3173 bus
2210 3118 2579 3187 publicentur,
2608 3126 2666 3171 ιιι
2699 3118 3011 3172 interventu
3042 3126 3091 3171 et
3144 3115 3498 3185 correptione
3536 3130 3659 3169 om-

374 3207 643 3277 eorporis,
669 3215 723 3261 et
759 3207 875 3261 haec
905 3215 988 3260 est
1018 3206 1164 3275 lepra
1196 3207 1411 3276 capitis,
1445 3208 1528 3263 vel
1576 3210 1781 3264 barbae.
1817 3211 1958 3265 Vide
1991 3187 2040 3247 (ἶ
2074 3212 2222 3265 nium
2248 3211 2587 3273 emendetur,
2614 3218 2669 3265 ct
2696 3208 2912 3262 veniam
2952 3217 3251 3264 mereatur.
3271 3207 3659 3262 Verumtamen

375 3312 508 3367 ergo
534 3298 578 3351 si
615 3303 795 3366 potest
830 3297 969 3362 fieri,
998 3306 1055 3349 ut
1097 3295 1245 3365 lepra
1289 3297 1485 3366 capitis
1516 3309 1736 3368 putetur
1772 3300 1826 3354 in
1872 3316 1961 3365 eo,

377 3386 473 3454 qui
505 3402 609 3441 non
642 3386 806 3441 habet
841 3396 1003 3456 caput
1034 3386 1339 3453 Christum,
1368 3389 1462 3443 sed
1495 3388 1663 3443 alium
1703 3390 1961 3461 aliquem,

380 3477 534 3532 verbi
586 3493 775 3542 causa,
822 3478 1116 3546 Epicurum
1164 3475 1497 3546 voluptatem
1541 3494 1813 3534 summum
1864 3482 1963 3534 bn-

378 3585 508 3625 num
570 3571 995 3641 praedicantem,
1044 3585 1173 3624 num
1210 3569 1304 3623 tibi
1345 3578 1403 3624 et
1454 3579 1652 3640 caput,
1695 3580 1752 3627 et
1794 3572 1963 3628 barba

380 3664 503 3719 talis
535 3660 769 3719 hominis
800 3663 1016 3718 videtur
1044 3662 1367 3718 immunda?
1400 3662 1507 3718 Sed
1542 3672 1598 3718 et
1629 3664 1675 3719 is
1706 3665 1796 3733 qui
1836 3682 1961 3720 cum

378 3754 573 3810 debeat
619 3769 742 3809 esse
796 3755 899 3818 vir,
944 3763 999 3808 et
1048 3769 1211 3824 agere
1272 3762 1531 3822 tanquam
1582 3755 1876 3825 perfectus,
1919 3759 1963 3811 si

378 3848 519 3902 forte
564 3848 722 3900 facile
760 3857 812 3902 et
856 3856 1116 3916 tanquam
1159 3862 1294 3916 puer
1343 3847 1595 3902 vincatur
1636 3864 1665 3902 a
1710 3861 1963 3919 peccato,

378 3940 541 3994 etiam
568 3940 681 4009 ipse
709 3940 918 4008 lepram
952 3940 1131 3995 barbze
1160 3941 1362 3996 habere
1396 3940 1659 3998 dicendus
1686 3952 1802 4007 est;
1838 3943 1965 4013 quia

381 4047 508 4087 cum
538 4033 762 4087 vincere
806 4031 1032 4087 deberet
1064 4032 1384 4100 malignum,
1413 4042 1469 4088 et
1510 4036 1835 4090 sacerdotali
1868 4037 1968 4093 ho-

381 4138 536 4185 nore,
573 4124 665 4191 qui
715 4124 769 4178 in
820 4124 989 4178 barba
1045 4125 1385 4194 designatur,
1440 4126 1731 4193 incedere,
1778 4129 1965 4184 adole-

382 4217 607 4271 scentim
640 4216 790 4270 vitiis
823 4215 1136 4283 impeditus,
1169 4214 1377 4284 lepram
1414 4217 1602 4272 barbae
1637 4220 1966 4288 perpetitur.

383 4305 664 4361 Mulierem
712 4315 896 4362 autem
969 4307 1207 4363 animam
1266 4307 1319 4362 in
1378 4309 1680 4379 Scripturis
1736 4311 1971 4366 indicari

383 4412 528 4464 eam,
570 4416 690 4470 qua:
738 4416 845 4455 non
890 4409 1001 4454 tam
1057 4400 1305 4471 proferre
1350 4417 1537 4459 semen
1584 4403 1756 4469 verbi,
1804 4419 1969 4473 quam

384 4492 665 4560 suscipere
716 4500 917 4559 potest,
964 4505 1109 4561 saepe
1157 4491 1363 4546 dictum
1407 4502 1530 4557 est;
1581 4508 1704 4563 quae
1758 4493 1965 4563 lepram

385 4583 590 4636 habere
644 4582 962 4652 designatur
1010 4583 1063 4637 in
1116 4585 1314 4653 capite,
1354 4584 1399 4639 si
1434 4584 1613 4639 virum
1654 4586 1746 4655 qui
1802 4597 1969 4653 caput

387 4673 631 4729 mulieris
674 4683 783 4741 est,
816 4674 867 4727 id
903 4682 990 4729 est
1045 4673 1323 4729 doctorem
1362 4675 1629 4743 pollutum
1666 4676 1865 4732 habeat
1915 4687 1972 4732 et

382 4762 759 4829 immundum,
812 4772 868 4816 ιιι
906 4762 1264 4831 Marcionem,
1316 4772 1413 4818 aut
1466 4765 1835 4833 Valentinum,
1874 4776 1971 4822 aut

386 4857 622 4923 aliquem
653 4856 916 4923 ejusmodi
944 4870 1199 4923 sequens.

458 4948 544 5001 10.
583 4948 746 5003 Sexta
790 4948 902 5016 jam
931 4956 987 5002 et
1030 4948 1220 5002 ultima
1270 4950 1485 5019 species
1520 4950 1684 5019 lepra:
1724 4952 1969 5021 ponitur,

382 5053 504 5108 quae
551 5042 610 5094 tit
656 5040 711 5093 in
755 5039 971 5094 calvitie
1017 5040 1099 5093 vel
1168 5042 1448 5097 recalvitle
1494 5042 1665 5114 (5i);
1709 5060 1828 5113 quae
1887 5060 1976 5100 res

385 5143 651 5198 quantum
697 5133 748 5185 in
808 5132 1007 5202 seipsis
1055 5142 1171 5198 est,
1225 5134 1440 5188 munda:
1484 5143 1630 5190 sunt.
1682 5135 1774 5191 Sic
1824 5139 1973 5192 enim

390 5223 554 5292 233
587 5223 720 5276 dixit
749 5237 803 5275 et
835 5226 953 5278 lex:
996 5242 1016 5275 ι
1038 5223 1097 5278 Si
1147 5223 1324 5292 cujus,
1368 5225 1538 5295 inquit
1578 5227 1617 5291 ί,
1649 5228 1971 5283 delituerint

384 5315 571 5381 capilli
607 5314 825 5383 capitis,
857 5315 1045 5369 calvus
1071 5325 1176 5381 est,
1230 5318 1464 5373 mundus
1489 5327 1594 5383 est.
1635 5318 1695 5373 Si
1724 5330 1906 5375 autem
1939 5335 1970 5374 a

2074 3308 2326 3377 leprosus
2382 3306 2505 3370 iste,
2592 3321 2652 3360 os
2688 3306 3066 3360 tantummodo
3111 3302 3334 3374 jubetur
3376 3302 3660 3371 obtegere.

2071 3395 2211 3461 Quid
2256 3404 2340 3449 est
2387 3396 2491 3449 hoc
2528 3396 2674 3463 quod
2719 3409 2913 3450 omnes
2966 3394 3214 3463 corporis
3249 3401 3431 3462 partes
3491 3393 3665 3447 nudas

2079 3485 2286 3539 habere
2313 3485 2654 3553 praecipitur,
2707 3494 2762 3538 et
2807 3499 2871 3539 os
2915 3484 3089 3539 solum
3137 3486 3353 3551 operire
3389 3483 3666 3553 jubetur?

2075 3572 2269 3626 Nonne
2307 3572 2484 3641 palam
2512 3582 2597 3627 est
2634 3584 2689 3627 et
2719 3574 2769 3627 in
2809 3585 3000 3642 aperto
3026 3573 3285 3643 positum,
3324 3573 3469 3641 quod
3500 3574 3545 3626 ei
3570 3573 3663 3641 qui

2074 3663 2129 3717 in
2173 3663 2321 3733 lepra
2349 3665 2561 3734 peccati
2597 3675 2700 3729 est,
2729 3665 3006 3720 clauditur
3037 3680 3241 3730 sermo,
3275 3665 3550 3720 clauditur
3576 3681 3664 3732 os,

2075 3768 2132 3811 ut
2164 3756 2360 3811 fiducia
2390 3760 2668 3813 sermonis
2697 3767 2752 3812 et
2787 3757 3015 3813 docendi
3067 3758 3368 3812 auctoritas
3400 3758 3664 3812 excluda-

2077 3847 2204 3901 tur?
2246 3865 2265 3900 ι
2304 3847 2583 3903 Peccatori
2613 3849 2761 3903 enim
2802 3849 2941 3902 dixit
2967 3849 3109 3903 Deus
3142 3866 3156 3903 :
3201 3850 3382 3915 Quare
3410 3859 3466 3902 tu
3502 3863 3663 3903 enar-

2078 3955 2168 3995 ras
2199 3939 2443 4008 justitias
2476 3955 2647 4006 meas,
2684 3950 2738 3993 et
2775 3939 3011 3995 assumis
3059 3948 3447 3996 testamentum
3481 3953 3663 3994 meum

2076 4049 2172 4103 per
2200 4049 2263 4089 os
2293 4045 2440 4089 tuum
2478 4033 2499 4065 ³
2523 4036 2547 4089 ‘2
2570 4054 2585 4083 ι
2605 4032 2861 4089 Clausum
2892 4049 3021 4104 ergo
3055 4035 3257 4089 habeat
3289 4052 3350 4091 os
3385 4046 3663 4105 peccator,

2076 4123 2205 4192 quia
2238 4123 2329 4192 qui
2356 4121 2594 4191 seipsum
2627 4136 2732 4175 non
2768 4122 2973 4185 docuit,
3000 4124 3198 4178 docere
3220 4123 3383 4177 alimn
3428 4139 3534 4179 non
3570 4139 3667 4193 po-

2080 4224 2214 4269 test:
2240 4215 2364 4269 ideo
2381 4229 2443 4268 os
2470 4229 2628 4267 suum
2647 4213 2869 4282 jubetur
2885 4214 3124 4282 operire,
3145 4215 3235 4283 qui
3268 4214 3410 4269 male
3431 4216 3677 4284 agendo,

2078 4305 2332 4374 loquendi
2370 4305 2607 4375 perdidit
2637 4305 2969 4359 libertatem.
2993 4324 3012 4355 ι
3039 4303 3374 4370 lmmundus,
3418 4307 3665 4375 inquit‘,

2083 4395 2210 4462 erit,
2263 4405 2319 4451 et
2351 4404 2634 4465 separatus
2681 4396 2892 4450 sedebit
2938 4394 3093 4461 foris,
3135 4405 3293 4452 extra
3328 4408 3506 4453 castra
3560 4398 3673 4453 erit

2080 4489 2427 4544 conversatio
2457 4485 2595 4555 ejus.
2635 4504 2652 4539 ι
2698 4486 2918 4542 Clarum
2952 4490 3197 4558 estquod
3221 4490 3398 4545 omnis
3425 4489 3665 4544 immun—

2082 4582 2186 4637 dus
2212 4581 2501 4650 abjiciatur
2521 4599 2549 4636 a
2581 4589 2853 4638 conventu
2881 4579 3170 4647 bonorum,
3198 4590 3254 4637 et
3287 4593 3609 4653 segregetur
3633 4599 3664 4638 a

2080 4686 2249 4741 coetu,
2305 4676 2613 4745 castrisque
2670 4684 3018 4741 sanctorum;
3075 4683 3131 4728 et
3182 4675 3306 4728 ideo
3342 4676 3495 4741 dicit,
3535 4675 3673 4746 quia

2078 4777 2233 4823 extra
2280 4778 2463 4823 castra
2508 4768 2615 4821 erit
2649 4766 2994 4823 conversatio
3030 4763 3167 4831 ejus.
3209 4767 3363 4833 Quod
3425 4767 3469 4822 si
3521 4767 3671 4824 forte

2083 4862 2373 4915 mundatus
2407 4859 2589 4922 fuerit,
2631 4868 2827 4928 sponte
2858 4858 3106 4927 quidem,
3149 4873 3180 4911 a
3225 4860 3523 4930 semetipso
3555 4875 3663 4915 non

2080 4954 2228 5007 venit
2255 4952 2318 5006 ad
2352 4954 2697 5008 sacerdotem
2729 4968 2744 5018 ;
2785 4953 2878 5005 sed
2922 4949 3169 5013 ollertur,
3210 4954 3408 5025 inquit,
3436 4951 3506 5007 ab
3533 4953 3665 5019 alio,

2078 5059 2178 5099 nec
2214 5045 2381 5098 intrat
2431 5043 2484 5099 in
2513 5053 2715 5100 castra.
2747 5045 2937 5113 Neque
2968 5046 3115 5099 enim
3148 5047 3479 5101 conveniens
3510 5051 3662 5111 erat,

2076 5147 2139 5192 ut
2166 5152 2229 5192 ea
2257 5138 2345 5193 die
2379 5153 2487 5209 qua
2518 5139 2906 5205 mundabatur,
2961 5142 3278 5211 priusquam
3328 5139 3525 5194 flerent
3563 5152 3671 5207 pro

2076 5242 2141 5283 eo
2173 5243 2296 5300 quin
2324 5229 2742 5298 competebant,
2794 5235 3046 5291 introiret
3091 5235 3147 5288 itt
3182 5241 3388 5287 castra.
3433 5227 3655 5297 Propter

2070 5326 2219 5397 quod
2242 5344 2259 5375 ι
2284 5326 2564 5391 sacerdos,
2598 5325 2774 5397 inquit
2794 5326 3027 5393 “,exibit
3056 5328 3123 5381 ad
3160 5339 3286 5381 eum
3321 5324 3468 5378 foras
3501 5328 3655 5375 extra

456 5451 505 5484 ”
545 5449 701 5507 Joau.
729 5452 900 5519 v.14.
980 5455 996 5486 ⁸
1019 5454 1192 5557 Le.vit.
1221 5472 1341 5522 xui,
1375 5454 1465 5510 40.
1540 5460 1561 5490 ³
1593 5457 1720 5512 ibid.
1764 5456 1856 5512 45.
1934 5459 1954 5489 ⁸

2067 5459 2119 5516 il.
2160 5476 2209 5525 ι,
2245 5462 2333 5519 l6.
2411 5458 2615 5515 ‘Levit.
2648 5476 2770 5527 χιιι,
2798 5459 2887 5515 46.
2964 5461 2985 5493 ⁸
3016 5460 3192 5514 Levit.
3226 5474 3337 5523 xiv,
3369 5458 3425 5512 8.

467 5570 579 5654 (ἵιξι)
618 5572 800 5654 codex
835 5574 1147 5654 Sanggrm.,
1189 5594 1208 5654 ς
1235 5586 1291 5631 ει
1320 5579 1424 5634 hoc
1454 5579 1583 5634 dicit
1613 5592 1733 5634 esse
1764 5583 1967 5650 lepram

388 5657 513 5710 qua:
538 5643 587 5694 in
621 5643 909 5700 adustione
938 5646 1254 5701 ellloruerit.
1281 5665 1300 5699 ι

465 5712 577 5783 (54)
617 5711 771 5770 Libb.
805 5716 961 5781 editi,
999 5735 1016 5767 ι
1049 5716 1270 5771 calvitio
1300 5717 1384 5772 vel
1414 5718 1830 5777 recalvationea
1866 5720 1971 5776 Sed

393 5783 569 5839 codex
609 5784 892 5852 Sangerm.
919 5796 972 5843 et
1004 5787 1095 5844 alii
1123 5796 1184 5843 ut
1213 5788 1265 5843 itt
1295 5798 1482 5846 nostro
1513 5798 1687 5847 textu.

2154 5584 2266 5656 (55)
2310 5585 2468 5641 Libb.
2522 5593 2683 5656 antea
2730 5582 2857 5638 editi
2881 5625 2904 5656 _,
2942 5600 2961 5633 ι
3005 5580 3329 5656 repullulare
3387 5578 3659 5649 ceperim

2081 5650 2357 5712 sordidius
2527 5655 2853 5709 videbuntur
2879 5653 3176 5714 itnntunda,
3212 5666 3274 5701 ac
3302 5650 3592 5718 lcprosam,
3636 5668 3655 5701 ι

2082 5740 2190 5785 etc.
2228 5726 2456 5784 Codices
2481 5740 2613 5783 vero
2635 5738 2766 5780 mss.
2792 5730 2849 5776 ut
2876 5723 2927 5777 in
2958 5730 3143 5774 nostro
3185 5729 3353 5777 textu.
