4124 6416
520 345 627 401 505

1958 357 2283 414 ORIGENIS

3675 369 3780 425 501

518 474 721 519 castra.
773 482 789 515 ι
833 463 1057 531 Semper
1082 466 1223 521 enim
1255 466 1321 519 ad
1348 482 1470 522 eum
1496 469 1588 539 qui
1644 471 1885 527 nondum
1921 485 2099 544 potest
2127 480 2174 535 Α
2205 494 2311 532 non
2357 478 2472 547 ipse
2497 480 2754 534 sacerdos
2786 479 3071 535 immolare
3104 478 3363 551 gallinam
3390 480 3609 546 dicitur,
3644 498 3781 537 non-

526 555 751 609 introire
780 554 832 607 in
866 563 1072 620 castra,
1106 556 1221 609 exit
1252 556 1339 611 ille
1388 560 1477 627 qui
1522 569 1699 629 potest
1745 564 1899 617 exire
1942 575 2095 619 extra

519 656 722 708 castra,
764 646 856 713 qui
899 644 1030 699 dicit
1056 646 1075 677 ⁸
1110 663 1122 698 :
1157 664 1175 699 ι
1216 646 1329 718 Ego
1368 665 1397 703 a
1442 650 1549 707 Deo
1579 653 1748 717 exivi,
1791 664 1846 708 et
1888 657 2009 709 veni
2042 656 2095 709 in

521 737 662 789 hunc
696 736 975 794 mundum.
1007 754 1026 788 ι
1057 738 1181 791 Exit
1203 753 1333 809 ergo
1353 741 1417 796 ad
1445 758 1565 796 eum
1590 746 1868 811 sacerdos,
1891 756 1944 801 et
1968 763 2095 802 con-

517 827 725 881 siderat
747 830 792 881 si
830 828 945 898 jam
990 830 1192 899 recepit
1221 834 1533 902 sanitatem,
1566 837 1608 891 si
1638 852 1666 891 a
1706 837 1869 907 lepra:
1903 850 2094 895 conta-

514 919 676 985 gione
703 928 965 987 purgatus
995 929 1099 973 est.
1144 918 1280 975 Cum
1318 932 1497 978 autem
1530 927 1729 982 viderit
1763 943 1886 983 eum
1912 945 2093 985 sacer-

513 1010 637 1073 dos,
673 1012 921 1081 praecipit
955 1032 973 1064 ι
1018 1025 1076 1069 ιιι
1102 1016 1443 1086 accipiantur
1465 1018 1583 1072 dua}
1614 1020 1830 1090 gallina:
1858 1023 2014 1087 vivae,
2043 1026 2091 1078 ei

513 1104 605 1171 qui
635 1106 945 1173 inundatur,
978 1115 1033 1161 et
1074 1108 1279 1177 lignum
1322 1109 1623 1175 cedriuum,
1670 1121 1723 1166 et
1755 1127 1953 1170 coccus
1985 1126 2094 1169 tor-

516 1206 622 1262 tus,
664 1206 716 1250 et
748 1196 1081 1267 hyssopus".
1115 1218 1135 1251 ι
1180 1198 1445 1253 Videntur
1477 1201 1605 1254 mihi
1649 1202 1812 1257 etiam
1845 1205 1931 1259 hic
1970 1206 2091 1260 dua:

514 1289 629 1342 istae
645 1290 882 1358 gallinae,
910 1289 1109 1345 habere
1132 1290 1540 1347 similitudinem
1560 1296 1843 1362 quamdam
1859 1297 2085 1351 duorum

512 1380 814 1446 hircorum,
865 1395 932 1435 ex
973 1382 1171 1449 quibus
1204 1398 1342 1437 unus
1381 1384 1605 1439 Domino
1635 1386 1893 1454 offertur,
1950 1390 2086 1445 alius

512 1471 566 1525 in
614 1487 858 1526 eremmn
893 1473 1200 1541 emittitur;
1250 1475 1324 1528 ita
1357 1476 1501 1530 enfm
1545 1486 1599 1531 et
1635 1479 1720 1533 hic
1768 1496 1829 1533 ex
1880 1480 2085 1535 duabus

509 1564 729 1631 gallinis
762 1580 862 1618 una
906 1564 1222 1619 immolatur
1245 1607 1259 1628 ,
1285 1574 1339 1620 ct
1364 1568 1469 1621 alia
1501 1568 1552 1621 in
1582 1584 1829 1639 campum
1856 1573 2084 1626 dimitti-

512 1665 620 1707 tur.
653 1654 752 1707 Dat
784 1668 915 1722 ergo
940 1666 992 1708 ct
1023 1655 1110 1709 hic
1141 1654 1230 1724 qui
1273 1668 1533 1725 purgatur
1560 1673 1589 1711 a
1622 1658 1768 1727 lepra
1800 1701 1814 1724 ,
1848 1661 2081 1730 aliquant

510 1752 717 1812 partem
751 1745 1171 1813 qumabjiciatur
1205 1747 1255 1801 in
1287 1760 1567 1801 eremum:
1594 1749 1700 1803 alia
1726 1760 1904 1805 autem
1935 1768 2080 1820 pars,

507 1835 734 1888 Domino
754 1834 978 1888 oll'ertur
1009 1851 1107 1904 pro
1129 1851 1214 1890 eo.
1239 1835 1486 1891 Nondum
1518 1846 1698 1892 tamen
1725 1840 1815 1894 hic
1839 1842 1929 1909 qui
1951 1857 2081 1911 pur-
2120 1823 2159 1875 Β

505 1936 663 1996 gatur
686 1942 713 1979 a
730 1926 902 1996 lepra,
918 1936 971 1979 et
991 1926 1145 2007 olTert
1163 1927 1418 1993 gallinas,
1436 1930 1597 1984 etiam
1621 1931 1764 1985 illam
1784 1932 1951 2002 ipsam
1968 1934 2081 2004 (56)

505 2032 627 2083 qua:
691 2032 788 2086 pro
841 2031 905 2072 eo
966 2016 1197 2072 Domino
1255 2018 1516 2085 oll‘ertur,
1576 2023 1640 2074 ad
1704 2021 1875 2078 altare
1926 2023 2081 2079 ol'lert

506 2106 650 2158 sicut
674 2114 913 2159 turtures
934 2145 949 2171 ,
990 2113 1085 2158 aut
1106 2105 1411 2162 columbas.
1442 2107 1690 2164 Nondum
1721 2112 1865 2166 enim
1893 2112 2078 2167 eadem

502 2197 590 2250 die
624 2196 669 2249 is
710 2197 804 2264 qui
849 2205 1111 2265 purgatur
1161 2213 1191 2251 a
1243 2197 1413 2267 lepra,
1459 2201 1640 2254 divino
1692 2202 1849 2257 altari
1886 2206 2079 2273 dignus

505 2287 756 2341 ellicitur.
792 2286 1024 2354 Propter
1060 2290 1204 2358 quod
1236 2292 1456 2345 mandat
1484 2291 1778 2362 lcgislator,
1807 2304 1864 2349 ut
1889 2298 2077 2350 eadem

505 2378 596 2431 die
625 2392 730 2448 qua
766 2389 1048 2447 purgatur,
1084 2380 1426 2451 accipiantur
1449 2384 1566 2439 dua:
1589 2386 1799 2452 gallina:
1829 2388 1894 2441 ad
1924 2390 2076 2456 puri-

506 2471 813 2525 ticationcm
837 2472 976 2539 ejus.
1024 2470 1163 2527 Puto
1197 2484 1380 2529 autem
1411 2476 1550 2544 quod
1591 2488 1645 2532 et
1679 2479 1766 2533 hic
1794 2479 1938 2535 illius
1963 2482 2078 2551 gal-

502 2568 624 2622 lina:
658 2568 968 2624 intellectus
994 2567 1227 2622 latenter
1256 2569 1545 2636 habeatur,
1569 2587 1665 2642 per
1697 2588 1856 2641 quam
1890 2576 2077 2645 puriﬁ-

499 2660 645 2714 catio
696 2660 930 2715 cllicitur
980 2665 1311 2733 peccatoris,
1348 2665 1413 2718 de
1455 2680 1559 2734 qua
1596 2665 1857 2734 scriptum
1898 2677 1980 2722 est
2010 2669 2069 2721 δε

503 2771 523 2803 ι
561 2754 786 2819 Quoties
817 2755 961 2809 volui
992 2771 1326 2827 congregare
1361 2756 1505 2811 filios
1530 2766 1671 2823 tuos,
1705 2759 1846 2813 sicut
1877 2761 2071 2829 gallina

497 2853 797 2914 congregat
829 2846 1002 2915 pullos
1048 2862 1176 2903 suos
1224 2849 1323 2902 sub
1368 2846 1469 2902 alis
1502 2847 1643 2911 suis,
1671 2856 1725 2902 et
1747 2847 1966 2904 nolusti
2000 2850 2065 2904 ’ἓν

501 2940 713 3011 lndiget
746 2951 929 2998 tamen
968 2953 1022 2997 ut
1055 2958 1152 3012 per
1192 2942 1397 3012 lignum
1436 2942 1719 2996 cedriuum
1757 2944 2075 3012 puriﬁcetur

498 3034 543 3089 is
566 3034 656 3103 qui
682 3033 1022 3103 puriﬁcatur.
1051 3034 1389 3105 lmpossibile
1411 3049 1648 3103 namque
1667 3046 1749 3090 est
1777 3038 1893 3091 sine
1926 3037 2071 3106 ligno

2202 569 2329 622 dum
2362 568 2506 623 enim
2536 569 2730 638 dignus
2757 578 2842 624 est
2870 570 2957 624 hic
2984 570 3076 638 qui
3108 571 3209 624 fuit
3263 571 3532 639 leprosus,
3577 581 3634 624 ut
3664 574 3779 641 ipse

2202 658 2459 713 sacerdos
2488 674 2586 727 pro
2608 672 2672 711 eo
2702 658 2967 713 immolet.
2998 659 3226 730 Pr0pter
3255 663 3396 730 quod
3430 678 3529 717 nec
3555 667 3772 733 sanguis

2201 751 2413 820 gallinae
2435 748 2663 804 offertur
2693 751 2758 803 ad
2796 751 3004 815 altare,
3039 753 3133 806 sed
3165 753 3295 808 dicit
3329 754 3452 822 quia
3492 756 3769 809 occidetur

2198 843 2397 912 gallina
2429 841 2481 895 in
2506 840 2728 896 vasculo
2759 839 2909 895 lictili
2944 880 2957 903 ,
2993 840 3044 893 in
3077 856 3186 911 quo
3219 856 3349 896 vase
3380 857 3521 911 aqua
3560 845 3678 897 viva
3702 844 3773 898 sit

2200 936 2391 997 missa,
2433 944 2491 987 ut
2527 944 2580 987 ct
2611 948 2748 1003 aqua
2785 942 3098 986 assumatur
3122 933 3187 985 ad
3215 932 3650 999 purificationem
3670 975 3685 996 ,
3718 944 3773 987 et

2196 1023 2534 1093 compleatur
2568 1022 2846 1093 plenitudo
2872 1020 3114 1090 mystcrii
3147 1022 3198 1074 in
3222 1036 3360 1090 aqua
3390 1031 3445 1075 et
3479 1024 3769 1091 sanguine,

2196 1118 2339 1186 quod
2378 1117 2582 1172 dicitur
2612 1116 2795 1171 exisse
2824 1115 2888 1168 de
2917 1112 3087 1165 latere
3118 1111 3423 1171 Salvatoris
3452 1115 3519 1176 η.
3555 1127 3609 1171 et
3640 1116 3769 1170 illml

2197 1210 2548 1265 nihilominus
2579 1212 2721 1279 quod
2753 1210 2991 1269 Joannes
3024 1217 3173 1286 ponit
3215 1217 3265 1269 in
3304 1212 3543 1284 Epistola
3577 1224 3669 1263 sua
3701 1209 3767 1273 ",

2195 1309 2248 1352 et
2278 1300 2411 1354 dicit
2445 1300 2877 1370 purificationem
2938 1303 3051 1356 lieri
3096 1306 3150 1358 in
3180 1317 3343 1370 aqua,
3374 1309 3432 1354 et
3464 1298 3764 1366 sanguine,

2193 1402 2247 1445 et
2288 1393 2501 1461 spiritu.
2541 1391 2691 1448 Unde
2722 1402 2777 1448 et
2815 1394 2902 1448 hic
2933 1396 3090 1449 video
3133 1395 3315 1449 omnia
3355 1393 3455 1446 ista
3479 1389 3764 1458 compleri.

2195 1486 2429 1554 Spiritus
2466 1487 2610 1540 enim
2652 1498 2736 1541 est
2784 1488 2982 1558 gallina
3017 1488 3173 1541 istius
3208 1501 3328 1555 quze
3376 1483 3665 1547 occiditur,
3713 1491 3768 1534 et

2191 1595 2330 1648 aqua
2360 1580 2477 1634 viva
2510 1594 2629 1648 quae
2650 1581 2701 1634 in
2723 1595 2853 1635 vase
2884 1589 3061 1647 cSI,et
3089 1579 3309 1649 sanguis
3331 1578 3419 1646 qui
3458 1592 3621 1644 super
3646 1591 3764 1629 eam

2190 1669 2416 1725 dill‘usus
2454 1680 2557 1735 est,
2593 1686 2694 1724 non
2722 1671 2865 1741 quod
2901 1687 2996 1742 per
3037 1673 3151 1726 hzec
3180 1672 3479 1725 iterandam
3510 1667 3764 1735 baptismi

2190 1762 2413 1833 gratiam
2450 1762 2770 1827 sentiamus,
2808 1763 2901 1817 sed
2928 1763 3069 1831 quod
3099 1763 3277 1817 omnis
3299 1760 3604 1831 puriﬁcatio
3634 1775 3762 1828 pec-

2193 1864 2458 1920 calorum,
2482 1854 2644 1908 etiam
2677 1854 2789 1908 lucc
2809 1872 2926 1923 quae
2954 1870 3049 1925 per
3074 1852 3448 1924 ptenitentiam
3478 1852 3761 1920 qumritur,

2192 1945 2334 1999 illius
2368 1959 2471 2015 ope
2534 1945 2771 2013 indiget,
2825 1947 2891 2000 de
2920 1945 3079 2014 cujus
3116 1945 3284 1999 latere
3319 1958 3454 2013 aqua
3495 1944 3763 2012 processit

2188 2046 2241 2091 et
2273 2038 2519 2105 sanguis.
2557 2036 2687 2092 Vide
2719 2052 2847 2108 ergo
2888 2038 3163 2107 quomodo
3190 2045 3246 2091 et
3289 2036 3409 2090 viva
3443 2035 3678 2105 gallina,
3706 2042 3762 2088 et

2190 2127 2391 2197 lignum
2416 2128 2726 2193 cedriuum,
2759 2139 2814 2183 et
2836 2130 3117 2184 coccinum
3152 2138 3380 2192 tortum,
3408 2138 3462 2183 et
3493 2130 3761 2199 hyss0pus

2189 2219 2413 2289 tingitur
2442 2219 2493 2272 in
2526 2220 2793 2288 sanguine
2852 2220 2980 2288 pulli
3020 2230 3075 2274 et
3106 2235 3242 2290 aqua
3278 2220 3422 2285 viva,
3454 2229 3512 2273 ιιι
3542 2235 3608 2272 ex
3657 2219 3759 2274 hoc

2186 2324 2462 2378 aspersus,
2497 2320 2553 2365 et
2579 2311 2897 2379 puriﬁcatus
2924 2327 2990 2366 ex
3022 2327 3158 2379 aqua
3183 2322 3237 2365 et
3263 2311 3549 2377 sanguine,
3578 2310 3757 2377 inquo

2186 2406 2347 2459 tincta
2365 2414 2449 2460 est
2467 2416 2521 2460 et
2536 2404 2625 2458 illa
2640 2404 2835 2474 gallina
2856 2420 2975 2474 qua:
2991 2406 3040 2458 iu
3059 2420 3308 2472 campum
3328 2404 3595 2458 emittitur
3617 2403 3754 2473 (38),

2182 2511 2237 2551 et
2262 2499 2463 2567 septies
2506 2508 2699 2553 contra
2742 2498 3025 2551 Dominum
3069 2511 3373 2565 respersus,
3401 2496 3446 2551 is
3479 2497 3569 2566 qui
3603 2499 3756 2566 puri—

2186 2591 2379 2643 ﬁcatur
2410 2592 2644 2644 mundus
2666 2588 2939 2643 elliciatur
2972 2589 3042 2644 ab
3068 2589 3215 2644 omni
3246 2589 3609 2654 immunditia,
3647 2605 3751 2658 qua

2182 2682 2359 2737 fuerat
2383 2697 2449 2737 ex
2482 2682 2645 2751 lepra:
2678 2681 3001 2750 contagione
3030 2695 3336 2747 possessus.

2264 2770 2354 2824 ll.
2398 2768 2505 2824 Sed
2529 2778 2586 2824 et
2610 2767 2738 2822 illud
2769 2770 3010 2834 adverte,
3042 2769 3313 2839 quomodo
3342 2782 3464 2823 cum
3513 2770 3761 2837 superius

2191 2859 2396 2914 dixerit
2424 2859 2506 2911 ’δε
2548 2878 2565 2911 ι
2606 2857 2730 2913 llaec
2757 2858 2842 2913 lex
2874 2858 3069 2926 leprosi
3121 2859 3174 2912 in
3220 2874 3325 2927 qua
3360 2857 3446 2914 die
3473 2860 3760 2915 mundatus

2191 2952 2373 3013 fuerit,
2400 2968 2418 3002 ι
2444 2965 2588 3005 nunc
2617 2950 2701 3004 his
2730 2949 2983 3003 omnibus
3004 2950 3175 3014 addit,
3200 2958 3253 3005 et
3278 2949 3447 3004 dicit:
3479 2968 3497 3002 ι
3530 2960 3584 3004 et
3608 2966 3758 3004 mun-

2189 3045 2290 3099 dus
2321 3044 2446 3098 erit.
2482 3062 2502 3096 ι
2535 3042 2590 3099 Si
2622 3042 2768 3097 enim
2800 3042 2971 3097 semel
3005 3042 3212 3111 abjccta
3261 3042 3407 3111 lepra
3462 3043 3757 3097 mundatus

492 3128 696 3194 crucis,
732 3128 936 3198 peccati
978 3127 1179 3198 lepram
1215 3142 1372 3197 posse
1407 3127 1651 3198 purgari,
1686 3127 1787 3182 nisi
1813 3128 2070 3182 adhibea-
2097 3169 2141 3227 ϐ
2178 3147 2281 3202 εει,
2314 3140 2583 3208 quomodo
2614 3142 2793 3195 adhuc
2841 3144 3076 3198 mundus
3130 3142 3274 3196 erit?
3304 3140 3408 3197 sed
3450 3141 3572 3193 vide
3619 3142 3745 3208 quia

499 3231 591 3275 tur
636 3231 691 3275 et
748 3221 950 3290 lignum
1002 3222 1053 3275 in
1107 3237 1216 3291 quo
1274 3220 1559 3287 Salvator,
1617 3221 1760 3275 sicut
1799 3222 2073 3290 apostolus

495 3314 699 3369 Paulus
751 3314 932 3368 dixit’
960 3314 1111 3368 exuit
1144 3333 1161 3365 ι
1200 3314 1573 3383 principatus,
1625 3323 1674 3368 et
1729 3323 2026 3381 potestates
2053 3358 2068 3381 ,

496 3406 838 3474 triumphans
858 3419 953 3459 eos
985 3406 1038 3457 in
1067 3405 1230 3473 ligno.
1258 3423 1276 3456 ι
1296 3402 1554 3473 Jungitur
1581 3415 1759 3459 tamen
1785 3405 1850 3460 ad
1880 3421 2072 3461 eniuno

494 3497 771 3549 dationem
810 3494 971 3563 lepra:
1002 3494 1182 3561 hujus,
1217 3496 1382 3548 etiam
1424 3511 1619 3551 coccus
1652 3505 1847 3561 tortus,
1887 3500 2070 3553 socia.

494 3597 584 3639 tur
607 3593 662 3639 et
695 3586 981 3654 hyssopus.
1028 3586 1233 3640 Coccus
1278 3594 1458 3640 tortus
1497 3585 1722 3655 ﬁguram
1757 3588 1898 3643 sacri
1941 3604 2070 3643 sane

494 3675 674 3744 guinis
704 3677 971 3742 continet,
997 3676 1088 3744 qui
1120 3675 1186 3729 de
1213 3675 1331 3745 ejus
1377 3676 1549 3730 latere
1592 3693 1689 3745 per
1717 3678 1920 3733 lancem
1949 3680 2061 3734 vul-

492 3784 595 3821 nus
611 3778 830 3823 exortus
845 3777 946 3825 est.
966 3768 1028 3822 Et
1050 3769 1335 3838 hyssopus.
1364 3770 1473 3826 lloc
1504 3786 1675 3842 genus
1698 3772 1878 3826 herbae
1905 3782 2066 3827 natu-

497 3876 616 3913 ram
639 3861 838 3914 habere
876 3861 1069 3915 medici
1099 3861 1301 3925 ferunt,
1327 3873 1383 3916 ut
1407 3864 1651 3920 diluatet
1672 3877 1935 3937 expurget
1954 3865 2066 3938 (57)

491 3957 533 4009 si
567 3970 687 4024 qua:
720 3954 827 4008 illic
861 3956 1065 4023 pectori
1096 3957 1373 4011 hominum
1401 3958 1590 4012 sordes
1620 3971 1687 4011 ex
1716 3960 2067 4027 corruptione

492 4053 637 4104 noxii
681 4050 926 4103 humoris
946 4051 1264 4106 insederint.
1300 4048 1452 4105 Unde
1474 4060 1530 4103 et
1561 4052 1870 4106 necessario
1894 4053 1947 4106 in
1974 4069 2068 4109 ex-

491 4141 808 4211 purgatione
829 4152 1191 4211 peccatorum,
1209 4141 1581 4212 hujuscemodi
1617 4146 1878 4212 graminis
1895 4145 2064 4212 ﬁgura

488 4243 739 4301 suscepta
764 4243 866 4297 est.
889 4232 1096 4289 Coccus
1127 4248 1257 4288 vero
1285 4233 1427 4302 quod
1462 4248 1605 4303 saepe
1629 4245 1875 4305 sumptus
1904 4238 1974 4292 sit
1996 4238 2063 4292 ad

489 4326 679 4381 salutis
708 4326 966 4390 subsidia,
999 4326 1051 4379 in
1080 4326 1278 4379 divinis
1310 4323 1497 4378 rcl‘crri
1532 4325 1898 4383 voluminibus
1980 4330 2065 4384 in-

489 4421 754 4481 venimus,
794 4420 936 4473 sicut
966 4420 1019 4473 in
1058 4430 1217 4487 partu
1273 4420 1538 4485 Thamar,
1570 4438 1691 4477 cum
1725 4441 1743 4473 ι
1781 4436 1940 4487 unus,
1974 4423 2064 4477 in-

2174 3230 2388 3283 etiamsi
2442 3232 2729 3286 mundetur
2759 3234 2880 3302 quis
2913 3248 2941 3286 a
2966 3244 3210 3303 peccato,
3240 3243 3421 3288 etnon
3450 3232 3519 3286 sit
3551 3232 3660 3298 jam
3690 3230 3747 3282 in

2172 3334 2337 3388 opere
2361 3322 2589 3391 peccati,
2612 3322 2726 3390 ipsa
2757 3332 2932 3379 tamen
2966 3323 3194 3392 vestigia
3223 3322 3450 3378 sceleris
3468 3319 3746 3375 commissi

2173 3410 2553 3478 purificatione
2585 3412 2847 3479 indigent,
2890 3424 2945 3467 et
2975 3428 3037 3467 ea
3073 3427 3235 3481 quam
3288 3412 3658 3480 exposuimus,
3695 3418 3747 3463 et

2172 3503 2293 3556 aliis
2322 3503 2809 3574 nihilomiuusquae
2831 3506 3158 3559 mandantur
3183 3504 3296 3577 ('59)
3327 3506 3378 3558 in
3409 3519 3741 3572 consequen-

2173 3595 2333 3649 tibus.
2383 3593 2805 3651 Observavimus
2859 3595 3001 3649 enim
3057 3597 3123 3649 ad
3155 3597 3256 3649 hoc
3306 3595 3447 3665 quod
3483 3593 3743 3662 scriptmn

2170 3700 2255 3743 est
2295 3687 2361 3741 de
2395 3686 2566 3757 lepra,
2605 3703 2623 3737 ι
2665 3686 2716 3740 iu
2744 3702 2850 3755 qua
2890 3686 2977 3740 die
3014 3687 3303 3740 mundatus
3345 3684 3531 3748 fuerit,
3570 3704 3590 3737 ι
3625 3694 3739 3753 post

2171 3780 2286 3834 haec
2333 3779 2479 3834 inter
2529 3789 2723 3835 caztera
2795 3793 2915 3847 qua:
2988 3778 3347 3846 mandantur,
3432 3777 3596 3831 tertio
3658 3778 3737 3831 di-

2168 3879 2315 3923 ctum
2377 3883 2538 3933 esse,
2593 3886 2612 3919 ι
2664 3878 2718 3923 et
2755 3869 2987 3922 mundus
3061 3866 3205 3932 erit,
3259 3885 3278 3918 ι
3328 3875 3383 3921 et
3430 3865 3624 3920 iterum
3677 3873 3741 3919 ad

2170 3959 2419 4013 ultimum
2460 3959 2722 4029 scriptum
2764 3972 2918 4022 esse,
2963 3976 2981 4009 ι
3018 3966 3073 4012 et
3116 3958 3493 4013 mundabitur.
3533 3977 3551 4010 ι
3590 3957 3744 4013 Unde

2169 4048 2299 4102 mihi
2338 4049 2555 4104 videtur
2577 4064 2700 4104 esse
2727 4050 2992 4118 quasdam
3026 4056 3080 4102 et
3117 4048 3169 4101 in
3212 4048 3328 4119 ipsa
3363 4048 3745 4117 puriﬁcatione

2168 4137 2525 4204 diﬂ‘erentias,
2559 4147 2635 4203 et,
2671 4146 2731 4192 ut
2775 4139 2849 4192 ita
2878 4138 3139 4201 dixerim,
3167 4137 3453 4206 profectus
3482 4136 3741 4205 quosdam

2170 4231 2582 4302 purgationum.
2630 4230 2821 4286 Potest
2871 4232 3015 4285 enim
3061 4230 3210 4284 etde
3245 4227 3334 4283 illo
3361 4229 3450 4298 qui
3499 4238 3740 4283 cessata

2174 4332 2402 4392 peccato
2436 4323 2569 4391 dici,
2609 4341 2628 4374 ι
2666 4330 2724 4377 et
2748 4322 2980 4376 mundus
3017 4321 3142 4384 erit,
3173 4321 3302 4374 ised
3334 4334 3438 4373 non
3455 4319 3638 4373 statim
3669 4319 3739 4372 ita

2172 4415 2410 4469 mundus
2436 4414 2743 4478 videbitur,
2774 4424 2832 4467 ut
2871 4414 2939 4467 ad
2970 4426 3239 4466 summam
3274 4411 3525 4480 puritatis
3550 4426 3737 4464 acces-

487 4511 606 4578 quit
636 4510 703 4573 ".
757 4512 907 4578 prior
961 4510 1182 4577 protulit
1228 4526 1467 4567 manum.
1514 4512 1802 4582 Accipiens
1875 4522 2059 4568 autem
2094 4516 2139 4571 Ι)
2169 4507 2325 4561 serit.
2359 4506 2602 4577 Denique
2631 4508 2782 4561 addit
2814 4506 2900 4560 his
2921 4519 3041 4573 quae
3075 4503 3312 4566 dixerat,
3352 4520 3371 4553 ι
3408 4502 3460 4556 in
3501 4516 3741 4571 quacun—

487 4602 749 4655 ohstetrix
792 4615 1035 4665 coccum,
1077 4600 1320 4670 alligavit
1351 4603 1402 4655 in
1440 4618 1602 4657 manu
1652 4603 1800 4670 ejus,
1836 4603 2061 4658 dicens:

489 4690 586 4744 llic
638 4689 799 4761 234
833 4690 1005 4743 exibit
1061 4691 1229 4759 prior.
1275 4709 1293 4743 ι
1329 4690 1433 4746 Sed
1454 4701 1510 4744 et
1545 4691 1736 4745 Rahab
1781 4692 2059 4753 meretrix,

488 4795 608 4833 cum
631 4780 1007 4849 exploratores
1030 4780 1379 4851 suscepisset,
1419 4790 1473 4836 et
1504 4792 1722 4851 pactum
1749 4781 1942 4836 salutis
1972 4797 2065 4837 ac-

487 4870 710 4938 ciperet,
744 4879 798 4924 ct
822 4869 929 4923 illi:
970 4889 987 4921 ι
1012 4868 1177 4935 Pone,
1222 4870 1469 4940 inquiunt
1506 4874 1573 4937 ιι,
1605 4871 1813 4941 signum
1844 4875 2067 4928 resticu-

487 4958 591 5012 lam
632 4960 963 5025 coccineam,
994 4968 1051 5013 et
1072 4960 1314 5030 alligabis
1344 4976 1462 5015 cam
1497 4962 1548 5015 in
1573 4962 1812 5017 fenestra
1845 4965 1944 5018 ista
1970 4980 2067 5033 per

486 5064 646 5117 quam
679 5049 971 5118 deposuisti
995 5064 1114 5104 uos.
1140 5067 1158 5101 ι
1185 5050 1426 5106 Observa
1457 5058 1636 5105 tamen
1663 5060 1718 5106 et
1744 5050 1895 5115 illud,
1918 5052 2066 5121 quod

555 5242 577 5272 ⁸
600 5241 754 5296 Joan.
781 5256 900 5305 xvi,
938 5240 1029 5295 28.
1104 5240 1124 5271 ν
1148 5238 1319 5294 Levit.
1342 5255 1451 5302 xlv,
1482 5239 1538 5293 4.

484 5331 549 5380 ιι,
579 5314 664 5367 13.
739 5313 782 5345 ι’
806 5310 959 5365 Joan.
987 5326 1101 5373 xix,
1132 5311 1222 5365 54.
1300 5310 1343 5341 ¹⁸
1372 5310 1390 5363 Ι
1422 5309 1579 5365 Joau.
1610 5326 1661 5366 v.

555 5429 667 5499 ('56)
710 5428 887 5482 Etiam
919 5428 1066 5482 illam
1122 5428 1309 5495 ipsum,
1347 5439 1453 5483 etc.
1500 5428 1589 5484 Sic
1626 5430 1825 5484 habent
1872 5445 2062 5485 omnes

485 5500 702 5553 codices
749 5515 878 5551 mss.
917 5499 969 5549 ln
996 5568 1003 5569 ί
1028 5508 1186 5550 antea
1223 5500 1384 5569 editis
1440 5500 1654 5567 legitur,
1678 5517 1709 5569 rc
1745 5501 1908 5553 etiam
1946 5502 2061 5569 ipsa

486 5569 577 5619 illa
612 5583 730 5633 quae
762 5584 861 5632 pro
892 5584 956 5621 co
992 5568 1219 5621 Domino
1242 5567 1503 5633 oﬂ'erlur,
1544 5570 1611 5623 ad
1642 5568 1813 5622 altare
1839 5567 2064 5624 oﬂ‘ertur

486 5640 625 5690 sicut
660 5646 913 5698 turtures,
949 5648 1044 5690 aut
1071 5638 1356 5691 columbae.
1388 5658 1405 5689 ι

558 5707 669 5773 (57)
713 5706 1010 5777 Horrgenus
1043 5707 1215 5760 herba:
1254 5719 1500 5761 naturam
1535 5708 1721 5760 habere
1746 5709 1932 5761 medici
1981 5709 2061 5777 fe-

488 5786 631 5837 runt,
676 5786 728 5828 ut
764 5776 931 5827 diluat
967 5786 1013 5829 et
1046 5787 1317 5846 expurget,
1360 5789 1465 5833 etc.
1500 5777 1553 5833 ιιι
1584 5794 1610 5831 a
1641 5778 1887 5847 plurimis
1916 5776 2060 5834 assc-

1614 5241 1636 5271 ⁸
1678 5239 1865 5294 Matth.
1889 5257 2046 5305 xxm,
2071 5241 2160 5295 37.
2234 5240 2255 5270 ⁹
2278 5235 2485 5291 Coloss.
2517 5252 2578 5299 ll,
2609 5236 2697 5292 15.

1741 5311 1783 5341 ³⁵
1811 5310 1981 5367 Levit.
2012 5328 2120 5374 XI“,
2149 5312 2205 5364 2.

2172 4612 2276 4665 que
2326 4599 2413 4652 die
2458 4599 2749 4652 mundatus
2793 4596 2976 4661 fuerit,
3018 4603 3071 4647 et
3104 4591 3403 4656 emittetur,
3456 4593 3631 4660 inquit
3673 4592 3738 4656 η,

2167 4691 2285 4743 viva
2318 4690 2513 4760 gallina
2549 4691 2600 4744 in
2649 4695 2995 4757 campum,et
3034 4685 3235 4740 Iavabit
3267 4686 3592 4739 vestimenta
3618 4701 3739 4750 sua,

2176 4784 2223 4837 is
2254 4784 2346 4851 qui
2375 4782 2722 4852 puriﬁcatur.
2758 4799 2777 4833 ι
2816 4778 2944 4833 Post
2971 4780 3086 4833 haec
3121 4787 3351 4838 autenm
3383 4791 3621 4841 omnem,
3663 4778 3741 4830 in-

2168 4876 2307 4944 quit,
2358 4875 2528 4944 pilum
2581 4874 2759 4927 radet.
2796 4891 2814 4925 i
2854 4871 2919 4924 Et
2966 4870 3163 4926 addit:
3197 4888 3221 4920 4
3262 4880 3317 4924 et
3370 4869 3638 4923 Iavabitur
3687 4865 3739 4917 in

2171 4982 2335 5034 aqua.
2372 4984 2390 5018 ι
2435 4965 2500 5018 Ει
2530 4973 2653 5034 post
2689 4967 2801 5019 hazc
2834 4965 3054 5018 additur
3084 4979 3097 5016 :
3132 4981 3151 5013 ι
3187 4962 3252 5015 Ει
3286 4962 3517 5015 mundus
3553 4962 3673 5015 erit.
3716 4979 3737 5013 ι

2171 5052 2354 5122 Neque
2403 5053 2547 5107 enim
2602 5052 2798 5108 sulﬁcit
2830 5053 2975 5122 quod
3012 5052 3067 5105 in
3120 5052 3469 5121 responsione
3528 5050 3740 5105 dixerat

2775 5237 2819 5267 ὀ
2846 5233 3045 5290 Genes.
3095 5249 3329 5299 xxxviii,
3354 5233 3447 5289 28.
3554 5235 3596 5267 ¹¹
3625 5232 3740 5291 Jos.

2283 5308 2460 5362 “ibid.
2500 5308 2531 5360 7
2557 5318 2610 5361 et
2643 5320 2795 5376 seqq.

2164 5430 2323 5490 ritur,
2360 5425 2539 5481 Plinio
2561 5440 2724 5494 sape,
2754 5425 3090 5489 Dioscoride,
3110 5423 3339 5489 aliisque
3363 5437 3587 5494 quorum
3624 5421 3738 5476 loca

2164 5498 2373 5552 indicat
2448 5492 2750 5551 Cotelerius
2804 5496 2855 5549 in
2905 5503 3018 5548 not.
3076 5495 3144 5548 ad
3194 5492 3409 5563 epistol.
3456 5493 3737 5552 Barnaliat,

2164 5569 2540 5708 caggdlss”
2576 5656 2595 5689 ι
2633 5636 2971 5708 emittitur.)
2990 5632 3152 5708 Lilib.
3170 5634 3322 5708 editi,
3348 5651 3364 5683 ι
3393 5630 3734 5685 dimittitur.)

2235 5704 2349 5776 (59⁷)
2392 5706 2551 5760 Libh.
2603 5706 2757 5771 editi,
2813 5726 2829 5776 ι
2879 5704 2982 5757 alia
3018 5704 3374 5757 nihilominus
3424 5714 3537 5768 qua:
3586 5718 3736 5756 litau-

2163 5775 2340 5833 datur.
2379 5796 2398 5830 ›
2436 5776 2540 5831 Sed
2574 5791 2702 5832 mss.
2734 5787 2789 5832 ut
2820 5775 2873 5830 in
2911 5786 3096 5830 nostro
3126 5783 3298 5829 testu.
