4124 6462
392 475 496 530 503

1555 468 1620 522 IN
1664 464 2039 522 LEVITICUM
2075 463 2365 521 llOMlLlA
2399 464 2535 520 VIII.

3550 463 3659 518 506

395 614 415 648 ο
459 593 690 647 tuuudns
721 591 845 655 erit,
874 609 892 642 ι
916 590 1017 645 ιιῙεί
1050 589 1337 657 adjecissct
1375 588 1539 643 ctiam
1566 588 1700 641 btec.
1736 587 1967 641 Sordida
2000 595 2046 649 Α
2076 599 2156 650 es,
2190 584 2312 638 vide
2345 597 2413 637 ne
2443 582 2586 635 ultra
2620 582 2820 651 capitis
2852 580 3144 637 contrahas
3171 581 3407 651 culpam.
3448 583 3659 654 Capitis

390 702 517 753 ergo
532 684 849 738 vestimenta
884 681 1071 735 babuit
1101 696 1271 751 usque
1301 680 1481 733 adhuc
1516 679 1638 742 iste,
1662 679 1752 746 qui
1780 678 1966 748 puriﬁ—

388 787 540 831 catur
570 791 602 829 a
629 776 796 843 lepra,
829 774 995 828 etiam
1028 782 1149 843 post
1185 772 1584 840 aspersionem,
1620 778 1677 823 et
1713 786 1859 824 nunc
1891 771 1970 823 la-

388 885 517 923 vare
548 885 608 923 ea
634 869 877 936 jubetur.
910 865 1041 933 Qua:
1090 874 1273 921 tamen
1301 869 1655 934 vestimenta,
1699 882 1804 920 non
1837 866 1966 919 mihi

386 975 485 1027 per
506 960 688 1014 omnia
724 959 876 1013 mala:
909 966 1141 1013 textura:
1183 958 1440 1013 videntur
1492 959 1681 1015 fuisse.
1714 958 1967 1025 Alioquin

391 1052 548 1118 abjici
579 1067 643 1104 ea
690 1051 863 1119 magis
920 1064 1082 1118 quam
1139 1049 1312 1103 lavari
1368 1052 1710 1121 prazciperct.
1769 1049 1825 1104 In
1864 1064 1969 1117 quo

389 1145 696 1199 ostenditur
731 1158 903 1212 neque
949 1158 1045 1212 per
1072 1143 1254 1196 omnia
1291 1143 1526 1198 alienam
1561 1145 1728 1202 fuisse
1779 1163 1807 1200 a
1856 1148 1967 1200 Deo

389 1234 861 1289 conversationem
891 1233 1029 1301 ejus,
1060 1247 1233 1302 neque
1266 1247 1402 1301 pure
1423 1237 1645 1290 tltlllllllO
1672 1235 1784 1307 (40)
1808 1248 1857 1290 et
1887 1236 1970 1288 in-

393 1336 541 1395 tegre
569 1324 918 1391 custoditam,
940 1341 1044 1379 non
1075 1325 1217 1379 enim
1239 1324 1451 1380 lavaret
1483 1329 1829 1394 vestimenta,
1864 1327 1967 1383 nisi

396 1419 623 1472 fuissent
676 1416 915 1479 sordida,
951 1431 1048 1469 nec
1092 1417 1285 1470 iterum
1328 1417 1451 1470 lotis
1496 1420 1576 1472 eis
1608 1429 1887 1485 uteretur,
1921 1419 1964 1473 si

392 1509 619 1562 fuissent
651 1506 871 1559 teXIrini
900 1504 952 1556 in
982 1505 1231 1559 omnibus
1256 1506 1439 1560 alieni.
1473 1506 1624 1573 Quod
1650 1520 1828 1561 autem
1853 1508 1967 1561 radi

385 1598 605 1667 jubetur
645 1612 864 1649 omnem
905 1596 1096 1665 pilum,
1126 1607 1256 1666 puto
1297 1599 1441 1666 quod
1495 1614 1655 1653 onme
1703 1600 1968 1669 quidquid

388 1688 617 1743 emortui
664 1687 843 1756 operis
874 1688 1067 1741 animm
1099 1690 1285 1754 posita:
1337 1688 1387 1742 in
1424 1691 1663 1757 peccatis
1712 1700 1964 1744 exortum

389 1793 472 1835 cst
509 1782 634 1850 (hoc
663 1781 807 1835 enim
843 1795 983 1833 nunc
1016 1779 1108 1849 pili
1142 1779 1557 1852 nominantur),
1584 1781 1840 1850 jubeatur
1872 1785 1968 1835 ab-

384 1874 575 1941 jicere.
601 1872 863 1926 Peccator
888 1873 1032 1926 enim
1065 1887 1226 1926 omne
1256 1873 1398 1942 quod
1428 1873 1478 1928 ei
1510 1873 1625 1927 sive
1658 1873 1709 1926 in
1734 1873 1964 1928 consilio

391 1976 575 2017 natum
606 1973 712 2029 est,
745 1964 857 2016 sive
884 1963 935 2015 in
971 1962 1162 2025 verbo,
1204 1963 1318 2018 sive
1353 1964 1403 2016 in
1439 1962 1634 2033 opere.
1669 1964 1887 2031 expedit
1914 1964 1960 2018 si

390 2070 517 2107 vere
543 2053 818 2122 puriﬁcari
859 2052 995 2119 vult,
1022 2065 1081 2106 ut
1118 2053 1329 2116 eradat,
1373 2062 1427 2109 et
1466 2053 1710 2124 abjiciat,
1743 2070 1842 2109 nec
1880 2070 1964 2108 re-

386 2148 563 2202 sidere
576 2145 779 2215 aliquid
800 2146 1058 2213 patiatur.
1085 2148 1323 2201 Sanctus
1354 2155 1535 2200 autem
1559 2161 1778 2200 servare
1806 2147 1965 2200 debet

385 2254 600 2293 omnem
653 2237 926 2307 capillum,
949 2246 1006 2292 et
1024 2239 1065 2292 si
1102 2237 1357 2307 possibile
1383 2247 1488 2302 est,
1537 2253 1639 2293 nec
1665 2239 1964 2292 ascendere

388 2330 550 2384 debet
586 2327 794 2382 ferrmn
825 2343 992 2397 super
1023 2339 1183 2397 caput
1213 2328 1364 2398 ejus,
1402 2343 1472 2383 ne
1502 2330 1823 2385 abscindere
1865 2331 1965 2383 ali-

388 2422 514 2489 quid
537 2420 602 2473 de
641 2419 1061 2489 cogitationibus
1091 2420 1205 2474 suis
1238 2420 1596 2489 sapientibus,
1630 2432 1724 2475 aut
1771 2420 1958 2488 dictis,

385 2528 477 2568 aut
505 2514 760 2581 cperibus
784 2514 976 2581 possit.
1011 2512 1137 2565 Inde
1179 2512 1417 2581 denique
1454 2519 1562 2577 est,
1598 2512 1742 2582 quod
1774 2522 1826 2567 et
1857 2512 1961 2566 Sa-

388 2605 545 2658 mueli
583 2602 785 2658 ferrum
817 2604 1020 2658 dicitur
1042 2604 1084 2635 ¹⁶
1110 2620 1213 2659 non
1244 2604 1554 2659 ascendisse
1572 2619 1735 2673 super
1760 2612 1959 2673 caput:

386 2698 479 2749 sed
526 2706 581 2749 et
606 2696 861 2750 omnibus
888 2694 1248 2756 Nazarzeis”,
1289 2696 1382 2765 qui
1434 2705 1563 2750 sttut
1608 2695 1767 2764 justi,
1826 2695 1954 2764 quia

381 2788 582 2857 justus,
615 2787 755 2840 sicut
800 2788 1065 2855 scriptmn
1123 2797 1204 2841 est
1234 2786 1302 2850 '3,
1337 2805 1356 2838 ι
1397 2787 1580 2841 omnia
1624 2801 1961 2857 quaecunque

388 2876 601 2942 fecerit,
627 2883 1113 2947 prosperabuntur,
1133 2888 1184 2931 et
1204 2876 1328 2932 folia
1359 2877 1477 2946 ejus
1502 2893 1609 2933 non
1642 2878 1955 2933 decidenta

384 2968 522 3024 Hinc
558 2979 612 3023 et
648 2968 1033 3038 discipulorum
1072 2969 1280 3022 Domini
1322 2971 1489 3023 etiam
1531 2969 1715 3039 capilli
1766 2970 1961 3039 capitis

384 3061 639 3115 dicuntur
668 3076 791 3117 esse
831 3063 1089 3114 numerati
1124 3062 1166 3093 ¹⁹
1198 3082 1210 3115 :
1254 3062 1356 3116 hoc
1394 3070 1479 3116 est
1511 3077 1707 3116 omnes
1781 3075 1957 3121 actus.

384 3168 571 3207 omnes
600 3165 898 3214 sermonis,
926 3165 1121 3204 omnes
1142 3150 1499 3219 cogitationes
1524 3166 1712 3237 eorum
1733 3166 1959 3205 servan-

385 3252 473 3294 tur
498 3241 636 3308 apud
671 3240 859 3300 Deum,
891 3238 1016 3306 quia
1042 3237 1223 3305 jnstm,
1253 3239 1381 3307 quia
1412 3249 1619 3294 sanctae
1645 3249 1790 3295 sunt.
1824 3238 1960 3295 Pec—
1983 3277 2028 3334 Ω

380 3342 625 3385 calorum
657 3344 786 3382 vero
814 3343 975 3381 onme
1002 3344 1156 3397 Opus,
1182 3330 1359 3385 omnis
1403 3345 1614 3397 sermo,
1647 3332 1825 3386 omnis
1868 3347 1960 3387 co-

380 3421 771 3499 gitatio‘debet
804 3419 1069 3474 abscindi.
1121 3420 1187 3474 Et
1222 3421 1325 3476 hoc
1354 3432 1435 3477 est
1465 3423 1609 3491 quod
1642 3423 1845 3479 dicitur
1871 3424 1957 3480 ὀε

383 3511 453 3567 Ut
482 3514 659 3566 omnis
707 3512 850 3581 pilus
880 3512 1126 3583 corporis
1156 3513 1274 3582 ejus
1311 3513 1567 3577 radatur,
1594 3522 1650 3567 et
1684 3522 1813 3569 tunc
1855 3515 1962 3570 erit

381 3606 637 3656 minutus.
686 3603 791 3658 Sed
839 3612 895 3659 ct
926 3606 1029 3659 hoc
1066 3608 1317 3668 observa,
1351 3604 1494 3672 quod
1538 3620 1645 3658 non
1677 3604 1876 3659 sutIicit
1909 3606 1957 3660 ei

377 3704 498 3764 post
554 3696 1029 3764 puriﬁcationem,
1062 3696 1145 3751 vel
1200 3696 1523 3751 vestimenta
1582 3695 1820 3764 lavisse,
1876 3695 1958 3755 vel

377 3801 595 3840 omnem
669 3786 835 3857 pilum
914 3788 1148 3854 rasisse,
1237 3787 1342 3842 nisi
1425 3795 1482 3842 et
1558 3786 1704 3842 lotus
1795 3790 1958 3845 fuerit

380 3879 432 3932 in
486 3894 648 3950 aqua.
707 3878 931 3950 Oportet
998 3896 1230 3950 namque
1296 3895 1418 3935 eum
1470 3880 1710 3949 abjieere
1768 3898 1959 3939 omnes

377 3975 608 4038 sordes,
670 3989 885 4028 onmem
954 3974 1400 4039 immunditiam,
1491 3992 1595 4030 non
1659 3977 1833 4031 solum
1890 3979 1958 4033 de

376 4065 741 4133 vestimentis,
784 4065 877 4120 sed
912 4076 967 4119 et
996 4066 1060 4119 de
1092 4066 1315 4135 proprio
1342 4081 1595 4135 corpore,
1625 4079 1681 4122 nt
1711 4071 1854 4124 nulla
1900 4071 1955 4126 in

375 4170 442 4210 eo
492 4156 705 4211 macula
743 4155 1032 4210 exstinctae
1080 4154 1244 4226 lepra:
1280 4158 1537 4212 resideat.
1591 4158 1778 4214 Tertio
1827 4176 1958 4232 ergo

378 4264 529 4305 nunc
562 4249 905 4317 puriﬁcatus,
926 4248 1000 4302 ita
1028 4247 1244 4302 demum
1274 4248 1473 4318 dignus
1494 4249 1725 4305 efﬁcitur
1749 4252 1954 4321 ingredi

378 4348 561 4389 castra
598 4337 834 4401 Domini,
870 4351 973 4390 non
1007 4346 1185 4390 tamen
1231 4338 1495 4393 continuo
1531 4340 1869 4408 permittitur
1904 4343 1955 4396 ei

375 4429 600 4483 introire
623 4430 839 4483 domum
873 4443 1048 4493 suam,
1080 4428 1173 4481 sed
1199 4427 1401 4482 dicitur
1433 4438 1490 4482 ut
1540 4441 1692 4484 extra
1738 4433 1955 4487 domum

373 4534 525 4571 suam
543 4534 624 4572 ma
634 4529 973 4587 neatseptem
994 4519 1204 4582 diebus,
1220 4527 1273 4572 et
1288 4520 1665 4575 radatomnem
1685 4522 1849 4591 pilum
1867 4539 1955 4578 ca-

2075 676 2219 730 enim
2264 684 2542 747 peccatum
2571 682 2675 741 est,
2704 671 2863 727 aliter
2882 690 3041 742 quam
3075 675 3218 729 ﬁdes
3244 674 3497 729 Ecclesia:
3528 692 3657 727 con-

2077 768 2235 832 tinet,
2266 767 2332 820 de
2368 764 2569 820 divinis
2598 764 2806 818 sentire
2829 766 3194 834 dogmatibus.
3227 765 3280 818 ln
3318 767 3483 819 barba
3504 781 3654 830 vero,

2074 868 2132 911 ut
2160 855 2465 910 meminerit
2512 869 2573 909 se
2620 853 2735 925 (41)
2770 856 2948 909 virilis
2984 855 3162 908 aetatis
3183 854 3500 922 deposuisse
3532 871 3657 923 pec-

2073 959 2219 1015 cata,
2247 956 2300 1001 et
2332 960 2632 1002 conversus
2688 946 2783 1000 ﬁat
2837 947 2977 1001 sicut
3015 946 3212 999 infans.
3247 945 3304 998 ln
3347 946 3654 1014 superciliis

2072 1050 2257 1095 autem
2309 1039 2683 1107 arrogantiam
2713 1038 2951 1106 dejiciat,
2982 1047 3037 1091 et
3087 1037 3228 1090 male
3261 1036 3459 1088 elatum
3492 1050 3549 1089 ut
3587 1038 3651 1089 ad

2070 1132 2430 1187 humilitatem
2512 1131 2716 1186 Christi
2750 1130 2970 1185 inclinet
2997 1127 3369 1198 supercilium.
3401 1126 3653 1180 Secundo

2071 1240 2200 1293 ergo
2230 1226 2299 1277 ad
2324 1222 2467 1277 hunc
2483 1224 2698 1277 modum
2728 1222 2908 1275 omnis
2938 1219 3083 1290 pilus
3120 1219 3368 1288 corporis
3407 1219 3649 1273 raditur.

2072 1316 2137 1371 Et
2162 1317 2303 1371 sicut
2356 1315 2473 1370 haec
2518 1315 2893 1384 geminantur,
2928 1313 3001 1366 ita
3036 1324 3089 1367 et
3114 1313 3439 1367 vestimenta
3486 1310 3651 1364 semel

2070 1411 2125 1466 in
2157 1412 2328 1480 prima
2367 1407 2749 1479 puriﬁcatione
2796 1407 2992 1461 lavisse
3037 1421 3141 1459 non
3177 1404 3397 1467 sutﬁcil,
3431 1406 3524 1457 sed
3557 1416 3649 1456 se-

2070 1502 2247 1557 cundo
2279 1501 2589 1571 praecipitur
2628 1509 2685 1552 ιιι
2717 1499 2861 1552 lavet
2894 1499 3219 1553 vestimenta
3241 1513 3337 1551 sua
3366 1509 3417 1551 et
3453 1512 3653 1566 corpus

2070 1609 2225 1649 Suum
2252 1608 2419 1662 aqua,
2453 1603 2506 1647 et
2548 1602 2674 1646 tunc
2704 1601 2900 1662 quarto
2933 1592 3147 1646 additur
3170 1592 3238 1654 “,
3282 1611 3300 1643 ι
3336 1601 3389 1645 ct
3417 1593 3651 1646 mundus

2069 1685 2192 1738 erit.
2231 1702 2248 1735 ι
2285 1683 2407 1738 Haec
2432 1693 2613 1737 autem
2646 1683 2780 1736 ﬁunt
2807 1682 2948 1737 intra
2994 1693 3172 1736 castra
3204 1683 3420 1752 quidem
3463 1685 3644 1752 posito

2068 1790 2155 1841 eo,
2185 1775 2365 1830 adhuc
2408 1784 2590 1829 tamen
2642 1783 2794 1828 extra
2830 1775 3047 1828 domum
3107 1790 3283 1827 suam.
3320 1774 3646 1839 Dicitenim,

2070 1875 2190 1933 post
2222 1874 2430 1933 septem
2456 1865 2572 1918 dies
2611 1882 2629 1915 ι
2669 1864 2721 1917 ἱιι
2747 1865 2836 1917 die
2867 1871 3058 1917 octava
3095 1873 3338 1917 assumet
3372 1865 3471 1917 sibi
3509 1865 3649 1919 duos

2067 1974 2254 2029 agnos.
2300 1975 2319 2008 ι
2352 1955 2467 2011 .lam
2501 1971 2605 2010 non
2648 1955 2789 2010 alius
2831 1956 3082 2021 assumit,
3130 1954 3223 2009 sed
3278 1956 3391 2023 ipse
3424 1955 3524 2010 sibi
3560 1972 3651 2009 as«

2066 2051 2251 2106 Sumit.
2294 2068 2311 2102 ι
2346 2049 2510 2113 Duos,
2546 2048 2739 2117 inquit,
2784 2063 2952 2117 agnos
2994 2047 3389 2113 innnaculatos,
3414 2059 3464 2101 ct
3493 2064 3645 2101 ovem

2066 2158 2225 2196 uuam
2284 2139 2598 2195 anniculam
2657 2138 3088 2204 immaculatum,
3147 2147 3203 2192 et
3248 2148 3357 2193 tres
3405 2139 3648 2194 decimas

2065 2235 2394 2306 similaginis
2445 2247 2754 2304 conspersae
2792 2232 2847 2286 in
2910 2231 3053 2294 oleo,
3117 2240 3171 2285 et
3231 2231 3486 2301 cyathum
3540 2231 3643 2285 olei

2066 2345 2253 2393 unmn,
2296 2346 2313 2378 ι
2351 2325 2611 2394 posthaec
2666 2324 2857 2393 quinta
2894 2322 3273 2393 puriﬁcatione
3326 2321 3646 2392 puriﬁcatus

2064 2428 2435 2473 consumetur.
2482 2418 2559 2471 Ex
2602 2416 2688 2470 bis
2740 2417 2950 2471 duobus
3006 2416 3184 2483 agnis,
3236 2430 3376 2469 unus
3422 2414 3642 2483 quidem

2064 2509 2399 2573 immolatur,
2442 2518 2497 2562 et
2552 2509 2750 2562 dicitur
2798 2522 2896 2575 pro
2949 2506 3165 2569 delicto,
3216 2524 3234 2557 ι
3272 2505 3326 2560 in
3378 2506 3517 2570 loco,
3562 2507 3642 2559 in-

2063 2604 2179 2670 quit
2212 2601 2277 2666 ",
2311 2601 2365 2654 in
2393 2614 2498 2669 quo
2547 2597 2823 2666 iugulatur
2854 2615 2951 2669 pro
2977 2607 3220 2666 peccato,
3254 2605 3310 2654 et
3359 2598 3448 2651 ubi
3489 2599 3645 2651 bolo-

2063 2706 2403 2753 caustomata
2446 2696 2583 2751 ﬁunt
2614 2698 2666 2751 in
2693 2697 2811 2751 loco
2835 2706 3047 2753 sancto.
3087 2715 3105 2749 ι
3146 2697 3288 2752 Ecce
3312 2697 3424 2765 jam
3450 2699 3645 2767 dignus

2064 2788 2300 2843 eﬁieilur
2346 2797 2404 2841 ut
2436 2786 2632 2842 offerat
2658 2788 2988 2843 sacrificium
3008 2828 3023 2851 ,
3048 2787 3139 2856 qui
3184 2788 3358 2856 potuit
3387 2788 3452 2840 ad
3481 2789 3641 2855 quiu-

2063 2888 2173 2933 tam
2209 2877 2643 2950 puriﬁcationem
2665 2878 2970 2948 pervenire,
3005 2888 3060 2933 et
3088 2878 3264 2932 hostia
3292 2878 3409 2945 ejus
3441 2876 3641 2931 Sancta

2063 2984 2373 3028 sanctormn
2408 2970 2492 3025 ﬁt.
2522 2971 2672 3025 Alius
2700 2982 2882 3025 autem
2912 2986 3083 3039 agnus
3121 2970 3496 3025 holocaustmn
3531 2970 3645 3025 elll-

2062 3064 2223 3129 citur,
2266 3063 2316 3116 in
2342 3078 2450 3131 quo
2478 3071 2532 3116 et
2564 3062 2910 3131 repropitiari
2943 3078 3041 3129 pro
3075 3062 3192 3131 ipso
3222 3063 3477 3116 sacerdos
3500 3061 3642 3114 diei-

2063 3166 2168 3219 tur,
2204 3164 2261 3207 ut
2288 3164 2570 3225 purgetur.
2600 3151 2771 3223 Igitur
2805 3155 3010 3223 primus
3044 3169 3233 3222 agnus,
3271 3153 3361 3222 qui
3406 3167 3503 3223 pro
3544 3153 3639 3206 de-

2062 3244 2187 3300 licto
2212 3255 2315 3311 est,
2341 3246 2554 3299 videtur
2577 3244 2710 3298 mihi
2744 3244 2961 3298 virtutis
2993 3245 3163 3314 ipsius
3189 3242 3424 3298 formam
3449 3252 3641 3296 tenere

2060 3352 2221 3406 quam
2248 3335 2543 3405 assumpsit
2566 3334 2612 3390 is
2645 3335 2736 3406 qui
2791 3344 2909 3389 erat
2941 3334 2993 3388 in
3023 3334 3291 3405 peccatis,
3332 3348 3431 3403 per
3472 3348 3638 3402 quam

2059 3428 2234 3498 putuit
2268 3444 2295 3480 a
2318 3442 2377 3482 se
2401 3427 2701 3498 propellere
2720 3426 2971 3481 affectum
2988 3425 3267 3495 peccandi,
3291 3434 3346 3480 et
3373 3424 3637 3479 malormu

2058 3531 2299 3574 veterum
2371 3517 2760 3587 paenitudinem
2825 3532 3016 3587 gerere
3070 3534 3085 3571 :
3139 3516 3411 3571 secundus
3510 3530 3639 3571 vero

2059 3625 2235 3681 agnus
2252 3610 2480 3680 ﬁguram
2514 3619 2695 3665 tenere
2727 3606 3000 3676 illiusjam
3032 3616 3363 3679 recuperatae
3391 3606 3637 3673 virtutis,

2060 3721 2156 3774 per
2180 3718 2340 3772 quam
2367 3701 2599 3771 abjectis
2649 3701 2908 3771 etprocul
2942 3700 3144 3766 fugatis
3173 3700 3432 3755 omnibus
3458 3699 3628 3763 vitiis,

2060 3796 2328 3861 integrum
2364 3809 2443 3861 se,
2490 3802 2547 3847 et
2587 3794 2640 3848 in
2681 3794 2895 3861 integro
2928 3791 3127 3846 obtulit
3183 3791 3315 3857 Deo,
3349 3798 3405 3845 et
3445 3790 3640 3859 dignus

2057 3888 2265 3941 exstitit
2324 3887 2524 3942 divinis
2599 3884 2888 3940 altaribus.
2947 3885 3078 3940 Ovis
3126 3894 3306 3937 autem
3351 3897 3471 3952 qua:
3518 3889 3641 3951 post

2059 3992 2250 4048 agnus,
2282 3978 2575 4031 assumitur
2619 3985 2883 4046 quantum
2933 3977 3208 4047 conjicere
3241 3976 3292 4028 in
3344 3985 3453 4028 tam
3495 3973 3637 4028 difﬁ-

2058 4072 2253 4126 cilibus
2303 4069 2439 4124 locis
2475 4068 2747 4132 valemus,
2787 4068 3179 4122 fecunditatem
3219 4078 3350 4138 puto
3374 4066 3517 4135 quod
3562 4066 3640 4119 si-

2057 4161 2279 4230 gniﬁcet
2303 4158 2442 4226 ejus,
2467 4161 2558 4228 qui
2591 4173 2888 4213 conversus
2917 4168 3001 4213 est
3026 4175 3054 4211 a
3096 4168 3344 4227 peccato,
3374 4166 3430 4210 et
3455 4165 3625 4210 totum

2059 4267 2117 4306 se
2147 4252 2345 4306 obtulit
2375 4251 2506 4315 Deo,
2533 4265 2638 4320 qua
2666 4258 2785 4320 post
2816 4249 2997 4303 omnia
3032 4250 3085 4304 in
3112 4250 3375 4304 bonorum
3405 4262 3635 4316 operum

2060 4344 2260 4398 fetibus
2321 4343 2515 4408 utitur,
2577 4350 2631 4395 et
2678 4341 3001 4395 innocentiae
3045 4340 3312 4394 fructibus
3361 4339 3543 4406 pollet.
3574 4337 3629 4390 lu

2062 4436 2161 4488 tria
2196 4449 2326 4504 ergo
2348 4432 2739 4503 puriﬁcationis
2790 4432 2970 4502 lntjus,
3036 4431 3089 4486 id
3135 4440 3221 4485 est
3262 4430 3636 4485 conversionis

2061 4544 2088 4580 a
2123 4536 2348 4596 peccato
2406 4526 2547 4579 ratio
2598 4525 2885 4579 dividitur.
2952 4524 3134 4578 Prima
3161 4534 3243 4578 est
3289 4523 3493 4586 hostia,
3525 4537 3633 4591 qua

375 4611 499 4676 pitis
525 4618 573 4664 et
606 4610 808 4669 barbas.
835 4610 1513 4679 etsuperciliorum,quasi
1544 4628 1648 4666 non
1677 4613 1951 4669 suffecerit
1984 4619 2027 4673 D
2059 4627 2277 4688 peccata
2310 4616 2618 4671 solvuntur.
2682 4615 2932 4671 Secunda
2990 4624 3094 4681 est,
3150 4630 3253 4683 qua
3291 4614 3471 4667 anima
3503 4627 3634 4665 con-

374 4699 512 4768 quod
532 4700 681 4769 prius
693 4715 906 4754 omnem
928 4700 1091 4767 pilmu
1111 4709 1342 4766 raserat,
1361 4717 1506 4756 nunc
1522 4704 1949 4769 additur,utom-

373 4808 493 4847 lieni
521 4792 685 4862 pilum
705 4792 897 4859 capitis
931 4801 983 4845 et
1012 4792 1216 4858 barbae,
1241 4801 1296 4844 et
1323 4795 1738 4863 superciliorum
1766 4798 1942 4851 radat.

371 4883 514 4936 Idem
530 4899 760 4951 namque
778 4883 1061 4937 videbatur
1076 4885 1280 4939 dictum
1298 4886 1349 4939 in
1367 4900 1430 4941 eo
1445 4887 1587 4955 quod
1608 4886 1817 4942 dixerat
1831 4906 1946 4943 om-

371 4989 492 5025 nem
520 4974 684 5041 pilum
717 4975 1032 5028 radendum.
1078 4975 1183 5029 Sed
1216 4992 1317 5030 non
1352 4977 1481 5031 mihi
1517 4978 1728 5032 videtur
1769 4980 1946 5035 inanis

370 5064 529 5135 235
577 5079 698 5119 esse
747 5067 846 5120 ista
903 5066 1168 5133 repetitio.
1222 5066 1348 5122 Vult
1404 5068 1547 5121 enim
1595 5080 1939 5139 peceatorcm

369 5166 725 5225 posteaquam
779 5155 939 5209 fuerit
983 5158 1241 5217 mundus.
1274 5166 1630 5226 posteaquam
1666 5160 1946 5215 remissio-

372 5262 492 5300 nem
556 5263 653 5318 per
710 5249 1088 5317 paenitentiam
1144 5250 1421 5319 acceperit
1476 5261 1848 5319 peccatorum,
1878 5255 1945 5309 de

369 5340 695 5409 purgatione
734 5341 927 5408 capitis
967 5343 1289 5409 admOnere,
1343 5344 1634 5410 et-barbze,
1674 5355 1729 5398 et
1756 5361 1944 5416 super-

370 5431 645 5493 citiorum,
677 5431 818 5485 velut
841 5434 883 5485 si
905 5433 1113 5489 diceret
1144 5436 1193 5490 ei
1230 5454 1242 5488 :
1269 5436 1406 5490 Ecce
1424 5436 1534 5502 jam
1566 5451 1731 5491 sanus
1762 5437 1938 5494 factus

441 5520 752 5593 't‘lgftng.
832 5524 874 5555 "
900 5523 1058 5579 Num.
1099 5541 1172 5580 γι.
1242 5526 1285 5558 ¹⁸
1310 5527 1453 5582 Psal.
1503 5544 1541 5593 ι,
1590 5528 1642 5582 5.

370 5590 415 5621 ³⁸
450 5591 578 5645 ibid.
607 5592 693 5645 13.

445 5681 559 5752 (40)
603 5681 852 5755 Omnino.
889 5684 1066 5740 Codex
1120 5684 1401 5755 Sangerm.
1458 5689 1641 5753 habet,
1679 5708 1696 5740 ι
1729 5690 1781 5745 in
1823 5691 1931 5747 Do-

352 5754 536 5804 mino.
572 5770 591 5802 ›
623 5752 920 5828 lnfra__|ibb.
946 5756 1160 5828 editi,__c
1183 5752 1339 5828 jubet
1369 5773 1585 5828 omnem
1624 5752 1790 5828 pilum

366 5832 612 5899 gxortum
635 5832 735 5876 est.
758 5822 867 5877 Hoc
884 5825 1027 5899 enim
1052 5824 1139 5892 pili
1170 5822 1921 5899 nominejubeturabjicere.i

367 5891 474 5947 Sed
509 5906 696 5947 omnes
734 5907 863 5949 mss.
907 5904 965 5949 ut
987 5891 1265 5951 in’nostro
1296 5891 1463 5952 textu.

1722 5529 1767 5560 ¹⁹
1820 5529 2012 5586 Matth.
2064 5550 2118 5597 x,
2178 5532 2274 5588 50.

2055 4709 2290 4764 vertitur
2326 4710 2393 4762 ad
2440 4707 2630 4761 Deum.
2680 4706 2862 4762 Tertia
2890 4717 2973 4763 est
3010 4706 3387 4769 fecunditatis,
3425 4714 3479 4757 et
3516 4702 3633 4756 fru-

2054 4813 2259 4867 ctuum,
2288 4817 2426 4871 quos
2454 4802 2505 4854 in
2536 4801 2789 4870 operibus
2827 4800 3044 4870 pietatis
3073 4800 3119 4854 is
3148 4799 3238 4867 qui
3266 4798 3470 4851 dicitur
3497 4812 3631 4851 con-

2055 4908 2264 4958 versus,
2320 4893 2577 4948 ostendit.
2612 4894 2676 4946 Et
2698 4892 2824 4961 quia
2858 4902 2966 4946 tres
2992 4892 3107 4944 istm
3145 4899 3271 4943 sunt
3305 4889 3514 4951 hostire,
3547 4888 3629 4940 id-

2052 4986 2201 5039 circo
2228 4984 2504 5054 subjungit
2535 4995 2587 5040 et
2614 4995 2725 5039 tres
2757 4997 3040 5037 mensuras
3071 4980 3188 5050 (42)
3220 4980 3440 5033 deciune
3472 4977 3629 5031 simi-

2053 5074 2250 5145 laginis
2283 5076 2663 5139 assmnendas,
2723 5083 2785 5128 ut
2813 5075 3013 5141 ubique
3073 5071 3441 5141 intelligamus
3486 5069 3632 5138 puri-

2051 5168 2353 5223 ﬁcationem
2395 5169 2508 5222 ﬁeri
2541 5183 2645 5222 non
2688 5181 2845 5237 posse
2877 5166 2995 5220 sine
3024 5165 3285 5234 mysterio
3311 5161 3620 5217 Trinitatis.

2050 5257 2182 5313 Vide
2221 5268 2401 5313 autem
2426 5259 2573 5328 quod
2620 5259 2710 5313 hic
2752 5260 2805 5312 in
2838 5259 3027 5327 quinta
3073 5254 3454 5326 purificatione
3510 5267 3615 5305 non

2043 5350 2345 5405 assumitur
2372 5350 2573 5416 farina,
2620 5351 2713 5405 sed
2764 5352 2872 5419 jam
2904 5349 3141 5404 similam
3193 5346 3359 5400 habet
3396 5345 3497 5398 iste
3524 5343 3616 5412 qtti

2042 5442 2363 5510 purillcatur
2402 5457 2429 5493 a
2487 5441 2747 5509 peccatis,
2800 5442 2979 5496 simila
3021 5441 3068 5494 ei
3116 5438 3428 5498 ascribitur,
3476 5435 3620 5486 unde

2390 5533 2436 5566 ³ο
2485 5532 2658 5587 chit.
2711 5549 2821 5593 XIV.
2869 5534 2923 5589 8.
3042 5532 3085 5563 ³³
3142 5529 3271 5584 ibid.
3337 5541 3450 5594 xw,
3525 5526 3613 5581 10.

2119 5690 2229 5761 (4t)
2256 5691 2415 5761 Μεε..
2451 5709 2469 5742 ‹
2500 5706 2575 5746 sc.
2610 5711 2628 5743 ι
2660 5690 2813 5745 Libb.
2848 5676 3009 5761 editi:
3038 5706 3067 5761 ¢_
3095 5702 3328 5761 semper.
3362 5704 3380 5737 ι

2108 5752 2222 5830 (ᾊὲ)
2239 5760 2308 5814 Ει
2340 5773 2443 5814 (res
2472 5777 2769 5822 mensuras,
2799 5768 2906 5813 etc.
2942 5760 3030 5812 Sic
3048 5752 3258 5830 habent
3294 5771 3422 5830 msst
3467 5752 3611 5830 Libri

2038 5822 2165 5886 vero
2203 5822 2376 5893 'edili,
2416 5850 2433 5881 ι
2478 5840 2532 5883 et
2565 5839 2674 5884 tres
2715 5843 2983 5882 tuensurae
3029 5828 3248 5882 dccinne
3282 5822 3612 5893 similaginis

2034 5904 2372 5958 assumenda:
2401 5909 2549 5956 sunt.
2577 5898 2806 5968 Ubique,
2843 5916 2861 5949 ι
2888 5908 2992 5955 etc.
