4124 6400
536 334 637 387 507

536 550 641 599 tur.
672 543 777 598 Sed
799 556 852 600 et
877 547 1055 603 oleum
1074 549 1193 619 ejus
1210 553 1275 607 ad
1302 554 1440 611 duos
1465 573 1595 613 ttsus
1621 560 1899 617 dividitur.
1938 563 2112 620 Unum

532 647 640 699 quo
674 634 850 691 simila
888 644 1295 713 conspergitur,
1339 646 1505 701 alium
1539 664 1646 719 quo
1682 654 1938 711 sacerdos
1967 657 2113 711 acci-

531 726 609 791 pit
658 725 923 799 integram
971 748 1285 789 mensuram
1334 740 1540 807 cyathi,
1572 750 1631 797 ut
1676 744 1774 799 ait.
1819 745 1874 800 ln
1915 765 2025 817 quo
2052 758 2107 805 ut

525 829 629 884 ego
656 818 854 885 sentio,
905 830 961 876 et
1014 825 1174 893 panis
1227 826 1344 896 ejus
1376 831 1591 903 pinguis
1622 835 1853 892 ellieitttr
1878 855 1976 908 pro
2009 843 2109 896 tui-

526 908 846 976 sericordia,
870 924 923 968 et
975 916 1155 972 oleum
1186 936 1293 988 quo
1323 922 1413 976 lux
1442 940 1568 979 vera
1605 938 1659 982 et
1689 931 1932 987 scientiae
1964 934 2106 1005 ignis

526 1002 866 1067 accenditur,
906 1020 1003 1076 per
1030 1026 1225 1066 manus
1264 1017 1573 1072 sacerdotis
1616 1022 1780 1089 capiti
1830 1025 1947 1095 ejus
1999 1029 2103 1081 im-

527 1092 765 1158 ponitur.
805 1092 881 1149 lta
909 1099 1054 1153 enim
1087 1102 1250 1157 dicit:
1277 1124 1296 1157 ς
1324 1104 1627 1175 Etstatuet,
1676 1092 1947 1185 inquiti“,
1980 1135 2101 1175 eum

526 1186 786 1241 sacerdos
811 1189 902 1258 qui
940 1194 1165 1248 mundat
1192 1212 1316 1253 eum
1341 1200 1391 1253 in
1423 1216 1719 1272 conspectu
1760 1203 1994 1277 Domini,
2035 1212 2102 1269 ad

523 1275 722 1329 ostium
760 1276 1097 1339 tabernaculi
1139 1289 1459 1345 testimonii.
1498 1313 1517 1345 s
1554 1294 1719 1354 Vides
1765 1304 1895 1370 quia
1924 1319 2104 1361 sacer-

524 1366 666 1422 dotis
693 1379 777 1423 est
831 1383 1072 1430 statuere
1099 1394 1222 1433 cum
1263 1385 1358 1452 qui
1404 1388 1746 1445 convertitur
1789 1408 1818 1447 a
1852 1406 2097 1465 peccato,

524 1464 584 1510 ut
616 1460 828 1515 stabilis
851 1478 973 1517 esse
1028 1468 1223 1535 possit,
1261 1482 1315 1524 et
1356 1474 1493 1529 ultra
1527 1494 1631 1531 non
1676 1460 1959 1550 ﬂuctuare,
2000 1504 2099 1544 nec

522 1551 724 1603 moveri
747 1552 893 1605 omni
922 1565 1082 1609 vento
1106 1558 1393 1617 doctrinae.
1429 1563 1632 1622 Statuit
1666 1586 1795 1642 ergo
1819 1590 1944 1631 eum
1980 1596 2087 1635 non

519 1642 695 1696 solum
721 1644 861 1698 intra
886 1659 1088 1716 castra,
1130 1654 1224 1708 sed
1260 1656 1325 1711 ad
1377 1658 1554 1728 ipsum
1591 1665 1789 1720 ostium
1843 1672 2097 1727 taberna~

516 1736 623 1791 culi
660 1741 954 1795 testimonii
992 1755 1118 1801 ante
1154 1747 1465 1811 Dominum.
1502 1754 1560 1810 Et
1607 1771 1969 1834 posteaquam
2006 1786 2094 1825 se-

1995 358 2314 419 ORIGENIS

536 448 731 504 habeat
757 450 869 520 jam
903 469 1096 524 partem
1133 462 1414 526 mundum,
1444 476 1497 517 et
1524 465 1639 521 btec
1662 467 1782 523 oleo
1804 475 2117 542 conspergi-

3704 387 3807 445 5'08

2146 484 2192 534 Α
2222 488 2344 542 qua:
2366 477 2617 545 superius
2635 479 2890 537 diximus.
2913 482 3126 539 Donum
3146 495 3326 546 autem
3353 494 3542 561 gratiae
3558 499 3804 571 spiritus,

2228 579 2328 633 per
2357 566 2463 621 olei
2520 568 2813 639 imaginem
2863 572 3206 645 designatur,
3234 593 3292 637 ut
3325 600 3430 638 non
3461 587 3637 644 solum
3669 610 3801 665 pur-

2219 654 2492 722 gationem
2518 660 2779 727 consequi
2818 662 2992 732 possit
3024 666 3071 722 is
3101 670 3194 737 qui
3241 677 3584 733 convertitur
3614 697 3643 734 a
3672 699 3797 750 pee-

2218 755 2363 810 cato.
2390 750 2483 803 sed
2513 759 2563 802 et
2594 750 2796 821 Spiritu
2839 769 3033 813 sancto
3066 763 3289 831 repleri,
3323 781 3433 836 quo
3468 780 3518 826 et
3554 774 3801 842 recipere

2215 838 2451 907 priorem
2482 845 2702 911 stulam,
2755 858 2809 903 et
2850 852 3107 908 annulum
3160 858 3352 926 possit,
3396 871 3451 915 et
3482 879 3581 933 per
3614 873 3799 928 omnia

2218 933 2603 992 reconciliatus
2647 938 2792 996 Patri
2858 943 2910 998 in
2996 946 3177 1003 locum
3246 952 3340 1007 lilii
3392 962 3658 1027 reparari,
3704 981 3801 1034 per

2212 1021 2387 1086 ipsum
2463 1028 2748 1086 Dominum
2815 1046 3059 1094 nostrum
3107 1040 3291 1098 Jesum
3338 1048 3656 1121 Christum,
3706 1059 3794 1112 cui

2211 1126 2293 1169 est
2318 1116 2490 1186 gloria
2521 1131 2574 1177 ct
2601 1122 2885 1195 imperium
2920 1129 2970 1183 iu
3002 1136 3197 1188 stccula
3232 1140 3791 1204 smculorum.Amcn.

2793 1218 3071 1277 HOMlLlA
3117 1226 3209 1283 IX.

2209 1274 2289 1330 De
2319 1282 2599 1349 sacriﬁciis
2646 1292 3209 1377 repropitiationis,_et
3249 1301 3313 1354 de
3350 1302 3557 1359 duobus
3602 1310 3786 1377 hircis,

2278 1365 2501 1448 qia-ortum
2520 1372 2658 1409 unus
2688 1376 2804 1440 sors
2820 1372 2895 1413 est
2926 1362 3162 1427 Domini,
3187 1384 3233 1421 et
3269 1389 3403 1448 ututs
3439 1362 3787 1448 apopompa'i:

2276 1420 2367 1499 qui
2402 1422 2689 1521 {tinguitur
2727 1430 2779 1481 in
2821 1446 3073 1502 cremant,
3114 1420 3162 1491 et
3209 1443 3273 1496 de
3308 1420 3780 1521 ingres'tm’pou't'ij'i-1

2276 1490 2353 1542 cis
2394 1490 2449 1543 in
2479 1490 2679 1549 Sancta
2710 1510 3035 1557 sanctorum.

2277 1581 2327 1635 l.
2371 1582 2465 1639 Die
2493 1590 2902 1656 propitiationis
2933 1596 3172 1669 indigent
3211 1616 3408 1660 omnes
3465 1610 3555 1676 qui
3589 1626 3786 1677 pecca-

2203 1685 2421 1740 verunt,
2447 1689 2499 1731 et
2532 1679 2653 1733 ideo
2685 1676 2827 1737 inter
2856 1688 3227 1748 solemuitates
3252 1696 3408 1765 legis,
3436 1714 3555 1768 qum
3584 1703 3786 1773 ﬁguras

2201 1765 2485 1821 continent
2542 1771 2853 1829 caelestium
2925 1790 3039 1848 ηυδε
3069 1782 3334 1849 eriurum,
3384 1805 3486 1842 una
3535 1796 3782 1860 quzcdam

2010 1822 2060 1825 ἡ
2554 1822 2561 1823 ,
2925 1822 3037 1848 ...ετ
3070 1822 3334 1849 “unum,
3384 1822 3486 1842 una
3535 1822 3782 1860 quantum

513 1822 751 1877 cundum
805 1841 868 1881 ea
923 1846 1043 1899 qua}
1080 1840 1330 1905 superius
1367 1844 1510 1900 dicta
1574 1822 1702 1903 sunt
1726 1892 1741 1916 ,
1793 1822 2097 1915 offeruntur
2128 1840 2171 1895 Β
2201 1851 2518 1910 εοιθιιηιῖῑίὶδ
2552 1859 2809 1929 Ῑιίιιιθίυνι
2846 1882 2966 1935 (11³³⁸
3002 1871 3120 1925 die-‘5
3156 1878 3559 1945 μνονίιίίιιίυηεε
3600 1887 3783 1954 ειρρθι-

514 1913 703 1954 Ιιιιεΐῖφ
732 1934 829 1954 ιιι-Λ
851 1922 1228 1954 ιιι-..ἷηηηιζιηυι
1279 1948 1301 1954 -
1330 1933 1419 1954 ILYI
1453 1944 1491 1954 --
1549 1938 1560 1950 '
1686 1942 1715 1954 '-
1968 1951 1978 1954 -
2201 1942 2213 1954 ⁸
2390 1947 2430 1954 ’⁵

514 1913 703 1969 ltostia:
732 1934 829 1987 pro
851 1922 1250 1996 puriﬁcatione,
1277 1933 1516 2001 adhibet,
1548 1913 1743 2009 inquit,
1763 1957 1817 1998 et
1838 1951 2091 2017 cyathum

509 2001 636 2071 olei,
665 2017 721 2060 et
753 2022 971 2078 separat
996 2013 1126 2071 illud
1157 2032 1283 2076 ante
1312 2023 1620 2083 Dominum.
1664 2050 1683 2082 ι
1723 2034 1786 2088 Et
1834 2001 2089 2110 accipiet,

512 2092 689 2164 inquit
721 2097 787 2160 ",
822 2102 1081 2159 sacerdos
1122 2108 1189 2162 de
1218 2116 1573 2183 sanguine,et
1596 2133 1761 2190 ponet
1789 2092 2082 2198 superrex-

510 2190 742 2241 tremam
815 2194 1119 2252 auriculam
1172 2200 1289 2271 ejus
1336 2206 1617 2280 dextram,
1685 2226 1741 2270 et
1779 2233 1947 2289 super
1993 2240 2088 2279 ex-

512 2286 739 2334 tremam
805 2300 1029 2342 manum
1088 2292 1207 2361 ejus
1243 2300 1524 2367 dextram,
1577 2314 1632 2360 et
1676 2322 1840 2378 super
1907 2324 2089 2374 extre-

508 2383 657 2422 mum
716 2373 906 2441 pedem
946 2377 1065 2445 ejus
1092 2382 1368 2441 dextrum.
1401 2410 1420 2442 ι
1456 2391 1519 2445 Ει
1554 2406 1678 2463 post
1711 2373 1849 2467 haec,
1881 2402 2084 2477 inquit,

506 2458 736 2529 accipiet
760 2468 1020 2522 sacerdos
1073 2489 1177 2527 non
1219 2476 1397 2545 ipsum
1427 2486 1685 2555 cyathum
1715 2490 1842 2560 olei,
1879 2494 2083 2555 sed‘ex

503 2547 624 2619 ipso
654 2568 669 2606 :
698 2571 719 2605 ι
758 2553 824 2611 Ει
852 2558 1117 2619 diﬂ'undet
1158 2566 1294 2638 (43),
1346 2547 1541 2643 inquit,
1579 2578 1632 2633 in
1679 2547 2083 2646 manumisitan

502 2645 809 2715 sinistram,
849 2663 907 2708 et
961 2655 1191 2729 lntinget
1237 2662 1467 2733 digitum
1529 2685 1686 2728 suum
1711 2680 1975 2736 sacerdos
2027 2683 2081 2740 in

498 2734 644 2802 oleo,
672 2743 817 2808 quod
863 2755 951 2799 est
991 2751 1043 2802 in
1078 2766 1242 2807 manu
1294 2756 1410 2826 ejus
1448 2761 1694 2831 sinistra,
1730 2777 1786 2823 et
1827 2786 2081 2845 aspergct

498 2830 700 2897 septies
742 2843 871 2891 ante
902 2837 1221 2911 Dominum;
1263 2865 1283 2899 s
1318 2859 1373 2903 et
1418 2852 1650 2911 iterum:
1737 2860 1811 2915 Ex
1844 2830 1911 2919 eo
1935 2830 2079 2935 qtrod

496 2932 751 2990 superest
776 2926 827 2981 in
859 2945 1021 2986 tnanu
1054 2933 1170 3002 ejus
1208 2939 1459 3009 sinistra,
1498 2945 1741 3018 imponet
1771 2970 1939 3024 super
1979 2975 2075 3015 au-

496 3013 724 3070 riculam
747 3018 866 3088 ejus
895 3023 987 3087 qui
1036 3028 1361 3096 puriﬁcatur
1390 3013 1661 3110 dextra—tn,
1709 3055 1764 3100 et
1785 3013 1949 3117 super
1976 3068 2074 3108 es-

2198 1942 2359 1997 latur.
2389 1947 2513 2003 ibce
2570 1969 2699 2021 ergo
2734 1975 2853 2026 quae
2888 1978 3035 2018 nunc.
3076 1967 3302 2024 recitata
3339 1983 3467 2026 sunt
3506 1974 3780 2045 lcgislatio

2194 2044 2277 2087 est
2310 2038 2675 2099 soleutttitatis
2700 2048 2889 2117 ipsius,
2916 2068 3037 2121 qua:
3077 2057 3214 2123 dies,
3250 2072 3306 2114 ttt
3347 2065 3606 2134 diximus,
3649 2086 3778 2137 pro-

2193 2128 2492 2198 pitiationis
2535 2138 2773 2194 vocitata
2808 2153 2911 2198 est.
2944 2145 3049 2201 Sed
3112 2150 3397 2211 videamus
3442 2160 3621 2227 primo
3647 2163 3776 2231 quid

2191 2218 2293 2273 sibi
2346 2223 2474 2277 velit
2524 2227 2717 2282 littera:
2772 2233 2939 2299 ipsius
2983 2239 3346 2309 continentia,
3394 2218 3455 2299 ut
3487 2253 3776 2308 orantibus

2189 2310 2367 2379 vobis,
2397 2316 2443 2369 si
2480 2326 2657 2373 tamen
2689 2321 2760 2375 ita
2805 2325 3034 2382 Domino
3067 2332 3388 2403 supplicetis
3426 2349 3487 2396 ut
3522 2346 3772 2402 exaudiri

2188 2408 2533 2477 mereamiui,
2590 2417 2867 2481 possimus
2933 2423 3185 2493 accipere
3231 2431 3463 2497 gratiam
3516 2437 3770 2509 spiritus,

2186 2513 2285 2568 per
2315 2516 2475 2570 quam
2509 2506 2805 2573 explanare
2859 2511 3141 2572 valeamus
3179 2525 3437 2591 mysteria
3487 2542 3608 2595 qua!
3634 2547 3770 2587 cou-

2188 2591 2499 2648 tinenlurin
2532 2596 2671 2668 lege.
2710 2602 2961 2659 Deluncti
3006 2619 3133 2664 sunt
3164 2614 3271 2670 duo
3310 2614 3405 2671 ﬁlii
3442 2591 3620 2675 Aaron
3659 2622 3768 2679 Na-

2184 2683 2289 2737 dab
2316 2694 2369 2738 et
2396 2686 2574 2742 Abiud
2607 2690 2743 2763 (44),
2769 2710 2891 2749 eum
2920 2693 3181 2756 oﬂ'errent
3211 2703 3388 2774 ignem
3423 2708 3658 2764 alienum
3697 2714 3764 2767 ad

2183 2772 2356 2829 altare
2413 2776 2649 2836 Domini.
2695 2782 2933 2841 Necesse
2973 2802 3115 2859 erat,
3166 2804 3221 2847 ut
3265 2798 3473 2853 etelesti
3511 2802 3760 2859 doctrina

2183 2860 2545 2923 instrueretur
2559 2871 2742 2927 Aaron
2769 2881 3040 2946 quomodo
3055 2895 3336 2952 oporteret
3364 2904 3486 2943 eum
3506 2893 3569 2944 ad
3593 2893 3763 2952 altare

2181 2959 2464 3025 accedere,
2501 2970 2556 3016 et
2604 2979 2716 3034 quo
2772 2968 3237 3038 supplicationum
3297 2978 3406 3032 r-itu
3459 2983 3753 3051 propitium

2180 3045 2388 3104 faceret
2422 3049 2614 3117 Deum,
2649 3059 2725 3111 uti
2753 3074 2821 3113 ne
2861 3060 2914 3115 in
2945 3076 3007 3116 ea
3040 3063 3154 3131 ipse
3197 3066 3527 3139 incurreret,
3564 3075 3616 3129 in
3642 3093 3761 3145 qua:

2602 3111 2612 3117 .
2951 3111 3007 3116 ν-
3040 3111 3153 3131 τ--
3198 3111 3527 3139 ...ω-..ωυη
3642 3111 3754 3145 ηυντ

498 3111 725 3160 "Cmam
773 3124 993 3168 manum
1033 3116 1151 3185 ⁰Ῑ¹¹ε
1200 3121 1469 3192 ἀειῑτθιη,
1499 3138 1553 3183 et
1577 3146 1741 3203 super
1766 3148 2068 3197 extremum
2100 3174 2143 3232 ο
2180 3140 2526 3200 incurrerent
2568 3146 2661 3201 lilii
2698 3150 2803 3213 sui,
2842 3152 3058 3210 incaute
3089 3168 3144 3212 et
3183 3158 3633 3223 ineonvenienter
3660 3187 3754 3227 ac-

498 3192 680 3232 nmium
735 3199 853 3232 οἰηο
901 3203 1147 3232 τιτι-.-.μμ
1219 3229 1230 3232 -
1275 3213 1335 3232 υ-
1498 3229 1505 3232 .
1559 3221 1570 3232 .
1818 3230 1829 3232 _
1859 3229 1870 3232 _

491 3192 680 3258 pedem
735 3199 855 3267 ejus
899 3203 1170 3263 dextrum.
1216 3229 1236 3263 s
1274 3213 1340 3267 Et
1391 3229 1513 3285 post
1558 3192 1712 3278 luce:
1744 3245 1762 3278 ε
1816 3229 1870 3283 Id

489 3285 741 3341 re'tictutn
774 3290 941 3348 fuerit
987 3310 1053 3351 ex
1086 3299 1226 3365 oleo,
1264 3303 1525 3373 imponet,
1573 3312 1775 3383 inquit,
1811 3285 2070 3377 sacci-dos

484 3374 553 3429 de
616 3393 778 3434 manu
817 3398 914 3438 sua
956 3401 1120 3457 super
1149 3404 1313 3462 caput
1361 3397 1477 3466 ejus
1511 3402 1603 3469 qui
1640 3374 1982 3471 puri—ﬁcatur.

487 3464 652 3524 Vides
682 3477 954 3541 quomodo
973 3478 1178 3537 ultima:
1201 3492 1255 3538 et
1278 3464 1505 3544 summa:
1526 3464 1925 3561 puriﬁcationis
1956 3509 2065 3570 est,

483 3574 673 3617 aurem
703 3566 979 3634 puriﬁeari
1023 3582 1079 3626 ut
1117 3590 1287 3643 purus
1320 3588 1376 3633 et
1414 3586 1646 3641 mundus
1677 3600 1930 3647 servetur
1965 3611 2063 3649 au-

482 3652 648 3710 ditus.
697 3655 763 3712 Et
809 3676 1026 3716 manum
1081 3668 1351 3737 dextram,
1407 3682 1467 3727 ut
1513 3680 1712 3734 munda
1759 3684 2062 3757 sintopera

483 3756 705 3811 nostra,
751 3765 852 3807 nec
904 3753 1105 3825 aliquid
1170 3759 1508 3816 immundum
1566 3768 1652 3824 his
1696 3772 2065 3837 admisceatur

477 3847 534 3892 et
562 3843 863 3902 sordidum.
904 3845 1009 3903 Sed
1063 3860 1117 3907 et
1153 3856 1319 3923 pedes
1358 3861 1684 3928 puriﬁcandi
1728 3878 1875 3935 sunt,
1903 3881 1960 3924 ut
1991 3874 2058 3929 ad

477 3944 614 4000 Opus
656 3934 856 3991 bonum
922 3948 1302 4003 tantummodo
1365 3951 1708 4024 dirigantur,
1762 3974 1866 4016 nec
1913 3964 2056 4020 ultra

478 4020 659 4093 lapsus
683 4025 988 4095 juventutis
1017 4035 1323 4095 incurrant.
1370 4042 1584 4113 Septies
1617 4057 1799 4104 autem
1840 4067 2059 4124 resper-

476 4113 555 4181 git
587 4119 847 4177 sacerdos
877 4136 1066 4181 contra
1098 4131 1385 4188 Dominum
1417 4151 1484 4191 ex
1518 4139 1665 4195 oleo.
1705 4140 1836 4199 Post
1870 4147 2053 4202 omnia

470 4210 670 4265 etenim
688 4230 810 4283 quae
835 4233 932 4283 pro
959 4221 1249 4289 puriﬁcato
1280 4227 1560 4286 celebrata
1585 4245 1731 4303 sunt,
1762 4251 2052 4312 postquam

470 4314 773 4361 conversus
798 4318 853 4363 et
885 4316 1276 4373 reconciliatus
1304 4332 1388 4376 est
1426 4319 1557 4390 Deo,
1585 4340 1711 4397 post
1743 4330 2053 4394 immolatas

472 4392 707 4462 hostias,
770 4402 983 4461 ordinis
1036 4420 1180 4476 erat,
1221 4422 1277 4466 ut
1327 4425 1381 4470 et
1437 4418 1693 4476 virtutem
1731 4439 1896 4494 super
1922 4443 2048 4485 eum

468 4491 875 4559 septemplicem
922 4500 1098 4554 sancti
1138 4500 1378 4571 Spiritus
1424 4509 1706 4577 invitaret,
1744 4491 2044 4576 secundum
2081 4522 2124 4578 D

465 4593 592 4632 eum
625 4581 717 4650 qui
746 4583 959 4642 dixerat
987 4588 1032 4623 ³⁸
1063 4611 1077 4645 :
1118 4610 1137 4644 ι
1174 4593 1359 4652 Redde
1395 4601 1526 4655 mihi
1563 4603 1806 4663 laetitiam
1839 4611 2047 4668 saluta-

468 4669 546 4724 ris
586 4672 681 4735 tui,
729 4683 785 4729 et
825 4679 1019 4747 spiritu
1082 4685 1378 4759 principali
1438 4695 1703 4754 conﬁrma
1752 4717 1857 4757 me.
1894 4722 1912 4755 ι
1945 4703 2041 4760 Vel

460 4960 834 5021 competenter
862 4958 1026 5031 236
1060 4966 1259 5033 septies
1299 4979 1425 5026 ante
1463 4972 1749 5030 Dominum
1782 4985 2043 5040 sacerdos

460 5038 515 5093 in
552 5044 928 5111 puriﬁcatione
964 5060 1254 5129 respergit,
1288 5074 1349 5118 ut
1395 5067 1648 5136 expulsio
1677 5083 1885 5141 septem
1926 5080 2038 5147 spi-

460 5132 662 5190 rituum
724 5141 1089 5212 malignorum
1147 5150 1213 5204 de
1270 5156 1542 5223 puriﬁeati
1603 5162 1793 5228 corde,
1831 5170 2039 5235 septies

456 5236 691 5281 excusso
722 5228 905 5300 digitis
938 5234 1062 5291 oleo
1092 5239 1421 5299 declaretur.
1464 5246 1554 5303 Sic
1596 5267 1730 5321 ergo
1757 5260 2037 5315 conversis

456 5328 485 5366 a
517 5329 763 5387 peccato,
792 5326 1106 5393 puriﬁcatio
1128 5334 1349 5402 quidem
1378 5354 1473 5406 per
1523 5340 1610 5395 illa
1636 5348 1818 5401 omnia
1848 5351 2030 5417 datur,

2177 3236 2435 3291 cedentes
2468 3238 2534 3291 ad
2563 3236 2737 3297 altare
2764 3242 2883 3309 Dei,
2916 3246 3152 3302 alienum
3201 3250 3401 3324 ignem,
3441 3267 3499 3312 et
3537 3275 3643 3316 non
3687 3264 3750 3317 ilo

2174 3323 2285 3379 lum
2319 3327 2409 3396 qui
2439 3328 2701 3387 divinitus
2730 3334 2888 3389 datus
2918 3335 3115 3404 fuerat,
3148 3323 3465 3400 oﬁerentes.
3489 3346 3754 3421 Propter-

2175 3420 2238 3473 ea
2300 3435 2434 3488 ergo
2458 3421 2525 3477 de
2557 3422 2642 3479 his
2669 3425 2773 3481 hoc
2809 3427 2968 3481 modo
2990 3429 3220 3497 praelata
3254 3444 3340 3491 est
3372 3437 3474 3495 lex:
3518 3460 3537 3492 ι
3580 3420 3647 3499 Et
3677 3447 3756 3500 lo-

2170 3525 2328 3569 cutus
2378 3526 2462 3571 est
2520 3517 2789 3575 Dominus
2842 3523 2909 3575 ad
2959 3521 3206 3593 Moysen,
3248 3541 3604 3599 posteaquam
3651 3540 3751 3596 de-

2170 3600 2340 3661 l'uucti
2396 3617 2529 3663 sunt
2578 3611 2686 3664 duo
2733 3611 2827 3666 ﬁlii
2886 3613 3068 3669 Aaron
3100 3617 3229 3671 dum
3275 3620 3535 3679 olferreut
3570 3626 3747 3696 ignem

2167 3694 2407 3752 alienum
2468 3709 2596 3756 ante
2652 3702 2965 3761 Dominum.
3030 3700 3098 3760 Et
3162 3710 3301 3768 dixit
3358 3694 3621 3773 Dominus
3679 3719 3747 3775 ad

2164 3786 2387 3861 Moysen
2425 3811 2438 3847 :
2466 3791 2718 3863 Loquere
2746 3796 2811 3850 ad
2837 3794 3019 3852 Aaron
3053 3799 3280 3860 fratrem
3330 3816 3503 3874 tuum,
3550 3823 3607 3866 ut
3636 3829 3743 3868 non

2162 3880 2330 3938 intret
2357 3886 2501 3939 omni
2535 3887 2665 3941 hora
2694 3888 2746 3942 in
2773 3904 2963 3947 sancta
2994 3895 3276 3965 interiora,
3307 3902 3448 3969 quod
3478 3912 3562 3956 est
3599 3903 3747 3961 intra

2159 3976 2340 4029 velum
2373 3985 2502 4032 ante
2541 3993 2899 4050 conspectum
2933 3990 3299 4058 propitiatorii
3346 3996 3488 4063 quod
3521 4005 3607 4049 est
3650 4015 3746 4052 su-

2160 4076 2255 4130 pra
2290 4078 2472 4117 arcam
2503 4068 2825 4141 testimonii,
2856 4084 2912 4129 et
2945 4092 3052 4131 non
3086 4083 3353 4136 morietur
3376 4080 3444 4137 ’7.
3478 4104 3496 4136 ι
3524 4080 3601 4139 Ex
3636 4104 3748 4158 quo

2156 4158 2471 4214 ostenditur
2490 4162 2636 4231 quod
2676 4165 2721 4219 si
2761 4165 2815 4221 in
2850 4172 2998 4224 omni
3030 4171 3167 4227 hora
3196 4175 3434 4230 introeat
3467 4179 3517 4231 in
3550 4192 3743 4236 sancta

2156 4262 2261 4302 non
2299 4262 2657 4323 praeparatus,
2707 4272 2813 4311 non
2852 4259 3074 4315 indutus
3123 4266 3539 4332 pontiﬁcalibus
3590 4270 3747 4324 indu-

2154 4342 2377 4407 mentis,
2408 4358 2582 4414 neque
2613 4347 2808 4402 hostiis
2841 4364 2963 4417 qua:
2992 4362 3210 4408 statuta:
3242 4365 3367 4409 sunt
3396 4361 3740 4427 praeparatis,

2155 4444 2332 4501 neque
2390 4438 2685 4506 propitiato
2741 4442 2894 4510 prius
2955 4443 3085 4507 Deo,
3141 4448 3426 4501 morietur.
3473 4448 3540 4502 Et
3592 4451 3742 4519 juste

2150 4522 2395 4590 quidem,
2463 4537 2723 4598 tanquam
2762 4532 2853 4601 qui
2882 4548 2985 4587 non
3012 4532 3202 4591 fecerit
3232 4554 3294 4593 ea
3327 4556 3448 4610 qum
3479 4546 3737 4602 convenit

2148 4612 2266 4667 ﬁeri
2329 4624 2624 4686 antequam
2688 4622 2991 4677 accedatur
3042 4627 3110 4681 ad
3166 4627 3339 4685 altare
3383 4631 3498 4687 Dei.
3531 4632 3736 4692 Omnes

2148 4721 2247 4759 nos
2295 4707 2397 4763 iste
2452 4726 2633 4767 sermo
2673 4716 2946 4785 contingit
2978 4716 3113 4787 (45),
3151 4723 3221 4777 ad
3268 4738 3457 4780 omnes
3496 4728 3734 4795 pertinet

2147 4797 2293 4867 quod
2356 4800 2446 4856 hic
2498 4802 2739 4874 loquitur
2773 4806 2894 4876 lex;
2930 4813 3192 4883 praecepit
3220 4814 3367 4869 enim
3405 4825 3465 4871 ut
3491 4818 3733 4875 sciamus

2147 4893 2423 4958 quomodo
2457 4897 2722 4952 accedere
2755 4899 3050 4958 debeamus
3080 4906 3147 4959 ad
3179 4904 3351 4961 altare
3388 4906 3505 4963 Dei.
3550 4910 3733 4966 Aitare

2145 4980 2291 5035 enim
2325 4992 2409 5038 cst
2439 5001 2607 5056 super
2637 4990 2779 5058 quod
2834 4994 3114 5050 orationes
3173 5008 3393 5053 nostras
3443 4998 3725 5055 oﬂ'erimus

2146 5074 2278 5143 Deo,
2314 5087 2372 5132 ut
2403 5079 2644 5138 sciamus
2691 5087 2968 5154 quomodo
3004 5090 3298 5147 debeamus
3337 5092 3555 5158 oﬁ‘erre,
3580 5093 3730 5148 scili-

2144 5178 2230 5221 cet
2292 5177 2351 5221 ut
2406 5169 2746 5239 deponamus
2798 5178 3130 5232 vestimenta
3175 5182 3422 5247 sordida,
3474 5198 3598 5252 qua:
3644 5194 3729 5238 es't

2141 5260 2325 5315 carnis
2353 5260 2720 5329 imnutndilia,
2759 5281 2970 5321 morum
3014 5270 3169 5335 vitia,
3207 5271 3618 5339 inquinamenta
3667 5273 3728 5325 li-

2140 5348 2413 5405 bidinum.
2446 5350 2553 5407 Aut
2576 5357 2799 5425 ignoras
2826 5358 2921 5413 tibi
2954 5375 3194 5429 quoque,
3226 5361 3279 5415 id
3317 5372 3400 5416 est
3443 5365 3592 5417 omni
3625 5363 3726 5415 Ec-

525 5455 573 5487 ”
595 5456 767 5519 Levit.
799 5480 910 5535 xtv,
965 5469 1051 5527 11.
1128 5473 1175 5506 ⁸⁵
1209 5473 1363 5545 ibid.,
1393 5478 1481 5546 Η,
1507 5492 1562 5536 et
1588 5498 1742 5555 seqq.
1822 5489 1865 5521 ’³
1891 5488 2033 5547 Psal.
2066 5510 2076 5548 l

2175 5491 2250 5544 l4.
2324 5489 2370 5523 "
2406 5491 2633 5551 Lucan.
2710 5497 2754 5528 "’
2796 5494 2967 5551 Levit.
3010 5498 3174 5563 xvt,l
3220 5510 3274 5554 et
3317 5514 3472 5568 seqq.

668 5622 823 5703 ξμς-η
858 5646 878 5679 s
904 5628 1193 5703 diﬂuutlet.
1220 5648 1238 5686 ι
1271 5634 1427 5692 Libb.
1453 5640 1606 5703 editi,
1637 5661 1656 5694 ί
1690 5645 1973 5702 (lt-fundet.
2008 5666 2025 5701 ι

526 5620 639 5760 (άὸζ
668 5622 823 5689 Mssa,
858 5646 878 5679 α
911 5628 1193 5687 diﬂuutlet.
1220 5648 1238 5686 ι
1271 5634 1427 5692 Libb.
1453 5640 1606 5703 editi,
1637 5661 1656 5694 ί
1690 5645 1973 5726 dt-l'ttntlet.
2008 5666 2025 5701 ι

898 5700 1289 5784 Sattgernt._et
1335 5708 1453 5784 alii,
1500 5714 1745 5784 tNaiud,
1780 5732 1798 5766 ο
1836 5732 2031 5784 Sicque

453 5759 804 5832 Septuaginta
838 5759 1166 5840 interpretes
1201 5759 1473 5848 Exod.vt’,

2141 5647 2703 5724 HebrtroAlegendum
2765 5668 2929 5723 esset,
2951 5676 2970 5711 ε
3008 5659 3169 5724 Abiu,
3225 5678 3246 5712 ι
3294 5660 3377 5713 vel
3409 5678 3431 5711 s
3466 5661 3665 5718 Abibtt.
3696 5682 3717 5716 s

2212 5718 2580 5804 (-i5)‘(_)m'nes
2642 5741 2809 5795 mss.,
2855 5746 2874 5781 t
2918 5718 3215 5802 contingit.
3267 5748 3286 5784 ι
3333 5731 3490 5787 Libb.
3554 5734 3723 5804 editi,

2144 5807 2165 5841 ί
2205 5794 2548 5863 constringit.
2582 5811 2602 5847 ι
