4124 6462
360 417 463 471 505

1521 414 1587 470 lN
1629 395 2009 471 LEVirlcuit
2050 414 2332 471 llOMILIA
2367 415 2458 469 ix.

3531 408 3637 464 διο

360 532 542 588 elesire
599 530 719 594 Dei,
777 539 836 585 et
906 528 1246 584 credentium
1320 531 1518 600 populo
1569 532 1941 586 sacerdotium
1973 533 2019 588 Α
2049 529 2274 592 dicitur,
2300 527 2427 596 quia
2464 533 2607 580 terra
2642 523 2748 588 sit,
2772 532 2828 577 et
2860 522 2911 575 in
2961 528 3163 576 terram
3205 519 3305 575 ibit
3335 519 3401 576 “.
3435 518 3633 575 Volcns

360 624 589 682 datum?
620 623 759 677 Audi
807 625 1078 691 quomodo
1127 622 1319 676 Petrus
1361 622 1493 676 dicit
1528 623 1594 678 de
1648 623 1937 677 ﬁdelibus:

367 736 387 770 ε
424 717 634 779 Genus,
681 714 859 783 inquit
910 714 980 778 ’⁸,
1012 713 1269 780 electum,
1321 714 1501 783 regale
1551 714 1941 779 sacerdotium,

360 824 495 881 gens
534 816 747 874 sancta,
800 806 1033 878 pupulus
1086 808 1138 861 in
1188 807 1633 878 acquisitionem.
1692 828 1712 861 ι
1760 806 1942 863 Habes

361 916 493 971 ergo
518 899 908 964 sacerdotium,
938 899 1063 968 quia
1097 914 1231 969 gens
1259 900 1618 954 sacerdotalis
1643 915 1718 963 es,
1744 909 1798 955 et
1822 901 1943 955 ideo

361 993 560 1049 offerre
616 992 784 1046 debes
838 992 952 1046 Deo
982 991 1216 1047 hostiam
1250 991 1445 1059 laudis,
1489 992 1722 1047 hostiam
1746 993 1944 1048 oratio-

363 1101 513 1153 num,
568 1084 807 1142 hostiam
875 1082 1291 1150 misericordiae,
1340 1085 1576 1140 hostiam
1646 1085 1940 1156 pudicitire,

364 1178 600 1234 hostiam
633 1177 884 1247 justitire,
938 1176 1171 1230 hostiam
1229 1178 1559 1233 sanctitatis.
1592 1176 1700 1232 Sed
1733 1187 1791 1231 ut
1827 1179 1942 1234 haec

361 1274 525 1342 digne
571 1269 793 1336 nﬁ‘eras,
850 1270 1183 1326 indumentis
1214 1272 1311 1325 tibi
1332 1285 1471 1339 opus
1501 1280 1587 1327 est
1622 1272 1859 1338 mundis,
1888 1279 1945 1327 et

360 1365 665 1435 segregatis
730 1380 761 1418 a
823 1363 1159 1430 reliquorum
1226 1363 1507 1418 hominum
1559 1365 1944 1421 cauimnuibus

365 1454 726 1520 indumentis,
755 1462 803 1507 et
831 1454 1011 1523 ignem
1041 1454 1286 1511 divinum
1330 1452 1698 1507 necessarium
1748 1454 1940 1520 habes,

364 1562 466 1601 n0u
493 1546 729 1614 aliquem
776 1545 1013 1599 alienum
1052 1560 1083 1598 a
1110 1546 1253 1611 Deo,
1300 1545 1393 1599 sed
1442 1544 1591 1598 illum
1623 1544 1715 1614 qui
1760 1560 1788 1599 a
1834 1546 1943 1601 Deo

361 1639 675 1694 hominibus
707 1639 886 1703 datur,
917 1638 982 1691 de
1001 1652 1112 1707 quo
1134 1637 1305 1691 Filius
1332 1636 1423 1690 Dei
1448 1636 1678 1691 dicit":
1712 1654 1730 1687 ι
1759 1636 1943 1705 Ignem

361 1727 479 1779 veni
512 1726 731 1778 mittere
772 1725 826 1778 in
870 1733 1099 1791 terram,
1147 1734 1201 1781 et
1248 1740 1412 1793 quam
1438 1725 1561 1779 volo
1598 1727 1942 1779 utacceuda-

362 1831 470 1875 tur.
517 1838 536 1871 ι
579 1819 637 1872 Si
667 1818 814 1872 enim
838 1832 945 1872 non
977 1819 1104 1885 hoc,
1143 1818 1241 1873 sed
1269 1818 1378 1871 alio
1410 1825 1465 1872 ct
1495 1817 1627 1873 huic
1667 1816 1943 1872 contrario

362 1911 471 1979 igni
500 1918 741 1978 utamur,
780 1909 873 1964 illo
902 1910 996 1979 qui
1034 1924 1095 1964 se
1122 1908 1476 1978 transﬁgurat
1502 1910 1646 1965 sicut
1686 1908 1940 1977 angelum

361 2000 518 2060 lucis.
550 2000 746 2055 eadem
778 2000 900 2054 sine
934 2000 1098 2055 dubio
1122 2000 1418 2070 patiemur,
1458 2016 1581 2071 quae
1606 1998 1790 2054 Nadab
1819 2014 1942 2068 pas-

358 2107 453 2145 sus
478 2100 562 2145 est
585 2102 640 2145 et
662 2091 859 2145 Abiud.
885 2090 1141 2161 Praecipit
1170 2105 1302 2159 ergo
1325 2094 1641 2146 mandatum
1666 2090 1939 2155 divinum,

360 2183 748 2236 utinstruatur
792 2184 1001 2247 Aaron,
1060 2196 1128 2235 ne
1165 2181 1313 2235 omni
1357 2182 1491 2236 hora
1534 2181 1703 2236 intret
1738 2180 1849 2254 (46)
1887 2182 1939 2234 iu

358 2286 546 2329 sancta
576 2275 643 2327 ad
678 2276 875 2336 altare,
908 2275 1001 2328 sed
1031 2288 1152 2327 cum
1185 2274 1377 2329 fecerit
1410 2276 1561 2345 prius
1583 2290 1647 2330 ea
1672 2290 1795 2345 quae
1821 2276 1936 2329 fieri

359 2367 707 2430 mandantur,
741 2380 808 2420 ne
838 2365 979 2421 forte
1012 2365 1304 2425 moriatur.

427 2456 482 2511 2.
512 2455 620 2512 Sed
644 2457 823 2525 primo
850 2456 1094 2512 omnium
1144 2457 1500 2513 ostendamus
1524 2458 1799 2527 quomodo
1824 2457 1939 2513 hrcc

359 2565 480 2621 quas
511 2552 578 2606 de
600 2549 888 2605 sacriﬁciis
920 2551 1370 2616 conscribuntur,
1402 2550 1606 2621 figuras
1634 2564 1756 2605 esse
1788 2551 1939 2621 Apo»

358 2644 531 2699 stolus
563 2643 697 2698 dicit
721 2652 778 2698 et
806 2642 1036 2706 formas,
1070 2658 1306 2713 quarum
1341 2644 1547 2697 veritas
1589 2643 1641 2697 in
1685 2642 1811 2698 aliis
1851 2658 1938 2698 os-

361 2736 636 2801 tendatur,
667 2751 735 2791 ne
783 2736 927 2791 forte
979 2736 1262 2790 auditores
1297 2749 1634 2805 praesumere
1667 2750 1767 2789 nos
1793 2734 1943 2789 arbi-

359 2842 591 2897 trentur,
624 2840 681 2887 et
701 2830 871 2901 legem
907 2831 1000 2886 Dei
1036 2831 1088 2885 in
1121 2832 1287 2887 alium
1332 2846 1551 2887 sensum
1600 2846 1763 2902 quam
1796 2832 1939 2886 scri-

358 2934 447 2991 pta
480 2934 582 2989 est,
615 2923 885 2979 violenter
934 2922 1244 2985 inflectere,
1289 2924 1493 2993 quippe
1521 2922 1566 2978 si
1592 2923 1738 2978 nulla
1773 2924 1828 2978 in
1854 2924 1941 2980 his

356 3034 475 3085 quire
498 3018 814 3081 asserimus,
838 3016 1140 3086 apostolica
1161 3016 1437 3084 praecedat
1453 3016 1778 3072 auctoritas.
1795 3015 1931 3070 Pan.

356 3110 438 3164 lus
484 3125 615 3179 ergo
639 3110 707 3165 ad
732 3109 997 3163 Hebraeos
1048 3107 1322 3173 scribens,
1365 3121 1459 3162 eos
1489 3106 1705 3162 scilicet
1730 3109 1824 3178 qui
1861 3108 1939 3163 le-

2044 635 2174 691 ergo
2209 620 2472 674 Dominus
2504 628 2559 673 et
2613 617 2867 673 Salvator
2899 629 3076 679 meus,
3108 615 3213 669 hoc
3237 613 3390 685 quod
3435 612 3489 668 in
3528 623 3637 666 ter-

2045 728 2161 768 ram
2195 714 2333 769 ierat
2366 712 2696 768 resuscitare
2728 710 2877 781 (47),
2908 718 3182 763 terrenum
3221 708 3466 777 suscepit
3511 722 3637 762 cor-

2045 820 2165 875 pus,
2202 814 2260 859 ut
2304 804 2356 859 id
2390 804 2662 860 elevalum
2695 802 2762 856 de
2798 810 2970 864 terra,
3002 808 3245 867 portaret
3291 799 3358 853 ad
3411 796 3633 853 ccelum.

2043 896 2111 950 Et
2138 896 2300 965 hujus
2344 894 2589 967 mysterii
2633 901 2782 948 tenet
2820 891 3048 962 ﬁguram
3084 890 3215 958 hoc,
3245 889 3387 959 quod
3416 890 3471 943 in
3516 888 3636 957 lege

2043 988 2327 1052 scribitur,
2376 994 2435 1042 ut
2487 985 2629 1040 linea
2676 984 2860 1039 tunica
2914 984 3154 1054 pontifex
3201 984 3476 1037 induatur.
3526 982 3635 1037 Sed

2044 1080 2189 1148 quod
2248 1078 2460 1133 addidit
2508 1077 2883 1141 sanctiﬁcata,
2925 1093 3031 1132 non
3080 1076 3259 1133 otiose
3308 1075 3634 1129 audiendum

2044 1184 2149 1231 est.
2179 1174 2533 1231 Sanctiﬁcata
2559 1188 2796 1244 namque
2824 1172 2926 1227 fuit
2974 1172 3159 1228 tunica
3195 1172 3382 1226 carnis
3405 1169 3635 1235 Christi,

2043 1282 2152 1324 non
2187 1268 2335 1325 enim
2365 1276 2489 1323 erat
2515 1282 2583 1323 ex
2607 1267 2816 1322 semine
2848 1265 2953 1320 viri
2988 1272 3273 1333 concepta,
3290 1262 3382 1317 sed
3407 1277 3475 1318 ex
3507 1276 3637 1315 san-

2045 1370 2135 1415 cto
2166 1359 2373 1428 Spiritu
2433 1367 2718 1429 generata.
2756 1376 2776 1410 ι
2817 1357 2883 1412 Et
2922 1354 3235 1420 femoralia,
3272 1354 3447 1423 inquit
3470 1351 3540 1417 ³⁸,
3573 1351 3638 1406 Ιί-

2046 1465 2144 1504 nea
2169 1452 2278 1503 sint
2312 1465 2479 1516 super
2537 1464 2738 1518 corpus
2788 1446 2929 1516 ejus.
2968 1464 2987 1497 ι
3024 1443 3310 1499 Femorale
3342 1443 3636 1498 indumen-

2047 1551 2158 1595 tum
2190 1553 2292 1603 est,
2310 1555 2417 1609 quo
2451 1541 2700 1611 pudenda
2727 1538 2977 1609 corporis
3001 1537 3219 1605 contegi
3255 1544 3312 1591 et
3332 1535 3635 1605 constringi

2045 1634 2247 1688 solent.
2274 1634 2331 1687 Si
2364 1649 2495 1706 ergo
2531 1633 2767 1702 aspicias
2816 1631 3159 1687 Salvatorem
3192 1645 3368 1684 meum
3389 1630 3640 1703 (48)sus-

2041 1728 2254 1797 cepisse
2341 1726 2566 1795 quidem
2605 1738 2841 1792 corpus,
2876 1731 2931 1777 et
2979 1724 3033 1778 in
3085 1736 3322 1791 corpore
3368 1721 3633 1789 positum,

2045 1818 2224 1887 egisse
2255 1818 2530 1873 humanos
2560 1826 2737 1880 actus,
2770 1816 2825 1870 id
2866 1823 2950 1871 est
2986 1814 3267 1880 vescendi,
3310 1823 3365 1869 et
3392 1813 3634 1879 bibendi,

2045 1922 2099 1964 et
2161 1919 2356 1965 caetera
2420 1909 2677 1964 similia:
2717 1908 2819 1963 hoc
2869 1916 3051 1962 autem
3111 1906 3288 1961 solum
3344 1920 3480 1976 opus
3526 1920 3634 1960 nou

2044 2002 2221 2072 egisse
2252 2002 2397 2064 quod
2431 2002 2497 2056 ad
2535 2000 2787 2071 pudenda
2833 1999 3081 2071 corporis
3115 1998 3637 2069 pertinet,carnem-

2044 2108 2150 2163 que
2209 2092 2327 2163 eius
2369 2109 2547 2165 neque
2602 2095 2830 2164 nuptiis,
2866 2108 3042 2161 neque
3091 2092 3349 2153 ﬁliorum,
3377 2106 3637 2160 procrea-

2046 2187 2177 2242 tioni
2228 2188 2508 2257 patuisse,
2558 2187 2809 2242 invenies
2860 2185 3099 2257 qualiter
3143 2184 3426 2238 femoralia
3492 2184 3633 2239 linea

2046 2279 2387 2335 sanctiﬁcata
2434 2280 2708 2346 habuerit,
2749 2288 2810 2333 ut
2867 2293 2993 2333 vere
3025 2279 3092 2334 de
3130 2276 3245 2345 ipso
3286 2276 3393 2331 dici
3418 2276 3632 2339 debeat,

2046 2378 2174 2450 quia
2207 2395 2226 2429 ι
2266 2379 2643 2433 inhonestiora
2702 2386 2889 2434 nostra
2925 2374 3383 2431 abundantiorem
3432 2372 3636 2428 habent

2047 2474 2311 2528 honorem
2343 2472 2412 2529 '°.
2457 2490 2476 2523 ι
2513 2471 2816 2527 Considera
2855 2481 3038 2525 tamen
3063 2479 3119 2525 et
3148 2469 3328 2539 ipsum
3360 2467 3637 2538 pontiﬁcis

2043 2565 2315 2630 habitum,
2345 2564 2472 2633 quia
2496 2564 2641 2635 quod
2667 2579 2764 2629 per
2788 2573 3041 2619 naturam
3077 2561 3258 2617 minus
3287 2561 3341 2614 in
3370 2574 3437 2614 eo
3464 2558 3638 2613 hone-

2043 2666 2188 2713 stum
2230 2658 2473 2721 videtur,
2513 2656 2719 2711 indutis
2757 2655 3114 2712 femoralibus
3155 2654 3349 2719 lineis,
3390 2662 3448 2707 et
3497 2667 3633 2706 zona

2042 2748 2385 2814 constrictis,
2413 2748 2578 2802 etiam
2618 2748 2922 2803 secundum
2965 2747 3205 2802 litteram
3230 2747 3298 2801 de
3338 2760 3406 2801 eo
3439 2760 3637 2800 conve-

2044 2842 2127 2897 nit
2156 2842 2289 2907 dici,
2322 2841 2451 2912 quia
2488 2859 2509 2892 ι
2539 2840 2914 2897 iubonestiora
2951 2850 3139 2895 nostra
3179 2838 3633 2894 abundantiorem

2044 2934 2386 2990 honestatem
2425 2932 2648 2988 habent.
2681 2951 2701 2985 ι
2737 2932 2811 2987 Ita
2850 2947 2981 3003 ergo
3012 2940 3066 2986 et
3100 2932 3280 2986 omnis
3308 2930 3399 2998 qui
3457 2930 3509 2982 in
3540 2943 3635 2981 ca-

2041 3023 2228 3078 stitate
2256 3023 2448 3077 vivens
2484 3021 2736 3076 imitatur
2764 3020 3070 3087 Christum,
3110 3025 3216 3076 hoc
3241 3018 3415 3075 solum
3444 3020 3513 3075 de
3541 3019 3638 3075 hu-

2042 3112 2219 3168 manis
2268 3111 2479 3167 actibus
2529 3110 2886 3176 nescientem,
2916 3111 3033 3181 ipse
3053 3113 3221 3166 etiam
3257 3110 3421 3166 lineis
3458 3108 3634 3164 femo-

352 3217 473 3272 gem
509 3201 730 3270 quidem
761 3199 1008 3266 legerent
1039 3206 1094 3251 et
1128 3196 1244 3253 haec
1270 3195 1533 3250 meditata
1567 3195 1857 3258 baberent,
1883 3205 1936 3251 et

2042 3202 2246 3259 ralibus
2290 3200 2647 3258 sanctiﬁcatis
2679 3202 2902 3258 indutus
2941 3210 3046 3268 est,
3078 3212 3133 3257 et
3168 3200 3631 3256 iuhonestioribus

354 3296 491 3348 bene
513 3300 666 3355 uota,
698 3291 791 3346 sed
818 3291 1128 3361 indigerent
1166 3285 1728 3355 intellectu,qualiter
1743 3288 1937 3343 sentiri

353 3388 421 3438 de
448 3382 739 3438 sacriﬁciis
753 3382 967 3443 debeat.
997 3381 1101 3436 hoc
1132 3380 1293 3436 modo
1310 3376 1441 3433 dicit
1472 3376 1517 3409 ³⁸
1549 3395 1562 3431 :
1592 3396 1611 3429 ι
1650 3378 1765 3435 Non
1791 3380 1937 3435 enim

355 3478 408 3529 in
456 3484 644 3530 sancta
718 3474 1032 3528 manufacta
1107 3471 1551 3529 iutroivitJesus
1606 3473 1939 3542 exemplaria

352 3580 631 3629 verorum,
686 3564 781 3619 sed
840 3563 892 3617 in
953 3563 1127 3633 ipsum
1167 3563 1389 3627 coelum,
1422 3572 1766 3634 utappareat
1794 3578 1939 3620 nunc

351 3656 524 3711 vultui
562 3656 653 3710 Dei
678 3671 779 3725 pro
812 3654 997 3708 nobis.
1025 3671 1044 3705 ι
1065 3652 1350 3709 Etiterum
1378 3653 1510 3708 dicit
1537 3655 1604 3710 de
1635 3655 1831 3710 hostiis
1853 3656 1895 3687 "
1919 3673 1934 3709 :

356 3766 376 3800 ι
412 3749 525 3802 Iloc
560 3747 705 3802 enim
724 3745 1296 3816 fecitsemelseipsum
1327 3746 1564 3802 hostiam
1595 3746 1930 3803 offerendou

351 3841 456 3893 Sed
473 3841 599 3910 quid
618 3840 684 3895 de
701 3840 786 3895 his
806 3839 1119 3906 singulatim
1141 3840 1440 3908 qumrimus
1457 3840 1800 3895 testimonia?
1817 3840 1942 3896 Oui-

352 3948 471 3987 nem
485 3931 768 4003 epistolam
784 3932 956 4001 ipsam
976 3930 1044 3986 ad
1062 3928 1326 3985 Hebraeos
1348 3931 1611 4000 scriptam
1632 3933 1678 3986 si
1701 3934 1824 4002 quis
1851 3947 1939 3988 re-

352 4036 593 4089 censeat,
626 4036 682 4081 et
730 4025 1002 4094 praecipue
1032 4038 1154 4078 eum
1181 4023 1380 4086 locum,
1405 4025 1824 4093 ubipontiﬁcem
1854 4025 1934 4081 le-

350 4119 431 4187 gis
450 4120 665 4175 confert
688 4118 931 4188 pontifici
958 4116 1421 4185 repromissionis,
1453 4116 1520 4171 de
1546 4132 1656 4186 quo
1668 4119 1932 4187 scriptum

348 4213 509 4283 237
548 4223 634 4267 est
668 4211 713 4243 ³⁸
747 4226 763 4264 :
810 4228 829 4261 ι
873 4209 951 4263 Tu
973 4225 1032 4264 es
1058 4210 1318 4265 sacerdos
1341 4211 1393 4263 in
1442 4217 1707 4265 aeternum
1736 4226 1935 4266 secun-

349 4309 476 4360 dum
534 4304 783 4359 ordinem
819 4302 1255 4368 Melchisedech,
1294 4322 1313 4355 ι
1373 4303 1616 4359 inveniet
1660 4303 1933 4373 quomodo

347 4400 527 4455 omnis
562 4399 652 4454 hic
697 4398 851 4453 locus
899 4396 1183 4466 Apostoli,
1236 4396 1571 4466 exemplaria
1627 4406 1683 4452 et
1726 4396 1931 4453 formas

346 4491 586 4547 ostendit
621 4504 746 4545 esse
776 4504 955 4544 rerum
995 4488 1238 4544 vivarum
1275 4499 1331 4544 et
1356 4504 1637 4556 verarum,
1674 4489 1762 4544 illa
1810 4507 1933 4559 qua:

2042 3295 2157 3352 suis
2210 3295 2664 3351 abundantiorem
2707 3295 3072 3351 circumdedit
3108 3295 3478 3351 honestatem.
3523 3292 3632 3346 Tu-

2043 3388 2162 3441 nica
2195 3402 2327 3458 ergo
2369 3388 2513 3442 linea
2549 3388 2890 3443 sanctiﬁcata
2928 3388 3193 3455 induitur,
3234 3395 3293 3442 et
3340 3385 3631 3441 feuioralia

2042 3478 2184 3536 linea
2219 3495 2386 3551 super
2406 3495 2607 3551 corpus
2630 3481 2749 3552 ejus
2789 3491 2937 3538 sunt.
2970 3480 3077 3536 Sed
3121 3494 3188 3535 ne
3220 3478 3363 3533 forte
3395 3479 3633 3533 femora-

2041 3570 2113 3626 lia
2143 3572 2260 3627 haec
2288 3571 2489 3642 quibus
2526 3573 2780 3642 pudenda
2827 3581 3213 3642 conteguntur,
3249 3570 3489 3627 resoluta
3512 3569 3629 3642 (49)

2040 3664 2310 3730 deﬂuant,
2352 3673 2409 3721 et
2438 3666 2831 3734 turpitudinem
2882 3664 3151 3730 revolent,
3198 3671 3295 3719 aut
3342 3671 3628 3732 retegant,

2039 3756 2285 3828 adjungit
2322 3774 2336 3810 :
2366 3776 2387 3809 α
2429 3757 2546 3814 Νοη
2589 3760 2762 3823 enim,
2797 3758 2979 3828 inquit
3009 3758 3075 3824 ³⁷,
3110 3757 3280 3812 facies
3330 3755 3530 3826 gradus
3560 3755 3634 3806 ad

2038 3848 2232 3912 altare,
2263 3862 2339 3903 ne
2374 3847 2512 3904 forte
2535 3848 2589 3903 in
2614 3848 2700 3903 his
2739 3849 3012 3903 reveletur
3053 3847 3335 3916 turpitudo
3360 3855 3470 3898 tua.
3503 3861 3523 3894 ι
3550 3842 3636 3897 Ne

2038 3953 2172 4009 ergo
2190 3940 2469 4009 turpitudo
2488 3948 2575 3995 tua
2592 3938 2954 3995 defluentibus
2971 3938 3321 3993 femoralibus
3337 3935 3633 3997 reveletur.

2038 4046 2173 4085 zona
2200 4068 2216 4094 ,
2273 4029 2487 4099 inquit,
2533 4029 2819 4084 femoralia
2868 4028 3337 4098 constringautur.
3380 4025 3637 4093 Quodam

2040 4132 2282 4191 tempore
2322 4132 2659 4191 exponentes
2705 4119 2968 4177 Joannem
3012 4120 3337 4190 Baptistam,
3390 4130 3446 4174 et
3492 4119 3639 4173 alias

2035 4212 2350 4281 Jeremiam,
2398 4214 2542 4283 quod
2578 4213 2851 4269 Jeremias
2884 4213 3109 4281 quidem
3134 4226 3353 4276 zonam,
3384 4210 3638 4266 Joannes.

2035 4322 2166 4362 vero
2188 4307 2471 4377 pelliceam
2507 4320 2701 4359 zonam
2732 4306 2882 4360 circa
2917 4305 3132 4358 lumbos
3185 4303 3443 4358 habuisse
3470 4302 3637 4356 dicen

2035 4408 2204 4464 retur,
2227 4397 2553 4454 sufﬁcienter
2581 4397 2920 4454 ostendimus
2948 4396 3222 4466 quomodo
3262 4411 3361 4466 per
3396 4397 3509 4451 haac
3531 4396 3639 4450 de.~

2035 4491 2270 4546 claretur
2303 4490 2501 4545 indicia
2537 4489 2650 4563 (50)
2684 4504 2812 4560 pars
2847 4489 2938 4544 illa
2976 4488 3223 4558 corporis
3253 4486 3398 4556 apud
3432 4487 3631 4557 hujusx

347 4584 400 4636 in
429 4582 545 4655 lege
580 4584 786 4654 scripta
807 4591 954 4639 sunt.
985 4582 1215 4651 Oportet
1244 4597 1374 4652 ergo
1399 4598 1500 4637 nos
1527 4598 1777 4653 quaerere
1798 4599 1932 4654 pon-
1963 4566 2009 4623 D
2040 4584 2183 4639 modi
2220 4585 2363 4639 viros
2392 4582 2468 4637 ita
2495 4590 2768 4649 emortua,
2804 4592 2862 4636 ut
2892 4595 3068 4651 neque
3115 4579 3198 4636 vel
3246 4580 3380 4634 levis
3422 4588 3636 4649 motus”

349 4676 573 4741 tiﬁeem,
601 4677 695 4746 qui
750 4674 917 4730 semel
958 4675 1011 4729 in
1053 4689 1219 4740 anno,
1250 4674 1303 4728 id
1354 4683 1441 4729 est
1490 4690 1588 4743 per
1626 4689 1790 4730 omne
1828 4675 1932 4732 hoc

347 4782 583 4833 prmseus
615 4766 898 4830 smculum,
929 4766 1259 4822 sacriﬁcium
1305 4766 1504 4821 obtulit
1536 4766 1644 4821 Deo
1667 4807 1683 4833 ,
1710 4770 1933 4824 indutus

344 4870 516 4925 veste,
539 4861 715 4927 cujus,
738 4858 968 4914 Domino
988 4858 1236 4928 juvante,
1254 4872 1375 4926 quae.
1396 4858 1466 4913 sit
1483 4858 1718 4927 qualitas
1739 4869 1928 4914 osten-

346 4954 556 5007 demus.
588 4967 608 5003 ι
650 4949 883 5017 Tunica,
932 4950 1113 5018 inquit
1139 4949 1211 5016 ⁸³,
1250 4949 1391 5004 linea
1446 4950 1784 5006 sanctiﬁcata
1842 4951 1928 5006 iu-

341 5037 559 5097 dnetur.
599 5061 619 5095 ι
655 5041 849 5097 Linum
881 5042 950 5097 de
996 5050 1143 5096 terra
1178 5041 1377 5106 oritur,
1411 5043 1591 5097 tunica
1638 5056 1769 5114 ergo
1796 5059 1927 5099 san-

344 5132 578 5187 ctiﬁcata
609 5132 750 5187 linea
776 5130 1019 5187 induitur
1041 5146 1202 5186 verus
1232 5131 1473 5198 pontifex
1498 5132 1769 5199 Christus,
1797 5151 1921 5191 cum

341 5236 597 5278 naturam
635 5224 837 5280 terreni
878 5225 1124 5294 corporis
1164 5225 1352 5278 sumit.
1398 5222 1477 5279 De
1503 5239 1735 5294 corpore
1767 5228 1916 5283 enim

414 5335 460 5407 εξ
485 5334 504 5387 ι
532 5335 679 5390 pc”.
718 5352 779 5402 ιι,
805 5339 861 5393 9,
936 5339 983 5371 ’ν
1012 5337 1142 5392 Luc.
1176 5354 1273 5401 xu,
1300 5338 1371 5392 49
1510 5337 1556 5370 ’°
1583 5339 1834 5407 "t'erX,
1858 5344 1948 5401 24.

2039 4691 2218 4746 neque
2255 4675 2396 4730 alius
2418 4676 2709 4745 quisquam
2756 4676 2809 4729 in
2844 4673 3047 4729 lumbis
3076 4687 3267 4729 eorum
3302 4671 3472 4727 fuisse
3504 4686 3633 4725 ατε-ι

2037 4771 2281 4835 deretur,
2320 4771 2416 4825 sed
2458 4770 2573 4824 sola
2610 4768 2863 4836 castitas,
2886 4777 2945 4823 et
2998 4782 3134 4838 pura
3161 4764 3445 4836 pudicitia.
3475 4763 3623 4820 Zona

2037 4878 2169 4934 ergo
2193 4862 2619 4932 poutifex‘linea
2651 4861 2912 4932 cingitur,
2943 4870 2999 4915 et
3029 4858 3256 4914 cidarim
3293 4859 3492 4913 lineam
3520 4857 3626 4912 im-

2032 4956 2184 5027 ponit
2204 4971 2370 5026 super
2397 4966 2559 5026 caput
2586 4971 2762 5016 suum,
2803 4954 2987 5008 omnia
3020 4952 3194 5007 linea.
3224 4952 3439 5007 Cidaris
3474 4953 3623 5021 qiiod

2030 5049 2231 5103 dicitur
2278 5058 2505 5103 ornatus
2556 5049 2776 5117 quidam
2800 5056 2907 5111 est,
2955 5047 3049 5117 qui
3082 5044 3248 5113 capiti
3290 5044 3619 5115 superponi—

2031 5150 2142 5205 tur,
2162 5154 2270 5210 qno
2296 5140 2466 5193 utitur
2487 5140 2728 5208 pontifex
2762 5140 2815 5193 in
2843 5136 3139 5193 odereudis
3160 5137 3380 5201 hostiis,
3409 5135 3493 5192 vel
3511 5152 3614 5191 cte-

2030 5231 2133 5287 teri
2191 5230 2535 5286 sacerdotes.
2570 5229 2676 5285 Sed
2710 5231 3085 5301 unusquisque
3131 5240 3376 5285 nostrum
3416 5242 3616 5283 ornare

2063 5347 2105 5380 "
2137 5345 2300 5399 Hebr.
2327 5360 2423 5404 vlt.
2459 5343 2552 5397 27.
2608 5339 2656 5375 ³³
2681 5339 2985 5397 Ρεειιάῖικσῑ.
3109 5345 3155 5377 ⁸³
3190 5344 3366 5403 Levit,
3417 5357 3532 5409 xvi,
3558 5343 3589 5397 4

340 5407 384 5440 ³³
419 5405 618 5461 Genes.
643 5422 726 5474 ιιι,
761 5410 850 5465 19.
924 5409 972 5441 ³⁸
995 5409 1171 5465 Levit.
1208 5425 1320 5476 xu,
1360 5408 1414 5463 4.
1490 5409 1536 5440 ³⁸
1568 5410 1585 5465 l
1616 5412 1743 5467 Cor.
1776 5405 1876 5482 xu,
1907 5418 1936 5472 9

2075 5416 2119 5451 ³⁷
2148 5417 2320 5472 Exod.
2354 5416 2534 5481 “,26
2562 5433 2577 5483 ;
2603 5415 2776 5471 Levit.
2821 5416 3017 5480 xu,4.

412 5567 523 5638 ($6)
562 5569 716 5638 Mss,
753 5588 774 5624 ‹
817 5570 1005 5627 intret.
1047 5590 1066 5625 ι
1117 5571 1274 5627 Libb.
1332 5573 1494 5636 editi,
1533 5591 1553 5624 ε
1588 5576 1842 5633 intraret.
1888 5598 1908 5633 ι

339 5636 512 5712 Dauid
538 5654 657 5711 post
694 5636 852 5707 ωδε..
893 5659 911 5692 ι
936 5644 1174 5712 seipsttm
1206 5643 1442 5698 hostiam
1464 5643 1765 5702 offerendo.
1794 5668 1812 5700 ι
1858 5651 1913 5706 ln

340 5708 470 5764 libb.
499 5708 658 5768 editis
686 5714 860 5773 deest,
899 5732 917 5763 ι
957 5708 1209 5766 lin-suam.
1235 5731 1252 5763 ι

409 5780 523 5847 (47)
568 5782 721 5850 Mss.,
760 5802 780 5837 ο
840 5785 1189 5840 resuscitare.
1230 5801 1247 5833 ι
1291 5783 1443 5838 Libb.
1475 5785 1631 5852 editi,
1672 5805 1692 5839 α
1742 5790 1913 5845 susci-

342 5857 475 5907 tare.
525 5872 542 5905 ι

2097 5582 2213 5651 (48)
2252 5582 2437 5637 Codex
2464 5582 2783 5650 Sangerm.,
2829 5594 2849 5631 ς
2892 5587 3158 5633 nostrum.
3194 5594 3216 5629 ι

2098 5654 2215 5725 (49)
2256 5654 2391 5708 Cod.
2426 5654 2803 5725 Saugerluq}
2833 5652 3190 5725 dissoluta.__l_
3327 5716 3359 5725 η
3391 5715 3403 5725 _
3521 5714 3532 5724 .

2252 5725 2454 5780 Omnes
2485 5716 2650 5790 mss”
2687 5740 2709 5773 ι
2757 5720 2974 5776 iudicia.
3014 5736 3033 5770 ι
3072 5716 3232 5774 Libb.
3271 5716 3430 5787 editi,
3466 5731 3488 5769 ί
3519 5716 3606 5771 in-

2027 5798 2218 5852 dicari.
2255 5813 2273 5846 ι
