4124 6398
561 355 659 412 Sil

561 471 721 525 debet
773 483 931 537 caput
982 492 1137 533 suum
1189 483 1621 550 sacerdotalibus
1652 510 2007 556 ornamentis.

558 562 701 613 enim
732 565 858 630 quia
893 569 1074 624 omnis
1102 574 1201 627 viri
1229 591 1390 646 caput
1418 583 1670 641 Christus
1692 598 1796 647 est.
1822 593 2132 662 quicunque

559 653 629 704 ita
658 656 768 723 agit
794 667 851 710 ut
874 674 942 715 ex
976 666 1189 719 actibus
1220 673 1334 726 suis
1359 678 1603 731 conferat
1639 682 1865 750 gloriam
1891 684 2129 752 Christo,

555 754 891 809 caputsuum
918 753 1009 818 qui
1048 765 1128 808 est
1170 757 1419 818 Christus
1457 771 1689 823 ornavit.
1720 772 1906 827 Potest
1939 786 1992 829 et
2025 777 2130 831 alio

562 838 720 886 modo
742 839 793 890 in
820 843 975 897 nobis
1000 845 1220 918 intelligi
1242 855 1434 920 capitis
1455 870 1695 918 ornatus.
1720 863 1983 930 Quoniam
2011 870 2130 938 qui-

551 926 671 977 dem
696 931 838 996 quod
871 943 953 986 est
984 935 1033 989 in
1061 941 1214 994 nobis
1239 946 1468 1012 prinmm
1494 965 1555 1002 ac
1577 968 1868 1022 summum,
1887 969 1941 1013 et
1967 972 2129 1031 caput

549 1018 812 1083 omnium,
843 1038 995 1079 mens
1029 1040 1137 1096 cst,
1171 1032 1235 1083 ad
1263 1035 1575 1103 dignitatem
1601 1046 1932 1111 pontificium
1968 1067 2128 1107 exco.

548 1099 610 1155 lit
653 1119 817 1175 caput
852 1127 1030 1178 suum,
1058 1122 1102 1171 si
1138 1123 1261 1189 quis
1307 1137 1542 1183 mentem
1591 1148 1745 1188 suam
1774 1139 2124 1200 adornaverit

547 1196 827 1261 Sapientia:
866 1204 1186 1275 disciplinis.
1234 1215 1338 1270 Ista
1384 1219 1550 1289 igitur
1588 1236 1715 1278 sunt
1746 1230 1940 1296 quibus
1975 1234 2122 1290 indui

550 1290 1144 1367 prtecipiturpontifex,
1165 1315 1218 1359 et
1248 1309 1317 1362 ita
1350 1310 1564 1368 demum
1586 1316 1811 1374 introire
1832 1321 1883 1374 in
1913 1339 2119 1394 sancta,

547 1394 616 1433 ne
642 1380 755 1436 htec
788 1400 893 1440 non
932 1390 1136 1449 habens
1169 1400 1454 1459 moriatur.

613 1474 671 1526 5.
712 1474 833 1531 Jam
887 1496 1016 1537 vero
1058 1487 1124 1541 de
1171 1490 1363 1547 hostiis
1412 1499 1657 1565 quaedam
1688 1506 1904 1571 quidem
1949 1509 2119 1578 ipsius

539 1567 867 1623 mandantur
919 1574 1115 1631 debere
1155 1596 1273 1634 esse
1318 1587 1607 1653 pontificis,
1644 1599 1888 1663 qutedam
1928 1616 2057 1657 vero
2088 1622 2116 1657 a

536 1656 734 1721 populo
775 1666 1053 1719 sumendae
1095 1668 1227 1740 (5t).
1266 1673 1435 1742 ipsius
1466 1682 1611 1734 enim
1662 1656 1859 1742 dicitur
1892 1693 2112 1759 vitulus,

536 1748 679 1811 quod
712 1761 795 1805 est
845 1755 898 1809 in
937 1762 1264 1822 animalibus
1309 1773 1599 1838 pretiosius
1634 1789 1688 1834 et
1719 1782 2014 1842 robustius.
2048 1788 2112 1843 Et

533 1842 833 1899 secundum
865 1850 1067 1906 animal
1108 1858 1273 1923 aries,
1310 1864 1455 1930 quod
1492 1866 1542 1919 in
1576 1871 1767 1927 ovibus
1797 1876 1916 1931 sine
1948 1881 2109 1935 dubio
2145 1847 2183 1899 Β

534 1930 823 1991 pretiosius
849 1950 953 1994 est.
996 1944 1039 1997 A
1089 1951 1285 2015 populo
1336 1968 1466 2009 vero
1491 1964 1993 2031 munerajubcutur
2022 1974 2107 2026 of-

535 2017 683 2085 ferri,
740 2027 883 2083 aries
928 2048 956 2085 a
994 2037 1355 2109 principibus,
1383 2057 1437 2101 et
1474 2049 1608 2105 hirci
1638 2055 1745 2109 duo
1803 2074 1832 2111 a
1883 2065 2103 2132 populo.

535 2108 682 2132 .,_____
719 2117 802 2132 μ.
857 2120 889 2132 ..
953 2122 965 2132 .

535 2108 684 2166 Unus
712 2117 802 2183 qui
836 2120 1141 2182 dimittatur
1169 2133 1221 2185 in
1248 2148 1510 2206 eremum,
1534 2145 1624 2211 qui
1646 2154 1701 2199 et
1729 2108 2103 2223 apoprlmptcus

526 2297 708 2349 omnis
738 2305 933 2369 populo
977 2308 1068 2364 Dei
1097 2325 1341 2383 sanctus,
1380 2332 1433 2377 et
1464 2340 1656 2382 onmes
1707 2345 1891 2389 essent
1934 2336 2098 2405 beati,

528 2398 634 2436 non
692 2387 1017 2453 tiereutduaa
1044 2415 1222 2460 sortes
1279 2425 1441 2481 super
1472 2415 1640 2473 hircis
1674 2440 1687 2475 :
1722 2433 1777 2475 et
1814 2442 1949 2481 unus
1981 2430 2102 2498 qui-

528 2472 644 2498 .Ι....-
697 2489 833 2498 --υιί
952 2487 972 2498 ’⁸

523 2472 645 2525 dem
694 2489 895 2536 sortem
948 2487 1156 2557 ferret,
1200 2505 1259 2550 ut
1314 2472 1681 2564 dimitteretur
1727 2513 1781 2567 in
1831 2472 2095 2584 eremtlm,

525 2565 667 2623 alius
700 2586 827 2628 vero
853 2585 911 2630 ut
939 2578 1164 2639 Domino
1188 2588 1493 2655 offerretur.
1522 2597 1616 2650 sed
1639 2614 1781 2660 esset
1809 2623 1929 2663 sors
1971 2628 2090 2674 una.

522 2667 572 2709 et
617 2658 790 2717 hostia
837 2683 941 2723 una
974 2672 1202 2733 Domino
1250 2683 1371 2739 soli.
1414 2684 1566 2743 Nunc
1599 2707 1727 2749 vero
1756 2700 2010 2766 quoniam
2042 2704 2093 2757 in

523 2750 868 2812 multitudine
891 2775 1081 2818 eorum
1106 2771 1198 2836 qui
1227 2777 1490 2833 accedunt
1517 2784 1581 2835 ad
1629 2750 1932 2855 Dominum,
1968 2806 2095 2850 sunt

519 2842 737 2908 quidam
770 2846 1003 2919 Domini,
1038 2857 1127 2912 alii
1159 2874 1337 2917 autem
1379 2881 1525 2932 sunt,
1571 2876 1661 2941 qui
1700 2880 1840 2934 mitti
1874 2884 1941 2937 ad
1970 2900 2094 2941 ere-

517 2948 661 2989 mum
707 2938 960 3015 debeant,
1002 2948 1054 3003 id
1079 2960 1160 3006 est
1187 2956 1276 3022 qui
1301 2958 1462 3025 abjici
1496 2938 1792 3037 merentur,
1839 2985 1892 3028 et
1934 2992 2092 3047 sepa-

1779 3027 1791 3037 r
1880 3027 1887 3028 ί
1935 3027 2060 3047 ⁷⁷1⁷*-

515 3027 623 3077 rari
658 3029 725 3082 ab
756 3032 927 3089 hostia
961 3037 1173 3097 Domini
1219 3064 1232 3101 :
1270 3064 1551 3120 propterea
1589 3073 1712 3126 pars
1750 3064 1940 3121 hostia:
1968 3088 2089 3139 quze

516 3117 671 3139 ,ιι-..-μ
722 3138 741 3139 η
969 3129 983 3139 “
1091 3136 1100 3139 ⁴
1128 3137 1139 3139 “

2012 391 2333 450 ORIGENIS

2044 504 2123 557 Et~
2166 507 2209 563 Α
2240 506 2420 573 habet,
2454 510 2615 565 etiam
2664 516 2807 582 quod
2858 518 3018 575 habet
3068 520 3349 581 auferetur
3387 531 3571 599 abeo,
3610 558 3628 589 ι
3672 556 3726 596 ιιι
3761 549 3811 601 ei

3710 428 3818 487 512

2234 599 2462 652 addatur
2490 604 2581 670 qui
2609 604 2768 660 habet
2798 609 2993 665 multas
3032 630 3183 669 muas
3211 631 3575 684 peccatorum.
3612 629 3808 689 Verum

2234 693 2488 756 quoniam
2515 694 2557 748 is
2574 698 2663 764 qui
2694 698 2744 752 in
2771 710 2917 756 sorte
2945 704 3155 760 Domini
3195 720 3300 774 est,
3333 727 3484 780 spem
3520 722 3660 787 gerit
3703 742 3808 781 non

2235 782 2285 834 in
2315 789 2565 849 pra-senti
2594 791 2811 858 saeculo,
2843 796 2939 850 sed
2965 798 3018 851 in
3039 798 3241 865 futuro,
3274 816 3328 858 ct
3358 807 3511 874 cujus
3544 828 3661 869 sors
3704 818 3807 871 Do-

2232 872 2413 926 tniuus
2466 887 2573 939 est,
2611 882 2852 947 quotidie
2880 889 3147 957 moritur;
3174 905 3457 962 propterea
3494 902 3539 956 is
3586 908 3804 973 quidem

2231 978 2393 1031 super
2414 981 2574 1035 quem
2601 985 2720 1026 sors
2759 974 2969 1031 Domini
3008 985 3227 1048 cecidit,
3259 986 3559 1056 jugulatur,
3592 1008 3646 1050 et
3690 1015 3805 1053 mo-

2231 1054 2388 1120 ritur,
2428 1068 2483 1111 ut
2533 1065 2793 1131 sanguine
2834 1083 2933 1121 suo
2968 1072 3222 1137 purificet
3262 1054 3517 1148 populum
3561 1086 3682 1152 Dei;
3717 1091 3804 1143 ille

2227 1155 2408 1200 autem
2462 1151 2551 1217 qui
2582 1152 2633 1204 in
2667 1166 2869 1210 sortem
2903 1164 3237 1217 contrariam
3282 1170 3566 1238 ceciderit,
3592 1191 3695 1230 non
3720 1189 3803 1232 est

2227 1234 2420 1303 dignus
2452 1248 2510 1291 ιιι
2536 1243 2819 1304 moriatur.
2839 1249 2962 1314 quia
2982 1251 3070 1319 qui
3097 1252 3147 1305 itt
3178 1267 3325 1312 sorte
3360 1260 3568 1316 Domini
3587 1277 3670 1320 est
3692 1284 3794 1321 non

2221 1506 2357 1575 ligit.
2396 1508 2515 1563 Ideo
2539 1528 2644 1566 non
2676 1519 2963 1585 occiditur,
2994 1539 3091 1579 nec
3114 1526 3304 1597 dignus
3329 1544 3413 1587 est
3454 1534 3689 1605 jugulari
3728 1538 3797 1595 ad

2219 1599 2388 1653 altare
2422 1601 2539 1668 Πι-ἰ,
2577 1620 2677 1660 nec
2708 1614 2927 1681 sanguis
2957 1614 3076 1683 ejus
3125 1621 3190 1673 ad
3239 1621 3410 1677 basim
3461 1626 3651 1684 altaris
3682 1645 3798 1687 me-

2220 1699 2368 1745 retur
2406 1692 2634 1750 effundi.

2286 1783 2340 1836 4.
2386 1785 2489 1841 Sed
2547 1791 2824 1850 videamus
2866 1798 2987 1867 quis
3027 1810 3108 1855 est
3139 1803 3226 1857 hic
3264 1806 3356 1875 qui
3403 1808 3601 1877 accipit
3642 1826 3789 1875 eum,

2218 1875 2373 1945 cujus
2422 1893 2541 1935 sors
2573 1892 2906 1957 apopomptei
2952 1890 3094 1947 facta
3125 1903 3241 1959 est,
3275 1908 3332 1951 ut
3367 1914 3491 1953 eum
3525 1902 3706 1967 ejiciat
3736 1905 3788 1959 in

2215 1980 2474 2024 eremum.
2507 1990 2524 2022 ι
2561 1972 2752 2042 llomo,
2801 1978 2973 2048 inquit
2997 1982 3063 2047 ⁸⁸,
3101 1995 3324 2051 paratus
3399 1989 3627 2059 accipiet
3667 1993 3781 2044 Itir—

2212 2074 2358 2125 cum,
2402 2063 2493 2131 qui
2520 2069 2727 2122 venerit
2756 2069 2806 2123 in
2838 2084 3042 2128 sortem
3074 2077 3216 2145 ejus,
3247 2080 3333 2132 cui
3383 2081 3641 2136 ceciderit
3667 2098 3786 2137 sors

2210 2156 2564 2223 apopompmi,
2591 2167 2643 2211 et
2667 2160 2897 2215 adducet
2922 2179 3045 2219 eum
3075 2167 3125 2219 in
3148 2182 3412 2227 eremum.
3452 2191 3470 2224 ι
3498 2172 3646 2228 Finis
3670 2191 3782 2228 sor-

2214 2241 2281 2294 tis
2320 2242 2476 2299 istius
2518 2260 2734 2304 eretuus
2777 2262 2884 2317 est,
2921 2254 2971 2308 id
3001 2265 3081 2310 est
3111 2257 3259 2313 locus
3298 2262 3565 2329 desertus,
3600 2264 3785 2318 deser-

2210 2343 2296 2389 tus
2324 2338 2644 2407 virtutibus,
2676 2342 2923 2401 desertus
2968 2349 3097 2414 Deo,
3133 2350 3377 2407 desertus
3412 2354 3654 2424 justitia,
3689 2358 3783 2411 de-

2207 2437 2389 2483 sertus
2440 2430 2678 2499 Christo,
2712 2436 2957 2495 desertus
3008 2444 3154 2497 omni
3208 2445 3370 2501 bono.
3417 2448 3483 2502 Et
3519 2464 3617 2502 nos
3649 2464 3780 2518 ergo

2205 2519 2445 2588 singulos
2474 2535 2655 2581 manet
2686 2543 2807 2584 sors
2836 2546 2941 2587 una
2981 2548 3012 2587 e
3040 2535 3270 2591 duabus.
3302 2540 3407 2592 Aut
3454 2541 3597 2594 enim
3644 2542 3780 2597 bene

2203 2623 2449 2681 agentes,
2485 2633 2607 2674 sors
2638 2620 2848 2677 Domini
2880 2640 3089 2693 sumus,
3123 2642 3212 2684 aut
3251 2631 3390 2684 male
3416 2645 3639 2702 agentes
3656 2648 3776 2687 sors

2204 2712 2389 2755 nostra
2425 2720 2523 2760 nos
2548 2709 2695 2764 ducit
2729 2712 2794 2764 ad
2820 2730 3085 2776 eremum.
3109 2720 3203 2777 Vis
3238 2722 3332 2776 tibi
3363 2724 3639 2777 evidenter
3659 2723 3774 2795 (55)

2200 2795 2478 2850 ostendam
2539 2801 2810 2866 quomodo
2844 2803 2958 2858 ista:
3011 2809 3128 2861 diue
3168 2821 3342 2865 sortes
3397 2825 3613 2879 semper
3642 2826 3773 2880 ope-

2203 2896 2409 2950 rentur,
2441 2899 2497 2941 et
2552 2893 2925 2962 unusquisque
2967 2906 3210 2952 nostrum
3248 2910 3339 2955 aut
3373 2917 3490 2955 sors
3535 2902 3772 2963 Domini,

2197 2983 2290 3028 aut
2321 2991 2443 3031 sors
2473 2984 2807 3051 apopompaai
2847 2985 2929 3039 vel
2971 2991 3139 3043 eremi
3191 2992 3283 3045 fiat
3315 2992 3658 3048 iConsidera
3715 2994 3771 3047 iu

2198 3067 2508 3139 Evattgctiis
2534 3071 2680 3125 illum
2734 3076 2955 3132 divitem
2988 3083 3261 3137 viventem
3299 3086 3579 3153 splendide
3602 3096 3656 3141 et
3689 3086 3772 3140 lu-

1370 3117 1380 3120 —
1589 3117 1600 3126 .
1970 3117 2089 3139 ηπ...
2199 3117 2237 3121 -
2279 3117 2506 3139 πον----
2995 3117 3261 3137 meum...
3299 3117 3579 3153 quam..."
3602 3117 3656 3141 υ.
3690 3117 3772 3140 ι..-

512 3117 745 3175 offertur
767 3138 795 3177 a
824 3129 1043 3195 populo,
1089 3136 1140 3190 id
1186 3149 1269 3193 est
1304 3158 1442 3197 unus
1471 3147 1619 3203 solus
1651 3154 1833 3210 hircus
1862 3160 2087 3220 Domino
2115 3181 2159 3240 ς
2194 3163 2436 3231 Iuriose,
2476 3174 2529 3219 et
2559 3165 2829 3223 Lazarum
2866 3172 2933 3225 ad
2968 3172 3189 3240 januam
3218 3177 3333 3245 ejus
3356 3179 3652 3247 jacentem,
3690 3181 3773 3233 ul-

514 3206 831 3247 ἰιιιηιηισιι...
882 3219 1017 3247 ..I:....
1040 3237 1192 3247 ---μή
1282 3233 1293 3247 .
1317 3232 1350 3245 ..
1394 3236 1422 3247 .,
1640 3244 1651 3247 _

513 3206 850 3282 inunolatur,
880 3219 1018 3278 alius
1038 3237 1217 3282 autem
1246 3232 1517 3301 ahjicitur,
1546 3252 1600 3295 et
1637 3244 1689 3299 in
1743 3264 1984 3307 eremum
2011 3257 2089 3312 tli-

517 3303 772 3372 mittitur,
818 3321 872 3366 et
920 3330 1306 3390 apopompteus
1339 3333 1669 3392 uomiuatur.
1717 3340 1847 3398 Sors
1902 3357 2083 3405 tamen

511 3393 655 3446 cadit
677 3412 843 3464 super
873 3413 1180 3476 utrumque,
1209 3424 1262 3467 et
1294 3416 1378 3471 ille
1404 3423 1621 3490 quidem
1645 3430 1735 3494 qui
1761 3432 1812 3485 in
1840 3449 2082 3493 eremum

514 3483 825 3556 dimittitur,
857 3493 1055 3549 dicitttr
1080 3506 1220 3567 quod
1265 3506 1377 3573 ipse
1410 3483 1621 3570 auferat
1663 3483 1832 3590 super
1858 3539 1916 3579 se
1960 3542 2087 3592 pec-

510 3588 629 3629 cata
670 3579 901 3637 filiorum
935 3586 1119 3658 lsrael,
1156 3608 1210 3648 et
1240 3598 1531 3665 iujttstitias
1559 3625 1771 3677 eorum,
1801 3629 1853 3672 et
1884 3620 2084 3691 iniqui-

510 3676 650 3723 tates
687 3672 945 3742 ipsorum.
972 3680 1088 3738 Non
1109 3688 1253 3741 enim
1284 3692 1370 3748 ille
1396 3696 1580 3756 hircus
1603 3706 1694 3773 qui
1724 3708 1935 3767 Domini
1961 3730 2081 3772 sors

507 3759 762 3831 ellicitnr,
809 3770 901 3822 sed
942 3772 1029 3827 ille
1082 3778 1238 3847 cujus
1276 3798 1396 3840 sors
1418 3798 1501 3844 est
1532 3804 1591 3847 ut
1633 3796 1684 3850 in
1711 3814 1952 3860 eremum
1995 3810 2079 3864 di-

509 3856 779 3921 mittatur,
806 3861 1022 3919 auferre
1046 3883 1109 3922 ea
1134 3871 1357 3940 dicitur,
1385 3885 1679 3941 secundum
1717 3890 1865 3959 illud,
1894 3902 2078 3967 credo,

505 3948 650 4014 quod
681 3951 944 4020 scriptum
967 3970 1052 4012 est
1076 3960 1159 4016 3‘:
1198 3983 1217 4017 ι
1260 3967 1386 4024 Dedi
1416 3981 1893 4039 commutationem
1930 3948 2077 4048 tuan;

505 4038 819 4111 Aigyptum,
849 4058 905 4103 et
934 4049 1293 4125 Ethiopiam,
1335 4074 1388 4118 et
1444 4064 1673 4125 Soenem
1716 4076 1829 4146 (52)
1860 4038 2075 4149 proﬁt;

506 4143 570 4183 ex
596 4147 704 4201 quo
734 4144 785 4188 tu
839 4138 1172 4202 honorabilis
1198 4148 1373 4210 factus
1413 4169 1474 4210 es
1504 4157 1553 4211 in
1581 4174 1870 4231 conspectu
1915 4170 2080 4242 238

505 4241 646 4282 meo.
684 4249 703 4282 ι
736 4230 963 4289 Peccata
1007 4237 1170 4307 igitur
1198 4258 1388 4299 eOrum
1419 4251 1508 4318 qui
1543 4256 1916 4319 paenitentiam
1955 4280 2077 4333 ege-

501 4330 645 4385 runt,
666 4332 721 4376 et
763 4339 950 4381 eorum
986 4334 1077 4399 qui
1127 4334 1537 4409 dereliquerunt
1584 4347 1867 4414 malitiam,
1915 4370 2077 4422 super

500 4413 678 4479 capita
724 4431 819 4471 sua
869 4424 1173 4492 suscipiunt
1214 4430 1265 4483 hi
1296 4432 1387 4500 qui
1438 4433 1614 4490 effecti
1661 4450 1788 4494 sunt
1834 4442 1886 4495 iu
1926 4456 2075 4501 sorte

2188 3256 2404 3311 ceribus
2427 3256 2664 3324 plenum,
2684 3269 2738 3311 et
2770 3262 3075 3329 cupientem
3104 3269 3339 3322 saturari
3369 3271 3435 3323 de
3470 3272 3624 3325 micis
3651 3288 3771 3341 quae

2188 3346 2455 3401 cadebant
2499 3347 2564 3402 de
2619 3366 2805 3405 mensa
2853 3354 3055 3420 divitis,
3108 3358 3233 3426 quis
3292 3360 3413 3413 finis
3452 3361 3770 3432 designatur

2186 3436 2502 3504 utriusque:
2532 3456 2551 3489 ι
2578 3436 2815 3496 Mortuus
2865 3453 2966 3507 est,
3004 3445 3178 3514 inquit
3201 3448 3267 3511 δ’,
3294 3447 3549 3515 Lazarus,
3578 3462 3632 3505 et
3672 3454 3768 3507 ab-

2185 3528 2381 3583 ductus
2410 3540 2493 3584 est
2538 3532 2607 3586 ab
2656 3533 2865 3602 angelis
2898 3535 2949 3588 in
3000 3536 3178 3591 sinum
3210 3541 3463 3594 Abrahte.
3500 3542 3767 3597 Similiter

2184 3627 2365 3670 autem
2400 3629 2455 3672 et
2487 3620 2660 3687 dives,
2698 3634 2752 3676 et
2782 3623 3045 3682 abductus
3074 3637 3159 3681 est
3189 3630 3254 3682 ad
3292 3629 3562 3683 infernum
3593 3632 3643 3683 in
3686 3634 3766 3684 lo-

2182 3723 2305 3763 cum
2336 3714 2591 3767 tormenti
2629 3714 2766 3783 (54).
2808 3733 2826 3767 ι
2885 3718 3291 3775 Animadvertis
3317 3723 3599 3777 evidenter
3648 3724 3763 3779 loca

2182 3805 2346 3857 sortis
2378 3806 2665 3877 utriusque
2694 3810 2968 3867 distincta.
3011 3814 3146 3869 Vide
3174 3816 3338 3870 etiam
3383 3816 3474 3885 qui
3502 3826 3630 3871 sunt
3668 3818 3762 3886 qui

2181 3893 2451 3950 abducunt
2498 3896 2637 3968 (55),
2667 3903 2883 3973 angeli,
2918 3905 3127 3974 inquit,
3178 3910 3269 3977 qui
3320 3922 3534 3979 semper
3586 3911 3763 3977 parati

2180 3996 2306 4038 sunt
2335 3988 2402 4042 ad
2429 3990 2818 4049 abducendum.
2868 3997 3095 4053 Ministri
3131 4000 3275 4055 enim
3304 4000 3395 4055 Dei
3420 4010 3549 4055 sunt
3568 4002 3633 4054 ad
3662 4002 3765 4056 hoc

2181 4077 2356 4146 ipsum
2384 4082 2659 4149 destinati,
2691 4086 2781 4155 qui
2820 4090 3079 4161 impleant
3108 4104 3309 4149 sortem
3338 4110 3501 4164 quam
3527 4095 3620 4148 tibi
3651 4096 3767 4163 ipse

2181 4173 2484 4239 paraveris.
2522 4173 2578 4229 Si
2605 4178 2751 4231 enim
2817 4180 2955 4238 bene
3009 4184 3230 4248 vixeris,
3267 4186 3313 4240 si
3373 4186 3598 4256 fregeris
3640 4202 3766 4240 esu-

2181 4263 2339 4317 rieuti
2366 4281 2555 4334 panem
2582 4281 2734 4325 tuutn
2785 4287 2851 4327 ex
2889 4275 3093 4341 animo,
3120 4286 3174 4329 et
3227 4279 3429 4331 nudum
3490 4278 3761 4341 vestieris,

2181 4366 2386 4410 rectum
2430 4357 2693 4426 judiciqu
2739 4363 3091 4432 judicaveris,
3127 4367 3314 4436 iniquo
3344 4370 3628 4423 adversum
3661 4372 3763 4423 ini.

2179 4452 2439 4518 quitatem
2481 4469 2633 4507 suam
2680 4457 2980 4523 restiteris,
3032 4474 3132 4512 nec
3173 4462 3422 4528 posueris
3470 4464 3759 4516 consilium

2190 4502 2211 4518 ν,
2342 4502 2437 4506 Ὗ.-
2482 4502 2633 4507 πῆ---
2680 4502 2980 4523 _------.._,
3032 4502 3131 4512 ..νν
3175 4502 3422 4528 γυνη..-
3471 4502 3759 4516 w............

496 4502 637 4568 ⁸1⁸⁸³,
671 4506 762 4573 (Illi
812 4508 863 4561 Ῐη
913 4525 1155 4569 eremum
1187 4519 1501 4587 dimlllillll'.
1529 4526 1619 4593 qui
1650 4530 1857 4597 seipsos
1883 4535 2075 4601 dignos
2107 4539 2152 4593 D
2184 4550 2333 4595 tmttu
2356 4558 2477 4596 cum
2514 4544 2599 4597 his
2626 4547 2716 4614 qui
2753 4546 2972 4615 laqueos
2994 4549 3376 4606 innocentibus
3403 4565 3617 4620 parant,
3641 4568 3760 4607 sor-

500 4591 916 4620 l..I1...:..:-.-_S-
975 4618 1003 4620 μ
1026 4603 1055 4620 γι
1086 4606 1099 4620 ι
1165 4605 1177 4618 ο
1361 4612 1393 4620 ..
1633 4618 1646 4620 _

499 4591 590 4645 tali
618 4594 944 4663 ministerio.
974 4603 1055 4655 vel
1086 4605 1393 4676 hujusmodi
1439 4625 1588 4670 sorte
1624 4618 1888 4676 fecerunt.
1925 4626 2074 4678 (Zon-

499 4685 647 4737 veuit
672 4696 850 4742 autem
885 4692 1028 4746 velut
1052 4699 1358 4753 eeontrario
1383 4706 1558 4771 aptari
1592 4707 1675 4762 his
1696 4720 1748 4763 et
1772 4711 1898 4767 illud
1928 4718 2072 4784 quod

496 4774 700 4830 dictum
754 4791 839 4835 cst
873 4784 963 4835 "z
1004 4803 1024 4836 ι
1085 4786 1188 4853 Qui
1248 4791 1409 4846 habet
1460 4796 1678 4852 dabitur
1718 4801 1790 4858 ei.
1852 4822 1870 4855 ι
1916 4774 2073 4861 Sicut

492 4868 637 4920 enim
662 4869 752 4937 qui
785 4872 1199 4944 habctjustitias
1235 4883 1451 4937 dabitur
1474 4888 1523 4941 ei
1556 4903 1569 4939 :
1608 4889 1676 4943 ita
1713 4900 1766 4946 et
1791 4895 1881 4963 qui
1909 4897 2073 4952 habet

495 4970 740 5026 peccata,
764 4962 815 5014 in
856 4973 1062 5021 tantum
1096 4979 1153 5022 ut
1183 4972 1236 5025 in
1265 4984 1411 5029 sorte
1442 4984 1776 5051 apopompaei
1812 4962 2072 5041 invenia-

496 5058 585 5102 tur
610 5050 754 5105 illius
782 5055 871 5123 qui
917 5056 968 5111 in
1007 5074 1247 5115 eremum
1283 5063 1595 5133 emittitur;
1628 5050 1897 5128 addentur
1934 5080 1981 5131 ei
2007 5095 2067 5133 ea

491 5156 612 5209 quae
635 5142 1015 5215 abstergenlur
1047 5165 1078 5204 a
1102 5154 1328 5221 sanczis,
1361 5164 1417 5208 ιιι
1445 5167 1499 5211 et
1530 5159 1582 5214 iu
1630 5162 1760 5230 ipsis
1793 5171 2068 5237 complea-

494 5241 582 5285 tur
624 5235 766 5303 quod
799 5236 1061 5306 scriptum
1098 5251 1181 5296 est
1207 5243 1288 5299 ⁸ος
1326 5262 1345 5295 ι
1389 5247 1469 5303 Ab
1494 5264 1561 5303 eo
1610 5262 1791 5307 autem
1832 5235 1929 5323 qui
1963 5275 2068 5313 non

2185 4642 2293 4686 tem
2327 4645 2471 4686 tuam
2523 4634 2692 4691 facies
2741 4639 3051 4693 Dominum.
3094 4641 3151 4694 Si
3188 4656 3315 4696 vero
3348 4643 3554 4697 libidini
3589 4646 3760 4698 inser—

2181 4723 2318 4789 vias,
2354 4724 2640 4793 voluptatis
2676 4738 2888 4783 amator
2933 4731 3009 4785 sis
3040 4734 3210 4800 magis
3243 4748 3402 4801 quam
3430 4733 3544 4798 Dei,
3579 4750 3756 4788 stet-ti-

2180 4814 2289 4868 lmn
2328 4816 2546 4885 diligas.
2583 4819 2845 4874 malitiam
2889 4837 2995 4876 non
3027 4826 3229 4888 oderis,
3269 4833 3471 4879 sortem
3499 4838 3644 4879 tuam
3676 4828 3755 4882 fe-

2178 4907 2299 4960 cisti
2349 4911 2701 4979 apopompaai,
2739 4920 2801 4966 ut
2839 4913 3131 4970 abducaris
3162 4915 3214 4970 in
3247 4932 3489 4971 eremum
3515 4933 3609 4985 per
3638 4936 3756 4974 tua-

2178 5012 2304 5050 num
2332 4999 2564 5054 ministri
2599 5000 2717 5069 Dei,
2751 5002 2842 5072 qui
2868 5004 2918 5056 in
2950 5005 3052 5059 hoc
3077 5006 3247 5075 ipsum
3279 5020 3307 5058 a
3344 5007 3455 5060 Deo
3474 5008 3757 5063 ordinatus

2176 5097 2258 5142 est
2303 5106 2318 5144 :
2345 5101 2400 5144 et
2436 5091 2555 5147 ideo
2588 5105 2806 5162 paratus
2836 5095 3155 5164 appellatur,
3175 5097 3297 5166 quia
3325 5112 3609 5165 personam
3636 5100 3755 5154 nul-

2177 5177 2281 5231 lius
2304 5181 2601 5248 erubescit,
2634 5199 2733 5239 nec
2777 5185 2986 5251 divitis,
3015 5203 3114 5242 nec
3160 5188 3419 5257 potentis,
3456 5204 3558 5244 nec
3588 5191 3750 5258 regis,

2179 5284 2278 5325 nec
2311 5274 2631 5329 sacerdotis.
2665 5276 2759 5332 Vis
2814 5287 2995 5334 autem
3030 5279 3175 5335 scire
3220 5281 3346 5350 quia
3379 5280 3447 5334 ad
3500 5295 3600 5336 nos
3630 5296 3752 5351 per-

562 5351 608 5383 ³⁶
641 5352 743 5410 lsa.
795 5370 925 5409 mu
947 5397 962 5423 ,
990 5356 1044 5412 5.
1119 5359 1162 5391 ³⁹
1190 5361 1378 5418 Matth.
1422 5380 1540 5433 χιιι,
1572 5367 1656 5422 12.
1735 5370 1779 5401 ⁸ο
1811 5370 1939 5425 ibid.
2016 5373 2057 5405 ⁸¹
2090 5379 2096 5432 l

2205 5385 2262 5439 it.
2290 5403 2400 5455 xvt,
2436 5390 2501 5443 10
2529 5401 2583 5445 et
2620 5392 2711 5446 21.
2785 5393 2831 5426 ⁸³
2861 5394 2991 5450 Luc.
3033 5410 3145 5461 xvt,
3174 5396 3266 5449 22.

563 5494 675 5570 (ﬁl)
713 5496 863 5570 Mss"
889 5517 908 5549 ι
932 5500 1224 5570 sumendae.
1255 5522 1271 5555 ι
1295 5503 1448 5558 Libb.
1477 5507 1630 5570 editi,
1669 5527 1688 5559 ι
1734 5514 2012 5565 sumemla.
2049 5532 2067 5563 ι

718 5567 878 5648 μεθ...
905 5588 932 5648 ἰ
979 5567 1232 5626 Soenem.
1267 5593 1295 5648 ι-
1331 5574 1486 5648 _Libb.
1520 5565 1673 5642 editi,
1713 5598 1730 5629 ι
1775 5580 2063 5648 Syc-nem.»

564 5634 675 5714 (5;)
718 5636 791 5714 ln_
823 5640 955 5714 libb.
1003 5649 1161 5695 antea
1214 5644 1373 5699 editis
1425 5647 1601 5713 deest,
1638 5634 1671 5698 ι’
1702 5634 2063 5714 evidenter,»

489 5706 631 5773 quot
669 5707 969 5761 restituitur
996 5724 1058 5762 ex
1094 5728 1221 5766 mss.

564 5772 677 5841 (51)
704 5775 886 5830 Codex
920 5778 1205 5849 Sangerm.
1230 5801 1249 5835 ι
1277 5784 1331 5838 in
1364 5785 1516 5841 sinus
1534 5786 1831 5844 Abraham.
1863 5790 2050 5847 Simili-

2185 5528 2265 5572 ter
2289 5530 2341 5572 et
2360 5521 2509 5573 dives
2534 5521 2799 5578 abductus
2831 5535 2913 5579 est
2940 5525 2992 5577 in
3028 5525 3200 5579 lorum
3235 5528 3509 5581 tormenti.
3547 5544 3569 5580 ι

2252 5588 2363 5658 (55)
2404 5590 2557 5644 Libb.
2606 5595 2772 5665 editi,
2833 5597 3188 5665 cadducuut,
3230 5616 3247 5648 ι
3304 5607 3360 5649 et
3412 5596 3572 5664 paulo
3608 5607 3747 5665 post.

2182 5674 2200 5705 ι
2229 5661 2291 5708 ad
2342 5662 2738 5715 adducemlum.
2786 5684 2804 5715 ι
2842 5662 2948 5717 Sed
2980 5681 3109 5719 mss.
3141 5677 3193 5718 ut
3244 5668 3294 5717 iu
3340 5661 3748 5748 uoistrontextu,

2182 5724 2276 5748 TV-..
2324 5745 2400 5748 __._,
2563 5746 2615 5748 ,A
2664 5731 2702 5748 Ι.
2765 5733 2802 5748 ll
2888 5734 2919 5748 ,ι
3078 5734 3114 5748 Λ
3157 5737 3165 5746 η
3281 5736 3289 5746 ι

2174 5724 2439 5781 Cancrum
2490 5731 2721 5803 consule
2764 5733 3014 5790 lluetium
3071 5734 3516 5803 Origeuianorum
3547 5738 3635 5793 lib.
3687 5754 3744 5803 tt,

2172 5809 2360 5864 quaest.
2392 5798 2449 5860 ὅ,
2483 5816 2631 5854 ιιιιιιι.
2667 5801 2755 5858 54.
