4124 6458
380 410 481 470 815

1528 417 1591 471 ΙΝ
1635 415 2003 473 ιΕνιτιιξυιι
2037 414 2314 471 ΗΘΜΙΙΛᾹ
2349 415 2441 470 IX.

3523 413 3627 467 5M

379 534 556 584 tinent
605 543 725 597 qua‘.
784 528 1384 587 dicuntur?Animalia
1437 534 1551 589 haec
1609 551 1728 604 qua:
1777 540 2028 596 sortesA
2064 552 2081 583 ι
2135 547 2257 587 cum
2325 538 2596 598 potestate
2668 527 2946 593 traduxit,
3020 527 3362 597 triumphans
3421 542 3516 581 eus
3572 528 3626 580 in

377 623 517 677 istas
545 622 826 690 exvipiunt
855 621 988 691 (56),
1023 639 1127 676 non
1164 636 1288 678 sunt
1326 627 1624 693 immunda,
1654 643 1752 681 nec
1778 628 1948 682 aliena

377 713 446 767 ab
475 714 737 767 altaribus
765 713 880 777 Dei,
910 716 1003 767 sed
1038 716 1234 769 munda
1268 727 1412 782 sunt,
1439 727 1491 772 et
1515 735 1633 787 quur
1658 720 1709 773 iu
1738 721 1947 774 sacriﬁ-

374 804 476 860 ciis
496 802 682 858 oﬂ'erri
722 802 934 869 solent;
963 813 1022 857 ut
1050 805 1190 859 scias
1229 807 1342 862 haec
1379 809 1602 878 figuram
1630 820 1812 864 tenere
1844 826 1949 865 non

373 909 563 951 eorum
595 895 687 962 qui
730 902 883 947 extra
919 894 1076 949 tidem
1109 907 1259 961 sunt,
1287 899 1379 953 sed
1420 915 1605 953 eorum
1638 902 1728 970 qui
1762 901 1812 955 in
1850 903 1951 956 lide

376 993 523 1039 sunt.
560 983 757 1040 Hircus
787 985 933 1039 enim
982 986 1184 1040 animal
1240 991 1496 1042 nmndum
1524 1000 1627 1055 est,
1656 1003 1710 1046 et
1750 992 1951 1049 divinis

375 1075 641 1130 altaribus
671 1086 1071 1131 consecratum.
1112 1078 1177 1132 Et
1213 1089 1266 1133 te
1301 1096 1429 1149 ergo
1477 1098 1573 1150 per
1599 1085 1829 1153 gratiam
1857 1086 1946 1140 ba-

376 1170 559 1238 ptismi
588 1177 934 1223 consecratus
956 1187 1014 1224 es
1044 1171 1307 1227 altaribus
1339 1175 1451 1235 Dei.
1473 1187 1526 1230 et
1550 1178 1747 1230 animal
1772 1179 1948 1234 factus

373 1278 434 1315 es
459 1264 737 1315 mundum.
770 1262 876 1317 Sed
927 1266 966 1319 si
1008 1281 1114 1318 non
1159 1267 1434 1320 custodias
1476 1272 1787 1323 mandatmn
1819 1272 1947 1325 illud

375 1351 590 1405 Domini
632 1355 775 1421 quod
808 1354 942 1408 dixit
969 1354 1014 1387 “
1044 1373 1058 1409 :
1094 1372 1112 1406 ι
1148 1355 1287 1409 Ecce
1326 1371 1490 1411 sanus
1528 1358 1700 1414 factus
1726 1361 1948 1428 es,jam

377 1442 485 1495 noli
509 1456 757 1511 peccare,
780 1458 845 1500 ne
865 1447 1008 1515 quod
1034 1448 1128 1500 tibi
1160 1448 1399 1504 deterius
1428 1454 1707 1518 contingat
1736 1467 1751 1517 ;
1801 1473 1820 1506 ι
1855 1456 1947 1509 sed

376 1549 499 1587 cum
533 1548 684 1588 esses
712 1537 962 1603 mumlus,
1006 1552 1218 1591 rursum
1252 1548 1302 1594 te
1340 1542 1545 1608 peccati
1571 1542 1937 1610 inquinamen-

378 1634 435 1678 to
479 1626 786 1692 ntaculasti,
829 1636 885 1680 et
934 1642 1001 1681 ex
1046 1629 1244 1682 virtute
1287 1631 1352 1683 ad
1404 1628 1717 1696 libidinem,
1750 1648 1815 1687 ex
1851 1650 1941 1700 puo

379 1716 540 1770 ritate
578 1718 642 1769 ad
677 1717 1077 1772 immunditiam
1132 1720 1448 1785 declinasti,
1486 1730 1575 1775 tuo
1625 1724 1791 1789 vitio,
1824 1742 1946 1780 cum

374 1808 575 1863 animal
626 1810 882 1864 mundum
915 1812 1106 1876 fueris,
1140 1812 1273 1867 sorti
1299 1822 1349 1869 te
1378 1819 1712 1886 apopompaei
1752 1820 1950 1874 eremi-

372 1915 478 1969 que
512 1901 801 1958 tradidisti.

443 1992 498 2045 5.
540 1991 724 2046 Potest
759 1991 1006 2047 fortassis
1048 2004 1104 2047 et
1131 1993 1237 2048 alio
1267 1997 1426 2051 modo
1457 1998 1620 2053 homo
1651 2007 1873 2070 paratus
1894 2008 1950 2055 et.

374 2082 606 2136 ιιιιιιιιΙυε
652 2082 786 2151 (57),
817 2084 908 2152 qui
944 2084 1156 2139 abducit
1190 2100 1314 2140 eum
1357 2089 1513 2158 cujus
1557 2105 1676 2144 sors
1715 2091 1864 2145 venit
1892 2091 1947 2145 in

371 2188 633 2238 eremum,
654 2183 708 2227 et
742 2188 807 2229 eo
831 2174 947 2244 ipso
980 2190 1088 2245 quo
1133 2177 1313 2231 educit
1358 2193 1502 2242 eum,
1528 2181 1681 2248 quasi
1712 2181 1803 2250 qui
1843 2181 1947 2235 im-

377 2265 638 2316 mundum
680 2264 990 2335 contigerit,
1036 2264 1445 2322 diciturlavare
1482 2270 1803 2324 vestimenta
1851 2285 1946 2325 sua

372 2356 439 2406 ad
471 2369 776 2423 vesperam,
805 2364 858 2409 et
886 2369 1010 2411 esse
1051 2358 1304 2424 mundus,
1335 2361 1499 2412 etiam
1532 2360 1648 2429 ipse
1688 2360 1949 2425 Dominus

369 2458 427 2499 et
444 2445 692 2500 Salvator
721 2456 903 2500 noster
948 2447 1167 2517 intelligi
1194 2463 1262 2502 ex
1313 2464 1374 2503 ea
1404 2461 1576 2518 parte,
1608 2466 1711 2520 qua
1744 2460 1948 2507 natura:

371 2547 592 2601 nostrae,
621 2538 672 2592 id
696 2548 780 2593 est
806 2539 988 2594 carnis
1021 2548 1075 2593 et
1100 2541 1380 2609 sanguinis
1410 2543 1726 2596 vestimenta
1761 2559 1948 2600 susce-

371 2631 467 2699 pit,
500 2645 622 2700 quas
668 2631 721 2684 in
772 2645 997 2701 vespera
1046 2631 1279 2687 laverit:
1313 2644 1534 2701 propter
1563 2635 1705 2702 quod
1745 2643 1799 2689 et
1849 2636 1941 2688 du.

371 2727 496 2779 dum
524 2726 786 2795 propheta
814 2726 879 2780 de
908 2740 973 2780 eo
998 2725 1282 2780 dixerat“
1312 2744 1326 2781 :
1358 2745 1376 2778 ι
1410 2726 1474 2780 Et
1502 2727 1609 2781 vidi
1639 2726 1823 2783 Jesum
1860 2743 1947 2782 sa-

372 2819 648 2871 cerdmem
689 2834 964 2888 magnum,
1002 2818 1248 2873 indutum
1273 2819 1600 2873 vestimenta
1635 2819 1947 2884 sordida,et

369 2906 644 2961 diabolum
694 2917 930 2962 stantem
963 2922 992 2960 a
1022 2907 1233 2962 dextris
1278 2923 1415 2977 ejus,
1460 2919 1519 2963 ut
1549 2912 1947 2965 contradiceret

367 3002 439 3056 ei.
483 3020 503 3053 ι
535 3000 689 3055 Lavit
717 3016 844 3071 ergo
874 3000 925 3054 in
956 3000 1101 3066 vino,
1132 3000 1288 3054 idest
1320 3000 1373 3054 in
1410 3002 1675 3070 sanguine
1703 3016 1803 3055 suo
1833 3012 1947 3056 sto-

366 3090 477 3146 lam
510 3107 663 3147 suam
688 3091 741 3144 in
774 3105 1017 3157 vespera,
1049 3100 1105 3144 et
1136 3092 1310 3144 factus
1340 3099 1424 3143 est
1453 3091 1703 3146 mundus.
1730 3092 1795 3145 Et
1822 3093 1945 3146 inde

368 3183 621 3237 fortassis
649 3189 769 3236 erat
791 3180 904 3252 (58)
940 3184 1084 3249 quod
1115 3191 1234 3249 post
1278 3181 1728 3235 resurrectionem
1759 3181 1943 3236 Maria:
1970 3212 2013 3270 ο

367 3275 569 3328 volenti
596 3272 757 3343 pedes
779 3272 895 3338 ejus
925 3280 1128 3336 tenere,
1158 3272 1373 3327 dicebat
1400 3271 1481 3327 ":
1517 3289 1537 3324 ι
1570 3272 1684 3327 Noli
1709 3289 1795 3330 me
1826 3283 1943 3329 tan-

368 3383 519 3440 gore.
547 3387 565 3420 ι
600 3369 693 3423 Vis
739 3378 921 3420 autem
957 3366 1135 3421 adhuc
1182 3369 1385 3434 videre,
1417 3378 1472 3423 et
1524 3368 1684 3423 aliam
1712 3370 1940 3426 duarum

371 3462 603 3514 sortium
657 3458 1251 3513 fortttaitt?Considera
1302 3460 1437 3515 duos
1479 3461 1620 3527 illos,
1666 3462 1759 3531 qui
1807 3472 1943 3517 tem-

367 3564 503 3620 pore
542 3551 720 3605 crucis
756 3548 873 3616 ejus
916 3563 1053 3602 unus
1087 3564 1116 3601 a
1158 3550 1400 3618 dextris,
1443 3564 1496 3608 et
1542 3569 1680 3608 unus
1717 3570 1747 3607 a
1806 3555 1941 3609 sini-

365 3652 479 3695 stra
536 3641 653 3709 ejus
705 3646 1075 3711 pependerunt
1122 3644 1382 3707 latrones,
1415 3653 1470 3698 et
1502 3645 1627 3699 vide
1654 3644 1800 3698 illum
1846 3645 1938 3714 qui

364 3733 726 3788 conﬁtebatur
754 3734 1062 3801 Dominum,
1088 3745 1288 3791 sortem
1319 3734 1522 3789 factum
1556 3748 1675 3790 esse
1699 3733 1934 3801 Domini,

365 3835 419 3879 et
473 3826 763 3881 abductmn
824 3841 947 3881 esse
992 3829 1114 3882 sine
1159 3842 1308 3882 mora
1359 3826 1428 3879 ad
1485 3826 1827 3893 paradisum,
1878 3827 1913 3880 it

368 3914 477 3969 lum
534 3932 666 3971 vero
710 3917 873 3971 alium
926 3918 1429 3987 blasphemantem,
1473 3926 1680 3972 sortem
1734 3916 1935 3972 factum

369 4007 531 4078 239
556 4023 675 4064 esse
699 4010 1050 4078 apopomptei,
1082 4011 1172 4078 qui
1200 4010 1252 4063 in
1297 4022 1536 4062 eremum
1574 4008 1939 4063 abduceretur

366 4101 580 4155 inlerni.
618 4102 723 4154 Sed
753 4112 807 4156 et
838 4102 889 4155 in
921 4116 987 4156 eo
1003 4104 1145 4171 quod
1168 4100 1385 4166 dicitur,
1414 4100 1541 4168 quia
1590 4100 1756 4153 allixit
1784 4100 1934 4155 cruci

366 4208 476 4247 sua:
506 4195 859 4263 principatus,
894 4204 950 4250 et
989 4202 1286 4265 potestates
1318 4192 1641 4259 contrarias,
1662 4202 1716 4248 et
1750 4196 1938 4248 trium-

366 4288 550 4355 phavit
571 4302 662 4342 cas
692 4287 757 4351 “,
785 4299 987 4343 sortem
1032 4290 1085 4343 in
1124 4290 1204 4344 eis
1234 4288 1567 4357 ap0pompaai
1623 4289 1934 4358 complevit,

364 4389 417 4430 et
440 4388 696 4449 tanquam
735 4379 896 4434 homo
924 4389 1149 4448 paratus
1189 4381 1413 4435 abduxit
1444 4394 1538 4435 eas
1582 4379 1635 4434 in
1667 4394 1933 4435 eremum.

367 4468 606 4540 Denique
653 4481 707 4526 et
745 4472 798 4526 in
844 4472 1141 4543 Evangelia
1179 4473 1436 4528 Dominus
1492 4472 1630 4526 dicit
1662 4473 1730 4536 ⁵⁷,
1793 4473 1923 4539 quia

2053 624 2365 691 semetipso.
2400 639 2420 672 ι
2460 610 2741 682 Τι·ςιι1υχίι,
2783 634 2892 687 quo
2939 620 3213 684 traduxit,
3268 620 3370 673 nisi
3405 618 3471 672 ad
3505 634 3627 671 ere-

2052 730 2222 777 mum,
2249 716 2315 767 ad
2345 714 2457 765 lora
2491 710 2742 766 deserta?
2775 710 2927 763 Sit-ut
2955 710 3097 764 enim
3126 711 3201 764 illi
3223 714 3312 780 qui
3340 711 3621 765 confessus

2050 814 2153 868 est,
2189 805 2393 872 aperuit
2426 802 2662 872 paradisi
2686 800 2904 866 januas,
2932 798 3281 853 dicendo":¢
3317 800 3488 854 llodie
3512 815 3627 854 tne-

2051 911 2172 951 cum
2208 895 2390 949 crisin
2423 894 2693 963 paradiso,
2736 912 2755 945 ι
2794 901 2844 945 et
2870 906 2964 959 per
3000 890 3103 945 hoc
3125 892 3370 945 omnibus
3393 891 3625 946 creden—

2057 985 2217 1046 tibus,
2246 996 2300 1038 et
2322 983 2707 1038 confitentibus
2769 980 3104 1050 ingrediendi
3166 980 3371 1035 aditum
3455 983 3625 1049 dedit,

2054 1093 2214 1147 quem
2248 1080 2399 1147 prius
2423 1078 2593 1131 Adam
2619 1085 2873 1146 peccante
2907 1074 3273 1131 concluserat.
3306 1077 3441 1146 Quis
3480 1080 3626 1134 enim

2052 1169 2190 1223 alius
2228 1171 2554 1240 romph-Jeam
2581 1169 2887 1223 ﬂaitmteam
2919 1179 2974 1223 et
3007 1172 3337 1236 versatilem,
3379 1188 3505 1242 qua:
3532 1187 3629 1243 ap-

2051 1264 2223 1331 posita
2276 1274 2359 1318 est
2408 1265 2685 1318 custodire
2748 1264 2949 1333 lignum
2989 1266 3113 1318 vitae
3166 1274 3220 1319 et
3266 1264 3410 1319 fores
3469 1279 3628 1332 para-

2051 1356 2150 1410 disi
2192 1356 2259 1422 ”,
2296 1365 2508 1424 poterat
2533 1355 2845 1409 dimovere?
2877 1356 3007 1421 Quis
3034 1355 3170 1408 alius
3186 1356 3468 1409 cherubim
3499 1370 3626 1424 per-

2050 1447 2196 1516 vigili
2222 1448 2501 1500 excubans
2536 1446 2786 1501 custodia
2822 1445 3039 1499 valebat
3070 1445 3477 1509 inllectere,nisi
3506 1447 3626 1514 ipse

2051 1538 2218 1599 solus,
2248 1538 2333 1590 cui
2370 1538 2492 1590 data
2527 1546 2610 1592 est
2657 1537 2834 1590 Omnis
2894 1545 3132 1605 potestas
3180 1537 3235 1591 in
3285 1539 3427 1591 caelo
3482 1547 3535 1590 et
3570 1538 3625 1590 in

2053 1641 2195 1685 terra
2220 1631 2306 1683 "l?
2336 1630 2422 1693 Ut,
2450 1631 2692 1698 inquam,
2728 1638 2923 1697 praeter
2952 1629 3129 1697 ipsum
3163 1644 3321 1683 nemo
3352 1630 3488 1683 alius
3509 1629 3626 1685 hzec

2051 1721 2230 1776 facere
2262 1722 2455 1790 potuit,
2488 1721 2557 1773 ita
2589 1719 2924 1789 principatus
2950 1728 3003 1771 et
3022 1729 3339 1787 potestates,
3366 1731 3421 1774 et
3448 1732 3627 1774 recto-

2053 1827 2140 1868 res
2173 1813 2377 1875 mundi,
2409 1826 2545 1881 quos
2582 1815 2866 1864 enumerat
2896 1810 3184 1877 Apostolus
3204 1812 3272 1876 δ’,
3302 1826 3461 1865 nemo
3486 1811 3628 1867 alius

1979 1882 2022 1937 Β
2053 1912 2262 1973 poterat
2289 1904 2647 1972 triumphare.
2672 1908 2726 1955 et
2753 1898 3028 1955 abducere
3049 1900 3102 1955 in
3126 1916 3367 1956 eremum
3402 1903 3627 1969 inferni,

2051 1997 2155 2051 nisi
2192 1997 2305 2065 ipse
2331 1995 2479 2050 solus
2518 1995 2609 2064 qui
2660 1994 2906 2049 dixit":
2951 2010 2970 2045 ι
3020 1992 3291 2047 Conlidite
3336 1993 3473 2061 (59),
3523 2008 3626 2065 ego

2048 2089 2153 2145 vici
2203 2089 2486 2143 mundum.
2519 2106 2537 2139 ι
2566 2087 2771 2144 Idcirco
2805 2101 2936 2158 ergo
2976 2086 3345 2142 necessarium
3386 2086 3486 2139 fuit
3522 2086 3626 2140 Do—

2050 2181 2256 2235 minum
2280 2190 2334 2235 et
2363 2180 2702 2235 Salvatorem
2722 2195 2923 2243 meum,
2949 2194 3055 2234 non
3083 2178 3255 2233 solum
3288 2178 3428 2231 inter
3452 2178 3627 2232 homi-

2049 2286 2145 2327 nes
2170 2271 2442 2325 hominem
2484 2271 2655 2337 nasci,
2701 2268 2796 2326 sed
2851 2272 3014 2325 etiam
3060 2271 3127 2323 ad
3156 2266 3369 2323 inferna
3396 2268 3623 2322 descen-

2048 2363 2198 2427 dere,
2229 2362 2860 2435 utsortemapopomptei
2894 2370 3150 2430 tanquam
3196 2360 3358 2414 homo
3404 2368 3627 2427 paratus

2049 2454 2102 2508 in
2130 2468 2371 2507 eremqu
2400 2452 2593 2506 inferni
2622 2452 2938 2516 deduceret,
2968 2460 3130 2521 atque
3163 2452 3287 2505 inde
3316 2465 3623 2521 regressus,

2049 2558 2214 2615 Opere
2249 2550 2623 2598 consummato
2652 2543 2972 2597 ascenderet
3022 2541 3090 2595 ad
3146 2540 3380 2605 Patrem,
3441 2540 3625 2611 ibique

2048 2635 2259 2707 plenius
2287 2634 2429 2703 apud
2481 2633 2654 2688 altare
2689 2633 2818 2687 illud
2839 2632 3060 2689 oteleste
3101 2631 3512 2703 puriﬁcaretur,
3568 2643 3626 2688 ut

2046 2728 2233 2783 carnis
2260 2737 2458 2780 nostrae
2477 2725 2858 2794 piguus,quod
2892 2737 3074 2779 secum
3105 2730 3390 2787 evexerat,
3433 2738 3626 2794 perpe-

2050 2828 2140 2872 tua
2168 2818 2400 2886 puritate
2424 2815 2674 2870 donaret.
2718 2813 2818 2868 Hic
2844 2829 2973 2884 ergo
2999 2823 3081 2869 est
3116 2829 3278 2868 verus
3332 2814 3447 2868 dies
3499 2829 3623 2885 pro-

2048 2908 2364 2979 pitiationis,
2408 2922 2533 2961 cum
2589 2904 2914 2974 propitiatus
2954 2915 3038 2959 est
3096 2904 3237 2958 Deus
3283 2906 3623 2964 hominibus.

2048 3001 2203 3056 Sicut
2224 3010 2279 3054 et
2300 3000 2587 3069 Apostolus
2608 2997 2739 3051 dicit
2768 2995 2819 3028 “
2852 3015 2865 3049 :
2900 3014 2921 3049 ι
2950 2996 3216 3065 Quoniam
3242 2998 3385 3053 Deus
3417 3008 3533 3054 erat
3568 3000 3623 3057 in

2047 3091 2284 3156 Christo,
2306 3091 2569 3144 mundum
2594 3089 2951 3144 reconcilians
2990 3088 3117 3143 sibi.
3165 3108 3184 3141 ι
3225 3089 3289 3142 Ει
3327 3089 3522 3144 iterum
3552 3091 3623 3145 de

2047 3184 2267 3239 Christo
2292 3182 2422 3237 dicit
2443 3182 2490 3214 ⁵⁸
2520 3198 2535 3236 :
2567 3204 2585 3235 ι
2619 3182 2919 3236 l’acilicans
2956 3196 3052 3250 per
3084 3181 3401 3251 sanguinem
3445 3184 3626 3237 crucis

2049 3285 2182 3338 sum,
2218 3270 2331 3326 sive
2379 3284 2498 3339 qua:
2546 3270 2600 3325 in
2644 3269 2785 3326 coelo
2803 3278 2952 3334 sunt,
2992 3269 3108 3327 sive
3138 3285 3258 3339 qua}
3296 3270 3349 3323 in
3393 3280 3563 3325 terra.
3598 3291 3618 3325 ι

2048 3361 2331 3417 Mandatur
2356 3375 2486 3432 ergo
2526 3361 2579 3416 in
2614 3361 2751 3432 lege,
2797 3371 2855 3416 ut
2910 3361 2965 3415 in
3019 3361 3108 3416 die
3158 3363 3625 3431 repropitiationis

2046 3454 2225 3507 omnis
2269 3450 2497 3521 p0pulus
2537 3451 2785 3506 humiliet
2824 3451 3062 3506 animam
3118 3468 3292 3507 suam.
3341 3453 3624 3520 Quomodo

2045 3544 2293 3598 humiliet
2336 3543 2565 3613 populus
2610 3542 2849 3597 animam
2879 3556 3063 3608 suam,
3100 3543 3216 3613 ipse
3263 3545 3437 3600 dicit:
3468 3563 3488 3597 ι
3522 3547 3628 3601 Ve-

2053 3638 2222 3699 nicnt,
2254 3635 2429 3705 inquit
2457 3634 2523 3699 ⁸⁸,
2552 3637 2686 3700 dies,
2739 3649 2865 3689 cum
2913 3636 3190 3691 auferetur
3224 3636 3293 3691 ab
3334 3637 3415 3691 eis
3456 3652 3623 3707 spon-

2044 3742 2157 3789 sus,
2201 3735 2258 3781 et
2305 3737 2432 3781 tunc
2473 3725 2800 3796 jejunabunt
2835 3728 2887 3781 in
2945 3726 3051 3782 illis
3098 3727 3311 3784 diebus.
3367 3747 3386 3781 ι
3432 3728 3623 3784 Plures

2042 3831 2173 3885 ergo
2231 3825 2470 3884 aguntur
2498 3816 2615 3870 dies
2653 3814 2778 3871 festi
2808 3815 3105 3869 secundum
3139 3814 3331 3885 legem.
3379 3813 3473 3870 Est
3498 3818 3623 3885 qui-

2043 3907 2164 3960 dam
2190 3905 2449 3960 solemnis
2480 3906 2596 3960 dies
2641 3905 2695 3960 in
2744 3921 2931 3962 mense
2957 3905 3155 3975 primo,
3194 3915 3356 3962 estet
3384 3907 3523 3962 alius
3565 3910 3620 3961 in

2041 3998 2304 4052 secundo.
2351 3996 2457 4051 Sed
2490 4005 2545 4052 et
2593 3997 2646 4051 in
2693 4012 2883 4053 mense
2927 3999 3104 4068 primo
3139 3998 3245 4052 alia
3300 3998 3622 4056 selemuitas

2042 4106 2284 4172 Pascha},
2331 4107 2435 4161 alia
2478 4120 2818 4178 azymorum,
2876 4108 3003 4163 licet
3050 4109 3338 4179 conjuncta
3374 4111 3624 4165 videatur

2040 4199 2249 4268 azymis
2272 4198 2496 4252 Pascha}
2524 4197 2863 4252 solemnitas.
2901 4198 3232 4269 Principium
3282 4201 3427 4254 enim
3481 4215 3617 4271 azy-

2040 4305 2253 4345 morqu
2287 4289 2352 4342 ad
2382 4293 2541 4341 tinem
2592 4286 2817 4341 Paschze
2855 4290 3227 4358 coniungitur.
3271 4289 3477 4345 Pascha
3522 4308 3623 4345 au-

2042 4391 2148 4437 tem
2177 4380 2266 4435 ille
2288 4379 2436 4434 solus
2460 4378 2577 4433 dies
2607 4378 2931 4447 appellatur,
2960 4380 3012 4433 in
3042 4397 3149 4449 quo
3200 4395 3373 4450 agnus
3413 4384 3620 4439 occidi-

2041 4485 2149 4531 tur.
2182 4473 2390 4543 Reliqui
2439 4486 2570 4525 veru
2600 4484 2914 4540 azymorum
2957 4472 3075 4525 dies
3109 4472 3475 4541 appellantur.
3524 4475 3618 4529 Sic

366 4562 390 4606 ⁷⁸
429 4573 551 4611 cum
584 4558 781 4613 exierit
813 4560 883 4612 de
912 4557 1131 4612 homine
1178 4558 1486 4614 immundus
1508 4558 1753 4628 Spirilus.
1792 4558 1939 4613 vadit
1967 4559 2015 4618 D
2040 4569 2184 4623 enim
2237 4566 2366 4620 dicit
2394 4565 2438 4597 "
2477 4582 2492 4619 :
2531 4582 2550 4616 ι
2604 4564 2795 4618 Facies
2845 4562 3248 4619 solemnitatem
3298 4580 3615 4636 azymorum

364 4665 462 4718 per
483 4650 599 4704 loca
634 4651 869 4717 deserta,
898 4666 1145 4721 quzerens
1193 4651 1457 4721 requiem,
1512 4660 1567 4704 et
1615 4664 1723 4705 non
1779 4650 1933 4705 inve-

364 4742 464 4794 nit.
497 4762 517 4795 ι
559 4743 651 4797 Sic
678 4757 808 4812 ergo
831 4754 1007 4812 potest
1034 4753 1089 4798 et
1119 4744 1372 4799 Salvator
1414 4750 1597 4796 noster
1634 4742 1796 4796 homo
1836 4757 1933 4811 pa-
1980 4756 1984 4759 ·

363 4846 508 4891 ratus
542 4836 786 4907 intelligi,
816 4839 907 4907 qui
945 4848 1147 4893 sortem
1191 4836 1409 4901 quidem
1469 4834 1700 4899 Domini,
1748 4835 1935 4890 Eccle-

361 4929 495 4981 siam
526 4943 678 4981 suam
705 4929 912 4997 fecerit,
939 4943 1170 4998 eamque
1197 4928 1378 4982 divino
1398 4925 1735 4982 consecrarit
1754 4924 1933 4990 altari,

360 5030 561 5074 sortem
589 5034 719 5075 vero
747 5020 1076 5091 apopomptei
1101 5019 1405 5075 contrarias
1457 5017 1648 5073 fecerit
1692 5027 1934 5087 potesta-

361 5118 463 5175 tes,
487 5112 714 5181 spiritus
744 5112 1021 5183 nequitiaa,
1054 5121 1109 5167 et
1136 5112 1321 5165 mundi
1365 5109 1524 5177 hujus
1572 5118 1816 5166 rectores
1852 5118 1932 5165 te-

362 5204 654 5255 nebrarum
706 5203 918 5264 harum,
971 5217 1131 5276 quos,
1183 5203 1323 5258 sicut
1364 5201 1493 5255 dicit
1547 5200 1837 5268 Apostolus
1862 5200 1926 5266 ⁸⁸,

427 5295 474 5331 ⁸³
500 5296 658 5351 Joan.
685 5313 737 5364 v,
768 5297 855 5351 M.
930 5298 976 5329 ⁸⁵
1007 5297 1176 5353 Zach.
1229 5313 1306 5359 ιιι.
1362 5297 1382 5349 1
1424 5306 1475 5351 et
1501 5296 1555 5349 5.

362 5364 408 5397 ⁸³
444 5366 649 5421 Coloss.
736 5368 919 5429 11,”.
1012 5369 1055 5399 ⁸⁸
1091 5368 1221 5422 Luc.
1281 5382 1434 5429 χχιιι,
1488 5366 1570 5419 45.

360 5434 404 5468 ⁵³
437 5434 594 5491 Jean.
626 5453 738 5503 xvt,
775 5438 864 5503 55.
956 5437 1000 5468 ⁸⁸
1032 5436 1074 5490 ιλ
1107 5438 1231 5493 Cor.
1262 5454 1314 5503 v,
1346 5437 1433 5492 l9.

431 5576 544 5648 (se)
586 5577 741 5644 5153.,
767 5595 787 5629 σ
823 5585 1000 5632 sortes
1029 5577 1163 5633 istas
1193 5576 1489 5647 excipiunt.
1530 5594 1549 5629 ι
1586 5536 1742 5633 uim.
1770 5573 1925 5639 eam,

362 5665 382 5697 ι
421 5659 599 5716 sortes
635 5648 929 5716 accipiunt.
965 5664 983 5697 ι

450 5717 540 5779 57)
582 5718 711 5774 Mss.
736 5714 771 5769 ι’
787 5719 1038 5772 mundus.
1067 5735 1087 5768 ι
1115 5714 1267 5770 ιλιι).
1284 5715 1437 5779 editi,
1471 5733 1489 5767 ι
1525 5715 1854 5769 immundus.
1898 5730 1917 5765 ι

449 5786 539 5855 58)
630 5788 784 5843 Erat.
893 5786 1400 5855 Suppleturetnss.

426 5855 541 5926 159)
569 5856 752 5915 Codex
780 5858 1091 5926 Sangertn.,
1129 5874 1147 5908 ι
1179 5856 1433 5912 conﬁdite
1461 5855 1585 5925 quia
1618 5868 1737 5926 ego,
1773 5860 1921 5907 tctc.

1658 5294 1704 5326 “
1733 5292 1891 5350 Joan.
1919 5298 2104 5362 xx,l7.

1656 5366 1700 5397 ⁵ο
1735 5364 1931 5418 Gcttes.
1988 5371 2196 5433 ttt,_—24.

1522 5436 1567 5467 "
1590 5434 1799 5490 Coloss.
1829 5451 1868 5502 ι,
1896 5436 1986 5491 20.
2058 5428 2109 5473 3"
2140 5441 2331 5495 Matth.
2372 5455 2451 5503 ιχ,
2487 5438 2575 5493 15.

2041 4666 2245 4727 septem
2298 4655 2509 4712 diebus.
2552 4674 2570 4708 ι
2603 4656 2726 4711 Haec
2754 4668 2886 4723 ergo
2915 4662 2998 4708 est
3052 4654 3227 4722 prima
3260 4653 3608 4709 solemnitas.

2042 4747 2166 4801 Post
2204 4748 2337 4812 haec,
2371 4747 2546 4817 inquit
2588 4746 2655 4810 ⁵⁸,
2704 4762 2723 4797 ι
2787 4759 2911 4799 cum
2947 4744 3320 4799 demessueris
3380 4760 3612 4800 messem

2038 4849 2209 4903 tuam,
2227 4847 2284 4894 et
2310 4836 2732 4908 congregaveris
2752 4838 3064 4892 nativitates
3084 4850 3149 4890 ex
3168 4850 3301 4905 agro
3318 4843 3432 4899 tuo,
3448 4835 3617 4891 facies

2036 4931 2178 4985 diem
2200 4928 2392 4985 festum
2419 4931 2485 4984 de
2515 4929 2686 4984 initiis
2729 4929 2996 4983 fructuum
3036 4935 3275 4981 tuorum.
3308 4943 3327 4978 ι
3361 4925 3463 4992 Qui
3499 4927 3617 4981 dies

2036 5033 2119 5078 est
2141 5032 2264 5093 post
2292 5033 2499 5094 septem
2524 5022 2858 5091 septimanas
2898 5020 3139 5084 Paschte,
3184 5020 3237 5073 id
3281 5029 3365 5073 est
3419 5017 3617 5073 Pente-

2037 5126 2361 5180 costc,cum
2411 5115 2582 5169 etiam
2631 5111 2738 5167 dici
2781 5111 3025 5179 jubetur,
3071 5119 3126 5166 et
3162 5110 3450 5165 mundabis
3495 5108 3612 5181 (oo)

2038 5215 2228 5259 sancta
2247 5203 2316 5260 de
2344 5204 2504 5259 domo
2532 5218 2673 5258 mea.
2720 5201 2848 5257 Post
2886 5202 2999 5255 ha'c
3056 5201 3107 5253 in
3152 5200 3382 5268 septimo
3428 5214 3614 5253 mense

2215 5300 2265 5332 “
2317 5299 2526 5353 Coloss.
2582 5312 2642 5362 ιι,
2689 5295 2774 5358 14,
2829 5293 2911 5349 l5.
3016 5295 3060 5326 ⁴⁷
3129 5292 3317 5347 Matth.
3361 5306 3462 5355 χιι,
3515 5290 3607 5362 ιξ.

2302 5370 2345 5401 "
2379 5369 2566 5423 Matth.
2626 5359 2817 5426 mm,
2861 5366 2949 5419 l8.
3048 5364 3320 5429 “Ephes.
3381 5376 3452 5420 vr.
3516 5359 3606 5429 12.

2652 5437 2696 5468 ⁵⁷
2729 5435 2901 5491 Exod.
2936 5450 3091 5501 xxtn,
3122 5428 3210 5490 15.
3285 5430 3331 5465 ⁸⁸
3360 5429 3488 5484 ibid.
3517 5428 3605 5481 16.

2105 5573 2217 5644 (60)
2242 5572 2423 5644 Codex
2458 5568 2816 5644 sangerm.__t_
2844 5573 2898 5621 et
2940 5563 3216 5644 mandavi.
3248 5560 3605 5644 ID.Aliit‘l.18!s.,

2039 5664 2059 5699 ι
2089 5628 2403 5702 emendavi.
2438 5659 2457 5693 ι
2496 5628 2651 5693 ιλιῑι).
2687 5637 2842 5700 editi,
2874 5652 2893 5686 ι
2941 5644 2993 5688 et
3043 5632 3347 5702 inundabis.
3374 5647 3410 5702 Δι
3466 5628 3607 5702 lulra

2031 5698 2200 5771 codex
2237 5715 2549 5786 Sangerm.,
2582 5726 2602 5762 ι
2636 5707 2727 5763 ubi
2754 5698 2922 5765 estet
2954 5719 3081 5759 arca
3110 5698 3408 5757 testimonii
3437 5709 3491 5755 et
3523 5700 3605 5753 at-

2033 5796 2167 5843 tare.
2212 5804 2231 5839 ο
2485 5796 2497 5801 ’
2519 5796 2529 5805 ’
2564 5794 2587 5803 ”
