4124 6446
524 358 634 418 ῐίῖὕ

1977 372 2301 431 ORICENIS

3688 376 3794 434 616

524 495 645 549 alia:
678 499 916 563 aguntur
935 489 1336 548 sulemnitatcs.
1384 491 1567 548 Primo
1595 494 1684 549 die
1719 494 1924 549 mensis
1970 494 2107 548 Neo-
2137 502 2183 555 Α
2214 502 2517 549 morantem
2552 493 2692 548 intra
2726 492 2924 548 Sani-ta
2952 503 3295 562 sanctorum,
3335 504 3389 551 et
3422 494 3558 553 eﬁici
3594 499 3646 553 in
3674 516 3791 555 sor-

526 587 703 640 nienia
732 587 1005 649 tubarum,
1031 586 1175 640 sicut
1205 587 1407 641 dicitur
1448 588 1501 642 in
1535 587 1750 643 Psalmo
1783 586 1828 619 "
1860 600 1875 640 :
1906 606 1922 637 ι
1954 585 2103 640 Tuba

523 680 709 734 canite
747 679 801 733 in
849 680 1010 735 initio
1059 681 1264 736 mensis
1304 680 1467 734 tubae.
1504 698 1522 731 ι
1565 679 1785 733 Decima
1845 694 1977 733 vero
2021 680 2106 733 die

524 770 738 840 septimi
766 771 969 827 mensis
1007 782 1093 827 est
1126 772 1449 827 solemnitas
1505 770 1995 841 repropitiatioais.
2044 770 2102 825 In

524 862 628 917 hac
650 863 764 917 sola
795 864 883 919 die
900 865 1140 933 pontifex
1159 864 1403 918 induitur
1424 864 1681 919 omnibus
1705 864 2109 932 pontiﬁcalibus

524 957 883 1025 indumentis,
916 967 1048 1013 tunc
1075 958 1319 1012 induitur
1343 956 1838 1011 manifestationem
1885 967 1941 1012 et
1965 958 2107 1012 veri-

527 1054 715 1109 tatem.
748 1054 879 1101 tunc
928 1048 1235 1117 ingreditur
1278 1048 1343 1101 ad
1398 1046 1486 1100 illa
1531 1046 1957 1110 iuaccessibilia,
1995 1063 2103 1116 quo

526 1136 695 1211 semel
730 1146 781 1192 tu
816 1153 961 1193 anno
999 1139 1185 1194 accedi
1238 1140 1618 1193 tantummodo
1646 1138 1798 1205 licet,
1832 1138 1887 1193 id
1928 1149 2013 1193 est
2048 1139 2100 1193 iu

525 1226 729 1281 Sancta
765 1239 1099 1284 sanctorum.
1170 1230 1351 1285 Semel
1408 1232 1551 1285 enim
1594 1231 1646 1284 in
1678 1246 1820 1286 anno
1865 1231 2107 1301 pontifex

523 1319 781 1387 populum
830 1321 1237 1391 derelinquens,
1285 1323 1599 1390 ingreditur
1633 1324 1699 1377 ad
1735 1323 1881 1377 illum
1933 1325 2107 1379 locum

525 1410 617 1465 ubi
649 1420 731 1465 est
764 1414 1289 1482 repropitiatorinm,
1318 1424 1371 1469 et
1401 1430 1566 1484 super
1604 1416 2106 1484 repropitiatorium

524 1502 831 1567 cherubim,
884 1503 973 1559 ubi
1014 1516 1098 1560 est
1123 1515 1326 1560 etarca
1371 1508 1700 1572 testamenti,
1743 1516 1798 1561 et
1832 1508 2108 1561 altarein-

528 1594 677 1646 censi
705 1593 839 1659 (61),
874 1610 982 1661 quo
1022 1595 1154 1649 nulli
1191 1595 1419 1650 introire
1460 1595 1542 1650 fas
1570 1606 1675 1660 est,
1714 1598 1817 1650 nisi
1868 1598 2107 1666 pontiﬁci

526 1682 654 1736 soli.
690 1682 747 1735 Si
776 1698 907 1753 ergo
944 1686 1292 1740 considerem
1349 1700 1538 1740 verum
1583 1687 1894 1756 pontiﬁcem
1929 1704 2108 1743 meum

530 1775 816 1828 Dominum
847 1774 1031 1831 Jesuni
1062 1776 1362 1841 Christum,
1396 1781 1671 1848 quomodo
1697 1781 1749 1834 in
1783 1797 1953 1837 carne
1987 1783 2111 1852 qui-

527 1868 649 1921 dem
684 1868 911 1937 positus,
954 1886 1051 1940 per
1081 1879 1254 1925 totum
1308 1886 1509 1926 annum
1565 1881 1686 1926 erat
1734 1887 1856 1926 cum
1888 1874 2107 1942 populo,

526 1975 731 2014 annum
766 1961 937 2027 illum,
973 1962 1039 2016 de
1068 1976 1181 2032 quo
1208 1962 1325 2033 ipse
1371 1962 1503 2017 dicit
1536 1963 1624 2019 “z
1662 1982 1680 2015 ι
1716 1962 2112 2032 Evangelizare

527 2050 860 2119 pauperibus
903 2050 1049 2105 misit
1075 2064 1184 2115 me,
1213 2058 1268 2106 et
1303 2066 1499 2106 vocare
1532 2066 1732 2105 annum
1779 2052 1987 2107 Domini
2024 2070 2111 2109 ae-

527 2150 769 2211 ceptum,
803 2150 859 2196 et
899 2140 1042 2196 diem
1081 2141 1457 2206 remissionis,
1499 2160 1518 2195 ι
1564 2142 1791 2198 adverte
1838 2146 2111 2213 quomodo

527 2230 699 2285 semel
728 2231 780 2284 in
810 2246 953 2285 anno
986 2231 1112 2295 isto,
1155 2231 1210 2286 in
1255 2232 1344 2287 die
1370 2232 1838 2303 repropitiationis
1864 2236 2031 2291 intrat
2058 2239 2110 2293 in

526 2321 734 2377 Sancta
760 2331 1096 2389 sanctorum,
1125 2324 1229 2377 hoc
1251 2334 1356 2390 est,
1383 2339 1512 2380 cum
1553 2326 1773 2396 impleta
1823 2330 2111 2400 dispensa-

533 2414 683 2466 tione
714 2421 965 2481 penetrat
991 2413 1181 2478 cretes,
1213 2424 1269 2469 et
1300 2415 1469 2471 intrat
1510 2418 1580 2471 ad
1609 2418 1854 2486 Patrem,
1890 2431 1949 2474 ut
1987 2438 2110 2476 eum

525 2504 824 2572 propitium
877 2505 1115 2561 humano
1163 2507 1349 2575 generi
1403 2508 1589 2574 faciat,
1646 2519 1701 2565 et
1768 2522 1960 2567 exoret
2013 2526 2113 2583 pro

527 2596 783 2651 militibus
812 2598 1159 2653 credentibus
1200 2596 1254 2652 in
1294 2613 1374 2653 se.
1422 2599 1573 2656 lianc
1606 2603 2109 2672 repropitiationem

530 2691 653 2754 ejus
700 2705 804 2756 qua
872 2690 1185 2747 hominibus
1244 2693 1569 2763 reprOpitiat
1617 2694 1864 2759 Patrem,
1928 2698 2112 2752 sciens

535 2778 773 2837 Joannes
814 2783 1092 2851 apostolus
1136 2783 1272 2839 dicit
1307 2784 1351 2816 “
1390 2803 1406 2841 :
1442 2804 1460 2837 ι
1496 2785 1621 2841 llaec
1671 2788 1814 2853 dico,
1851 2788 2023 2853 filioli,
2057 2800 2115 2845 ut

533 2889 641 2927 non
672 2889 978 2944 peccemus.
1014 2876 1170 2943 Quod
1215 2885 1273 2931 et
1309 2875 1356 2930 si
1398 2877 1829 2945 peccaverimus.
1875 2880 2112 2937 advoca-

536 2973 649 3019 tum
710 2966 981 3022 habemus
1044 2969 1187 3038 apud
1246 2967 1493 3035 Patrem,
1552 2967 1737 3026 desum
1790 2970 2114 3040 Christum,

529 3058 738 3119 gustum
762 3092 775 3116 ,
818 3064 875 3107 et
912 3054 1030 3124 ipse
1068 3067 1153 3115 est
1193 3062 1569 3132 reprOpitiatio
1608 3081 1710 3135 pro
1747 3070 1985 3136 peccatis
2025 3086 2125 3125 no-

2210 596 2316 641 tem
2346 587 2577 643 Domini.
3808 658 3811 659 ν

2278 678 2333 732 6.
2368 677 2521 745 Quod
2558 687 2739 734 autem
2778 677 3007 733 dicimus
3040 678 3108 733 de
3159 662 3344 744 sorte,
3362 695 3474 738 non
3517 682 3598 736 sic
3646 686 3793 738 accl-

2210 768 2318 836 piat
2343 769 2577 833 auditor,
2602 771 2756 839 quasi
2783 786 2905 827 sors
2931 771 3054 825 talis
3078 769 3258 839 aliqua
3288 770 3526 834 dicatur,
3549 787 3671 841 qua:
3712 774 3797 827 in-

2210 868 2290 913 ter
2318 859 2562 915 homines
2595 877 2758 925 casu,
2795 873 2850 917 et
2904 876 3010 916 non
3052 860 3260 931 judicio
3312 862 3400 932 agi
3444 863 3605 919 solet.
3661 865 3795 921 Sors

2212 950 2423 1005 Domini
2474 954 2545 1005 ita
2592 954 2911 1024 accipienda
2955 964 3061 1017 est.
3107 964 3365 1020 tanquam
3422 954 3468 1007 si
3514 954 3795 1012 diceretur

2210 1042 2403 1096 electio
2444 1042 2678 1110 Domini,
2718 1046 2799 1099 vel
2833 1059 2962 1113 pars
3008 1045 3256 1109 Domini;
3306 1053 3361 1097 et
3408 1060 3623 1101 rursum
3673 1062 3795 1102 sors

2210 1131 2328 1199 ejus
2359 1132 2449 1200 qui
2492 1134 2542 1186 in
2586 1149 2827 1189 eremqu
2868 1136 3104 1190 mittitur
3139 1137 3455 1207 accipienda
3493 1146 3578 1192 est
3626 1138 3797 1195 veluti

2211 1240 2338 1294 pars
2366 1225 2452 1279 illa
2481 1242 2600 1295 qua:
2637 1242 2735 1297 pro
2769 1228 3087 1298 indignitate
3130 1229 3214 1283 sui
3250 1244 3279 1282 a
3322 1228 3554 1284 Domino
3584 1232 3796 1299 sperni-

2214 1326 2300 1369 tur
2335 1326 2389 1370 et
2444 1318 2714 1384 alijicitur.
2775 1319 2945 1389 Magis
2989 1322 3139 1376 enim
3184 1331 3239 1377 et
3283 1336 3468 1377 sermo
3502 1324 3618 1392 ipse
3666 1338 3797 1391 apo-

2212 1409 2466 1477 pompaei,
2493 1410 2689 1478 alijeeti
2738 1419 2791 1465 et
2824 1410 3045 1466 refutati
3086 1413 3507 1482 significantiam
3530 1415 3793 1468 continet.

2212 1498 2290 1552 Ex
2342 1515 2449 1567 quo
2502 1516 2791 1569 possumus
2836 1504 3000 1558 etiam
3052 1506 3180 1559 illud
3247 1507 3580 1576 intelligere,
3642 1506 3793 1560 verbi

2212 1591 2407 1659 gratia,
2435 1594 2681 1647 ascendit
2709 1595 2760 1648 in
2792 1609 2889 1649 cor
2915 1606 3068 1650 tuum
3100 1596 3241 1650 mala
3275 1597 3556 1667 cogitatio,
3590 1612 3797 1653 conca-

2214 1683 2477 1752 piscentia
2508 1685 2753 1740 mulieris
2791 1686 3003 1753 alienae,
3044 1696 3136 1741 aut
3178 1688 3372 1742 vicina:
3409 1688 3797 1756 possessionis,

2216 1777 2455 1847 intellige
2486 1779 2671 1832 statim
2700 1778 2842 1834 hanc
2882 1795 3004 1835 esse
3041 1780 3106 1835 de
3137 1789 3283 1836 sorte
3312 1782 3669 1850 apopompzei,
3702 1782 3800 1835 ab-

2209 1870 2322 1939 jice
2350 1869 2661 1934 confestim,
2706 1880 2760 1925 et
2802 1872 3011 1941 expelle
3042 1873 3109 1927 de
3159 1874 3324 1927 corde
3367 1884 3480 1927 tuo.
3516 1874 3799 1939 Quomodo

2214 1963 2454 2030 abjicisi
2488 1963 2544 2018 Si
2569 1964 2770 2019 habeas
2820 1973 2997 2019 tecum
3044 1958 3214 2034 parati
3269 1964 3505 2020 hominis
3550 1981 3797 2030 manum,

2216 2056 2268 2112 id
2294 2067 2397 2120 est,
2431 2058 2475 2112 si
2530 2057 2694 2113 lectio
2722 2056 2901 2111 divina
2931 2057 3002 2112 sit
3050 2057 3103 2110 in
3132 2058 3385 2112 manibus
3421 2058 3550 2121 tuis,
3573 2067 3625 2111 et
3657 2072 3796 2124 prae-

2216 2158 2372 2218 cepta
2408 2147 2504 2203 Dei
2556 2159 2685 2202 ante
2729 2148 2918 2203 oculos
2950 2148 3277 2214 habeantur,
3323 2158 3453 2204 tunc
3486 2166 3613 2204 vere
3641 2150 3793 2203 inve-

2217 2242 2387 2297 nieris
2413 2252 2632 2311 paratus
2659 2242 2725 2295 ad
2764 2240 3069 2307 abiicienda
3111 2251 3168 2296 ct
3205 2242 3516 2311 repellenda
3548 2256 3635 2305 ea,
3677 2256 3800 2311 qua:

2217 2344 2345 2388 sunt
2403 2336 2568 2389 sortis
2627 2333 2835 2387 alienae.
2889 2334 2996 2389 Sed
3037 2344 3091 2389 et
3135 2334 3216 2387 ira
3261 2336 3306 2388 si
3332 2333 3583 2388 ascendit
3618 2333 3671 2385 in
3704 2347 3805 2386 cor

2218 2437 2392 2490 tuum,
2416 2426 2461 2481 si
2496 2427 2670 2491 zelus,
2696 2428 2740 2483 si
2776 2427 3002 2491 invidia,
3049 2428 3096 2481 si
3123 2427 3327 2481 malitia
3360 2426 3427 2481 ad
3452 2424 3804 2495 supplantan-

2217 2520 2345 2572 dum
2373 2519 2623 2584 fratrem,
2655 2532 2886 2591 paratus
2914 2531 3033 2578 esto
3057 2531 3114 2576 ut
3139 2520 3368 2589 ahjicias
3400 2534 3485 2584 ea,
3516 2528 3571 2573 et
3616 2517 3801 2586 expel-

2218 2607 2320 2671 las,
2363 2617 2419 2663 et
2464 2610 2688 2664 emittas
2736 2611 2791 2665 in
2828 2627 3095 2666 eremum.
3145 2609 3202 2666 Si
3263 2626 3391 2665 vero
3441 2610 3704 2664 ascendat
3743 2609 3799 2664 in

2217 2712 2315 2751 cor
2365 2707 2513 2752 tuum
2599 2702 2843 2771 cogitare
2887 2717 3007 2771 quae
3041 2703 3138 2759 Dei
3188 2712 3336 2767 sunt,
3373 2703 3441 2757 de
3488 2701 3797 2756 misericoro

2218 2790 2326 2853 dia,
2360 2791 2426 2845 de
2446 2788 2683 2858 justitia,
2717 2792 2786 2848 de
2819 2794 3043 2862 pietate,
3076 2793 3143 2849 de
3185 2809 3343 2862 pace,
3384 2794 3502 2847 lucc
3545 2794 3613 2847 de
3653 2802 3803 2848 sorte

2218 2892 2345 2937 sunt
2388 2882 2624 2950 Domini,
2668 2885 2782 2940 hree
2817 2885 3120 2940 offeruntur
3168 2886 3239 2938 ad
3291 2885 3483 2951 altare,
3534 2885 3648 2939 hac
3676 2898 3803 2953 pou-

2219 2972 2352 3029 tifex
2401 2976 2667 3045 suscipit,
2716 2985 2772 3031 et
2816 2977 2869 3030 in
2925 2977 3010 3031 his
3073 2976 3393 3032 reconciliat
3462 2975 3559 3031 tibi
3609 2974 3797 3029 Deum.

2218 3064 2511 3135 Propterea
2538 3081 2670 3136 ergo
2709 3078 2765 3122 et
2802 3069 2848 3122 is
2897 3069 2992 3138 qui
3054 3069 3203 3139 ejicit
3248 3083 3372 3122 eum
3418 3068 3469 3122 in
3515 3084 3627 3139 quo
3675 3081 3796 3123 sors

530 3144 681 3241 stris.
722 3165 740 3197 ι
778 3147 886 3205 Sed
918 3161 973 3207 et
1003 3152 1207 3209 Paulus
1246 3156 1498 3213 similiter
1536 3159 1604 3214 de
1652 3161 1756 3217 hac
1800 3166 2186 3241 repropitia-c
2221 3161 2554 3227 apopourpai
2581 3168 2683 3223 est,
2730 3159 2835 3216 hoc
2864 3170 2948 3215 est
2984 3161 3153 3215 malas
3196 3160 3576 3229 cogitationes,
3625 3158 3797 3212 malas

524 3238 680 3294 tione
700 3257 1113 3315 commemorat,
1147 3265 1269 3305 cum
1297 3251 1431 3307 dicit
1454 3254 1521 3308 de
1547 3254 1765 3312 Christo
1790 3259 1871 3311 6"z
1905 3279 1922 3310 ι
1951 3260 2123 3326 Quem

524 3336 713 3406 posuit
752 3338 896 3394 Deus
943 3341 1357 3411 propitiatorem
1401 3346 1513 3417 (62)
1554 3349 1611 3403 in
1649 3353 1915 3423 sanguine
1953 3355 2124 3424 ipsius

524 3444 627 3499 per
661 3431 844 3488 ﬁderit.
885 3450 904 3483 ι
940 3432 1109 3504 Igitur
1140 3436 1261 3490 dies
1304 3440 1703 3509 propitiationis
1741 3456 1925 3501 manet
1966 3449 2123 3504 nobis

522 3540 813 3598 usquequo
834 3530 1046 3586 occidat
1068 3533 1168 3594 sol,
1199 3534 1257 3588 id
1279 3546 1361 3590 est
1392 3554 1674 3609 usquequo
1696 3542 1856 3597 ﬁnem
1885 3546 2121 3602 mundus

523 3621 777 3691 accipiat.
817 3621 1036 3679 Stamus
1074 3626 1220 3681 enim
1260 3646 1361 3685 nos
1400 3648 1501 3701 pro
1538 3634 1763 3699 foribus,
1806 3639 2120 3707 operientcs

534 3714 848 3777 pontificem
908 3725 1150 3778 nostrum
1216 3730 1645 3775 commoranteut
1710 3724 1851 3778 intra
1912 3726 2113 3781 Sancta

530 3813 870 3869 sanctorum,
903 3806 955 3859 id
984 3816 1066 3861 est
1116 3811 1256 3876 apud
1289 3809 1531 3877 Patrem,
1556 3825 1609 3867 et
1652 3832 1967 3872 exorantem
2016 3834 2114 3883 pro

530 3899 768 3963 peccatis
793 3912 1003 3966 eorum,
1049 3902 1140 3969 qui
1193 3917 1253 3957 se
1310 3914 1654 3974 exspectant,
1701 3924 1806 3961 non
1860 3925 1957 3977 pro
1995 3927 2111 3965 om-

530 3988 681 4042 nium
708 3990 946 4058 peccatis
979 4002 1320 4047 exorantem.
1366 3993 1479 4047 Non
1524 3996 1669 4049 enim
1710 3997 1874 4069 240
1918 4010 2112 4055 exorat

525 4094 628 4149 pro
660 4082 766 4147 his,
797 4082 889 4151 qui
930 4083 981 4137 in
1012 4095 1218 4140 sortem
1250 4086 1472 4141 veniunt
1494 4088 1613 4158 ejus
1646 4090 1805 4157 hirci,
1829 4096 1917 4160 qui
1950 4094 2113 4148 emit-

527 4170 666 4227 titur
692 4171 744 4227 in
774 4172 1080 4227 desertum.
1118 4173 1224 4229 Pro
1248 4174 1354 4229 illis
1384 4187 1575 4231 exorat
1600 4188 1829 4245 tantum,
1866 4183 1955 4249 qui
1985 4191 2116 4236 sunt

525 4277 647 4317 sors
676 4264 905 4326 Domini,
937 4266 1026 4333 qui
1047 4282 1166 4320 eum
1187 4283 1283 4335 pro
1304 4268 1515 4324 foribus
1540 4275 1986 4343 exspeetant,qui
2008 4291 2111 4327 non

529 4355 792 4411 recedunt
824 4372 853 4409 a
889 4357 1107 4427 ιθιιψιθ,
1162 4358 1387 4428 jejuniis
1428 4371 1481 4415 et
1514 4363 1856 4418 orationibus
1914 4380 2114 4417 vacan-

526 4454 636 4501 ωε.
667 4446 748 4500 An
776 4456 829 4500 tu
866 4457 1044 4515 putas,
1077 4449 1169 4517 qui
1196 4450 1283 4502 vix
1312 4450 1505 4505 diebus
1528 4450 1685 4506 festis
1723 4453 1791 4507 ad
1824 4454 2111 4508 ecclesiam

524 4538 704 4601 venis,
741 4552 843 4592 nec
871 4537 1117 4592 intentus
1162 4553 1220 4593 es
1271 4541 1338 4594 ad
1392 4543 1662 4598 audienda
1700 4547 1863 4600 verba
1906 4546 2114 4613 divina,

531 4644 631 4683 nec
663 4629 760 4683 das
794 4643 1015 4697 operam
1040 4631 1110 4683 ad
1150 4631 1423 4700 implenda
1456 4637 1733 4699 mandata,
1762 4641 1906 4706 quod
1936 4640 2113 4708 possit

531 4737 654 4776 sors
703 4719 917 4775 Domini
976 4722 1165 4778 venire
1203 4740 1370 4792 super
1416 4726 1506 4780 te?
1550 4726 1816 4797 Optamus
1848 4738 2028 4785 tamen
2054 4742 2113 4785 ut

532 4815 615 4868 vel
654 4815 740 4869 his
762 4815 967 4869 auditis
997 4834 1220 4889 operam
1263 4818 1431 4882 detis,
1458 4834 1568 4872 non
1589 4819 1764 4873 solum
1806 4821 1860 4875 in
1880 4822 2112 4877 ecclesia

533 4909 729 4962 audire
758 4909 920 4963 verba
958 4910 1071 4972 Dei,
1108 4913 1281 4965 sedet
1321 4911 1374 4965 in
1419 4911 1674 4966 domibus
1708 4913 1909 4967 vestris
1951 4929 2114 4968 exer-

526 5005 640 5056 ceri
693 5010 753 5056 et
788 5004 1043 5059 meditari
1085 5006 1140 5059 in
1171 5005 1290 5075 lege
1343 5005 1554 5059 Domini
1606 5005 1694 5059 die
1742 5021 1808 5061 ac
1851 5016 2029 5072 nocte,
2056 5020 2116 5062 et

526 5092 604 5148 ibi
633 5093 787 5147 enim
813 5093 1066 5149 Christus
1080 5103 1190 5159 est,
1223 5105 1277 5148 et
1302 5096 1505 5165 ubique
1544 5097 1709 5151 adest
1742 5099 2117 5165 quaerentibus

523 5203 612 5244 se.
638 5187 931 5257 Fropterea
971 5202 1206 5257 namque
1248 5189 1543 5243 mandatur
1573 5190 1627 5243 in
1662 5190 1808 5258 lege,
1845 5199 1903 5243 ut
1947 5191 2119 5245 medi-

528 5287 715 5333 temur
750 5291 876 5331 eam
902 5290 1027 5331 cum
1053 5275 1203 5331 im-us
1242 5278 1294 5331 iu
1341 5278 1445 5341 via,
1499 5285 1554 5330 ct
1604 5292 1726 5331 cum
1761 5278 2012 5332 sedemus
2063 5278 2115 5333 in

523 5372 713 5435 deuio,
743 5378 797 5425 et
828 5367 1078 5438 iacemus
1119 5369 1172 5423 in
1201 5369 1391 5433 cubili,
1449 5378 1504 5423 et
1552 5386 1676 5423 cum
1731 5370 2113 5439 exsurgimus;

524 5469 584 5514 et
624 5462 725 5514 hoc
756 5469 859 5523 est,
894 5473 1021 5513 vere
1049 5474 1146 5528 pro
1195 5458 1399 5512 foribus
1443 5469 1765 5527 exsliectare
1802 5461 2111 5528 pontilicem

596 5550 649 5583 ⁸⁸
670 5550 979 5621 PsaLuxx,
1012 5550 1067 5605 ι.

528 5635 644 5686 xv1,
692 5621 781 5674 12.

599 5707 715 5776 (cf)
766 5707 951 5762 Mure
1003 5707 1206 5763 incensi
1272 5708 1407 5763 solet
1474 5706 1746 5764 collocare
1800 5709 1855 5763 in
1900 5708 2107 5765 Sancto

528 5789 862 5831 sanctorum.
890 5779 1051 5833 Atqui
1088 5778 1283 5831 eratin
1322 5789 1535 5833 sancto.

604 5795 862 5829 notorum.
890 5795 952 5829 At
1000 5795 1051 5830 ιιι
1088 5795 1283 5831 eratin
1322 5795 1535 5833 saneto.

604 5847 716 5915 (62)
752 5847 933 5901 Codex
963 5795 1279 5918 f‘l‘iangerniu
1307 5868 1323 5898 ι
1363 5848 1824 5917 propitiatotium.
1868 5867 1889 5902 ι

2221 3247 2572 3319 cupiditates,
2597 3268 2704 3305 non
2733 3262 2817 3306 est
2844 3252 3005 3306 homo
3030 3254 3203 3323 piger,
3251 3267 3352 3307 nec
3376 3261 3676 3319 occupatus
3712 3266 3802 3303 ue-

2213 3341 2375 3407 gotiis
2442 3342 2815 3406 sweularibus,
2859 3345 2954 3398 sed
2997 3355 3219 3413 paratus
3259 3356 3363 3411 est,
3406 3356 3462 3399 et
3498 3353 3800 3413 promptus.

2214 3446 2278 3485 ac
2301 3432 2566 3500 vigilans;
2606 3434 2697 3502 qui
2728 3435 2947 3489 etiamsi
2967 3436 3288 3491 sordescere
3321 3437 3568 3489 videatur
3601 3450 3699 3504 pro
3723 3450 3789 3491 eo

2214 3524 2357 3590 quod
2398 3524 2691 3592 contigerit
2747 3526 3111 3590 immundum,
3167 3525 3368 3579 lavabit
3398 3526 3584 3580 statim
3617 3526 3791 3579 vesti-

2215 3628 2396 3672 tnenta
2429 3631 2553 3680 sua,
2582 3626 2638 3671 et
2660 3618 2765 3670 erit
2798 3617 3045 3673 mundus.
3075 3617 3231 3683 Quod
3268 3615 3571 3685 intelligere
3603 3629 3799 3684 possu-

2219 3725 2343 3763 mus
2365 3719 2633 3778 quantum
2676 3710 2744 3761 ad
2778 3722 3221 3777 unumquemque
3263 3719 3505 3763 nostrum
3543 3705 3799 3775 pertinet,

2214 3802 2515 3856 secundum
2545 3800 2806 3853 moralem
2839 3799 3040 3866 locum,
3074 3815 3196 3854 esse
3223 3798 3497 3853 hominem
3524 3810 3802 3868 paratum,

2216 3894 2481 3946 rationein
2513 3891 2683 3958 ipsam
2712 3905 2832 3959 quae
2872 3890 3017 3943 intra
3052 3906 3151 3945 nos
3187 3900 3291 3955 est,
3328 3906 3423 3960 per
3472 3905 3632 3959 quant
3681 3892 3804 3945 dis-

2214 3984 2388 4038 cretio
2419 3983 2575 4038 nobis
2606 3983 2732 4037 boni
2759 3982 2999 4052 malique
3028 3996 3130 4048 est,
3165 3998 3284 4051 qua:
3313 3983 3479 4044 etiam
3506 3983 3551 4037 si
3584 3985 3805 4038 videtur

2214 4076 2531 4130 sordescere
2571 4075 2701 4129 dum
2739 4074 3038 4139 discernit,
3079 4084 3134 4129 et
3177 4084 3477 4145 pertractat
3520 4076 3634 4144 ipsa
3679 4091 3802 4146 qua:

2222 4167 2361 4220 mala
2389 4176 2544 4232 sunt;
2577 4176 2757 4222 tamen
2786 4168 2830 4222 si
2857 4184 2918 4221 ea
2955 4167 3202 4236 abjiciat,
3226 4178 3280 4222 et
3300 4168 3537 4238 expellat
3563 4182 3593 4221 a
3619 4171 3804 4235 corde,

2221 4275 2287 4313 ac
2339 4258 2529 4329 procul
2565 4257 2788 4327 el'fngct,
2840 4268 2966 4313 tunc
3025 4258 3344 4315 melioribus
3380 4258 3804 4327 cogitationibus

2218 4351 2369 4405 velut
2413 4350 2697 4420 poriﬁcata
2737 4364 2800 4405 ac
2838 4349 3031 4415 diluta,
3074 4350 3275 4404 munda
3323 4349 3597 4403 videbitur
3634 4350 3805 4403 ratio—

2221 4444 2418 4498 nabilis
2447 4460 2625 4501 mens.
2660 4443 2769 4497 Nec
2796 4458 2933 4497 sane
2966 4443 3200 4505 mireris,
3236 4443 3376 4512 quod
3404 4442 3564 4495 etiam
3592 4441 3659 4493 ad
3684 4455 3811 4509 per-

2148 4541 2192 4597 D
2223 4555 2414 4593 sonam
2440 4540 2744 4593 Salvatoris
2773 4538 3039 4591 traximus
3074 4537 3217 4591 hunc
3258 4538 3347 4606 qui
3398 4536 3544 4605 ejicit
3569 4535 3804 4600 hircum,

2220 4641 2276 4685 et
2307 4630 2609 4701 expellitin
2638 4645 2911 4692 eremum,
2955 4630 3084 4697 quia
3140 4628 3342 4682 dicitur
3397 4627 3578 4681 lavare
3640 4625 3805 4681 vesti-

2220 4733 2400 4778 menta
2426 4738 2545 4787 sua,
2571 4732 2626 4777 et
2657 4722 2775 4775 fieri
2822 4722 3076 4784 mundus,
3108 4730 3332 4791 propter
3370 4720 3498 4773 illud
3541 4718 3685 4788 quod
3730 4716 3809 4771 le-

2216 4816 2399 4887 gimus
2445 4816 2498 4870 in
2544 4815 2809 4884 propheta
2852 4813 2961 4867 dici
3016 4812 3083 4867 de
3145 4812 3397 4877 Domino,
3445 4812 3589 4866 sicut
3638 4826 3801 4879 supra

2216 4907 2493 4963 diximus:
2524 4925 2541 4958 ι
2584 4907 2649 4960 Ει
2693 4906 2804 4960 vidi
2845 4903 3030 4959 Jcsum
3058 4905 3395 4960 sacerdotem
3430 4918 3684 4969 magnum
3722 4904 3805 4954 iu-

2218 5001 2408 5056 dutum
2436 5000 2766 5055 vestimenta
2800 5000 3019 5055 sordida
3052 4999 3122 5051 ⁸³.
3160 5015 3180 5049 ι
3219 4996 3373 5063 Quod
3403 4996 3448 5049 si
3490 4996 3680 5065 utique
3708 5008 3806 5061 pro

2220 5093 2598 5160 assumptione
2658 5093 2844 5147 carnis
2901 5092 3011 5147 diei
3075 5093 3169 5161 pie
3217 5089 3582 5158 intelligitur,
3634 5087 3802 5141 etiam

2215 5183 2306 5237 hic
2346 5184 2399 5237 iu
2425 5184 2677 5240 lavandis
2709 5184 3056 5261 vestimentis
3097 5190 3282 5253 potest
3335 5195 3404 5237 ea
3446 5180 3623 5249 ﬁgura
3679 5192 3801 5233 ser-

2215 5277 2329 5331 vari
2358 5277 2497 5346 (nos).
3436 5339 3441 5344 ,

2285 5368 2341 5421 7.
2380 5370 2670 5426 Videamus
2717 5382 2844 5443 post
2886 5372 3003 5426 haec
3053 5383 3172 5437 quae
3221 5379 3349 5422 sunt
3391 5382 3512 5438 quae
3561 5360 3802 5435 pontifex

2218 5459 2385 5515 faciat
2420 5479 2432 5513 :
2466 5480 2500 5534 ,ι
2536 5462 2600 5516 Ει
2624 5473 2822 5527 sumet,
2848 5462 3027 5530 inquit
3054 5461 3121 5525 ⁸⁵,
3155 5460 3377 5531 plenum
3403 5456 3648 5512 batillum
3677 5468 3802 5507 car-

1164 5551 1209 5583 “
1244 5550 1353 5605 lsa.
1376 5550 1605 5615 t.xt,let
1632 5550 1688 5603 2.
1765 5551 1807 5582 “
1840 5548 2032 5606 lJoan.
2062 5566 2105 5605 ιι

2239 5552 2293 5611 2.
2371 5554 2415 5585 “
2446 5554 2704 5623 licitum,
2732 5554 2826 5611 25.
2903 5554 2948 5587 ⁸³
2971 5552 3138 5609 Zach.
3181 5568 3261 5617 ut,
3294 5555 3315 5609 ι
3345 5562 3399 5609 et
3426 5550 3480 5606 5.
3556 5546 3603 5581 “
3623 5545 3801 5602 Levit.

2289 5710 2403 5783 (65)
2436 5712 2570 5784 Cod.
2599 5710 2913 5784 Sangam,
2969 5731 2986 5764 ι
3046 5721 3220 5784 potest
3260 5712 3483 5763 adeum
3537 5708 3735 5779 ﬁgura.
3785 5728 3803 5758 ι

2216 5784 2400 5840 Codex
2429 5783 2681 5851 Cadoni.,
2710 5783 2732 5836 ι
2765 5792 2942 5855 potest
2975 5786 3163 5839 eadem
3197 5783 3388 5853 ﬁgura.
3421 5799 3441 5833 ι
