4124 6396
363 375 464 428 :‘il'i

1510 363 1575 421 IN
1615 362 1990 422 LEVITICIIM
2029 364 2309 422 llOMlLlA
2351 366 2442 425 IX.
3529 381 3627 436 ms

376 492 605 553 bouibus
657 490 796 559 ign's
846 489 910 542 de
964 486 1144 551 altari,
1195 488 1339 554 quod
1398 494 1482 541 est
1532 496 1721 541 contra
1771 485 1951 539 Domi-
1981 491 2021 546 Α
2058 494 2314 547 tentaret,
2352 499 2529 538 nonne
2569 484 2799 550 diceres,
2843 483 3066 544 Pereant
3113 491 3291 546 omnia
3335 509 3430 562 pro
3455 500 3631 554 salum

372 600 519 639 mnu.
552 603 572 635 ι
603 582 852 648 Legimus
874 589 928 632 et
957 579 1009 631 in
1042 577 1198 641 Isaia,
1227 578 1352 644 quia
1385 577 1509 645 igne
1547 588 1808 647 purgatur
1830 593 1947 646 pro-

371 679 528 746 pheta
561 691 657 744 per
689 687 851 727 unum
876 687 942 724 ex
965 671 1260 739 seraphim,
1287 670 1433 738 quod
1465 671 1689 724 missum
1725 683 1806 724 est
1835 669 1945 736 dif)

371 769 438 822 ad
478 783 624 830 eum,
673 780 795 818 cum
836 763 1044 832 accepit
1080 761 1284 829 forcipe
1325 763 1619 816 carbonem
1660 778 1825 815 unum
1880 777 1947 815 ex

369 859 457 912 his
485 857 573 925 qui
613 866 772 909 erant
809 869 970 923 super
1020 853 1209 915 altare,
1265 861 1318 906 et
1365 852 1592 922 contigit
1635 852 1773 906 labia
1823 868 1948 921 pro-

371 949 563 1015 phetae,
599 955 653 997 et
682 943 816 998 dixit
843 944 886 975 ⁸⁵
913 962 925 996 :
963 961 981 993 ι
1022 943 1158 996 Ecce
1184 942 1382 996 abstuli
1413 942 1722 1010 iniquitates
1753 952 1892 998 tuas.
1923 963 1940 995 ι

374 1035 500 1092 Mihi
539 1037 790 1091 videntur
822 1035 1049 1106 mystica
1090 1036 1204 1091 lucc
1231 1051 1372 1101 esse,
1426 1046 1480 1090 et
1532 1038 1633 1091 hcc
1683 1036 1944 1100 indicare,

370 1129 512 1198 quod
569 1128 868 1196 unicuique
919 1128 1212 1180 secundum
1283 1127 1336 1180 id
1406 1129 1548 1196 quod
1614 1136 1836 1194 peccat,
1900 1128 1943 1180 si

371 1221 596 1290 dignum
631 1219 794 1273 fuerit
833 1220 1107 1286 purificari
1139 1235 1285 1284 eum,
1334 1219 1639 1272 inferantur
1682 1220 1948 1273 carbones

373 1313 630 1367 membris
655 1310 792 1379 ejus.
819 1310 952 1364 Nam
985 1312 1239 1379 quoniam
1264 1312 1395 1365 dicit
1437 1311 1695 1380 propheta
1732 1311 1818 1364 hic
1847 1310 1895 1342 “
1930 1328 1943 1364 :

375 1423 395 1457 ι
437 1405 710 1459 lmtnunda
753 1404 892 1458 labia
924 1405 1123 1469 habeo,
1161 1406 1212 1456 in
1259 1404 1436 1458 medio
1484 1418 1700 1472 quoque
1762 1403 1944 1472 populi

370 1497 646 1551 immunda
695 1495 834 1548 labia
902 1495 1153 1548 habentis
1201 1495 1408 1559 habito,
1453 1511 1470 1544 ι
1518 1494 1721 1548 idcirco
1782 1496 1947 1549 carbo

372 1588 579 1656 forcipe
643 1594 954 1654 assumptus
1008 1602 1035 1639 a
1080 1587 1373 1654 seraphin),
1428 1585 1563 1640 labia
1619 1586 1736 1652 ejus
1787 1602 1941 1640 mun-

371 1679 460 1732 dat
508 1676 844 1748 (65),quibus
879 1676 1009 1731 solis
1034 1691 1090 1730 se
1108 1676 1360 1730 mundum
1383 1691 1484 1729 non
1502 1690 1620 1730 esse
1640 1678 1942 1744 profitetur.

379 1767 458 1820 Ex
494 1782 600 1835 quo
632 1767 940 1821 ostenditur
971 1766 1118 1835 quod
1151 1780 1321 1834 usque
1351 1767 1418 1819 ad
1451 1765 1678 1819 verbum
1707 1773 1945 1818 tantum-

373 1862 530 1914 modo
554 1870 830 1928 peccatum
863 1858 979 1926 ejus
1024 1859 1380 1922 inveniretur,
1431 1858 1483 1911 in
1522 1857 1667 1912 facto
1705 1873 1834 1910 vero
1859 1857 1942 1912 vel
1979 1823 2020 1882 Β

368 1968 534 2023 opere
555 1952 700 2006 nullo
727 1951 1060 2021 peccaverit;
1097 1949 1337 2020 alioquin
1380 1949 1633 2013 dixisset,
1674 1951 1939 2019 quoniam

369 2045 708 2100 immundum
761 2057 958 2112 corpus
1013 2041 1220 2104 habeo,
1262 2042 1346 2095 vel
1395 2042 1705 2096 immundos
1754 2042 1941 2096 oculos

370 2135 565 2200 habeo,
606 2135 650 2189 si
696 2143 974 2203 peccasset
1036 2133 1090 2186 in
1164 2132 1601 2202 concupiscendo
1652 2132 1846 2196 aliena,
1889 2142 1942 2186 et

369 2227 614 2290 dixisset,
639 2223 945 2278 immundas
972 2239 1164 2278 manus
1197 2224 1390 2287 habeo,
1439 2226 1483 2278 si
1515 2238 1609 2279 eas
1659 2223 1942 2293 polluisset

369 2319 622 2388 operibus
646 2318 864 2386 iniquis.
896 2314 1048 2369 Nunc
1077 2325 1258 2369 autem
1302 2317 1561 2385 quoniam
1601 2316 1651 2369 in
1686 2315 1803 2368 solo
1833 2315 1945 2368 for-

371 2422 515 2466 tasse
547 2425 795 2465 sermone
824 2411 1080 2465 conscius
1123 2409 1224 2463 sibi
1278 2419 1398 2464 erat
1445 2409 1629 2465 delicti
1675 2410 1840 2474 illius,
1874 2411 1942 2464 de

369 2521 477 2575 quo
498 2505 630 2558 dicit
658 2503 915 2557 Dominus
942 2502 984 2534 ⁶⁷
1019 2519 1031 2554 :
1063 2519 1081 2552 ι
1111 2499 1246 2567 Quia
1275 2503 1437 2556 etiam
1473 2501 1539 2556 de
1571 2501 1738 2555 verbo
1767 2502 1944 2555 otioso

372 2594 612 2649 reddetis
647 2593 908 2647 rationem
944 2594 994 2646 in
1019 2591 1335 2659 diejndicii,
1372 2609 1391 2643 ι
1430 2607 1529 2660 pro
1554 2605 1622 2645 eo
1655 2592 1797 2659 quod
1835 2591 1941 2646 dif-

374 2685 514 2739 fieile
537 2695 629 2740 est
658 2685 820 2739 etiam
861 2681 1117 2752 perfectis
1159 2681 1372 2749 culpam
1427 2683 1600 2735 vitare
1647 2682 1942 2748 sermonis,

373 2777 578 2832 idcirco
617 2774 890 2845 indigebat
945 2773 1108 2828 etiam
1147 2776 1412 2843 propheta
1463 2779 1576 2827 sola
1621 2773 1944 2842 purgatione

369 2870 655 2924 labiormn.
682 2866 791 2922 Nos
826 2866 1085 2935 autem,si
1121 2867 1305 2920 redeat
1331 2865 1703 2935 unusquisque
1725 2867 1791 2919 ad
1814 2879 1944 2920 con-

371 2961 654 3014 scientiam
685 2974 862 3023 suam,
895 2957 1078 3012 nescio
1108 2957 1153 3011 si
1200 2971 1487 3026 possumus
1517 2955 1732 3024 aliquod
1773 2972 1946 3010 mem-

369 3055 526 3105 brum
553 3051 802 3119 corporis
835 3064 1123 3113 excusare,
1147 3047 1287 3116 quod
1315 3061 1420 3098 non
1451 3046 1561 3115 igni
1597 3046 1854 3115 indigeat.
1878 3046 1943 3100 Et

369 3143 630 3213 propheta
658 3141 872 3209 quidem
890 3141 1150 3208 quoniam
1181 3139 1246 3192 ab
1265 3136 1520 3190 omnibus
1545 3139 1777 3191 mundus
1799 3147 1937 3205 erat,
1969 3173 2013 3230 ο

375 3235 578 3287 ideirco
636 3231 834 3285 meruit
863 3239 915 3283 ul
955 3245 1095 3284 unus
1123 3231 1189 3284 de
1221 3228 1493 3297 seraphin't
1533 3229 1845 3282 mitteretur
1873 3229 1941 3283 ad

371 3341 516 3389 eum,
546 3322 634 3391 qui
665 3322 782 3391 ejus
811 3322 922 3377 sola
960 3322 1096 3374 labia
1129 3328 1412 3391 purgaret.
1446 3317 1556 3374 Nos
1583 3334 1714 3374 vero
1747 3334 1942 3375 vereor

371 3431 438 3470 ne
483 3417 656 3484 ignem
715 3431 817 3469 non
877 3413 1136 3468 membris
1201 3412 1447 3481 singulis,
1515 3413 1608 3466 sed
1663 3420 1773 3466 toto
1822 3428 1945 3468 cor-

368 3523 502 3580 pore
537 3522 860 3562 mereamur.
911 3506 1045 3561 Cum
1091 3505 1235 3559 enim
1290 3504 1579 3558 lasciviunt
1641 3503 1812 3568 oculi,
1858 3503 1942 3557 vel

370 3615 466 3668 per
517 3599 732 3653 illicitas
778 3597 1285 3665 concupiscentias,
1333 3594 1418 3649 vel
1482 3609 1579 3663 per
1635 3593 1942 3663 spectacula

369 3691 527 3765 24],
558 3690 840 3754 diabolica,
871 3689 998 3758 quid
1031 3687 1175 3742 aliud
1219 3687 1320 3741 nisi
1364 3687 1540 3756 ignem
1582 3685 1682 3739 sibi
1712 3699 1941 3754 congre-

369 3785 533 3858 gant?
577 3783 709 3838 Cum
756 3797 915 3836 aures
968 3797 1072 3834 non
1119 3789 1438 3833 avertuntur
1465 3779 1530 3831 ab
1568 3777 1750 3831 auditu
1782 3791 1940 3841 vano,

369 3896 431 3936 ac
463 3877 904 3948 derogatiouibus
931 3875 1321 3943 proximorum,
1355 3887 1478 3925 cum
1514 3885 1704 3924 manus
1733 3887 1758 3922 a
1796 3870 1942 3923 caede

370 3987 724 4043 nequaquam,
756 3983 856 4022 nec
885 3983 913 4020 a
953 3965 1155 4034 rapinis
1184 3978 1247 4017 ac
1290 3959 1781 4032 depraedationibus
1810 3976 1942 4014 con-

371 4070 629 4129 tinentur,
661 4079 782 4118 cum
825 4060 990 4129 pedes
1039 4055 1252 4110 veloces
1294 4065 1418 4108 sunt
1459 4057 1526 4106 ad
1561 4051 1941 4106 effundendum

371 4160 708 4230 sanguinem,
732 4172 962 4225 cutnqne
987 4167 1184 4222 corpus
1224 4165 1328 4203 non
1361 4147 1610 4208 Domino,
1640 4145 1731 4199 sed
1771 4144 1936 4196 forni-

370 4253 567 4308 cationi
600 4253 881 4312 tradimus,
909 4247 1038 4316 quid
1068 4245 1208 4299 aliud
1253 4243 1352 4296 nisi
1403 4249 1573 4294 totum
1608 4251 1804 4304 corpus
1836 4244 1941 4288 tra-

371 4350 548 4403 dimus
581 4348 633 4399 in
667 4339 1009 4414 gehennam?
1056 4342 1124 4393 At
1174 4338 1288 4390 lirec
1340 4348 1465 4388 cum
1511 4330 1782 4392 dicuntur,
1817 4342 1944 4381 cou-

375 4434 594 4502 temptui
622 4434 908 4486 habentur.
934 4426 1151 4493 Quare?
1177 4425 1298 4495 quia
1329 4422 1459 4477 fides
1492 4421 1663 4475 deest.
1690 4417 1940 4488 Alioquin

2054 593 2192 640 mea,
2218 593 2314 630 nec
2339 578 2632 646 quidquam
2662 592 2954 645 remaneat,
2978 577 3266 637 tantunPut
3289 601 3387 656 ego
3411 588 3586 641 vivam
3605 591 3630 642 ἲ

2052 668 2162 720 lloe
2187 683 2356 736 quare
2397 667 2648 722 faceres?
2686 669 2813 738 quia
2852 671 2977 726 inde
3023 689 3126 728 non
3168 676 3464 745 dubitares,
3501 682 3630 736 hinc

2050 761 2282 813 dubitas.
2337 759 2402 813 Et
2449 761 2569 814 ideo
2622 761 2764 814 bene
2818 761 3077 819 Dominus
3125 766 3256 822 dicit
3284 769 3367 824 “z
3406 787 3424 820 ‹
3466 769 3629 828 Putas

2051 849 2272 902 veniens
2310 849 2478 903 Filius
2527 849 2781 912 hominis,
2820 851 3056 908 inveniet
3105 855 3263 910 fidem
3311 873 3474 928 super
3517 871 3627 914 ter-

2051 943 2204 995 ram?
2238 961 2255 993 ι
2294 941 2356 994 Ει
2397 942 2523 1010 quid
2565 957 2666 1012 ego
2713 942 2834 997 dico
2887 945 2952 998 de
2983 948 3148 1000 certis
3197 948 3628 1018 indubitatisque

2051 1034 2345 1103 periculis?
2377 1033 2772 1089 Tantummodo
2819 1035 2860 1089 si
2903 1051 3062 1090 causa
3101 1037 3324 1091 dicenda
3370 1041 3440 1092 sit
3487 1043 3628 1108 apud

2044 1128 2278 1197 judicetn
2317 1139 2620 1191 terrenum,
2652 1144 2770 1197 qua:
2812 1130 3046 1198 aliquem
3099 1139 3296 1184 metum
3320 1131 3430 1198 (66)
3456 1148 3520 1184 ex
3553 1133 3626 1185 le-

2050 1221 2206 1288 gibus
2244 1219 2448 1274 habere
2493 1221 2758 1284 videatur,
2803 1236 2979 1275 nonne
3027 1222 3278 1276 omnibus
3317 1223 3513 1292 vigiliis
3542 1242 3630 1277 ex-

2050 1311 2298 1375 cubatur,
2343 1313 2609 1365 advocato
2663 1323 2889 1378 patrono
2944 1328 3167 1367 munera
3225 1327 3626 1382 prmparantur,

2049 1403 2260 1457 etiamsi
2297 1418 2493 1469 anceps
2526 1406 2828 1471 periculum
2854 1405 2943 1468 sit,
2973 1414 3065 1457 aut
3089 1406 3251 1460 etiam
3287 1407 3454 1460 solius
3489 1418 3632 1462 nota:

2051 1506 2230 1549 metus
2262 1494 2344 1547 vel
2379 1495 2560 1548 damni
2594 1497 2768 1550 ratio?
2806 1495 2915 1550 Nos
2965 1512 3134 1565 quare
3173 1513 3281 1552 non
3334 1497 3629 1565 credimus,

2049 1588 2190 1657 quod
2238 1601 2427 1641 omnes
2469 1587 2765 1642 astabimus
2794 1607 2810 1639 ι
2853 1598 2978 1642 ante
3023 1590 3262 1643 tribunal
3304 1590 3532 1656 Christi,
3570 1602 3629 1646 ut

2051 1689 2289 1749 reportet
2314 1679 2684 1746 unusquisque
2717 1680 2933 1748 propria
2973 1682 3217 1747 corporis
3248 1692 3406 1751 prout
3438 1685 3627 1751 gessit,

2051 1775 2162 1828 sive
2197 1775 2337 1828 bona
2362 1773 2477 1826 sive
2521 1772 2658 1825 mala
2694 1773 2757 1824 ⁸³.
2799 1793 2817 1823 ι
2862 1772 2985 1827 llaec
3027 1773 3073 1827 si
3121 1773 3329 1841 integre
3383 1777 3631 1829 credere-

2050 1882 2191 1929 mus,
2225 1876 2370 1921 esset
2411 1863 2563 1918 nobis
2603 1866 2898 1918 secundum
2941 1865 3082 1934 quod
3123 1865 3382 1932 scriptum
3422 1878 3502 1920 est
3530 1867 3575 1896 ⁷⁸
3610 1882 3626 1919 :

2053 1974 2071 2008 ι
2111 1955 2434 2026 Redemptio
2473 1957 2666 2010 anima:
2705 1956 2828 2021 viri,
2863 1955 3062 2009 divitiae
3106 1954 3247 2022 ejus.
3283 1974 3300 2006 ι
3339 1956 3443 2010 Sed
3485 1959 3628 2009 unde

2047 2061 2339 2116 possumus
2370 2047 2505 2111 haec,
2537 2045 2620 2099 vel
2660 2045 2884 2109 sentire,
2914 2043 2995 2098 vel
3029 2045 3271 2107 credere,
3311 2045 3390 2098 vel
3431 2045 3630 2099 intelli-

2047 2152 2193 2207 gere,
2228 2153 2349 2192 cmn
2390 2152 2454 2191 ne
2493 2137 2559 2191 ad
2601 2136 2714 2190 haec
2748 2135 2862 2204 ipsa
2918 2135 3133 2205 quidem
3173 2135 3436 2190 audienda
3487 2152 3624 2190 con—

2045 2229 2370 2286 veniamus?
2394 2229 2524 2295 Quis
2555 2229 2697 2283 enim
2730 2237 2969 2282 vestrum
3005 2243 3127 2281 eum
3162 2231 3461 2284 recitantur
3485 2230 3629 2284 Scri-

2046 2334 2218 2392 plura?
2258 2322 2462 2391 prtebet
2494 2319 2776 2374 auditutn?
2810 2318 2950 2377 Deus
2997 2335 3092 2389 per
3131 2320 3447 2389 prophetam
3487 2335 3631 2374 com-

2049 2413 2306 2478 minatur,
2336 2423 2389 2466 et
2415 2413 2630 2480 quidem
2680 2411 2732 2465 in
2784 2411 2861 2465 ira
2911 2426 3102 2481 magna
3127 2412 3166 2441 "'
3202 2429 3216 2466 :
3249 2429 3268 2462 ι
3306 2411 3372 2464 Et
3418 2412 3624 2465 mittam

2046 2507 2244 2561 famem
2273 2519 2435 2574 super
2461 2513 2687 2570 terram,
2714 2519 2815 2558 non
2846 2504 3044 2559 famem
3072 2505 3248 2574 panis,
3280 2520 3454 2573 neque
3479 2495 3626 2561 sitiin

2045 2611 2221 2666 aqum,
2251 2595 2343 2650 sed
2375 2593 2570 2647 fatnem
2617 2594 2868 2648 audiendi
2912 2593 3077 2648 verba
3127 2595 3242 2650 Dei.
3273 2612 3292 2646 ι
3330 2594 3435 2649 Sed
3484 2611 3628 2648 nunc

2044 2689 2242 2745 famem
2269 2705 2371 2744 non
2397 2689 2542 2742 misit
2562 2687 2702 2741 Deus
2729 2702 2893 2757 super
2922 2686 3215 2742 Ecclesiam
3245 2701 3420 2754 suam,
3448 2702 3626 2757 neque

2045 2783 2190 2837 sitim
2240 2780 2307 2834 ad
2353 2778 2680 2832 audiendum
2729 2779 2954 2832 verbum
2999 2777 3114 2832 Dei.
3167 2776 3436 2833 Habemus
3479 2781 3625 2833 enim

2044 2889 2240 2946 panem
2298 2873 2479 2927 vivum
2527 2870 2618 2940 qui
2665 2871 2732 2926 de
2783 2870 2924 2924 ctelo
2988 2869 3306 2936 descendit,
3365 2870 3629 2926 habemus

2045 2980 2240 3036 aquam
2274 2963 2450 3018 vivam
2485 2962 2771 3016 salientem
2799 2961 2851 3014 in
2882 2961 3045 3014 vitam
3080 2970 3360 3013 arternam.
3391 2959 3500 3014 Cur
3530 2976 3627 3014 nos

2045 3058 2192 3126 ipsos
2246 3054 2590 3109 fecunditatis
2639 3063 2881 3122 tempore
2917 3051 3058 3104 fame
3103 3065 3358 3104 necamus
3399 3067 3461 3104 ac
3500 3052 3626 3105 siti?

2045 3147 2220 3218 Pigra:
2250 3156 2304 3201 et
2333 3147 2530 3200 desidis
2559 3145 2752 3198 anima:
2779 3151 2884 3207 est,
2922 3143 2973 3196 in
3015 3142 3343 3195 abundantia
3379 3143 3624 3196 omnium

2047 3239 2328 3307 penuriam
2361 3240 2490 3305 pati.
2523 3235 2637 3289 Non
2664 3235 2890 3290 audistis
2913 3249 2974 3290 ex
3011 3235 3208 3287 divinis
3242 3234 3628 3304 Scripturis",

2045 3329 2171 3398 quia
2220 3337 2492 3382 certamen
2527 3333 2612 3379 est
2663 3325 2803 3377 inter
2849 3322 3096 3376 homines
3140 3321 3288 3374 carni
3338 3320 3627 3373 adversum

2044 3419 2318 3490 Spiritum,
2354 3427 2408 3471 et
2446 3415 2661 3486 spiritui
2706 3415 2965 3467 adversus
3003 3411 3266 3466 carnem?
3301 3411 3366 3464 Et
3412 3411 3632 3464 nescitis

2046 3509 2190 3578 quod
2225 3509 2267 3561 si
2301 3521 2523 3561 carnem
2558 3505 2728 3559 solam
2754 3503 3030 3566 nutriatis,
3063 3512 3120 3555 et
3151 3501 3320 3570 ipsam
3355 3499 3629 3569 frequenti

2047 3601 2270 3654 mollitie
2305 3613 2368 3652 ac
2395 3597 2510 3667 jugi
2536 3596 2852 3650 deliciarum
2887 3594 3031 3646 fluxu
3060 3591 3312 3654 foveatis,
3344 3592 3634 3645 insolescet

2046 3691 2354 3747 necessario
2377 3690 2664 3744 adversum
2701 3687 2974 3756 spiritum,
3004 3694 3057 3739 et
3091 3683 3283 3739 fortior
3309 3683 3396 3736 illo
3421 3682 3628 3737 efficie-

2047 3785 2168 3839 tur?
2194 3783 2346 3850 Quod
2373 3782 2416 3836 si
2454 3781 2565 3845 fiat,
2592 3795 2714 3835 eum
2750 3781 2865 3834 sine
2894 3779 3058 3832 dubio
3091 3779 3146 3831 in
3171 3777 3434 3830 ditionem
3472 3790 3629 3828 suam

2046 3875 2345 3938 redactum,
2379 3871 2494 3925 suis
2541 3879 2698 3939 coget
2744 3869 2950 3938 legibus
2997 3882 3060 3921 ac
3098 3867 3243 3921 vitiis
3285 3865 3529 3919 obedire.
3571 3865 3629 3918 Si

2045 3983 2174 4022 vero
2207 3966 2272 4020 ad
2307 3965 2593 4020 ecclesiam
2631 3963 2942 4030 frequenter
2975 3959 3186 4021 venias,
3217 3973 3402 4012 aurem
3434 3957 3632 4010 litteris

2046 4058 2242 4113 divinis
2273 4057 2584 4117 admoveas,
2624 4054 3060 4124 explanationem
3105 4051 3481 4103 mandatorum
3523 4064 3631 4101 cte-

2045 4149 2259 4203 lestium
2295 4148 2501 4217 capias,
2534 4149 2676 4200 sicut
2711 4145 2850 4198 cibis
2888 4151 2941 4196 et
2983 4142 3191 4196 deliciis
3237 4156 3390 4203 caro,
3415 4140 3486 4192 ita
3521 4139 3627 4206 spi-

2047 4245 2183 4298 ritus
2217 4243 2394 4295 verbis
2426 4239 2625 4294 divinis
2665 4237 3008 4292 convalescet
3044 4250 3108 4286 ac
3146 4233 3413 4298 sensibus,
3443 4242 3497 4284 et
3534 4247 3624 4284 ro-

2045 4334 2254 4389 bustior
2283 4329 2533 4393 effectus,
2568 4342 2787 4382 carnem
2831 4325 2930 4380 sibi
2981 4337 3170 4392 parere
3216 4332 3398 4389 coget,
3421 4336 3483 4375 ac
3516 4321 3632 4374 suis

2048 4421 2259 4489 legibus
2306 4417 2554 4486 obsequi.
2604 4413 2949 4469 Nutrimeata
3002 4413 3168 4482 igitur
3216 4411 3440 4479 spiritus
3481 4421 3632 4476 sunt,

369 4528 414 4582 si
457 4527 553 4581 tibi
591 4525 749 4579 hodie
793 4523 1085 4584 diceretur,
1133 4518 1258 4588 quia
1305 4516 1466 4586 judex
1514 4512 1694 4568 saeculi
1734 4510 1846 4564 vult
1891 4519 1942 4563 te
1974 4511 2020 4570 Ι)
2048 4512 2228 4566 divina
2279 4509 2459 4573 lectio,
2492 4508 2771 4564 orationes
2821 4506 3077 4568 assiduae,
3125 4518 3307 4559 sermo
3345 4502 3623 4556 doctrinae.

372 4618 614 4674 crastino
665 4617 844 4668 vivum
880 4626 1128 4676 exurere,
1162 4620 1214 4665 et
1241 4610 1325 4663 his
1354 4607 1553 4660 auditis
1587 4606 1629 4659 si
1669 4613 1811 4659 esset
1851 4603 1941 4657 tibi

373 4713 532 4766 unius
582 4707 689 4763 diei
737 4705 966 4776 spatium
1017 4703 1268 4765 libermn,
1301 4707 1503 4768 quanta
1538 4698 1786 4752 faceres?
1812 4712 1946 4766 quo-

374 4803 533 4858 modo
563 4808 615 4855 et
643 4813 738 4868 per
767 4811 901 4866 quos
923 4792 1298 4848 discurreres?
1321 4805 1480 4859 quam
1511 4788 1754 4851 humilis,
1783 4802 1943 4855 quam

373 4894 562 4963 lugens
616 4901 673 4946 et
730 4886 978 4943 sordidus
1036 4881 1360 4939 oherrares?
1409 4879 1597 4934 Nonne
1645 4877 1949 4933 effunderes

371 5001 587 5042 omnem
633 4981 916 5052 pecuniam
965 4987 1113 5032 tuam
1152 4977 1206 5033 in
1260 4991 1375 5037 eos,
1414 4988 1643 5043 quorum
1683 4972 1948 5026 interces-

372 5081 525 5134 sione
577 5076 806 5131 evadere
863 5085 1020 5141 posse
1076 5079 1127 5124 te
1183 5065 1472 5124 crederes?
1531 5065 1720 5119 Nonne
1767 5063 1948 5117 omnia

375 5186 492 5239 qua:
534 5167 778 5238 possides
823 5162 1253 5231 redemptionem
1298 5158 1505 5212 faceres
1561 5155 1755 5209 animm
1807 5153 1952 5206 tum?

376 5262 525 5327 Quod
561 5259 604 5313 si
642 5259 806 5311 etiam
845 5254 1040 5324 aliquis
1101 5262 1152 5308 te
1207 5248 1490 5306 retardare
1536 5253 1628 5300 aut
1687 5245 1952 5314 impedire

465 5358 508 5385 ’⁵⁵
541 5356 640 5409 lsa.
671 5374 740 5421 v1,
777 5359 827 5409 7.
939 5357 983 5386 ⁸³³
1014 5354 1144 5406 ibid.
1178 5355 1230 5408 5.
1346 5352 1387 5383 °"
1423 5349 1614 5406 Matth.
1646 5365 1744 5416 xu,
1775 5350 1863 5405 56.

380 5425 420 5456 “
449 5426 637 5482 Amos.
667 5443 787 5490 vm,
821 5427 906 5480 ll.
982 5426 1026 5457 ⁷³
1056 5424 1233 5480 Galat.
1257 5441 1310 5479 v.

452 5533 752 5612 (ὅθ-[Λὶψ.
798 5532 948 5612 editi,
983 5547 1002 5580 ‹
1044 5533 1133 5598 qui
1187 5530 1382 5582 miSsus
1427 5535 1528 5590 est,
1583 5545 1600 5572 ν
1639 5525 1732 5579 sed
1792 5540 1950 5590 mss.,

387 5623 409 5656 ε
451 5605 591 5674 quod
625 5605 846 5657 missum
872 5609 970 5656 νει.
1013 5619 1033 5652 ι

450 5675 562 5743 (65)
591 5672 743 5734 Mss.,
782 5690 802 5723 ε
839 5678 1053 5743 purgat.
1089 5687 1106 5720 ι
1142 5666 1285 5743 infra
1319 5666 1450 5722 libb.
1481 5667 1640 5743 editi,
1678 5682 1697 5715 ι
1737 5664 1950 5743 inveni-

381 5735 558 5812 retur,
595 5745 664 5796 ita
696 5735 1020 5810 qttod'fac'to
1071 5739 1155 5795 vel
1177 5752 1360 5809 opere.
1412 5755 1429 5790 ι
1479 5735 1584 5794 Sed
1626 5751 1754 5794 mss.
1807 5745 1862 5788 ut
1899 5736 1952 5789 in

380 5828 570 5871 nostro
603 5821 772 5868 textu.

1977 5347 2023 5379 ⁸⁸
2053 5344 2186 5401 Luc.
2216 5357 2373 5411 xvtn,
2409 5339 2464 5396 8.

2053 4602 2150 4656 llis
2187 4601 2346 4656 alitur
2370 4599 2526 4665 cibis,
2567 4600 2650 4655 bis
2678 4597 3030 4661 convalescit,
3057 4597 3140 4652 his
3171 4596 3346 4650 victor
3373 4594 3627 4649 efﬁcitur.

2051 4694 2204 4762 Quod
2237 4694 2364 4763 quia
2398 4709 2502 4747 non
2539 4691 2740 4757 facitis,
2780 4690 2946 4745 nolite
2996 4687 3258 4758 conqueri
3298 4687 3364 4740 de
3397 4686 3630 4740 infirmi-

2057 4797 2166 4841 tate
2215 4785 2420 4851 caruis,
2466 4784 2634 4839 nolite
2689 4783 2874 4838 dicere
2916 4782 3043 4852 quia
3093 4781 3362 4843 volumus,
3395 4779 3489 4834 sed
3525 4795 3631 4832 non

2056 4891 2367 4947 possumus,
2407 4875 2654 4929 volumus
2698 4872 3042 4927 continenter
3075 4871 3278 4934 vivere,
3319 4868 3414 4923 sed
3450 4870 3635 4923 carnis

2058 4971 2354 5041 fragilitate
2380 4967 2699 5037 decipimur,
2728 4975 2782 5020 et
2815 4965 3196 5034 impugnantur
3223 4960 3460 5015 stimulis
3493 4958 3631 5027 ejus.

2056 5063 2134 5116 Tu
2170 5064 2268 5116 das
2296 5060 2547 5116 stimulos
2577 5057 2756 5112 carnis
2790 5065 2914 5122 tuas,
2943 5063 2997 5108 tu
3031 5069 3151 5108 eam
3183 5053 3444 5108 adversus
3469 5051 3636 5121 Spiri-

2060 5164 2173 5207 tum
2211 5163 2359 5207 tuum
2398 5165 2606 5214 armas,
2637 5159 2691 5203 et
2717 5157 2990 5218 potentem
3021 5146 3182 5211 facis,
3206 5159 3329 5200 cum
3359 5158 3477 5198 eam
3509 5156 3634 5194 car-

2060 5247 2217 5300 nibus
2270 5245 2460 5308 satias,
2505 5243 2630 5296 vino
2688 5239 2854 5294 nimio
2907 5239 3177 5301 inundas,
3217 5235 3363 5292 onmi
3408 5230 3636 5286 mollitie

2573 5337 2617 5370 ⁶⁹
2648 5334 2691 5391 ll
2722 5333 2846 5391 Cor.
2878 5351 2931 5400 v,
2969 5335 3051 5390 10.
3164 5333 3208 5364 ⁷⁰
3239 5335 3398 5391 Prov.
3434 5347 3552 5397 xm,
3589 5331 3644 5388 8.

2130 5527 2252 5600 (66)!
2270 5525 2448 5582 Codex
2478 5525 2810 5600 ASangerm"
2837 5523 2877 5572 ἰ
2913 5520 3005 5600 qui
3061 5517 3294 5586 aliquem
3318 5522 3633 5600 __tnetutn_.ni!

2060 5582 2334 5660 Et‘infra,
2366 5615 2384 5647 ι
2423 5582 2669 5650 θὼόεᾶἱί
2715 5582 2948 5661 patroni'
2979 5582 3225 5661 tn_unera,
3260 5603 3277 5635 ι
3312 5584 3496 5650 sicque
3545 5582 3636 5634 alii

2061 5653 2333 5732 mss.,ub't
2351 5667 2474 5724 libri
2505 5666 2637 5723 editi
2661 5653 2882 5726 habent,
2917 5677 2943 5711 ο
2974 5653 3238 5712 advocato
3269 5662 3496 5724 patrono
3517 5669 3636 5711 um-

2064 5753 2215 5794 uera.
2255 5754 2277 5792 ι
