4124 6406
518 334 622 388 5'29

1953 339 2274 395 ORIGENIS

3659 335 3765 396 520

504 461 704 532 palpas,
737 466 792 512 et
819 457 888 510 ad
915 455 1199 511 illecebras
1230 453 1423 508 nutris.
1459 453 1537 507 Au
1570 451 1790 508 nescitis
1822 451 2078 520 quianon
2113 459 2152 511 ,λ
2187 450 2436 505 Pontifex
2469 451 2631 520 igitur
2664 460 2851 506 noster
2887 449 3145 506 Dominus
3185 463 3242 506 ct
3291 454 3540 509 Salvator
3588 460 3762 528 aperit

502 559 678 616 potest
711 547 994 601 aedificium
1040 547 1180 598 istud
1228 545 1481 599 l'lt‘clesitc
1511 561 1574 598 ex
1612 544 1840 612 leprosis
1881 543 2076 611 lapidi-

503 640 601 691 hus
634 637 906 689 construi?
936 636 1071 690 Audi
1119 637 1246 703 quid
1283 636 1411 688 dicit
1446 634 1740 702 Apostolus
1769 635 1814 664 ⁷³
1849 652 1861 686 :
1905 652 1922 682 ι
1963 634 2075 685 Μυ-

498 733 676 784 dicum
731 732 1053 783 fermentum
1107 738 1272 781 totam
1330 743 1564 781 massam
1606 726 1928 794 corrumpit.
1968 726 2076 778 Ex-

498 830 722 889 purgate
759 836 891 884 ergo
926 829 1078 873 vetus
1119 820 1466 880 fermentum,
1500 830 1556 871 ut
1600 819 1719 872 sitis
1756 832 1891 872 nova
1945 831 2078 871 con¢

497 915 727 982 spersio.
768 932 782 963 ι
820 912 925 967 Sed
963 913 1026 965 ad
1066 913 1404 980 propositum
1441 911 1744 964 redeamus.

568 1005 622 1057 8.
662 1023 679 1054 ‹
709 1005 772 1057 Ει
828 1004 1078 1072 accipiet,
1129 1001 1388 1070 inquit“,
1423 1001 1664 1054 batillum
1708 999 1920 1067 plenum
1961 1014 2078 1052 rar-

499 1093 752 1147 honibus.
797 1112 814 1142 i
851 1093 962 1144 =.\'ou
1013 1107 1202 1144 omnes
1249 1100 1547 1159 purgantur
1598 1105 1662 1143 eo
1707 1090 1826 1158 igne
1872 1089 1961 1157 qui
2011 1089 2078 1144 de

501 1185 658 1238 altari
691 1187 1009 1238 aSsutnitur.
1031 1185 1208 1236 Aaron
1243 1182 1610 1252 purgaturillo
1643 1183 1786 1251 igne,
1816 1192 1869 1234 et
1893 1181 2075 1247 Isaias,

500 1286 555 1328 et
596 1276 641 1327 si
684 1274 775 1341 qui
820 1282 946 1326 sunt.
986 1275 1191 1326 similes
1227 1273 1347 1324 illis.
1385 1272 1483 1325 Alii
1520 1287 1648 1324 vero
1687 1272 1777 1340 qui
1813 1287 1917 1324 non
1953 1280 2078 1324 sunt

505 1366 662 1428 tales,
694 1367 757 1417 de
790 1365 985 1432 quibus
1017 1365 1180 1417 etiam
1215 1364 1474 1432 meipsum
1509 1374 1780 1431 computo,
1814 1363 1920 1415 alio
1957 1363 2077 1432 igne

502 1457 880 1524 purgahttutnr
926 1454 1059 1524 (67).
1107 1454 1293 1506 Timeo
1335 1469 1397 1504 nc
1443 1453 1530 1506 illo
1571 1457 1634 1506 de
1676 1469 1780 1521 quo
1815 1457 2074 1521 scriptum

498 1559 582 1599 est
609 1545 691 1596 πε
730 1565 746 1596 t
785 1545 1002 1599 Fluvios
1031 1545 1172 1613 ignis
1217 1546 1468 1598 currebat
1526 1555 1650 1598 ante
1686 1545 1880 1613 ipsum.
1917 1563 1935 1595 ι
1973 1545 2077 1598 lste

499 1639 638 1706 ignis
665 1655 767 1690 non
798 1646 883 1689 est
907 1639 970 1689 de
1000 1636 1179 1688 altari.
1209 1635 1307 1701 Qui
1343 1637 1406 1688 de
1444 1635 1598 1688 altari
1640 1644 1722 1688 est
1754 1637 1911 1704 ignis,
1938 1637 2076 1705 ignis

496 1741 579 1783 est
614 1730 846 1792 Domini;
875 1727 965 1796 qui
995 1738 1173 1779 autem
1204 1736 1354 1780 extra
1387 1726 1556 1780 altare
1583 1736 1686 1789 est,
1722 1744 1826 1780 non
1857 1737 1939 1780 est
1974 1727 2073 1779 Do-

498 1823 652 1884 mini,
685 1821 775 1873 sed
824 1827 1074 1888 proprius
1113 1827 1197 1871 est
1240 1819 1663 1888 uniuscujusque
1705 1821 2071 1886 peccantium,

496 1913 561 1965 de
589 1927 694 1979 quo
728 1911 929 1964 dicitur
953 1909 1000 1940 ⁷⁸
1030 1924 1045 1962 :
1086 1926 1107 1961 σ
1145 1909 1357 1964 Vermis
1392 1925 1582 1964 eorum
1634 1926 1737 1963 nou
1790 1911 2074 1975 morietur,

494 2013 549 2055 et
585 2002 725 2072 ignis
753 2017 938 2056 eorum
975 2016 1082 2055 non
1113 2003 1513 2070 exstinguetur.
1555 2019 1572 2053 ι
1609 2002 1714 2056 Iste
1744 2018 1872 2072 ergo
1914 2003 2074 2072 ignis,

495 2091 737 2161 ipsorum
779 2105 863 2148 est
911 2095 1002 2162 qui
1061 2108 1184 2146 eum
1234 2093 1620 2155 accenderunt.
1671 2094 1813 2147 sicut
1853 2106 1907 2148 et
1948 2094 2074 2148 alibi

495 2184 755 2252 scriptum
805 2194 888 2238 est
911 2181 955 2214 '"
987 2200 1001 2237 :
1031 2199 1049 2233 t
1081 2181 1368 2237 Ambulate
1413 2181 1467 2236 in
1518 2182 1644 2252 igne
1696 2191 1897 2245 vestro,
1931 2192 1984 2236 et
2020 2184 2070 2235 in

493 2275 707 2330 (minima
739 2292 901 2345 quam
944 2274 1269 2329 acccndistis
1303 2275 1473 2328 vobis.
1512 2294 1530 2326 ι
1566 2274 1718 2328 lsaia:
1747 2286 1926 2328 autem
1962 2289 2070 2328 non

494 2382 625 2421 suus
659 2367 796 2434 ignis
832 2367 1120 2436 apponitur
1151 2368 1217 2432 ⁷⁸,
1252 2371 1346 2421 sed
1399 2366 1541 2435 ignis
1571 2366 1782 2432 altaris,
1837 2367 1926 2436 qui
1965 2367 2073 2418 cir-

494 2461 888 2529 cumpurgabat
924 2461 1060 2514 labia
1103 2461 1236 2530 ejus,
1271 2468 1324 2515 et
1355 2461 1485 2515 huic
1521 2460 1716 2528 dequo
1756 2459 1951 2513 dicitur
1979 2459 2022 2490 "
2057 2481 2067 2514 :

498 2570 514 2602 ι
559 2553 622 2605 Et
656 2563 836 2606 sumet
880 2552 1126 2606 batillum
1173 2551 1392 2621 plenum
1440 2551 1767 2605 carbonibus
1815 2549 1955 2620 ignis
2002 2551 2070 2605 de

493 2645 670 2709 altari,
715 2645 857 2712 quod
893 2655 974 2698 est
1002 2655 1188 2698 contra
1223 2645 1538 2708 Dominum,
1576 2653 1628 2697 et
1668 2642 1907 2712 implebit
1950 2657 2068 2696 ma-

493 2751 594 2789 nus
649 2751 776 2789 suas
830 2737 1053 2789 incenso
1115 2735 1530 2805 compositionis
1589 2735 1817 2788 minuto.
1859 2753 1876 2786 ι
1915 2733 2068 2801 Quod

492 2826 708 2893 quidem
761 2826 975 2895 plenius
1041 2826 1300 2879 Dominus
1362 2835 1546 2880 noster
1611 2825 1762 2879 fecit.
1825 2825 2068 2895 Implevit

489 2919 634 2969 enim
665 2931 852 2970 manus
884 2930 1011 2969 suns
1045 2913 1274 2970 incenso
1322 2914 1549 2979 minttto,
1577 2917 1643 2967 de
1669 2930 1775 2983 quo
1805 2915 2065 2983 scriptum

490 3020 569 3063 est
598 3008 685 3061 ’σε
722 3025 741 3058 ι
781 3007 1053 3077 Dirigatnr
1088 3008 1262 3060 oratio
1319 3022 1438 3060 mea
1491 3007 1630 3060 sicut
1674 3006 1952 3059 iucensmn
2013 3005 2064 3059 in

489 3109 779 3170 censpectu
814 3110 925 3154 tuo.
967 3117 985 3150 ι
1035 3099 1278 3168 Implevit
1310 3112 1439 3166 ergo
1478 3113 1668 3152 manus
1707 3111 1833 3152 suas
1865 3099 2067 3152 sanctis

486 3195 765 3262 operibus,
814 3209 936 3262 qua}
987 3209 1085 3263 pro
1135 3195 1372 3246 humano
1419 3205 1614 3260 genere
1663 3199 1916 3259 operatus
1962 3201 2063 3244 est.

489 3289 667 3354 Quare
693 3295 870 3340 autem
909 3285 1320 3354 compositionis
1351 3282 1632 3336 incensum
1671 3281 1911 3336 dicitur?
1941 3283 2065 3351 quia

487 3394 592 3432 non
633 3387 717 3432 est
754 3393 855 3430 una
887 3380 1098 3446 species
1145 3391 1392 3445 Operum,
1424 3376 1519 3429 sed
1568 3390 1632 3427 ex
1659 3375 1889 3443 justitia,
1918 3386 1971 3430 et
2001 3391 2068 3430 cx

489 3467 711 3535 pietate,
753 3480 819 3521 ex
854 3467 1207 3530 continentia,
1249 3481 1315 3519 ex
1360 3466 1671 3534 prudentia,
1706 3475 1758 3518 et
1793 3480 1856 3518 ex
1889 3466 2068 3519 omni-

487 3563 586 3614 bus
627 3559 1000 3625 lmjuscemodi
1038 3557 1332 3610 virtutibus
1363 3555 1708 3624 componitur
1776 3557 1875 3609 hoc
1923 3557 2066 3625 quod

488 3654 662 3722 placet
696 3651 803 3704 Deo
832 3651 966 3719 (68).
998 3649 1164 3720 242
1197 3650 1301 3703 Sed
1339 3659 1392 3702 et
1428 3651 1689 3702 minutum
1723 3650 1864 3716 quod
1894 3651 2062 3716 addit,

487 3760 591 3796 non
627 3743 802 3796 Otiose
828 3742 1205 3810 intelligimus.
1243 3738 1356 3792 Non
1392 3739 1536 3794 enim
1575 3739 1688 3792 vult
1723 3754 1843 3792 eum
1877 3740 1964 3806 qui
1999 3739 2063 3791 ad

487 3829 874 3898 perfectionem
908 3830 1099 3895 tendit,
1147 3828 1369 3882 verbum
1405 3827 1498 3881 Dei
1527 3843 1715 3882 crasse
1749 3838 1804 3883 et
1835 3829 2066 3881 carnali-

486 3933 568 3974 ter
591 3921 1034 3992 iutelligere,'sed
1057 3921 1325 3975 minutum
1353 3921 1404 3974 in
1437 3921 1520 3975 bis
1542 3933 1757 3974 sensum
1781 3920 2064 3975 subtilem-

484 4027 589 4079 que
631 4013 965 4081 perquirere,
1001 4011 1128 4066 utsi
1156 4010 1295 4065 forte
1321 4011 1506 4064 audiat
1533 4009 1794 4077 scriptum
1826 4023 1947 4064 esse
1972 4008 2012 4039 ³³
2047 4027 2059 4061 :

489 4119 506 4151 ι
545 4100 658 4154 Non
691 4101 973 4155 obturabis
1020 4115 1083 4155 os
1133 4100 1254 4154 bovi
1293 4100 1592 4162 trituranti,
1624 4117 1643 4150 ι
1681 4098 1769 4153 ille
1811 4098 1924 4152 haec
1956 4115 2061 4151 non

485 4193 549 4244 de
587 4192 758 4244 bobus
795 4191 1081 4261 intelligat,
1116 4206 1290 4259 neque
1318 4191 1461 4243 enim
1511 4191 1575 4242 de
1609 4188 1780 4243 bobus
1825 4204 1950 4242 cura
1980 4200 2064 4243 est

485 4283 616 4346 Deo,
643 4281 735 4335 sed
775 4283 842 4335 de
870 4283 1130 4351 apostolis
1163 4283 1286 4336 dici.
1319 4279 1425 4334 Sed
1450 4290 1504 4333 et
1534 4281 1577 4333 si
1620 4283 1740 4347 quis
1790 4283 1857 4334 de
1880 4283 2062 4350 provi-

481 4371 664 4427 dentia
698 4374 788 4426 Dei
827 4374 1115 4436 rationem,
1142 4389 1260 4441 qua:
1303 4382 1384 4425 est
1419 4370 1775 4424 minutissima
1812 4380 1864 4424 et
1889 4372 2061 4425 subti-

2182 559 2372 597 manus
2404 559 2553 608 suas,
2589 552 2643 595 et
2694 545 2971 613 suscipere
3009 547 3118 600 vult
3169 549 3237 600 ah
3290 563 3618 616 unoquoque
3661 567 3758 603 no-

2180 644 2348 688 strum
2403 637 2680 689 incensum
2729 638 3140 704 compositionis
3197 637 3485 700 minutum,
3543 654 3765 694 necesse

2179 736 2263 779 est
2312 741 2409 780 nos
2455 742 2701 795 quarrch
2753 728 2959 796 species
3012 728 3241 780 incensi.
3296 727 3558 782 Libanum
3607 731 3764 784 nobis

2179 820 2528 884 qumrenduni
2560 827 2661 882 est,
2692 827 2748 871 et
2795 835 2898 871 non
2941 817 3319 886 qualecunque
3369 817 3632 881 libanum,
3667 823 3760 875 sed

2179 908 2499 962 dilucidum.
2528 907 2642 961 Non
2673 908 2784 961 vult
2814 923 2841 959 a
2877 917 2928 961 te
2971 908 3249 976 suscipere
3291 908 3532 975 pontifex
3559 909 3760 964 obscu-
3804 936 3806 939 -

2183 1015 2299 1051 runt
2329 999 2552 1066 aliquid,
2587 1007 2677 1051 aut
2708 998 3008 1061 sordidum,
3048 998 3344 1051 dilucidum
3394 1001 3608 1067 qurerit.
3657 999 3761 1054 Sed

2179 1102 2233 1143 et
2265 1091 2554 1160 galbanum
2587 1106 2614 1143 a
2651 1101 2702 1144 te
2731 1091 2924 1159 ροερίι,
2970 1091 3126 1160 cujus
3166 1101 3362 1144 natura
3397 1102 3479 1145 est
3515 1102 3572 1143 ιιι
3600 1093 3760 1146 vehe-

2180 1181 2380 1234 mentia
2418 1181 2602 1235 odoris
2649 1182 2730 1234 sui
2784 1191 3068 1250 serpentes
3119 1183 3310 1235 noxios
3350 1183 3514 1252 fuget.
3558 1182 3757 1249 Quaerit

2181 1281 2362 1323 autem
2393 1286 2420 1322 a
2466 1282 2516 1324 te
2541 1281 2594 1326 et
2626 1281 2856 1334 stacten,
2887 1272 3062 1326 colata
3109 1275 3251 1326 enim
3279 1283 3330 1325 ct
3361 1274 3613 1326 defaecata
3650 1275 3761 1326 vult

2178 1374 2317 1426 esse,
2350 1362 2431 1415 vel
2465 1364 2626 1416 verba
2671 1372 2876 1428 nostra,
2922 1362 3006 1418 vel
3058 1379 3244 1431 Opera.
3289 1364 3491 1429 Quazrit
3523 1374 3578 1417 et
3620 1379 3759 1434 Ony-

2179 1451 2359 1516 cltetn,
2391 1469 2499 1520 quo
2536 1454 2683 1508 velut
2712 1465 2869 1509 scuto
2903 1456 3137 1525 quodam
3181 1456 3466 1525 obtegatur
3498 1457 3677 1509 anima
3709 1466 3764 1510 et

2181 1544 2339 1598 illa-sa
2370 1557 2687 1614 permaneat
2715 1547 2850 1617 (70).
2887 1548 2960 1600 lla
3001 1559 3055 1602 et
3091 1557 3142 1602 te
3171 1548 3282 1600 vult
3310 1558 3463 1601 scuto
3491 1549 3610 1601 fidei
3644 1564 3763 1602 esse

2178 1645 2507 1703 protectum,
2540 1653 2646 1704 quo
2677 1638 2856 1691 omnia
2888 1638 3069 1707 jacula
3105 1639 3321 1706 maligni
3364 1639 3528 1708 ignita
3565 1639 3762 1692 restiu-

2179 1743 2332 1797 gnas.
2365 1728 2489 1782 llaec
2515 1739 2694 1782 tamen
2738 1732 2918 1782 omnia
2955 1731 3067 1783 vult
3100 1747 3127 1782 a
3167 1741 3216 1784 te
3241 1747 3362 1784 esse
3413 1731 3709 1798 composita
3744 1746 3757 1782 :

2183 1819 2254 1872 nil
2292 1819 2676 1883 inordinatum,
2726 1821 2859 1872 nihil
2909 1821 3208 1889 inquietum
3237 1861 3250 1884 ,
3306 1820 3438 1875 nihil
3484 1821 3762 1882 indecens,

2180 1912 2274 1962 sed
2306 1909 2407 1964 hoc
2434 1911 2564 1974 vult,
2593 1920 2648 1964 ut
2677 1912 2860 1966 omnia
2905 1920 3086 1964 nostra
3130 1912 3429 1981 composite
3453 1920 3506 1965 et
3535 1912 3764 1965 honeste

2181 2002 2329 2055 fiant.
2362 2001 2482 2056 Stat
2515 2019 2645 2074 ergo
2698 2003 2860 2057 etiam
2917 2019 3059 2058 nunc
3107 2018 3268 2058 verus
3306 2003 3545 2073 pomifex
3577 2015 3761 2058 noster

2177 2094 2449 2160 Christus,
2479 2103 2534 2149 et
2583 2095 2774 2164 repleri
2819 2096 2934 2150 vult
2972 2112 3164 2150 maous
3203 2113 3331 2152 suas
3364 2098 3583 2152 incenso
3615 2111 3754 2150 com-

2178 2186 2352 2253 posito
2383 2186 2627 2250 minuto;
2663 2195 2716 2240 et
2761 2189 2829 2240 ab
2872 2203 3194 2257 unaquaque
3231 2187 3467 2242 Ecclesia
3505 2203 3624 2255 quae
3658 2185 3760 2239 sub

2175 2277 2312 2330 ccelo
2370 2287 2488 2341 est,
2544 2279 2852 2332 considerat
2904 2281 3032 2346 quid
3072 2277 3344 2340 offeratur,
3405 2294 3566 2348 quam
3623 2279 3760 2330 inte-

2178 2382 2272 2437 gre
2307 2368 2584 2421 incensum
2633 2384 2788 2422 suum
2839 2369 3228 2437 diligenterque
3257 2378 3561 2438 componat,
3591 2385 3755 2438 quam

2176 2461 2444 2514 minutum
2499 2461 2548 2513 id
2586 2459 2774 2524 faciat,
2829 2461 2879 2516 id
2926 2471 3031 2526 est,
3076 2463 3350 2530 quomodo
3385 2465 3758 2531 unusquisque

2175 2560 2417 2606 nostrum
2453 2565 2618 2621 opera
2655 2568 2750 2606 sua
2782 2552 3018 2616 ordinet,
3054 2563 3109 2607 et
3146 2556 3417 2621 quomodo
3448 2569 3665 2607 sensum
3695 2571 3758 2608 ac

2171 2641 2342 2695 verba
2375 2640 2782 2710 Scripturarum
2816 2643 3046 2712 spiritali
3075 2643 3456 2713 explanatione
3480 2644 3753 2698 discutiat.

2173 2729 2282 2785 Nec
2297 2731 2609 2801 angelorum
2637 2732 2939 2786 ministeria
2962 2735 3027 2786 ad
3055 2733 3424 2803 hujuscemodi
3449 2734 3621 2788 oflieia
3642 2735 3754 2804 (7|)

2171 2821 2386 2876 desunt.
2432 2822 2616 2892 Angeli
2660 2823 2804 2877 enim
2859 2823 2950 2878 Dei
3003 2826 3299 2880 ascendunt
3335 2836 3391 2880 ct
3422 2827 3756 2880 descendunt

2173 2914 2237 2966 ad
2277 2913 2470 2966 Filium
2524 2915 2784 2976 hominis.
2830 2917 3172 2982 perquirunt,
3224 2928 3278 2972 et
3329 2921 3544 2972 curiose
3588 2927 3757 2988 agunt

2168 3005 2305 3072 quid.
2351 3005 2402 3057 in
2449 3014 2678 3074 utroque
2723 3021 2966 3062 nostrum
3006 3005 3313 3073 inveniant,
3345 3012 3487 3078 quod
3527 3009 3756 3066 oflerant

2093 3123 2136 3182 ε
2173 3097 2300 3151 Deo.
2336 3098 2527 3152 Vident
2552 3110 2606 3153 et
2630 3112 3038 3168 perscrutantur
3062 3103 3486 3172 uniuscujusque
3510 3114 3753 3157 nostrum

2174 3198 2435 3254 mentem,
2467 3188 2511 3242 si
2543 3189 2741 3245 habeat
2771 3193 2974 3262 aliquid
3006 3193 3132 3258 tale,
3164 3195 3208 3248 si
3242 3206 3348 3246 tam
3379 3205 3625 3248 sanctum
3654 3195 3752 3246 ali-

2170 3280 2299 3348 quid
2339 3281 2564 3350 cogitet,
2606 3284 2747 3351 quod
2782 3285 2890 3338 D.o
2916 3294 3188 3338 mereatur
3220 3284 3422 3338 oﬂt-rt-i.
3455 3284 3751 3348 Intueutur,

2169 3382 2224 3426 ct
2253 3374 2599 3427 considerant
2637 3374 2679 3427 si
2711 3375 2833 3443 quis
2867 3389 3108 3428 n05trum
3139 3391 3206 3429 ex
3235 3377 3317 3429 his
3345 3393 3471 3444 qttte
3498 3377 3754 3430 dicuntur

2171 3461 2222 3514 in
2274 3461 2506 3516 ecclesia
2538 3464 2703 3518 corde
2735 3466 3132 3534 contpungitttr,
3163 3475 3214 3517 et
3253 3467 3490 3518 animum
3527 3481 3752 3518 conver-

2171 3554 2234 3607 tit
2263 3555 2328 3607 ad
2369 3556 2766 3624 ptenitentiatn,
2808 3555 2850 3609 si
2892 3556 2976 3609 his
3005 3558 3203 3610 auditis
3246 3558 3517 3624 corrigere
3551 3556 3751 3624 cogitat

2170 3645 2284 3698 vias
2314 3660 2460 3710 suas,
2487 3655 2544 3698 et
2568 3645 2814 3700 oblivisci
2848 3648 3141 3714 prmtcrita,
3161 3661 3224 3700 ac
3265 3660 3571 3715 praeparare
3598 3660 3654 3698 se
3685 3646 3748 3698 ad

2170 3732 2369 3798 futura,
2401 3735 2588 3789 saltem
2620 3738 2914 3789 secundum
2945 3736 3127 3788 Achab
3163 3736 3315 3788 illttttt
3345 3735 3747 3804 impiissimum,

2169 3825 2235 3879 de
2270 3840 2375 3894 quo
2424 3827 2551 3882 dicit
2600 3826 2861 3881 Dominus
2889 3827 2936 3857 "
2971 3843 2986 3880 :
3031 3843 3051 3878 ι
3085 3826 3273 3881 Vidisti
3311 3827 3577 3897 quomodo
3607 3842 3753 3880 com-

2170 3927 2427 3984 punctum
2455 3927 2537 3972 est
2566 3933 2660 3973 cor
2690 3919 2912 3972 Achab?
2953 3937 2971 3970 ι
3008 3917 3112 3973 Sed
3145 3920 3194 3972 in
3231 3921 3313 3973 his
3337 3918 3590 3973 omnibus
3617 3920 3748 3990 quid

2169 4010 2234 4062 de
2274 4011 2377 4064 illis
2411 4012 2608 4074 dicam,
2640 4012 2730 4078 qui
2783 4026 2883 4065 nec
2934 4013 3162 4066 audiunt
3215 4013 3436 4066 auribus
3486 4013 3617 4077 lucc,
3651 4027 3750 4066 nec

2168 4102 2332 4156 corde
2373 4103 2678 4172 recipiunt?
2717 4105 2844 4169 Quae
2888 4109 2937 4159 iu
2978 4107 3084 4160 illis
3123 4106 3554 4174 compunctionis
3590 4105 3751 4174 spes?

2168 4208 2286 4262 qua:
2332 4197 2706 4251 conversionis
2747 4198 3024 4266 suspicio;
3063 4213 3182 4267 quae
3233 4197 3629 4252 emendationis
3662 4211 3751 4248 ex-

2169 4287 2437 4352 spectatio
2464 4287 2620 4357 (72)?
2673 4289 2729 4342 Si
2771 4290 2915 4342 enim
2963 4300 3125 4341 etiam
3179 4291 3242 4344 tle
3277 4289 3361 4342 his
3394 4289 3484 4357 qui
3523 4287 3750 4339 audiunt

2169 4377 2499 4442 dubitamus,
2530 4380 2660 4448 quid
2697 4395 2984 4448 speramus
3030 4383 3096 4434 de
3149 4381 3232 4434 Itis
3259 4380 3347 4448 qui
3388 4381 3608 4434 omnino
3641 4395 3744 4430 non

482 4461 711 4526 “555103.
745 4465 913 4530 P055“
940 4479 1231 4531 CXPOIICI‘B.
1271 4464 1369 4516 iSlC
1419 4463 1624 4515 ιηίιὶυῑο
1671 4463 1894 4516 iIICCIISO
1943 4478 2058 4515 ma-
2093 4469 2138 4525 D
2169 4470 2428 4523 audiunt?
2459 4472 2561 4526 Sed
2594 4483 2811 4527 utantur
2839 4475 3019 4527 verbis
3051 4473 3260 4525 Domini
3293 4473 3358 4537 ⁸³,
3387 4481 3440 4527 et
3462 4472 3702 4524 dicamus
3729 4486 3741 4521 :

485 4568 613 4605 ιιιιιιι
648 4567 801 4604 suam
856 4553 1061 4620 replere
1111 4554 1332 4606 dicitur.
1364 4552 1495 4618 Quis
1538 4569 1666 4622 ergo
1708 4562 1949 4606 nostrum
1986 4554 2058 4606 ita

483 4649 763 4712 promptus
794 4655 875 4697 est
900 4657 954 4698 et
983 4655 1226 4711 paratus,
1257 4654 1315 4697 ιιι
1343 4646 1651 4712 ingressuro
1679 4645 1915 4715 pontifici
1946 4645 2058 4715 (59)

483 4736 535 4788 in
564 4735 759 4788 Sancta
805 4747 1133 4800 sanctorum,
1161 4738 1437 4790 incensum
1489 4738 1897 4806 compositionis
1922 4737 2056 4790 offe-

485 4837 567 4878 rat
599 4826 900 4879 minutum?
935 4826 1167 4881 Necesse
1190 4837 1270 4881 est
1293 4828 1437 4881 enim
1468 4843 1564 4881 nos
1593 4828 1833 4897 singulos
1857 4827 2058 4895 aliquid

480 4915 679 4970 ochrre
717 4919 1063 4973 tabernaculo
1095 4919 1208 4982 Dei,
1239 4919 1440 4988 aliquid
1465 4920 1624 4972 etiam
1655 4919 2055 4988 pontificalibus

483 5009 829 5072 indumentis,
866 5010 1067 5079 aliquid
1100 5027 1226 5064 vero
1253 5011 1394 5079 quod
1433 5024 1529 5079 per
1560 5007 1832 5078 pontificis
1867 5025 2055 5062 manus

479 5101 544 5152 ad
593 5099 766 5168 ipsum
819 5101 984 5155 Deum
1029 5117 1122 5171 per
1169 5102 1391 5157 odorem
1435 5101 1721 5156 suavitatis
1770 5103 2053 5155 ascendat.

548 5284 593 5314 "
620 5283 634 5337 Ι
659 5283 780 5338 Cor.
807 5301 858 5341 v.
878 5283 930 5346 fi,
954 5285 1006 5338 7.

480 5369 592 5418 XVI,
645 5356 730 5409 12.
809 5358 852 5386 ³⁰
883 5359 1020 5409 l’sal.
1052 5373 1175 5418 CXL,
1207 5356 1261 5412 2.

1083 5285 1126 5315 ⁷⁸
1159 5284 1325 5339 Lt-vit.
1365 5301 1473 5350 xvi,
1501 5283 1582 5337 12.

1337 5357 1378 5387 ⁸⁸
1418 5357 1582 5409 lCor.
1621 5370 1696 5422 ix,
1725 5355 1778 5408 9.

551 5473 662 5611 (67;
693 5473 868 5527 Codex
905 5475 1215 5546 Sangcrtn.,
1253 5494 1270 5525 ι
1311 5474 1686 5544 pttrgahitnttr.
1727 5491 1744 5523 ι

554 5544 640 5610 (68
695 5542 848 5596 Libb.
912 5549 1062 5610 editi,
1104 5563 1122 5594 ι
1172 5556 1228 5596 ιιι
1291 5563 1356 5599 eo
1408 5545 1651 5611 placetur
1699 5543 1744 5596 Di

554 5542 662 5611 (68)
695 5542 848 5596 Libb.
912 5542 1062 5610 editi,
1104 5563 1122 5594 ι
1172 5556 1228 5596 ιιι
1291 5542 1356 5599 eo
1408 5545 1651 5612 placetur
1699 5543 1857 5597 Deus.
1894 5561 1911 5594 ι
1943 5543 2048 5598 Sed

485 5627 614 5662 mss.
646 5621 695 5661 ut
736 5614 787 5664 in
816 5625 1000 5668 nostro
1034 5626 1203 5668 textu.

553 5680 662 5747 (69)
687 5682 867 5754 Δ(ξοιιιξιι
921 5687 1232 5754 Satigcrttt.,
1279 5703 1297 5736 ι
1332 5683 1592 5754 pontifici.
1626 5701 1646 5736 ο
1685 5683 1843 5738 Libb.
1889 5683 2050 5749 editi,

487 5765 507 5800 ι
549 5751 825 5817 pontifice.
867 5771 884 5802 ι

1978 5867 2082 5878 ,μμ-..-Δ

1660 5285 1705 5316 ⁷⁵
1743 5283 1871 5336 Dan.
1901 5301 1993 5348 ιιι,
2029 5287 2110 5342 l0.

2170 4561 2271 4626 Qui
2308 4562 2505 4615 habent
2547 4579 2705 4618 aures
2751 4565 3001 4618 audiendi
3043 4565 3282 4629 audiant,
3320 4573 3372 4616 et
3403 4564 3491 4632 qui
3525 4563 3747 4613 audiunt

2169 4653 2344 4704 sciant
2376 4654 2631 4720 scriptum
2664 4671 2808 4720 esse,
2839 4659 2960 4725 quia
2996 4671 3116 4710 cum
3149 4671 3442 4710 conversus
3475 4654 3746 4720 ingemue-

2170 4744 2267 4806 I'iS,
2300 4752 2424 4798 tunc
2445 4747 2624 4801 salvus
2659 4749 2788 4810 eris.
2816 4759 2869 4803 et
2900 4751 3038 4805 scies
3069 4750 3156 4804 ubi
3186 4747 3373 4803 fueris.
3407 4745 3491 4810 Et,
3524 4745 3567 4798 si
3593 4745 3746 4795 dixe-

2169 4836 2245 4888 ris
2278 4845 2330 4888 ttt
2362 4849 2582 4905 peccata
2619 4851 2707 4892 tua
2741 4842 2910 4909 prior,
2943 4858 3043 4912 ego
3079 4841 3364 4896 exaudiam
3405 4848 3454 4892 te
3490 4847 3613 4903 tanq
3636 4847 3743 4886 tam

2166 4927 2420 4994 populum
2459 4939 2727 4985 sanctum.
2756 4933 2966 4987 Audisti
2998 4931 3266 5002 quomodo
3295 4930 3457 4984 etiam
3488 4929 3530 4981 si
3556 4941 3748 4996 pecca-

2166 5025 2247 5068 tor
2290 5015 2456 5080 fuisti,
2503 5026 2708 5073 tantum
2759 5021 2804 5074 si
2849 5036 3140 5077 conversus
3183 5035 3262 5081 es,
3318 5028 3370 5072 et
3417 5016 3671 5070 destitisti
3717 5031 3745 5068 ιι

2165 5117 2406 5174 peccato,
2435 5107 2546 5176 jam
2579 5122 2798 5168 sanctus
2843 5112 3167 5184 appellaris?
3198 5089 3339 5165 Nihil
3389 5124 3520 5178 ergo
3552 5109 3714 5173 despe

3146 5293 3191 5324 "
3223 5292 3324 5346 Isa.
3354 5306 3426 5344 vi.
3490 5292 3533 5322 "
3566 5287 3739 5343 Levit.

2187 5290 2231 5319 ⁷⁶
2253 5289 2354 5342 lsa.
2381 5292 2620 5349 LXVI,2‘.
2699 5293 2742 5324 "
2769 5293 2868 5347 lsa.
2906 5310 2958 5360 t.,
2985 5294 3070 5350 ll.

1854 5355 1980 5410 "Ill
2011 5360 2140 5427 lteg.
2175 5363 2377 5425 xxt,99
2401 5403 2418 5423 .
2475 5363 2522 5393 ⁸³
2561 5363 2748 5417 Matth.
2791 5379 2863 5417 ιι.

2233 5479 2345 5548 (70)
2382 5477 2538 5544 Mss.,
2581 5497 2601 5531 ι
2647 5481 2917 5551 obtegitur
2955 5478 3153 5534 animal
3208 5494 3364 5533 suum
3409 5488 3464 5532 et
3511 5475 3738 5530 illzesunt

2162 5559 2462 5616 permanet.
2500 5569 2519 5601 ι

2375 5617 2522 5692 Mss,
2566 5638 2585 5670 ι
2623 5619 2690 5672 ab
2720 5618 3086 5688 hujuscemodi
3111 5617 3320 5674 ciliciis.
3361 5634 3383 5669 ι

2235 5687 2346 5758 (72)
2381 5687 2530 5757 Mss.,
2567 5708 2584 5741 t
2629 5692 2733 5744 via.
2773 5708 2791 5741 ι
