4124 6438
389 449 486 507 594

1554 447 1619 501 IN
1659 444 2034 502 LEVlTlCUM
2073 444 2358 501 "OMILIA
2397 443 2486 500 IX.

3550 450 3657 524 5-23

390 569 616 626 randum
645 575 731 622 est
767 569 851 623 his
895 569 986 638 qui
1023 575 1458 636 compnnguntur
1488 576 1543 622 et
1583 577 1974 622 convertamur
2004 575 2050 629 Α
2076 565 2248 621 obtuli
2292 565 2359 619 ad
2389 565 2568 619 altare
2591 564 2708 622 Dei.
2741 563 2796 620 Si
2844 565 3064 634 diligam
3096 566 3296 624 fratres
3354 585 3549 637 meos',
3583 574 3655 642 ita

389 660 454 714 ad
483 660 786 714 Dominum.
826 658 940 714 Non
968 662 1110 714 enim
1142 669 1360 730 superat
1397 660 1696 716 bonitatem
1728 660 1822 714 Dei
1859 676 1971 714 uta-

388 751 502 807 litia
544 751 897 806 delictorum.

457 843 512 897 9.
534 842 857 912 Sumitergo
871 842 1111 912 pontifex
1137 841 1377 897 batillum
1404 843 1620 912 plenum
1645 844 1974 903 carbonibus

389 932 532 1003 ignis
563 933 629 986 de
657 933 837 999 altari,
866 935 1008 1003 quod
1035 945 1118 989 est
1147 945 1334 995 contra
1363 935 1672 1000 Dominum,
1702 945 1756 990 et
1788 936 1973 1005 implet

389 1039 607 1079 manum
641 1039 794 1080 suam
828 1027 893 1080 de
929 1026 1153 1081 incenso
1202 1027 1610 1094 compositionis
1659 1027 1890 1092 minuto,
1920 1036 1977 1084 et

389 1116 552 1172 infert
604 1115 656 1177 in
709 1115 966 1171 interiora
1013 1117 1324 1172 velaminis.
1379 1118 1747 1190 [intelligamus
1798 1120 1974 1188 primo

387 1207 516 1277 quid
545 1207 788 1278 designet
813 1204 1062 1274 historia,
1093 1218 1150 1264 et
1176 1219 1304 1264 tunc
1325 1210 1452 1280 quid
1485 1225 1680 1270 sensus
1714 1212 1978 1281 spiritalis

387 1297 585 1354 habeat
644 1299 1001 1368 requiremus.
1059 1301 1260 1370 Duplex
1307 1304 1450 1358 aedes
1496 1312 1578 1360 est
1639 1305 1976 1360 tabernaculi

390 1387 686 1444 testimonii
734 1389 818 1443 vel
872 1389 1054 1458 templi
1106 1390 1338 1446 Domini.
1393 1390 1572 1446 Prima
1621 1402 1722 1456 est,
1768 1392 1824 1447 in
1866 1407 1973 1464 qua

387 1481 561 1544 altare
597 1482 972 1538 holocaustum
998 1491 1082 1536 est
1108 1481 1245 1552 (7'5),
1272 1484 1414 1551 quod
1440 1485 1718 1555 perpetuis
1756 1483 1977 1555 ignibus

386 1575 680 1638 excitatur,
707 1573 759 1628 in
790 1589 894 1642 qua
922 1575 1038 1632 aede
1064 1575 1195 1630 solis
1235 1573 1360 1630 licet
1390 1575 1646 1629 assistere
1674 1574 1978 1629 sacerdoti-

391 1666 509 1732 bus,
538 1675 593 1720 et
619 1666 1014 1722 sacrificiorum
1046 1667 1185 1724 ritus
1226 1681 1290 1722 ac
1327 1667 1627 1722 ministeria
1675 1666 1974 1735 celebrare,

387 1767 444 1817 et
471 1773 644 1827 neque
683 1757 908 1826 Levitis,
933 1775 1108 1831 neque
1147 1760 1238 1816 alii
1273 1761 1526 1830 cuiquam
1559 1759 1671 1832 (Ἠ)
1711 1770 1974 1832 praeterea

391 1851 700 1920 indulgetur
757 1867 1027 1909 accessus.
1082 1853 1330 1908 Secunda
1386 1868 1516 1909 vero
1563 1853 1707 1908 aedes
1753 1851 1976 1909 interior

2078 667 2134 710 ut
2164 658 2404 711 animam
2445 672 2618 710 meam
2650 671 2846 726 ponam
2875 673 2973 728 pro
2997 658 3262 715 fratribus
3295 663 3450 728 meis,
3484 665 3528 718 si
3558 681 3658 734 pro

2068 747 2314 816 justitia,
2351 762 2449 816 pro
2484 749 2716 803 veritate
2767 762 2937 817 usque
2973 749 3040 803 ad
3091 761 3320 806 mortem
3352 764 3658 838 certavere,

2077 840 2459 896 holocaustum
2508 841 2678 898 obtuli
2707 839 2774 894 ad
2806 839 2976 895 altare
3005 841 3122 896 Dei.
3152 842 3209 903 Si
3246 845 3488 900 membra
3538 863 3656 909 mea

2077 933 2146 988 ab
2197 933 2346 988 omni
2396 932 2848 1000 concupiscentia
2910 935 3096 992 carnis
3146 935 3583 1010 mortificavero,
3614 938 3660 1008 si

2077 1025 2312 1084 mundus
2342 1024 2473 1080 mihi
2505 1025 2806 1085 crucifixus
2856 1024 2947 1090 sit,
2984 1037 3040 1082 et
3091 1042 3193 1100 ego
3245 1029 3469 1095 mundo,
3503 1029 3660 1096 holo-

2077 1125 2323 1171 caustum
2350 1115 2521 1178 obtuli
2544 1116 2610 1170 ad
2635 1115 2808 1178 altare
2836 1119 2951 1189 Dei,
2979 1127 3035 1179 et
3058 1119 3171 1188 ipse
3197 1135 3332 1175 meae
3355 1121 3544 1184 hostiae
3572 1138 3658 1182 sa,

2076 1209 2269 1266 cerdos
2295 1208 2520 1271 eiiicior.
2549 1207 2660 1264 Hoc
2687 1224 2821 1280 ergo
2845 1211 3006 1266 modo
3032 1213 3397 1277 sacerdotium
3426 1215 3660 1284 geritur,

2078 1303 2133 1358 in
2166 1303 2338 1372 prima
2370 1303 2506 1368 aede,
2532 1312 2586 1356 et
2617 1302 2808 1363 hostia:
2836 1302 3162 1368 offeruntur,
3200 1314 3255 1360 et
3281 1321 3346 1362 ex
3397 1306 3500 1368 hac
3544 1308 3664 1373 aede

2077 1394 2441 1450 sanctificatis
2489 1393 2712 1449 indutus
2766 1394 3109 1451 vestimentis
3147 1398 3396 1467 pontifex
3445 1398 3663 1468 profici:

2077 1485 2271 1554 scitur,
2298 1494 2353 1540 et
2387 1485 2699 1557 ingreditur
2734 1485 2788 1540 in
2845 1486 3106 1545 interiora
3140 1489 3427 1550 velamiuis
3456 1530 3474 1562 ρ
3517 1491 3664 1550 sicut

2079 1577 2333 1647 superius
2371 1576 2527 1633 Pauli
2563 1578 2730 1634 verba
2754 1579 3069 1648 posuimus,
3105 1580 3340 1637 dicentis
3371 1577 3452 1636 θοι
3488 1601 3510 1640 1
3546 1579 3661 1653 Non

2079 1669 2134 1724 in
2168 1684 2330 1724 manu
2355 1668 2499 1724 facta
2523 1677 2733 1740 sancta,
2760 1669 2854 1726 sed
2888 1670 2945 1726 in
2974 1671 3152 1741 ipsum
3179 1673 3377 1732 etelum
3407 1684 3661 1745 penetrag

2079 1761 2178 1826 vit,
2211 1761 2406 1830 inquit,
2432 1760 2611 1827 Iesus,
2640 1771 2696 1815 et
2727 1771 2953 1831 apparet
2981 1763 3149 1818 vultui
3187 1764 3278 1825 Dei
3305 1781 3402 1835 pro
3429 1767 3605 1822 nobis.
3635 1786 3657 1834 ρ

2079 1853 2214 1909 ϐωιὶ
2249 1868 2380 1922 ergo
2414 1853 2589 1918 locus,
2619 1861 2673 1909 et
2702 1855 2819 1925 ipsa
2854 1855 2946 1911 Dei
3006 1855 3164 1911 sedes
3188 1896 3206 1924 ,
3261 1872 3356 1926 per
3384 1855 3662 1927 interioris

387 1953 494 2008 est,
528 1943 642 1998 solo
685 1944 753 1998 ab
787 1945 890 1998 hac
920 1945 1154 2000 discreta
1186 1945 1473 2000 velamine.
1517 1945 1666 2000 Intra
1707 1946 1850 2016 quod
1880 1961 1973 2000 ve-
2008 1932 2052 1992 Β
2078 1947 2214 2003 aedis
2241 1947 2470 2016 figuram
2521 1954 2688 2014 atque
2721 1946 3015 2017 imaginem
3049 1947 3389 2018 designatur.
3422 1951 3528 2013 Sed
3562 1951 3664 2008 mis

389 2036 598 2101 lamen,
651 2051 776 2092 arca
827 2038 1141 2093 testamenti
1189 2047 1245 2094 et
1301 2039 1766 2108 propitiatorium,
1811 2053 1974 2107 super

389 2130 532 2199 quod
581 2131 861 2186 cherubim
909 2133 1015 2187 duo
1077 2141 1282 2191 statuta
1344 2141 1502 2200 sunt,
1549 2141 1607 2188 et
1657 2132 1830 2186 altare
1885 2131 1971 2184 iu-

389 2225 535 2280 censi
568 2224 678 2295 (75)
711 2225 1034 2280 collocatum
1071 2235 1174 2280 est.
1214 2224 1273 2280 in
1318 2225 1459 2280 hanc
1502 2226 1667 2280 aedem
1701 2223 1867 2280 semel
1915 2223 1970 2279 in

390 2325 536 2366 anno
567 2316 773 2382 primus
805 2315 1113 2386 quicunque
1149 2327 1267 2371 erat
1307 2317 1572 2387 pontifex,
1598 2317 1794 2372 oblatis
1823 2316 1974 2385 prius

365 2407 582 2462 hostiis
616 2411 1036 2479 propitiationis,
1071 2413 1136 2466 de
1167 2412 1364 2480 quibus
1397 2426 1558 2480 supra
1592 2413 1972 2484 exposuimus,

392 2497 822 2569 ingrediebatur,
852 2503 1055 2560 habens
1101 2511 1387 2574 utramque
1421 2519 1638 2560 manum
1689 2506 1968 2576 repletam,

389 2607 552 2655 unam
589 2594 778 2650 batillo
808 2596 1128 2663 carbonum,
1159 2607 1215 2652 et
1259 2599 1416 2652 aliam
1450 2599 1853 2668 compositionis
1885 2599 1971 2652 in-

390 2697 574 2751 censo,
602 2694 660 2741 ut
688 2701 810 2743 cum
840 2686 1029 2743 fuisset
1051 2691 1343 2760 ingressus,
1363 2690 1544 2744 statim
1579 2690 1858 2760 supposito
1891 2691 1974 2745 in.-

393 2789 555 2832 censo
587 2779 913 2834 carbonibus
934 2778 1113 2836 fumus
1135 2781 1472 2845 ascenderet,
1498 2790 1777 2852 totamque
1797 2783 1974 2838 aedem

393 2869 655 2937 repleret,
707 2880 765 2925 ut
814 2881 1097 2942 aspectum
1148 2881 1496 2936 sanctorum,
1538 2885 1695 2940 quem
1761 2872 1975 2942 ingres-

391 2976 486 3015 sus
519 2964 788 3032 pontificis
825 2963 1183 3028 revelaverat,
1215 2965 1390 3019 nubes
1417 2963 1624 3017 velaret
1655 2963 1881 3018 incensi.
1912 2959 1976 3019 Si

395 3053 486 3108 tibi
540 3057 932 3110 sacrificiorum
982 3070 1101 3110 mos
1150 3055 1324 3124 patuit
1366 3058 1644 3123 antiquus,
1681 3053 1809 3122 quid
1860 3054 1977 3110 luce

392 3148 555 3200 etiam
607 3148 902 3201 secundum
972 3147 1237 3201 rationem
1297 3145 1586 3215 mysticam
1638 3145 1976 3213 contineant,

393 3238 557 3310 2&3
583 3241 890 3293 videmnus.
926 3241 1073 3294 Duas
1111 3238 1318 3292 audisti
1361 3240 1545 3292 aedes:
1597 3253 1763 3293 unam
1817 3237 1974 3306 quasi

395 3332 670 3384 visibilem
697 3339 751 3383 et
788 3339 1063 3400 patentem
1095 3331 1502 3394 sacerdotibus,
1530 3330 1692 3385 aliam
1723 3343 1851 3384 vero
1888 3331 1973 3396 in:-

395 3421 668 3476 visibilem
693 3461 708 3486 ,
745 3432 800 3477 et
832 3423 1166 3477 inaccessam
1191 3459 1206 3487 ,
1261 3432 1493 3491 excepto
1531 3421 1650 3476 solo
1693 3421 1974 3491 pontifice,

393 3515 574 3568 caeteri
608 3513 740 3570 foris
771 3523 916 3569 sunt.
947 3513 1132 3573 Prima
1164 3512 1309 3576 aries
1338 3514 1440 3568 ista
1470 3523 1604 3584 puto
1635 3514 1783 3585 quod
1821 3513 1977 3574 intel-

393 3604 486 3675 ligi
515 3606 690 3676 possit
719 3607 834 3660 hac
868 3607 924 3660 in
959 3620 1067 3676 qua
1110 3621 1253 3660 nunc
1283 3621 1470 3661 sumus
1505 3605 1558 3659 in
1595 3621 1767 3660 carne
1814 3603 1975 3672 positi

392 3693 635 3754 Ecclesia
661 3737 675 3763 ,
714 3698 766 3751 in
800 3712 906 3766 qua
953 3698 1272 3752 sacerdotes
1332 3696 1652 3752 ministrant
1704 3695 1770 3750 ad
1806 3695 1978 3751 altare

393 3787 860 3853 holocaustorum,
891 3801 1160 3843 succenso
1193 3786 1282 3842 illo
1312 3787 1462 3857 igne,
1494 3786 1561 3840 de
1596 3800 1701 3868 quo
1729 3784 1871 3841 dixit
1888 3784 1979 3845 Je-

395 3897 488 3935 sus
515 3880 562 3913 ⁸³⁵
589 3899 602 3936 :
651 3900 668 3932 ‹
701 3879 892 3952 ignem
925 3881 1046 3934 veni
1093 3881 1314 3936 mittere
1365 3881 1417 3934 in
1450 3889 1653 3936 terram
1681 3919 1696 3946 ,
1727 3890 1783 3935 et
1813 3894 1976 3951 quam

397 3973 520 4027 volo
569 3981 630 4027 ut
661 3973 1008 4027 accendatur.
1045 3990 1066 4027 ι
1115 3972 1185 4030 Et
1221 3972 1345 4027 nolo
1397 3974 1613 4027 mireris
1666 3973 1810 4043 quod
1864 3975 1979 4033 hac

347 4070 353 4076 '
403 4064 548 4118 mdes
598 4063 732 4118 solis
773 4062 1153 4124 sacerdotibus
1186 4071 1396 4132 pateat.
1423 4062 1630 4123 Omnes
1657 4063 1803 4119 enim
1860 4064 1980 4132 qui-

397 4167 610 4224 Cttnque
639 4166 915 4224 unguen-to
939 4153 1080 4209 sacri
1105 4154 1425 4213 chrismatis
1451 4154 1674 4211 delibuti
1708 4163 1856 4218 sunt,
1890 4169 1980 4208 sa-

395 4248 652 4304 cerdotes
682 4245 859 4311 effecti
903 4256 1070 4312 sunt,
1100 4246 1242 4299 sient
1295 4254 1353 4301 et
1397 4235 1607 4300 Petrus.
1641 4245 1709 4301 ad
1760 4259 1977 4300 omnem

395 4339 526 4396 dicit
567 4336 868 4394 Ecclesiam
897 4339 947 4380 ⁸⁸
975 4354 990 4392 :
1025 4354 1049 4388 ι
1087 4335 1195 4396 Yos
1226 4347 1409 4394 autem
1443 4351 1614 4408 genus
1635 4336 1894 4401 electum,
1923 4345 1980 4390 et

398 4433 584 4502 regale
607 4431 994 4501 sacerdotium,
1023 4447 1157 4502 gens
1182 4439 1396 4487 sancta.
1427 4449 1446 4482 ι
1482 4429 1625 4485 Estis
1655 4444 1788 4498 ergo
1809 4443 1980 4499 genus

395 4523 780 4589 sacerdotale,
837 4533 897 4583 et
928 4525 1048 4580 ideo
1107 4523 1370 4579 acceditis
1422 4523 1488 4577 ad
1528 4531 1740 4580 sancta.
1778 4521 1885 4576 Sed
1923 4529 1979 4575 et

2003 3288 2050 3355 ϐ

2080 2056 2201 2096 rum
2231 2049 2491 2095 contnere
2520 2039 2766 2094 ordinem
2814 2051 3308 2098 sacramentorum.
3349 2041 3663 2113 Ingrediens

2080 2136 2323 2204 pontifex
2386 2134 2439 2188 in
2492 2132 2693 2191 Sancta
2739 2141 3075 2200 sanctorum,
3121 2135 3301 2203 ignem
3363 2151 3551 2191 secum
3595 2139 3663 2192 de

2078 2227 2182 2281 hoc
2234 2225 2391 2280 altari
2425 2233 2627 2294 portat,
2681 2233 2737 2281 et
2785 2225 3065 2286 incensum
3120 2227 3173 2281 in
3224 2228 3325 2282 hac
3365 2227 3482 2283 ade
3529 2244 3662 2291 sus,

2079 2320 2230 2390 cipit.
2271 2317 2378 2374 Sed
2407 2328 2460 2374 et
2502 2318 2824 2373 vestimenta
2864 2318 3059 2388 quibus
3090 2318 3308 2374 indutus
3333 2329 3438 2384 est,
3471 2321 3536 2378 de
3561 2321 3664 2382 hoc

2081 2410 2200 2467 loco
2249 2411 2500 2481 sumpsit.
2554 2408 2793 2464 Putasne
2832 2409 3144 2480 dignabitur
3186 2409 3449 2477 Dominus
3507 2427 3665 2475 meus

2079 2518 2242 2559 verus
2275 2502 2524 2573 pontifex
2558 2513 2611 2559 et
2649 2518 2680 2557 a
2722 2517 2808 2557 me
2840 2501 3119 2571 suscipere
3158 2511 3368 2571 partem
3423 2502 3662 2574 aliquam

2083 2595 2295 2651 incensi
2343 2595 2760 2664 compositionis
2794 2593 2990 2650 minuti
3041 2594 3185 2665 quod
3218 2609 3402 2649 secum
3455 2589 3667 2651 deferat

2080 2687 2148 2743 ad
2175 2685 2425 2751 Patrem?
2455 2686 2695 2753 Putasne
2721 2686 2965 2742 inveniet
2993 2687 3048 2743 in
3075 2701 3161 2741 me
3186 2685 3390 2756 aliquid
3420 2685 3664 2758 igniculi,

2078 2786 2136 2832 et
2169 2775 2550 2833 holocaustum
2605 2790 2787 2834 meum
2822 2776 3046 2840 ardens,
3084 2783 3144 2830 ιιι
3195 2774 3452 2846 dignetur
3497 2789 3564 2830 ex
3600 2790 3667 2833 co

2079 2867 2329 2924 batillum
2361 2883 2522 2923 suum
2557 2867 2785 2939 implere
2823 2867 3178 2929 carbonibus,
3212 2875 3266 2922 et
3298 2867 3350 2921 in
3385 2867 3516 2936 ipsis
3554 2867 3667 2923 Deo

2081 2959 2231 3016 Patri
2265 2959 2491 3015 odorem
2523 2959 2813 3020 suavitatis
2844 2960 3080 3015 offerre?
3128 2959 3331 3014 Beatus
3382 2971 3468 3016 est
3514 2961 3668 3032 cujus

2082 3061 2192 3118 tam
2244 3054 2421 3124 vivos,
2452 3061 2670 3122 tamque
2710 3054 2913 3122 ignitos
2936 3053 3235 3111 bolocausti
3272 3054 3353 3108 sui
3397 3054 3666 3120 carbones

2082 3144 2374 3211 invenerit,
2404 3153 2468 3199 ut
2497 3158 2591 3202 eos
2621 3153 2775 3211 aptos
2795 3144 3006 3214 judicet
3033 3159 3171 3214 quos
3203 3144 3363 3198 altari
3403 3159 3669 3214 superpo-

2082 3244 2176 3292 nat
2192 3236 2422 3292 incensi.
2447 3235 2644 3295 Beatus
2661 3235 2714 3290 in
2737 3234 2897 3304 cujus
2922 3236 3088 3290 corde
3113 3235 3381 3290 invenerit
3407 3246 3515 3293 tam
3533 3237 3666 3291 ευιιψ

2080 3328 2252 3396 tilem,
2291 3338 2399 3385 tam
2437 3329 2710 3382 minutum
2742 3339 2963 3399 tamque
2988 3328 3288 3400 spiritalem
3328 3345 3572 3397 sensum,
3611 3341 3665 3390 et

2076 3422 2152 3482 ita
2176 3423 2393 3477 diversa
2414 3421 2676 3480 virtutum
2698 3422 2966 3481 suavitate
2983 3421 3369 3490 compositum,
3403 3431 3464 3475 ut
3488 3421 3668 3491 reple.-

2079 3531 2140 3570 re
2169 3515 2424 3586 dignetur
2450 3528 2518 3568 ex
2534 3528 2600 3570 eo
2630 3529 2824 3568 manus
2851 3512 3233 3583 suas,Deoque
3261 3509 3412 3570 Patri
3441 3525 3666 3578 suavem

2074 3609 2307 3666 odorem
2340 3605 2717 3675 intelligentia:
2749 3607 2867 3677 ejus
2898 3605 3120 3661 oﬂerre.
3154 3605 3225 3658 At
3255 3614 3446 3660 contra
3480 3603 3669 3671 infelix

2083 3696 2454 3770 anima,cujus
2487 3697 2610 3753 fidei
2644 3699 2787 3768 ignis
2819 3695 3220 3768 exstinguitur,
3271 3708 3326 3751 et
3361 3696 3669 3766 refrigescit

2081 3787 2370 3842 charitatis
2400 3788 2593 3844 calor:
2652 3789 2719 3842 ad
2750 3803 2914 3857 quam
2972 3804 3096 3843 cum
3156 3788 3368 3842 venerit
3428 3787 3668 3850 carlestis

2082 3877 2332 3950 pontifex
2363 3889 2576 3944 noeter,
2620 3893 2873 3948 quaerens
2903 3877 2972 3932 ab
3006 3887 3068 3933 ea
3106 3879 3308 3948 ignitos
3333 3885 3388 3931 et
3418 3877 3672 3945 ardentes

2081 3975 2350 4030 carbones
2395 3987 2556 4043 super
2579 3987 2716 4042 quos
2751 3973 3034 4027 incensum
3074 3966 3267 4027 oll‘erat
3298 3968 3466 4033 Patri,
3504 3969 3660 4029 inve?

2082 4069 2166 4124 nit
2194 4067 2249 4122 in
2280 4082 2347 4123 ea
2393 4067 2577 4122 aridos
2608 4064 2824 4120 cineres
2854 4073 2910 4118 et
2957 4061 3184 4131 frigidas
3239 4061 3474 4126 favillas.
3508 4059 3668 4130 Tales

2087 4167 2214 4215 sunt
2243 4173 2440 4214 omnes
2480 4154 2574 4226 qui
2611 4149 2944 4210 subtrahunt
2975 4167 3034 4208 se
3068 4162 3124 4206 et
3177 4151 3335 4223 longe
3387 4152 3603 4216 faciunt
3633 4168 3663 4216 a

2080 4251 2250 4304 verbo
2281 4248 2418 4312 Dei,
2452 4262 2522 4301 ne
2568 4245 2852 4301 audientes
2901 4258 3182 4301 sermones
3211 4243 3423 4302 divinos
3471 4257 3667 4308 acccn,
3764 4259 3774 4271 ›·

2082 4342 2284 4396 dantur
2307 4340 2373 4392 ad
2406 4339 2590 4401 fidem,
2617 4336 2954 4391 incalescunt
2982 4331 3050 4396 ad
3076 4335 3426 4400 cbaritatem,
3457 4333 3669 4403 igniam-

2085 4440 2176 4485 tur
2204 4430 2270 4484 ad
2322 4427 2782 4483 misericordiam.
2825 4423 2917 4483 Yis
2949 4423 3044 4480 tibi
3081 4425 3362 4490 ostendant
3394 4427 3670 4494 quomodo

2085 4522 2152 4575 de
2185 4517 2370 4573 verbis
2416 4515 2654 4586 Spiritus
2706 4515 2881 4570 sancti
2920 4514 3061 4585 ignis
3100 4521 3282 4579 exeat,
3317 4522 3373 4571 et
3405 4517 3670 4577 accendat

395 4617 774 4692 unusquisque
787 4625 1034 4672 nostrum
1059 4618 1224 4671 habet
1248 4616 1303 4669 in
1325 4615 1774 4671 seltolocaustum
1794 4627 1974 4677 suum,
2011 4632 2056 4687 ι)
2085 4614 2248 4669 corda
2277 4610 2661 4668 credentium?
2707 4603 2843 4673 Audi
2871 4609 3138 4673 dicentem
3176 4605 3346 4670 David
3377 4605 3430 4660 in
3460 4606 3670 4675 psalmo

395 4719 454 4764 et
485 4711 785 4768 holocausti
823 4711 908 4765 sui
941 4712 1056 4780 ipse
1085 4709 1370 4766 succendit
1420 4708 1616 4774 altare,
1671 4716 1728 4760 ut
1760 4721 1977 4775 semper

397 4804 608 4863 ardeat.
640 4802 754 4873 Ego
789 4803 835 4857 si
889 4803 1203 4858 renuntiem
1249 4801 1507 4857 omnibus
1535 4814 1656 4870 quae
1680 4799 1934 4868 possideo
1958 4842 1973 4867 ,

391 4906 453 4952 et
488 4897 677 4950 tollam
707 4910 924 4953 crucem
951 4911 1150 4961 meam,
1186 4905 1242 4952 et
1264 4911 1464 4968 sequar
1484 4895 1788 4961 Christum,
1817 4893 1972 4949 bolo-

399 4999 649 5044 caustum
678 4989 850 5045 obtuli
875 4990 946 5044 ad
971 4988 1146 5044 altare
1171 4979 1266 5045 Dei
1294 5009 1305 5044 :
1340 4997 1434 5042 aut
1463 4989 1510 5042 si
1547 4986 1828 5042 tradidero
1856 5000 1980 5040 cor-

400 5094 503 5151 pus
535 5098 712 5136 meum
747 5091 805 5135 nt
839 5083 1060 5136 ardeam
1117 5082 1325 5137 habens
1356 5079 1686 5135 cltaritatemv
1709 5117 1726 5143 ,
1775 5085 1831 5132 et
1862 5074 1980 5144 glo‘

396 5175 540 5237 riam
592 5175 838 5246 martyrii
886 5190 1236 5245 consequar,
1279 5173 1660 5228 holocaustum
1708 5168 1974 5238 meipsum

2085 4705 2201 4777 (76)
2232 4705 2276 4738 ⁸⁷
2308 4723 2361 4760 ε(
2389 4701 2670 4777 Eloquium
2703 4701 2915 4765 Domini
2939 4697 3292 4774 igniviteum.
3333 4717 3352 4752 ι
3382 4695 3448 4766 Et
3471 4700 3667 4754 iterum

2086 4800 2142 4853 in
2170 4796 2471 4868 Evangelia
2500 4797 2765 4865 scriptum
2788 4802 2896 4857 es‘t,
2919 4803 3210 4864 postquam
3240 4787 3503 4848 heminas
3526 4792 3670 4853 lacu-

2089 4898 2176 4943 tus
2213 4897 2298 4944 est
2328 4887 2396 4944 ad
2430 4885 2723 4957 Cleopham
2755 4900 2770 4938 :
2812 4901 2833 4942 ι
2867 4877 3066 4950 Nonne
3095 4895 3193 4942 cor
3226 4892 3472 4937 nosuum
3503 4921 3519 4950 ,
3581 4882 3665 4934 in.-

2083 4979 2210 5048 quit
2252 4978 2325 5045 ⁸³,
2345 4987 2472 5039 erat
2502 4977 2699 5032 ardens
2727 4977 2871 5040 intra
2906 4989 3028 5041 nos,
3057 4989 3180 5028 cum
3221 4971 3465 5042 aperiret
3509 4973 3669 5029 nobis

2084 5067 2443 5140 Scripturas?
2477 5086 2496 5128 ρ
2539 5063 2622 5128 Tu
2656 5081 2786 5138 ergo
2834 5063 2976 5120 unde
3019 5060 3276 5126 ardebis?
3324 5059 3478 5117 Unde
3511 5061 3668 5117 inve-

2081 5163 2303 5217 nientur
2334 5161 2389 5225 in
2423 5169 2474 5215 te
2505 5161 2770 5216 carbones
2803 5155 2964 5227 ignis,
2995 5155 3085 5226 qui
3138 5168 3424 5227 nunquam
3451 5153 3668 5214 Domini

465 5288 516 5323 “
548 5285 680 5346 Luc.
729 5305 833 5358 xu,
876 5289 966 5346 49.
1044 5287 1145 5344 “l
1183 5287 1297 5346 Pet.
1353 5305 1419 5355 tt,
1459 5287 1514 5343 9.
1588 5286 1635 5318 “
1669 5283 1834 5348 Hebr.
1858 5297 1937 5348 tx,
1960 5274 2051 5341 24.
2119 5277 2171 5322 4"
2196 5277 2338 5333 Psal.
2363 5290 2478 5346 clx,
2515 5273 2604 5340 40.
2677 5275 2724 5308 ⁸⁸
2754 5274 2889 5338 Luc.
2926 5286 3074 5338 xxiv,
3114 5270 3205 5326 3!.

473 5421 586 5500 (73)
615 5428 687 5502 In,
704 5446 808 5502 qua
829 5428 1000 5502 altare
1027 5427 1480 5502 Italocgustorum,
1510 5429 1616 5502 etc_.
1641 5416 1762 5502 Iam
1784 5414 1971 5502 monui

397 5485 591 5561 hoinil'.
617 5497 649 5555 9
676 5485 730 5553 in
760 5495 952 5563 Exod.,
985 5512 1151 5570 num:
1170 5494 1226 5570 ξς,
1259 5509 1362 5551 non
1391 5485 1558 5570 fuisse
1595 5491 1648 5544 in
1680 5496 1870 5570 sancto
1891 5485 1972 5570 al-

402 5559 519 5626 tare
553 5558 1104 5638 bolocaustoruinrut
1137 5558 1226 5622 hic
1269 5577 1421 5636 putat
1462 5563 1745 5638 Origenes,
1776 5558 1880 5638 sed
1916 5558 1974 5612 in

400 5642 539 5766 ﬂio
562 5639 910 5724 sacerdowm
952 5635 1052 5694 sub
1079 5639 1189 5703 dio,
1216 5635 1282 5692 ad
1328 5637 1472 5706 quod
1509 5643 1766 5689 accessus
1809 5635 1975 5690 etiam

481 5723 629 5766 vius.

481 5713 629 5766 vitis.

473 5765 586 5854 (74)
626 5779 780 5839 Libb.
824 5778 983 5848 editi,
1019 5798 1038 5832 ‹
1085 5777 1245 5832 alicui
1288 5788 1544 5846 unquam.
1585 5791 1604 5825 ι
1639 5771 1791 5835 Mss"
1832 5787 1850 5820 ι
1883 5765 1978 5831 alii

405 5855 674 5922 cuiquam.
713 5872 732 5905 ι

723 5946 995 6006 Parnm.
1021 5943 1141 6005 Gtt.
1174 5939 1318 6011 XII.

2149 5414 2262 5490 (ῗῦ)
2293 5413 2569 5490 ξι-αιεεινε
2591 5413 2816 5490 incensi,
2835 5422 2945 5490 etc.
2981 5409 3114 5490 Vide
3145 5414 3318 5490 notas
3342 5401 3663 5490 ad;

2080 5452 2276 5547 ιωῖἒᾶί.
3014 5452 3276 5554 ἀῖνᾳιιθτθ
3307 5474 3536 5554 incensi
3557 5487 3665 5553 non

2083 5537 2270 5612 italis;
2300 5537 2353 5609 in
2392 5537 2594 5608 Sancto
2624 5537 2958 5616 sanctorum,
2987 5549 3082 5604 sed
3115 5547 3165 5600 in
3199 5553 3424 5616 sancto._
3443 5537 3667 5616 Origeni

2081 5625 2265 5694 fucum
2302 5626 2433 5680 fecit
2460 5639 2491 5678 a
2529 5638 2590 5678 se
2626 5622 2765 5694 male
2798 5612 3108 5678 intellectus
3131 5616 3280 5670 locus
3331 5612 3467 5678 Hel).
3505 5612 3662 5681 tx,4,

2085 5698 2152 5753 de
2181 5709 2289 5764 quo
2320 5694 2633 5764 consulendi
2665 5693 3003 5764 interpretes.

2155 5753 2271 5841 σε)
2300 5765 2426 5833 MSS.
2462 5781 2485 5816 ι
2512 5761 2742 5837 psalmo.
2773 5753 2923 5819 tLib.
2957 5755 3090 5814 editi
3117 5775 3135 5810 t
3177 5753 3426 5827 pSalmiS'.
3459 5769 3487 5805 ν

3273 5915 3348 5990 .17
