4124 6424
496 437 605 492 5'25

1981 431 2298 490 OillGENIS

3671 461 3776 518 525

494 553 685 620 iguiris
717 554 952 622 eloquio,
989 567 1264 622 nunquam
1305 553 1484 608 verbis
1517 555 1754 624 Spiritus
1789 555 1962 608 saruti
1996 555 2074 606 in-
2103 559 2146 612 A
2183 555 2294 610 rius
2328 557 2740 611 tabernaculum
2769 597 2782 622 ,
2837 567 2888 612 et
2943 560 3204 612 ccelorum
3245 563 3462 616 excelsa
3497 577 3766 622 conscen-

487 641 830 698 fiammaris‘?
880 646 1015 700 Audi
1075 655 1127 700 et
1189 647 1362 714 ipsmn
1425 647 1592 700 David
1651 647 1916 701 dicentem
1977 646 2066 700 “9:

491 752 512 787 ι
555 737 839 792 Concaluit
873 755 969 793 cor
1007 754 1185 792 meum
1217 740 1358 792 intra
1400 753 1507 802 me,
1533 749 1586 792 ct
1628 739 1680 792 in
1711 738 2069 792 meditatione

487 844 604 882 mea
635 831 940 886 exardescit
977 833 1136 903 ignis.
1179 851 1196 884 ι
1233 831 1390 887 Unde
1421 841 1470 884 tu
1499 833 1880 887 concalescis?
1917 834 2068 890 Unde

487 919 626 986 ignis
659 924 1003 990 accenditur,
1034 923 1122 992 qui
1153 939 1431 993 nunquam
1469 924 1520 977 in
1556 925 1756 978 divinis
1787 927 2067 983 meditaris

485 1016 754 1086 eloquiis:
815 1017 922 1068 imo
975 1015 1119 1082 quod
1170 1024 1254 1068 est
1291 1014 1583 1078 infelicius,
1621 1017 1955 1071 concalescis
2011 1017 2064 1070 in

483 1107 809 1176 spectaculis
849 1107 1004 1169 circi,
1051 1106 1383 1159 concalescis
1439 1107 1490 1158 in
1526 1113 1793 1176 equorum
1830 1119 2060 1162 conten-

480 1198 738 1260 tionibus,
769 1198 820 1250 iu
847 1196 1144 1250 certamine
1174 1195 1552 1248 athletarum?
1585 1197 1745 1266 Atqui
1787 1199 1885 1252 iste
1923 1199 2062 1268 ignis

479 1305 584 1341 non
624 1295 707 1340 est
757 1291 821 1341 de
858 1287 1017 1339 altari
1063 1287 1299 1352 Domini,
1357 1289 1448 1339 sed
1489 1287 1534 1340 is
1567 1299 1670 1352 est,
1711 1289 1802 1357 qui
1861 1289 2062 1344 dicitur

479 1381 623 1448 ignis
656 1381 911 1446 alienus;
949 1389 1000 1433 et
1034 1379 1230 1431 audisti
1265 1377 1425 1448 paulo
1458 1381 1708 1448 superius
1733 1421 1747 1446 ,
1785 1382 1912 1450 quia
1964 1384 2056 1450 qui

479 1473 798 1527 obtulerunt
825 1471 1060 1524 alienum
1091 1470 1268 1540 ignem
1299 1476 1422 1523 ante
1455 1469 1764 1536 Dominum,
1802 1474 2056 1528 exstincti

479 1573 628 1620 sunt.
660 1563 1006 1618 Concalescis
1046 1571 1100 1615 et
1133 1577 1252 1616 cum
1293 1571 1344 1615 te
1381 1561 1666 1630 repleverit
1719 1564 2004 1620 iracundia
2039 1606 2053 1632 ,

471 1665 525 1708 et
562 1671 683 1708 cum
725 1663 772 1708 te
799 1651 1218 1706 inﬂannnaverit
1257 1650 1430 1714 furor,
1483 1651 1660 1705 ureris
1695 1653 1964 1708 interdum
2001 1663 2054 1710 et

470 1763 654 1802 amore
685 1746 916 1812 carnali,
945 1761 1006 1798 ae
1037 1745 1364 1814 turpissima:
1415 1745 1661 1800 libidinis
1685 1744 1914 1814 jactaris
1973 1748 2056 1800 in-

469 1840 698 1893 cendiis.
729 1837 834 1892 Sed
873 1839 1052 1893 omnis
1079 1837 1183 1892 iste
1215 1838 1355 1907 ignis
1391 1837 1600 1892 alienus
1634 1847 1718 1892 est
1749 1849 1804 1892 ct
1831 1849 2054 1893 contra-

2175 647 2465 714 dcre,jam
2515 663 2620 702 non
2682 651 2788 702 erit
2825 653 3008 712 homo,
3069 654 3162 706 sed
3199 656 3495 708 secundum
3537 658 3760 712 verbum

2177 741 2347 808 ipsius
2396 742 2499 796 erit
2533 751 2788 810 tauquam
2845 743 3066 811 angelus
3109 745 3222 797 Dei.
3265 745 3368 798 Aut
3422 746 3568 801 forte
3595 749 3761 804 etiam

2177 827 2266 878 ille
2320 843 2482 896 super
2515 843 2637 882 eum
2671 845 2856 884 sermo
2885 831 3247 900 eomplebitur
3297 849 3457 902 quem
3497 837 3610 904 ipse
3653 841 3762 894 Do-

2173 918 2350 972 minus
2379 919 2513 972 dixit
2545 921 2630 974 9':
2671 941 2688 970 ι
2723 921 2832 991 Ego
2865 923 2976 975 dixi
3007 941 3018 976 :
3053 923 3134 976 Dii
3159 925 3314 992 estis,
3338 937 3390 981 et
3418 928 3511 982 lilii
3546 930 3759 986 Excelsi

2169 1023 2378 1063 omnes.
2416 1029 2434 1062 ι
2499 1010 2628 1066 Sive
2683 1029 2811 1082 ergo
2849 1015 3111 1082 spiritalis
3145 1013 3404 1084 effectus,
3463 1035 3601 1072 unus
3635 1037 3758 1076 eum

2169 1099 2398 1154 Domino
2453 1103 2680 1172 spiritus
2745 1104 2874 1171 fiat;
2910 1106 3026 1160 sive
3059 1123 3155 1176 per
3199 1110 3616 1166 resurrectionis
3645 1114 3760 1181 glo-

2167 1191 2302 1244 riam
2355 1193 2406 1246 in
2458 1196 2778 1263 angelorum
2829 1197 3078 1252 ordinem
3129 1207 3394 1268 transeat,
3449 1211 3599 1256 recte
3640 1209 3752 1270 jam

2167 1301 2271 1340 non
2299 1287 2405 1341 erit
2435 1287 2632 1353 homo;
2666 1289 2758 1342 sed
2791 1292 3162 1360 unusquisque
3199 1293 3312 1360 ipse
3362 1294 3462 1348 sibi
3491 1297 3590 1349 hoc
3613 1312 3753 1365 prm-

2161 1387 2291 1442 stat,
2323 1387 2382 1432 ut
2401 1379 2486 1432 vel
2515 1382 2742 1434 excedat
2769 1382 3004 1436 hominis
3030 1383 3474 1452 appellationem,
3497 1387 3584 1441 vel
3611 1388 3752 1441 intra

2161 1469 2534 1524 conditionem
2567 1472 2724 1540 hujus
2769 1472 3014 1526 vocabuli
3041 1482 3351 1528 censeatur.
3391 1476 3448 1530 Si
3479 1478 3625 1532 enim
3669 1477 3756 1533 fa-

2159 1568 2280 1612 ctus
2329 1559 2490 1614 homo
2545 1561 2612 1614 ab
2645 1561 2800 1616 initio
2855 1573 3128 1618 servasset
3181 1565 3308 1618 illud
3343 1569 3492 1634 quod
3523 1568 3590 1621 ad
3625 1584 3750 1622 eum

2160 1646 2444 1717 Scriptura
2472 1650 2718 1704 dicit”:
2784 1670 2802 1702 ι
2857 1651 2994 1707 Ecce
3036 1653 3190 1722 posui
3245 1663 3372 1708 ante
3403 1655 3592 1710 oculos
3629 1665 3749 1710 tuos

2158 1751 2388 1796 mortem
2411 1751 2465 1796 et
2493 1743 2680 1808 vitam,
2707 1745 2848 1816 elige
2879 1747 2974 1800 tibi
3005 1747 3202 1814 vitam;
3235 1768 3254 1800 ι
3293 1749 3338 1803 si
3367 1750 3469 1804 hoc
3499 1749 3744 1820 fecisset,

2157 1847 2432 1901 nunquam
2465 1835 2714 1904 profecto
2771 1836 3073 1890 humanum
3119 1854 3288 1908 genus
3320 1841 3563 1897 mortalis
3613 1859 3748 1899 con-

467 1931 581 1985 rius
613 1931 740 1993 Deo,
771 1946 930 1998 quem
965 1930 1056 1999 qui
1105 1930 1442 1997 accenderit,
1483 1931 1604 1986 sine
1658 1932 1822 1988 dubio
1855 1931 2046 1989 Nadab
2085 1907 2128 1966 Β
2156 1922 2292 1976 ditio
2325 1925 2606 1978 tenuisset.
2660 1925 2766 1980 Sed
2821 1929 3078 1996 quoniam
3133 1929 3517 2001 derelinquens
3551 1933 3742 2014 Yilnm,

465 2027 520 2072 et
544 2019 718 2072 Abiud
755 2019 991 2088 perferet
1023 2029 1244 2072 sortem.

537 2111 628 2168 10.
661 2111 752 2164 Ait
781 2126 911 2179 ergo
941 2111 1217 2180 eloquium
1253 2109 1494 2165 divinum
1529 2113 1575 2143 9°
1607 2127 1620 2163 :
1662 2129 1678 2163 ι
1715 2112 1780 2166 Ει
1811 2115 2050 2184 imponet

465 2204 746 2258 incensum
804 2219 970 2272 super
1023 2207 1200 2274 ignem
1253 2205 1306 2257 in
1355 2214 1646 2275 conspectu
1701 2207 1941 2274 Domini,
1995 2217 2050 2264 et

469 2297 682 2366 operiet
727 2297 908 2350 fumus
947 2295 1152 2350 incensi
1185 2295 1299 2368 (7'7)
1333 2299 1770 2368 propitiatorium
1795 2302 1935 2366 quod
1966 2309 2048 2356 est

463 2407 628 2460 super
661 2391 990 2453 testimonia,
1019 2399 1200 2443 etnon
1235 2393 1514 2456 morietur,
1533 2403 1586 2446 et
1616 2401 1792 2446 sumet
1819 2395 1885 2447 de
1920 2409 2048 2449 san-

460 2485 620 2554 guine
647 2483 820 2548 vituli,
848 2491 902 2536 et
938 2491 1214 2553 reSperget
1247 2483 1414 2552 digito
1445 2499 1545 2539 suo
1577 2499 1741 2554 super
1774 2487 2039 2556 propitia-

459 2580 658 2633 torium
693 2585 884 2632 contra
919 2577 1202 2630 orientem.
1247 2595 1264 2628 ι
1307 2574 1461 2630 Ritus
1497 2577 1726 2646 quidem
1777 2581 1918 2648 apud
1947 2595 2043 2634 ve-

457 2677 604 2723 teres
665 2668 1072 2738 pr0pitiationis
1127 2683 1223 2736 pro
1297 2667 1627 2734 hominibus,
1705 2670 1794 2738 qui
1881 2672 2044 2726 fiebat

457 2762 522 2816 ad
561 2760 752 2823 Deum,
781 2759 1016 2829 qualiter
1039 2759 1416 2814 eelebraretur
1443 2758 1664 2813 edocuit
1692 2780 1704 2816 :
1737 2763 1830 2815 sed
1866 2773 1917 2816 tu
1949 2765 2042 2832 qui

456 2857 522 2907 ad
557 2852 832 2907 Christum
853 2850 1400 2919 venisti,pontiﬁce:n
1438 2867 1650 2918 verum,
1673 2855 2042 2925 quisauguine

453 2961 554 3000 suo
603 2943 769 3000 Deum
804 2945 898 3000 tibi
928 2944 1220 3014 propitium
1263 2943 1413 3010 fecit,
1467 2955 1520 3000 et
1581 2949 1956 3002 reconciliavit
1989 2959 2040 3003 te

453 3037 627 3104 Patri,
679 3054 785 3094 non
838 3041 1049 3092 hrcreas
1102 3039 1152 3090 in
1187 3039 1453 3106 sanguine
1483 3041 1697 3104 carnis;
1764 3042 1857 3094 sed
1891 3042 2038 3095 disce

455 3133 634 3202 potius
660 3133 978 3204 sanguinem
1022 3130 1203 3195 Verbi,
1235 3141 1288 3184 et
1326 3131 1449 3184 audi
1480 3133 1652 3202 ipsum
1705 3133 1799 3186 tibi
1850 3134 2034 3187 dicen-

2156 2025 2384 2069 mortem
2419 2025 2638 2072 secutus
2664 2027 2766 2084 est,
2799 2019 2962 2073 homo
2997 2021 3170 2076 factus
3195 2033 3312 2089 est;
3349 2033 3401 2077 et
3429 2039 3536 2080 non
3566 2026 3738 2081 solum

2153 2105 2347 2170 homo,
2385 2111 2476 2161 sed
2525 2117 2582 2162 et
2613 2118 2780 2174 terra,
2809 2121 3030 2181 propter
3063 2114 3204 2182 quod
3239 2124 3294 2168 et
3327 2116 3378 2168 in
3425 2125 3622 2172 terram
3657 2133 3746 2174 rex

2152 2199 2268 2254 dire
2303 2199 2503 2254 dicitur
2545 2202 2612 2256 ’⁸.
2649 2203 2890 2272 Requiro
2939 2214 3119 2258 tamen
3157 2221 3277 2274 quae
3307 2211 3378 2263 sit
3415 2210 3518 2264 ista
3569 2226 3738 2276 mors,

2150 2306 2314 2358 quam
2339 2293 2472 2346 dicit
2499 2303 2623 2347 ante
2657 2312 2674 2345 ι
2704 2295 2890 2351 oculos
2927 2307 3044 2350 tuos
3069 2299 3246 2366 posui.
3279 2317 3298 2352 ι
3339 2300 3412 2354 De
3439 2303 3548 2356 vita
3589 2305 3734 2356 enim

2151 2397 2257 2436 non
2306 2383 2588 2437 dubitatur
2623 2387 2765 2454 quod
2807 2389 3157 2456 semetipsum
3213 2392 3415 2447 indicet
3447 2395 3609 2460 Deus,
3639 2397 3732 2466 qui

2147 2478 2280 2531 dicit
2312 2479 2395 2532 ἐς
2437 2498 2454 2530 ι
2489 2478 2602 2548 Ego
2627 2495 2746 2534 sum
2780 2483 2984 2538 veritas
3010 2493 3062 2536 et
3093 2485 3225 2540 vita.
3261 2504 3278 2537 ι
3331 2486 3460 2553 Quae
3491 2499 3574 2544 est
3603 2505 3735 2560 ergo

2147 2570 2246 2624 ista
2285 2587 2430 2626 mors
2471 2574 2594 2626 vita:
2623 2575 2896 2628 contraria
2927 2616 2942 2639 ,
2979 2592 3140 2646 quam
3185 2580 3366 2647 posuit
3410 2580 3552 2634 Deus
3605 2595 3734 2638 ante

2145 2664 2335 2718 oculos
2365 2665 2630 2718 nostros?
2685 2664 2758 2718 De
2789 2665 2884 2720 illo
2921 2668 3028 2722 dici
3071 2681 3234 2738 puto,
3271 2671 3336 2724 de
3377 2685 3484 2739 quo
3534 2672 3734 2728 Paulus

2141 2755 2278 2808 dicit
2303 2754 2388 2806 9":
2424 2772 2442 2804 ι
2470 2753 2806 2811 Novissimus
2856 2758 3108 2814 inimicus
3151 2761 3463 2816 destruetur
3499 2779 3668 2817 mors.
3701 2783 3722 2816 ι

2141 2846 2250 2902 lste
2280 2857 2364 2900 est
2413 2861 2541 2915 ergo
2581 2846 2835 2904 inimicus
2878 2851 3144 2913 diabolus,
3175 2854 3264 2922 qui
3305 2854 3482 2923 primo
3509 2856 3729 2924 quidem

2142 2951 2266 2995 ante
2295 2942 2481 2997 oculos
2513 2947 2740 3014 positus.
2777 2945 2872 2998 sed
2915 2946 3248 3000 novissimus
3269 2947 3596 3004 destruetur.
3627 2949 3731 3004 Po-

2140 3036 2275 3090 situs
2311 3047 2490 3090 autem
2527 3037 2705 3090 fuerat
2739 3048 2862 3092 ante
2888 3037 3072 3092 oculos
3095 3078 3110 3102 ,
3145 3054 3250 3094 non
3279 3047 3332 3092 ut
3365 3055 3726 3109 sequeremur

2138 3142 2284 3192 eutu,
2311 3129 2404 3182 sed
2437 3137 2493 3182 ut
2515 3129 2832 3182 vitaremus.
2879 3127 3030 3184 Unde
3073 3137 3126 3184 et
3167 3128 3406 3184 arbitror
3439 3131 3580 3200 quod
3611 3134 3726 3202 ipsa

454 3234 561 3280 tem
605 3225 672 3290 εί,
709 3225 834 3293 quia
877 3241 898 3274 ι
927 3223 1016 3278 hic
1052 3224 1274 3292 Sanguis
1309 3237 1460 3277 meus
1491 3234 1594 3288 est,
1625 3223 1716 3293 qui
1751 3239 1848 3291 pro
1879 3224 2032 3278 vobis
2061 3254 2104 3312 ο
2139 3231 2236 3286 Per
2270 3231 2328 3272 se
2351 3219 2534 3272 allilna
2570 3219 2831 3284 humana.
2883 3235 3058 3289 ηθίιυθ
3109 3219 3374 3286 "lori-illis.
3413 3238 3588 3292 neque
3627 3225 3726 3276 im-

449 3317 757 3371 cﬂ‘undetur
813 3319 866 3370 In
925 3317 1305 3370 remissionem
1361 3329 1731 3385 peccatorum.
1793 3337 1811 3370 ι
1871 3316 2034 3373 Nevit

450 3409 614 3482 244
645 3411 734 3477 qui
769 3409 1043 3479 mysteriis
1077 3410 1316 3463 imbutus
1351 3417 1430 3463 est
1464 3409 1598 3478 (78),
1634 3419 1686 3464 et
1723 3427 1947 3465 carnem
1977 3421 2035 3467 et

447 3502 769 3572 sanguinem
795 3500 958 3554 Verbi
1000 3501 1114 3558 Dei.
1148 3500 1264 3556 Non
1308 3516 1440 3571 ergo
1467 3504 1822 3557 immoremur
1857 3505 1907 3557 in
1947 3504 2032 3558 his

447 3609 569 3664 quae
599 3601 652 3646 et
683 3593 982 3647 scientibus
1012 3603 1138 3647 nota
1170 3602 1315 3659 sunt,
1355 3603 1408 3646 et
1441 3595 1822 3664 ignorantibus
1848 3605 2032 3664 patere

447 3701 552 3740 non
588 3697 839 3757 possunt.
873 3685 1026 3751 Quod
1058 3695 1239 3738 autem
1283 3695 1476 3738 contra
1523 3687 1784 3740 orientem
1819 3689 2032 3756 resper-

445 3783 544 3851 git,
578 3796 682 3834 non
711 3780 887 3833 otiose
923 3778 1182 3848 accipias.
1235 3777 1315 3831 Ab
1348 3777 1562 3832 oriente
1589 3778 1683 3832 tibi
1715 3780 2030 3847 propitiatio

443 3871 615 3926 venit.
655 3869 779 3924 lude
805 3879 889 3924 est
915 3870 1062 3924 enim
1097 3869 1199 3932 vir,
1228 3868 1318 3923 cui
1350 3867 1545 3923 Oriens
1570 3883 1766 3922 nomen
1798 3879 1901 3934 est,
1934 3871 2026 3940 qui

447 3965 714 4018 mediator
745 3963 834 4018 Dei
864 3971 918 4017 et
963 3961 1242 4016 hominum
1274 3959 1451 4016 factus
1481 3970 1582 4016 est.
1617 3959 1871 4016 lnvitaris
1894 3978 2026 4032 ergo

443 4075 538 4128 per
572 4061 694 4122 hoc,
722 4064 780 4110 ut
813 4057 877 4110 ad
906 4055 1173 4110 orientem
1200 4069 1415 4124 semper
1455 4055 1720 4123 aSpicias,
1750 4055 1892 4108 unde
1925 4056 2020 4109 tibi

440 4153 615 4206 oritur
649 4149 994 4220 soljustitiaa,
1023 4146 1165 4200 unde
1219 4162 1436 4214 semper
1484 4145 1578 4200 tibi
1615 4146 1794 4198 lumen
1847 4146 2025 4200 nasci-

441 4259 564 4301 tur:
599 4256 652 4300 ul
689 4258 966 4312 nunquam
1007 4243 1057 4296 in
1101 4240 1345 4295 tenebris
1379 4239 1646 4303 ambules,
1701 4254 1876 4308 neque
1908 4242 2024 4294 dies

438 4340 528 4393 ille
564 4337 895 4392 novissimus
953 4345 1002 4386 te
1039 4333 1094 4387 in
1151 4332 1394 4388 tenebris
1453 4331 1918 4400 comprehendat:
1956 4343 2023 4384 ne

439 4431 534 4484 tibi
572 4431 890 4500 ignorantia:
920 4442 1028 4480 nox
1058 4435 1111 4480 et
1146 4425 1320 4496 caligo
1351 4425 1629 4493 subrepat,
1664 4423 1757 4477 sed
1793 4431 1848 4475 ut
1880 4436 2022 4476 sem-

437 4537 534 4589 per
570 4522 622 4574 ia
658 4519 900 4572 scientiae
929 4517 1050 4571 luce
1077 4516 1337 4580 verseris,
1399 4529 1616 4582 semper
1647 4513 1852 4567 habeas
1875 4513 2018 4568 diem

2141 3311 2390 3366 mortalis
2419 3313 2524 3367 dici
2557 3321 2740 3382 potest
2771 3332 2786 3381 ;
2827 3313 2922 3368 sed
2973 3315 3018 3366 si
3066 3313 3360 3384 contigerit
3397 3315 3562 3368 vitam
3589 3355 3604 3380 ,
3651 3333 3718 3370 ex

2138 3406 2426 3474 participio
2461 3406 2582 3460 vita:
2607 3407 2712 3462 erit
2755 3407 3122 3472 immortalis;
3157 3408 3209 3461 in
3247 3409 3410 3460 vitam
3439 3409 3585 3462 enim
3614 3425 3720 3462 non

2137 3499 2330 3553 incidit
2357 3514 2507 3554 mors
2544 3517 2558 3565 ;
2615 3501 2660 3553 si
2711 3514 2842 3554 vero
2883 3508 3142 3553 avertens
3181 3514 3240 3554 se
3267 3515 3294 3552 a
3335 3499 3444 3553 vita
3497 3501 3722 3568 partici-

2135 3593 2282 3662 pium
2313 3595 2536 3646 traxerit
2571 3595 2782 3656 mortis,
2819 3593 2934 3661 ipsa
2973 3607 3030 3646 se
3061 3590 3192 3646 facit
3239 3606 3360 3647 esse
3407 3593 3716 3648 mortalem.

2133 3685 2200 3738 Et
2226 3685 2346 3739 idea
2373 3685 2634 3754 propheta
2663 3685 2792 3740 dicit
2821 3685 2866 3716 ’3
2893 3702 2906 3736 :
2946 3703 2962 3734 ι
2999 3684 3194 3737 Anima
3215 3699 3338 3753 quae
3363 3691 3572 3753 peccat,
3599 3685 3714 3753 ipsa

2134 3779 2442 3843 morietur;
2487 3795 2505 3828 ι
2545 3779 2790 3846 quamvis
2833 3787 3060 3831 mortem
3113 3778 3230 3844 ejus
3269 3792 3376 3832 non
3419 3777 3489 3830 ad
3543 3778 3716 3832 inter-

2134 3869 2266 3923 itum
2319 3871 2638 3924 substantia:
2685 3871 3006 3937 sentiamus,
3065 3871 3159 3926 sed
3207 3869 3312 3924 hoc
3355 3869 3526 3938 ipsum
3573 3870 3716 3938 quod

2131 3961 2304 4016 aliena
2339 3969 2393 4016 et
2421 3963 2655 4016 extorris
2683 3963 2802 4016 sita
2833 3965 2964 4029 Deo,
2995 3964 3082 4032 qui
3115 3979 3240 4018 vera
3274 3964 3384 4017 vita
3430 3973 3535 4032 est,
3568 3979 3716 4018 mors

2129 4053 2178 4105 ei
2233 4067 2358 4108 esse
2405 4054 2674 4107 credenda
2721 4064 2824 4109 est.
2879 4053 3030 4108 Nulla
3080 4070 3210 4125 ergo
3263 4055 3607 4125 participatio
3658 4057 3718 4110 fit

2123 4143 2350 4214 justitiae
2373 4159 2498 4200 eum
2525 4147 2833 4216 iniquitate,
2862 4147 3010 4202 nulla
3049 4148 3282 4202 societas
3313 4147 3448 4202 lucis
3477 4149 3541 4202 ad
3569 4157 3716 4203 leue-

2127 4238 2278 4300 bras,
2315 4239 2462 4292 nulla
2511 4241 2874 4294 consonantia
2915 4239 3136 4294 Christo
3172 4254 3292 4294 cum
3347 4238 3513 4294 Belial
3541 4241 3607 4294 ⁸⁸.
3653 4240 3709 4294 Si

2125 4329 2386 4398 elegimus
2420 4331 2616 4396 vitam,
2655 4345 2871 4400 semper
2905 4331 3182 4394 vivemus,
3220 4345 3368 4385 mors
3413 4330 3570 4386 nobis
3603 4347 3710 4386 non

2127 4423 2520 4487 dominabitur,
2567 4433 2624 4477 et
2663 4421 3024 4492 complebitur
3074 4423 3127 4476 in
3173 4421 3330 4478 nobis
3373 4437 3554 4478 sermo
3607 4426 3713 4478 Do-

2127 4515 2284 4576 mini,
2318 4515 2409 4584 qui
2451 4515 2588 4568 dixit
2621 4515 2635 4544 ¹
2669 4531 2681 4567 :
2725 4531 2743 4564 ς
2773 4513 2870 4579 Qui
2906 4515 3081 4568 credit
3115 4515 3166 4568 in
3205 4531 3308 4580 me,
3347 4516 3557 4570 etiamsi
3589 4531 3712 4572 mo-

439 4611 590 4676 lidei,
623 4623 840 4678 semper
871 4609 1050 4661 lumen
1093 4605 1381 4661 charitatis
1418 4614 1472 4658 et
1507 4605 1655 4672 pacis
1706 4605 1978 4659 obtineas.
2050 4608 2096 4664 D
2127 4607 2336 4670 riatur,
2402 4606 2565 4660 vivet.
2621 4625 2638 4656 ι
2686 4607 2961 4674 Eligamus
3001 4623 3133 4675 ergo
3193 4606 3398 4672 vitam,
3445 4607 3710 4676 eligamus

509 4705 595 4759 Η.
631 4701 792 4756 Addit
823 4708 945 4768 post
971 4699 1084 4752 lucc
1115 4697 1400 4766 Scriptura
1436 4695 1480 4726 ⁹²
1511 4714 1523 4748 :
1565 4713 1584 4745 ‹
1627 4695 1694 4748 Ει
1727 4713 1831 4750 non
1885 4696 2013 4763 erit,

438 4801 636 4870 inquit,
676 4801 834 4852 homo
865 4811 986 4850 cum
1013 4792 1350 4864 ingredietur
1379 4789 1616 4860 pontifex
1673 4790 1812 4844 intra
1867 4791 2014 4844 vela-

437 4909 560 4950 men
593 4891 820 4946 interius
853 4889 905 4945 in
963 4883 1376 4941 tabernaculum
1411 4881 1748 4937 testimonii.
1795 4900 1812 4932 ι
1865 4883 2014 4948 Quo.

437 4985 602 5040 modo
629 4999 734 5038 non
770 4983 874 5036 erit
917 4978 1122 5034 homo?
1153 4977 1264 5046 Ego
1293 4979 1374 5030 sic
1424 4973 1637 5042 accipio
1663 5015 1677 5040 ,
1737 4976 1882 5044 quod
1922 4975 2014 5044 qui

433 5075 672 5148 potuerit
695 5071 846 5142 sequi
882 5070 1185 5134 Christum,
1217 5078 1271 5123 et
1300 5071 1590 5138 penetrare
1619 5077 1740 5117 cum
1777 5079 1842 5118 eo
1878 5064 2014 5119 inte-

504 5222 550 5252 "
589 5215 734 5273 Psal.
800 5229 991 5277 xxxix,
1053 5211 1108 5264 5.
1185 5211 1232 5242 ³ο
1262 5209 1582 5273 1.θνίι.ιινι,
1645 5209 1730 5262 15.

433 5293 479 5324 ’⁵
523 5293 680 5345 Deut.
713 5285 966 5350 xxx,15.
1043 5284 1090 5315 9⁵
1127 5283 1324 5337 Genes.
1383 5297 1465 5344 ιιι,
1519 5281 1600 5335 i9.

433 5379 508 5428 ιι,
543 5361 632 5427 ιι,
670 5360 760 5414 15.
843 5355 1041 5409 'Joan.
1071 5369 1147 5420 ιιι,
1171 5351 1264 5406 25.

499 5475 613 5545 (77)
653 5471 806 5545 Libb.
847 5468 975 5526 editi
999 5477 1118 5538 post
1160 5465 1662 5545 «propitiatoriqu
1713 5483 1730 5515 ι
1779 5461 2002 5545 addunt,

437 5563 454 5594 ι
485 5539 676 5599 contra
705 5543 976 5596 orientem
1017 5559 1034 5591 ι
1071 5539 1212 5608 quod
1243 5539 1401 5592 abest
1431 5549 1542 5588 tum
1577 5550 1605 5587 a
1639 5549 1798 5600 mss.,
1822 5543 1932 5586 tum
1971 5549 2000 5588 a

429 5625 688 5668 contextu
713 5611 900 5666 Graeco
933 5610 1290 5675 Septuaginta
1331 5608 1712 5675 interpretum.

499 5683 614 5754 (78)
654 5681 928 5754 Norugui
969 5673 1608 5754 nigstcriis__imbutusest,
1652 5683 1756 5754 etc.
1784 5673 2000 5727 Eucha-

429 5744 933 5820 ris‘tize'mysterium
969 5744 1072 5802 non
1095 5751 1350 5820 omnibus
1377 5744 1782 5820 patebat.___ldeo
1831 5758 1998 5820 parce

427 5828 494 5879 de
519 5838 584 5878 eo
609 5815 862 5889 loquitur.
899 5819 1026 5889 Scio
1050 5819 1301 5889 equidem
1346 5833 1374 5889 a
1419 5815 1694 5889 nonnullis
1739 5815 1999 5889 vapulare

427 5885 694 5950 Rufinum
728 5891 885 5962 quasi
935 5885 1294 5960 plurimorum
1335 5885 1588 5958 iocorum
1641 5885 1997 5955 interpolator

1831 5208 1873 5240 ⁹¹
1911 5208 2104 5266 Matth.
2149 5225 2292 5274 xxvi,
2335 5209 2424 5264 28.

1678 5279 1724 5310 9“
1751 5277 1908 5334 Joan.
1935 5295 2045 5348 xw,
2093 5283 2146 5335 6.

2127 4696 2326 4758 lucem,
2373 4703 2434 4748 ut
2477 4695 2528 4748 in
2585 4695 2673 4748 die
2719 4697 2946 4750 honeste
2991 4696 3355 4760 ambulemus,
3407 4707 3466 4750 ut
3509 4708 3566 4752 et
3611 4715 3709 4754 nos

2125 4797 2413 4855 sequentes
2451 4785 2638 4841 Jesum
2679 4787 2820 4840 intra
2869 4787 3116 4843 velamen
3166 4791 3500 4846 tabernaculi
3557 4791 3702 4846 inte-

2126 4880 2314 4944 rioris,
2351 4879 2462 4948 jam
2513 4893 2619 4932 non
2670 4879 2844 4934 simus
2885 4887 2944 4933 ut
2979 4880 3233 4936 homines
3279 4883 3568 4948 mortales,
3613 4885 3710 4939 sed

2123 4983 2184 5027 ut
2216 4971 2392 5042 angeli
2431 4971 2806 5039 immortales,
2851 4987 2972 5030 cum
3015 4973 3378 5027 novissimum
3422 4974 3706 5030 inimicum

2123 5066 2458 5121 destruxerit
2485 5075 2712 5118 mortem
2756 5065 2872 5133 ipse
2923 5064 3186 5118 Dominus
3237 5062 3396 5120 Iesus
3434 5065 3704 5130 Christus,

3162 5205 3208 5236 ⁸³
3239 5203 3383 5260 Psal.
3417 5219 3620 5272 Luxu,
3649 5205 3701 5259 6.

2534 5209 2579 5240 θ’
2625 5205 2795 5260 Levit.
2845 5221 2959 5270 va,
2997 5205 3086 5261 i7.
3162 5205 3208 5236 “
3239 5205 3383 5260 Psal.
3417 5219 3620 5272 Luxu,
3649 5205 3680 5259 6

2537 5295 2587 5330 ν.
2616 5279 2708 5330 26.
2783 5274 2830 5308 ⁸³
2855 5277 3054 5330 Ezech.
3099 5291 3256 5330 xvm.
3285 5276 3340 5330 4.
3417 5275 3463 5308 ⁸⁵
3499 5275 3542 5330 ΙΙ
3576 5277 3680 5330 Cor

2223 5281 2306 5332 στι
2335 5281 2461 5336 Cor.
2499 5295 2587 5344 xv,
2616 5279 2708 5334 26.
2783 5274 2830 5308 ⁸⁸
2855 5277 3054 5332 Ezech.
3099 5291 3256 5342 xvm,
3285 5276 3340 5330 4.

2115 5463 2280 5518 fuerit
2309 5463 2396 5516 ubi
2425 5459 2813 5532 mysteriorum
2848 5473 2966 5532 non.
2996 5456 3451 5532 publicandorum
3491 5451 3696 5532 mentio

2113 5537 2214 5596 fit;
2258 5535 2352 5587 sed
2377 5521 2560 5598 iniq'ua
2595 5531 2784 5584 isthzre
2817 5521 3126 5584 criminatio
3169 5527 3409 5598 abunde
3433 5521 3702 5598 refellitur

2109 5594 2208 5658 vel'
2256 5619 2320 5657 ex
2379 5594 2576 5656 celebri
2640 5602 2742 5654 hoc
2803 5599 3055 5668 Origenis
3122 5597 3284 5652 etfato
3329 5595 3432 5648 sub
3481 5594 3700 5668 initium

2113 5677 2207 5728 lib.
2257 5689 2272 5727 ι
2311 5682 2494 5726 contra
2523 5669 2753 5736 Celsum,
2782 5661 2926 5738 apud
2951 5669 3316 5730 Christianos,
3347 5673 3407 5718 ut
3449 5673 3504 5738 et
3557 5661 3700 5738 apud

2103 5746 2564 5814 pliilosopbosiet
2623 5730 2852 5814 gentiles
2907 5741 3152 5814 quaedam
3197 5730 3700 5814 θεςθικρύφιαμὴ

2103 5806 2183 5879 sic
2215 5806 2341 5878 τοὺξ
2379 5813 2605 5876 πολλοὺς
2625 5806 2936 5880 ’φθάνοντας
2966 5820 3018 5865 et
3049 5806 3374 5878 ἐσωτερικὰ.
