4124 6410
394 471 498 536 525

1568 468 1634 523 ΙΝ
1677 463 2055 522 LEVlTlCUM
2097 459 2382 518 lfOMllJA
2425 461 2491 515 Χ.

3562 457 3665 511 ἷὶἓὸ

393 601 595 670 quiest
623 598 729 662 via,
757 607 810 652 et
838 597 1062 661 veritas,
1096 603 1148 651 et
1180 595 1286 647 vita
1323 615 1332 648 :
1368 593 1452 647 cui
1491 592 1664 663 gloria
1703 601 1756 647 ct
1797 592 1965 659 impe-
2006 597 2052 654 Α
2081 583 2419 653 dispensatio
2444 578 2779 651 procuravit,
2829 586 2886 631 ιιι
2934 586 2987 631 ει
3035 576 3226 630 civitas
3272 576 3410 644 ipsa,
3440 583 3493 626 et
3525 583 3666 628 tem-

393 695 536 749 rium
561 693 613 746 in
648 691 846 746 smcula
885 691 1228 745 saeculorum.
1262 689 1455 743 Amen.

995 799 1268 855 IIOMILIA
1311 799 1380 853 X.

391 894 472 950 De
492 895 700 966 jejunio
735 897 874 965 quod
898 897 951 948 in
974 898 1056 947 die
1084 894 1472 966 propitiationis
1509 891 1588 966 fit,
1643 900 1690 944 et
1718 891 1781 944 de
1827 890 1975 942 hirco

745 964 834 1034 qui
870 969 923 1019 iu
953 982 1180 1019 eremum
1217 965 1507 1016 dimittitur
1537 964 1579 1016 ’.

465 1061 515 1113 l.
561 1059 670 1113 Nos
710 1060 950 1127 quidem,
1002 1058 1090 1127 qui
1121 1058 1186 1110 de
1240 1056 1482 1110 Ecclesia
1522 1069 1732 1118 sumus,
1783 1050 1975 1104 merito

393 1152 614 1222 Moysen
667 1151 992 1218 recipimus.
1041 1159 1096 1203 et
1141 1151 1344 1218 scripta
1389 1148 1507 1216 ejus
1544 1149 1795 1218 legimus,
1851 1160 1977 1200 sen-

393 1248 594 1300 tientes
624 1243 690 1296 de
723 1258 810 1304 eo,
839 1243 978 1310 quod
1009 1243 1267 1311 propheta
1300 1250 1349 1295 et
1406 1242 1512 1294 Deo
1546 1240 1648 1294 sibi
1677 1241 1971 1306 revelante,

393 1339 445 1392 iu
476 1335 757 1407 symbolis,
795 1345 847 1389 et
880 1335 1087 1405 figuris,
1139 1349 1202 1388 ac
1255 1333 1448 1388 formis
1498 1334 1806 1404 allegoricis
1844 1348 1975 1387 con-

391 1429 674 1495 scripserit
728 1427 908 1480 futura
964 1428 1246 1498 mysteria,
1301 1441 1423 1494 quze
1479 1427 1532 1480 in
1586 1438 1831 1496 tempore
1875 1441 1974 1480 suo

393 1520 651 1573 docemus
693 1519 931 1588 impleta.
990 1520 1091 1585 Qui
1147 1534 1278 1572 vero
1333 1518 1599 1586 ejusmodi
1640 1520 1692 1572 in
1743 1534 1807 1573 eo
1868 1534 1974 1573 non

394 1611 591 1679 recipit
641 1625 882 1674 sensum,
941 1611 1056 1664 sive
1103 1610 1414 1663 .ludaeorum
1457 1610 1600 1678 quis,
1645 1610 1761 1664 sive
1808 1611 1973 1663 etiam

392 1713 704 1758 nostrorum
739 1713 842 1770 est,
891 1705 935 1759 is
968 1719 1032 1758 ne
1063 1706 1378 1772 prophetam
1413 1704 1628 1773 quidem
1655 1718 1777 1758 eum
1809 1705 1976 1758 fuisse

392 1800 587 1854 docere
611 1808 823 1868 potest:
851 1798 1122 1866 quomodo
1152 1799 1297 1854 enim
1331 1799 1653 1868 prophetam
1693 1798 1969 1868 probabit,

391 1893 545 1961 cujus
565 1893 772 1948 litteras
799 1905 1008 1948 asserat
1039 1907 1160 1946 esse
1181 1907 1530 1958 communes,
1567 1892 1735 1946 futuri
1770 1892 1971 1945 nullius

388 1986 663 2052 conscias,
698 2002 797 2042 nec
819 1986 1020 2041 occulti
1055 1986 1259 2054 aliquid
1292 1985 1537 2054 mysterii
1583 1984 1927 2038 continentes
1955 1985 1977 2038 ?
2010 1960 2051 2014 Β

402 2077 557 2133 llunc
605 2079 790 2146 itaque
831 2079 922 2148 qui
964 2079 1035 2132 ita
1080 2077 1267 2140 sentit,
1316 2076 1580 2146 legentem
1635 2077 1750 2130 lucc
1795 2076 1978 2144 arguit

392 2184 576 2225 sermo
625 2169 864 2233 divinus,
915 2179 972 2224 et
1021 2168 1205 2224 dicit'
1260 2184 1274 2221 :
1337 2187 1356 2220 ‹
1419 2167 1651 2222 Putasne
1705 2167 1965 2235 intelligis

390 2278 511 2331 quae
556 2262 735 2332 legis?
765 2283 783 2315 ›
820 2263 913 2316 Est
958 2277 1090 2332 ergo
1143 2261 1253 2327 lex,
1303 2271 1357 2315 et
1402 2260 1584 2315 omnia
1609 2275 1728 2330 qua:
1772 2261 1826 2314 in
1864 2260 1979 2330 lege

389 2367 540 2419 sunt,
587 2357 884 2410 secundum
938 2354 1178 2423 Apostoli
1234 2354 1559 2408 sententiam
1616 2354 1638 2383 ⁸
1683 2367 1854 2422 usque
1909 2353 1976 2407 ad

390 2456 602 2516 tempus
656 2448 1013 2502 correctionis
1057 2447 1331 2516 imposita,
1385 2454 1440 2500 et
1482 2446 1624 2499 sicut
1673 2445 1725 2499 hi
1777 2445 1977 2514 quibus

390 2539 683 2594 artiﬁcium
699 2549 784 2594 est
805 2540 956 2608 signa
979 2556 1044 2593 ex
1065 2554 1172 2593 aere
1193 2538 1396 2600 facere,
1419 2546 1472 2593 ει
1491 2545 1698 2592 statuas
1729 2537 1975 2602 fundere,

393 2643 687 2702 antequam
750 2647 944 2686 verum
976 2648 1111 2700 epus
1135 2632 1259 2686 aeris
1279 2631 1593 2700 producant,
1621 2641 1713 2683 aut
1743 2632 1977 2700 argenti,

395 2725 480 2779 vel
531 2727 672 2788 auri,
724 2724 1040 2794 ﬁgmentum
1099 2725 1250 2792 prius
1301 2723 1399 2777 luti
1442 2723 1508 2776 ad
1569 2723 1977 2778 similitudinem

391 2816 586 2872 futurae
637 2817 890 2886 imaginis
938 2815 1172 2870 formant
1218 2813 1334 2887 (79)
1386 2829 1402 2869 :
1448 2817 1592 2883 quod
1658 2814 1977 2885 ﬁgmentum

391 2909 760 2962 necessarium
794 2907 1012 2976 quidem
1060 2914 1164 2971 est,
1203 2905 1296 2958 sed
1350 2919 1633 2973 usquequo
1674 2919 1808 2974 opus
1831 2905 1977 2973 quod

388 2999 689 3069 principale
711 3008 812 3059 est,
839 2998 1125 3066 expleatur
1145 3015 1157 3048 :
1179 3011 1303 3050 cum
1326 3007 1508 3050 autem
1533 2997 1699 3050 fuerit
1720 2995 1974 3051 effectum

387 3110 525 3164 opus
553 3096 680 3150 illud
717 3103 938 3162 propter
969 3093 1112 3160 quod
1170 3091 1482 3159 figmentum
1513 3089 1611 3142 luti
1653 3089 1829 3143 fuerat
1866 3089 1980 3143 for-

390 3196 624 3251 matum,
658 3199 785 3236 usus
809 3181 923 3248 ejus
946 3181 1087 3234 ultra
1124 3195 1230 3232 non
1270 3181 1531 3246 qtmritur
1567 3196 1580 3230 :
1623 3178 1730 3231 tale
1769 3177 1977 3246 aliquid

387 3278 632 3346 intellige
659 3275 825 3328 etiam
861 3275 911 3326 in
948 3273 1052 3337 his,
1083 3287 1204 3340 quae
1248 3271 1302 3324 in
1344 3280 1467 3341 typo
1504 3278 1560 3323 et
1597 3269 1769 3339 ﬁgura
1827 3267 1978 3322 futu-
2005 3300 2046 3357 ε

396 3385 580 3424 rorum
621 3369 672 3421 in
706 3367 827 3436 lege
871 3375 922 3420 et
962 3363 1266 3433 prophetis,
1318 3363 1400 3416 vel
1439 3363 1663 3432 scripta,
1707 3361 1789 3416 vel
1826 3370 1974 3431 gesta

390 3470 536 3518 sunt.
566 3459 731 3515 Venit
764 3458 909 3511 enim
947 3459 1061 3525 ipse
1088 3457 1284 3511 artifex
1323 3465 1380 3509 et
1407 3463 1597 3508 auctor
1624 3455 1888 3516 omnium,
1918 3460 1975 3506 et

391 3551 560 3618 legem
592 3566 712 3619 quae
742 3551 990 3604 umbram
1030 3548 1604 3604 habebatfuturorum
1634 3543 1899 3598 honorum
1927 3544 1972 3609 ³,

392 3641 674 3695 transtulit
708 3644 775 3694 ad
810 3643 980 3710 ipsam
1021 3640 1310 3710 imaginem
1349 3653 1553 3692 rerum.
1583 3637 1690 3691 Sed
1728 3651 1795 3689 ne
1833 3635 1974 3691 forte

388 3730 601 3786 difﬁcile
637 3732 731 3786 tibi
767 3734 984 3801 probari
1025 3746 1184 3801 posse
1228 3744 1348 3799 qute
1389 3728 1626 3783 dicimus
1663 3727 1970 3793 videantur,

389 3838 725 3893 recognosce
755 3838 853 3892 per
875 3822 1113 3891 singula.
1143 3821 1272 3874 Erat
1303 3819 1454 3888 prius
1495 3817 1799 3873 Jerusalem
1843 3819 1975 3873 urbs

390 3915 479 3967 illa
536 3929 728 3984 magna
791 3914 1008 3982 regalis,
1085 3912 1174 3966 ubi
1228 3912 1487 3979 templum
1542 3909 1971 3964 famosissimum

387 4005 549 4079 245
579 4009 686 4061 Deo
719 4005 897 4060 fuerat
934 4014 1293 4060 exstructum.
1331 4003 1698 4072 Posteaquam
1719 4017 1850 4056 vero
1877 4016 1973 4056 ve-

387 4101 467 4153 nit
501 4099 607 4164 ille,
639 4099 728 4166 qui
777 4105 898 4151 erat
945 4111 1129 4150 verum
1177 4095 1432 4164 templum
1485 4093 1606 4160 Dei,
1659 4103 1712 4148 et
1761 4094 1975 4149 dicebat

387 4192 453 4245 de
485 4190 686 4258 templo
712 4189 960 4259 corporis
984 4188 1068 4243 sui
1107 4205 1120 4240 :
1156 4205 1173 4237 ι
1211 4185 1415 4240 Solvite
1443 4184 1698 4254 templum
1726 4185 1825 4239 hoc
1848 4185 1868 4214 ⁸
1899 4224 1915 4250 ,
1949 4203 1967 4237 ›

385 4294 442 4338 ει
487 4286 612 4352 quia
648 4282 886 4338 crelestis
931 4279 1234 4335 Jerusalem
1290 4279 1457 4348 coepit
1498 4280 1714 4348 aperire
1756 4289 1971 4349 mystew

390 4377 466 4428 ria
502 4393 515 4429 :
553 4375 730 4429 deleta
766 4385 850 4429 est
884 4373 973 4426 illa
1011 4382 1251 4436 terrena,
1287 4371 1379 4424 ubi
1413 4369 1655 4424 cmlestis
1675 4372 1925 4440 apparuit
1955 4387 1968 4423 :

387 4463 440 4516 in
472 4462 672 4532 templo
719 4461 810 4516 illo
861 4476 968 4514 non
1007 4457 1270 4513 remansit
1319 4457 1457 4527 lapis
1503 4473 1669 4526 super
1717 4458 1969 4528 lapidem,

387 4577 454 4616 ex
484 4575 592 4630 quo
617 4574 805 4614 vermn
844 4557 1104 4626 templum
1138 4557 1231 4610 Dei
1278 4555 1422 4610 facta
1473 4562 1553 4607 cst
1585 4568 1714 4608 caro
1744 4553 1967 4608 Christi.

2085 676 2250 745 plum.
2279 686 2332 729 et
2363 674 2542 728 omnia
2589 665 2676 724 illa
2719 671 2921 739 pariter
2955 669 3404 724 subverterentur
3430 685 3443 721 :
3472 681 3540 721 ne
3569 667 3663 734 qui

2086 769 2228 822 forte
2261 767 2439 822 adhuc
2469 763 2729 834 parvulus
2781 770 2836 815 et
2876 762 3084 815 lacteus
3133 761 3184 813 in
3231 759 3336 813 ﬁde
3375 758 3420 814 si
3457 758 3666 812 videret

2086 861 2174 913 illa
2233 867 2508 920 constare,
2542 857 2667 909 dum
2699 853 3094 908 sacrificiorum
3126 851 3311 911 ritum,
3349 850 3475 904 dum
3507 849 3672 902 mini-

2085 953 2375 1007 Steriorum
2426 951 2675 1004 ordinem
2720 948 2989 1002 attonitus
3027 951 3287 1013 stuperet,
3339 942 3456 1012 ipso
3486 943 3666 995 (livere

2085 1061 2271 1100 sarum
2312 1044 2608 1096 formarum
2639 1050 2922 1108 raperetur
2969 1038 3190 1092 intuitu.
3226 1035 3334 1089 Sed
3375 1034 3667 1104 providens

2085 1138 2226 1191 Deus
2263 1135 2566 1190 infirmitati
2607 1144 2830 1193 nostrae,
2863 1142 2916 1186 et
2958 1131 3144 1185 volens
3180 1127 3529 1197 multiplicari
3569 1126 3668 1180 Ec-

2084 1228 2300 1281 clesiam
2339 1243 2488 1280 suam
2515 1267 2529 1290 ,
2560 1227 2740 1278 unirria
2791 1226 2879 1278 illa
2927 1223 3170 1279 subverti
3203 1222 3332 1276 fecit
3360 1230 3414 1274 et
3449 1221 3671 1290 penitus

2084 1319 2386 1384 auferri,ut
2409 1319 2527 1371 sine
2559 1317 2665 1370 ulla
2699 1317 3046 1371 cunctatione
3073 1313 3178 1369 illis
3195 1311 3670 1368 cessantibushacc

2085 1427 2210 1465 vera
2262 1425 2382 1465 esse
2410 1451 2426 1478 ,
2480 1425 2580 1481 pro
2617 1408 2813 1479 quibus
2855 1411 2906 1462 in
2943 1408 3050 1462 illis
3083 1417 3238 1477 typus
3292 1414 3668 1476 praecesserat,

2084 1504 2452 1559 crederemus.

2153 1593 2210 1651 2.
2245 1591 2400 1648 Unde
2433 1605 2487 1648 et
2513 1607 2659 1648 nunc
2685 1592 2912 1648 dicenda
2949 1592 3105 1647 uobis
3139 1601 3266 1647 sunt
3296 1591 3475 1662 aliqua
3507 1592 3668 1647 etiam

2085 1686 2151 1738 ad
2183 1699 2298 1746 cos,
2326 1685 2423 1752 'qui
2461 1693 2651 1752 putant
2688 1699 2788 1753 pro
2821 1684 3076 1736 mamlato
3121 1681 3255 1751 legis
3306 1679 3409 1735 sibi
3451 1696 3670 1750 quoque

2081 1775 2389 1830 Jud:eorum
2414 1776 2678 1845 jejunium
2709 1775 3089 1843 jejunandum,
3120 1781 3176 1826 et
3211 1773 3387 1840 primo
3426 1773 3668 1830 omnium

2086 1867 2433 1922 sermonibus
2467 1877 2591 1920 utar
2642 1867 2794 1920 Pauli
2829 1865 3065 1920 dicentis
3100 1883 3112 1918 :
3145 1865 3269 1933 quia
3306 1864 3349 1916 si
3400 1863 3521 1932 quis
3553 1863 3665 1917 vult

2083 1974 2246 2011 unum
2284 1959 2487 2027 aliquid
2519 1956 2798 2012 custodire
2850 1957 2916 2011 de
2966 1955 3440 2012 observationibus
3505 1955 3661 2024 legis,

2088 2068 2105 2100 ι
2137 2051 2409 2105 obnoxius
2457 2059 2541 2104 est
2595 2050 2868 2103 univcrsm
2925 2046 3056 2116 legis
3109 2046 3373 2101 faciendae
3414 2043 3458 2101 '.
3499 2065 3518 2098 ι
3561 2046 3667 2113 Qui

2081 2158 2211 2213 ergo
2240 2144 2496 2197 observat
2533 2142 2634 2196 ista
2664 2139 2902 2208 jejunia,
2953 2138 3213 2193 ascendat
3241 2146 3294 2192 et
3325 2147 3406 2193 ter
3434 2138 3486 2191 in
3525 2153 3670 2193 anno

2083 2237 2136 2290 in
2180 2235 2483 2291 Jerusalem
2510 2274 2525 2300 ,
2577 2246 2636 2287 ιιι
2681 2240 2940 2303 appareat
2970 2242 3095 2286 ante
3128 2231 3383 2300 templum
3429 2232 3667 2298 Domini,

2083 2337 2140 2382 ut
2179 2327 2375 2383 efferat
2406 2342 2463 2382 se
2484 2327 2788 2390 sacerdoti;
2820 2325 3061 2394 requirat
3094 2324 3265 2378 altare
3292 2325 3438 2394 quod
3468 2326 3518 2379 in
3551 2326 3671 2395 pul-

2082 2433 2264 2473 verem
2316 2433 2527 2472 versum
2585 2426 2709 2482 est,
2766 2415 2961 2470 offerat
3011 2414 3217 2469 hostias
3265 2415 3414 2469 nullo
3452 2426 3665 2469 astante

2081 2511 2358 2581 porrtifice.
2406 2508 2684 2579 Scriptum
2717 2516 2798 2562 est
2836 2508 2980 2561 enim
3007 2507 3060 2574 ⁸,
3105 2514 3163 2560 ιιι
3191 2507 3327 2561 duos
3357 2507 3539 2562 hircos
3584 2509 3660 2574 je-

2076 2601 2280 2670 junans
2307 2600 2539 2670 populus
2572 2599 2766 2654 offerat
2805 2597 3158 2662 sacriﬁcium,
3196 2613 3360 2667 super
3385 2613 3522 2668 quos
3543 2614 3666 2653 sor-

2085 2703 2163 2749 tes
2187 2693 2328 2747 mitti
2366 2692 2620 2755 debeant,
2657 2700 2713 2745 ut
2740 2706 2879 2746 unus
2917 2705 2981 2745 ex
3013 2691 3098 2744 his
3140 2690 3231 2744 ﬁat
3276 2691 3490 2746 Domini
3524 2707 3667 2758 sors,

2081 2796 2134 2841 et
2160 2784 2340 2839 hostia
2373 2784 2601 2838 Domino
2631 2781 2924 2849 offeratur;
2971 2783 3199 2837 alterius
3229 2799 3359 2838 vero
3401 2799 3522 2839 sors
3552 2786 3667 2849 ﬁat,

2084 2888 2143 2932 ut
2179 2877 2482 2932 dimittatur
2528 2876 2582 2930 in
2633 2889 2875 2930 eremum
2927 2875 3082 2929 vivus
3110 2918 3124 2941 ,
3164 2876 3254 2943 qui
3288 2884 3343 2929 et
3375 2875 3576 2930 habeat
3611 2878 3667 2932 in

2082 2987 2143 3027 se
2188 2979 2414 3040 peccata
2467 2968 2674 3038 populi.
2733 2965 2857 3022 llazc
2903 2965 3000 3022 tibi
3047 2969 3229 3022 omnia
3266 2981 3669 3038 consequenter

2081 3063 2348 3132 explenda
2379 3069 2525 3127 sunt,
2562 3059 2652 3129 qui
2700 3059 2781 3114 vis
2811 3059 3111 3115 secundum
3157 3071 3487 3128 prteccptum
3533 3061 3667 3128 legis

2081 3156 2374 3208 observare
2419 3152 2684 3221 jejunium
2736 3169 2750 3206 :
2797 3151 2863 3206 de
2897 3151 3096 3220 quibus
3143 3169 3173 3206 a
3211 3151 3364 3208 nobis
3404 3154 3621 3222 quldem
3651 3195 3668 3217 ,

2082 3253 2245 3316 prout
2288 3247 2590 3314 potuimus,
2645 3243 2914 3314 superiori
2966 3243 3336 3312 disputatione
3370 3245 3665 3300 dissertum

2081 3347 2183 3394 est.
2219 3335 2422 3392 Tamen
2466 3337 2722 3406 quOniam
2767 3338 2918 3392 dives
2949 3345 3032 3390 est
3087 3352 3271 3392 sermo
3316 3338 3436 3402 Dei,
3474 3346 3528 3392 et
3580 3352 3668 3393 se-

2079 3431 2315 3484 cundum
2369 3429 2698 3484 sententiam
2757 3427 3070 3482 Salomonis
3109 3428 3130 3461 ⁹
3169 3443 3277 3482 non
3324 3428 3666 3497 simpliciter,

2079 3523 2174 3578 sed
2200 3531 2254 3578 et
2285 3522 2571 3592 dupliciter
2593 3531 2645 3576 et
2678 3520 2970 3590 tripliciter
2993 3521 3385 3576 describendus
3414 3521 3466 3576 in
3502 3522 3669 3577 corde

2078 3626 2182 3683 est,
2221 3625 2496 3671 tentemus
2527 3616 2687 3670 etiam
2719 3630 2866 3669 nunc
2895 3613 3096 3668 addere
3129 3613 3310 3683 aliqua
3339 3614 3404 3669 ad
3431 3630 3514 3679 ea,
3545 3628 3666 3682 quze

2078 3709 2279 3763 dudum
2314 3724 2411 3778 pro
2440 3708 2650 3763 viribus
2689 3709 2833 3764 dicta
2865 3715 3012 3777 sunt,
3053 3716 3112 3762 ut
3157 3709 3510 3763 ostendamus
3539 3723 3669 3776 quo-

2079 3804 2238 3857 modo
2267 3803 2317 3856 in
2351 3810 2478 3873 typo
2511 3801 2823 3856 futurorum
2849 3803 3014 3855 etiam
3040 3801 3129 3855 hic
3159 3814 3297 3856 unus
3327 3801 3512 3856 hircus
3557 3801 3664 3855 Do-

2078 3894 2226 3947 mino
2253 3892 2468 3948 oblatus
2497 3901 2580 3948 est
2629 3892 2827 3954 hostia,
2883 3901 2936 3946 et
2991 3893 3130 3947 alius
3173 3892 3330 3947 vivus
3379 3892 3664 3946 dimissus.

2077 3983 2217 4040 Audi
2249 3986 2300 4040 in
2343 3984 2657 4055 Evangeliis
2691 3983 2920 4039 Pilatum
2954 3985 3222 4039 dicentem
3254 3985 3319 4038 ad
3350 3987 3666 4040 sacerdotes

2077 4088 2131 4133 et
2158 4078 2418 4147 populum
2448 4071 2762 4132 Iudaeorum
2801 4076 2843 4106 ¹⁰
2871 4091 2884 4128 :
2923 4095 2941 4126 ι
2977 4076 3144 4142 Quem
3172 4075 3336 4130 vultis
3364 4077 3429 4130 de
3457 4077 3669 4132 duobus

2078 4171 2348 4224 dimittam
2401 4171 2599 4234 vobis,
2661 4169 2846 4223 .lesum
2905 4169 2994 4237 qui
3051 4167 3252 4220 dicitur
3280 4167 3556 4232 Christus,
3596 4183 3665 4223 an

2076 4259 2424 4316 Barabbam?
2455 4282 2473 4313 ι
2511 4261 2666 4315 Tunc
2699 4259 2960 4313 clamavit
2986 4258 3165 4312 omnis
3195 4259 3446 4328 populus,
3479 4267 3536 4311 ut
3563 4258 3667 4310 Ba-

2077 4356 2300 4409 rabbam
2360 4354 2702 4414 dimitteret,
2752 4351 2938 4406 Jcsum
2998 4365 3127 4405 vero
3178 4351 3338 4404 morti
3401 4351 3664 4406 traderet.

2079 4449 2214 4504 Ecce
2252 4445 2420 4502 habes
2460 4443 2672 4500 hirCuttt
2715 4444 2807 4514 qui
2863 4445 3120 4498 dimissus
3149 4451 3235 4498 est
3264 4443 3420 4499 vivus
3452 4443 3504 4497 in
3539 4458 3665 4498 ere-

2078 4558 2260 4600 mum,
2293 4549 2516 4609 peecata
2560 4552 2741 4591 secum
2784 4534 2964 4604 populi
3019 4534 3237 4601 ferens,
3289 4533 3580 4588 clamantis
3608 4542 3664 4588 et

389 4654 523 4708 Erat
567 4654 716 4722 prius
755 4651 998 4722 pontifex
1058 4650 1324 4719 sanguine
1376 4657 1654 4701 taurorum
1696 4657 1748 4700 et
1795 4646 1974 4700 hirco-

2080 4632 2311 4685 dicentis
2348 4631 2385 4660 ¹¹
2419 4647 2431 4681 :
2472 4647 2489 4679 ι
2523 4627 2830 4697 Cruciﬁgc,
2867 4625 3150 4695 cruciﬁge.
3186 4641 3204 4676 ι
3258 4625 3362 4679 lste
3414 4635 3499 4680 est
3533 4640 3664 4695 ergo

387 4763 506 4803 rum
564 4745 861 4812 purificans
903 4743 1158 4812 populum
1199 4760 1210 4795 :
1244 4742 1337 4796 sed
1369 4755 1433 4794 ex
1472 4754 1580 4808 quo
1618 4739 1766 4793 venit
1813 4751 1970 4791 verus

388 4837 654 4910 pontifex,
690 4837 781 4906 qui
828 4835 1091 4904 sanguine
1121 4847 1218 4887 suo
1247 4832 1620 4887 sanctificaret
1657 4829 1966 4892 credentes,

388 4946 654 5001 nusquam
696 4939 777 4983 est.
812 4927 900 4982 ille
933 4926 1178 4996 pontifex
1227 4925 1400 4994 prior,
1445 4938 1546 4978 nec
1581 4921 1724 4975 ullus
1752 4922 1800 4975 ei
1837 4921 1966 4975 reli-

386 5033 509 5081 ctus
540 5034 620 5078 est
655 5023 825 5077 locus.
859 5021 1044 5074 Altare
1084 5019 1185 5072 fuit
1225 5018 1402 5086 prius,
1436 5026 1489 5071 et
1520 5015 1787 5069 sacriﬁcia
1828 5012 1970 5067 cele-

387 5117 685 5172 brabantur
716 5132 729 5168 :
763 5115 854 5168 sed
891 5123 949 5165 ut
995 5111 1146 5165 venit
1183 5124 1344 5163 verus
1373 5109 1563 5177 Agnus
1598 5105 1690 5175 qui
1728 5105 1966 5172 seipsum

389 5211 622 5266 hostiam
661 5207 860 5261 obtulit
891 5205 1026 5270 Deo,
1065 5213 1262 5258 cuneta
1299 5202 1387 5255 illa
1418 5200 1566 5254 velut
1596 5215 1694 5268 pro
1725 5206 1968 5266 tempore

388 5303 565 5372 posita
589 5307 964 5356 cessaverunt.
1000 5297 1114 5352 Non
1152 5298 1247 5352 tibi
1285 5310 1415 5366 ergo
1445 5294 1659 5347 videtur
1687 5291 1830 5360 quod
1883 5305 1969 5345 se-

386 5399 622 5452 cundum
657 5397 882 5465 figuram
919 5409 1078 5460 quam
1113 5407 1272 5460 supra
1308 5389 1614 5460 posuimus,
1663 5385 1830 5438 veluti
1857 5382 1969 5437 for-

387 5504 488 5544 ma:
524 5488 724 5541 fuerint
751 5485 996 5554 quaedam
1028 5498 1057 5536 c
1085 5482 1199 5534 luto
1228 5481 1388 5541 fictae,
1435 5493 1533 5548 per
1559 5491 1695 5546 quas
1717 5472 1967 5528 veritatis

385 5581 830 5650 exprimerentur
861 5571 1163 5642 imagines?
1201 5569 1490 5638 Propterea
1521 5566 1755 5634 denique
1786 5562 1968 5617 divina

458 5673 480 5704 '
514 5673 684 5727 Levit.
714 5685 823 5723 xvi.
901 5667 921 5698 ³
945 5668 1067 5720 Act.
1097 5681 1214 5728 vni,
1248 5665 1336 5719 '50.
1414 5663 1435 5694 ⁵
1469 5661 1603 5716 lleh.
1634 5676 1708 5715 ιιι.

385 5743 411 5776 ⁹
441 5743 601 5798 Prov.
636 5758 716 5796 Ill.
798 5740 840 5770 ¹⁰
869 5737 1057 5792 Matth.
1091 5753 1257 5801 χχιιι,
1295 5735 1382 5787 17.
1461 5732 1501 5762 ¹¹
1533 5732 1665 5786 Luc.
1701 5729 1951 5792 unﬁt.

461 5839 575 5910 (79)
609 5837 764 5892 ιλιι).
789 5837 939 5892 editi.
981 5854 1001 5910 ι
1035 5834 1300 5888 formant:
1334 5847 1436 5886 non
1469 5829 1612 5910 quod
1649 5828 1965 5910 figmentum

392 5898 760 5968 necessarium
790 5909 878 5976 sit,
910 5907 1002 5962 sed
1033 5918 1338 5975 usquequo,
1373 5921 1390 5953 ι
1420 5898 1524 5955 eté.
1561 5898 1666 5955 Sed
1731 5911 1864 5952 mss.
1909 5904 1970 5949 ut

1785 5658 1806 5690 ³
1840 5656 1972 5712 lleb.
2004 5671 2060 5721 χ,
2095 5654 2143 5708 l.

2080 4724 2269 4778 hircus
2299 4723 2453 4775 vivus
2486 4720 2744 4774 dimissus
2775 4720 2827 4772 in
2861 4733 3105 4774 eremum
3157 4736 3171 4774 :
3214 4727 3266 4773 et
3300 4717 3388 4772 ille
3423 4727 3504 4774 est
3556 4719 3663 4772 hir-

2077 4831 2197 4883 cus,
2224 4815 2313 4884 qui
2350 4814 2578 4868 Domino
2603 4812 2820 4867 oblatus
2845 4820 2929 4866 est
2960 4811 3134 4866 hostia
3159 4811 3224 4865 ad
3253 4810 3658 4880 reprapitianda

2077 4918 2326 4978 peccata,
2361 4917 2415 4960 et
2448 4920 2632 4959 veram
2662 4902 3104 4972 propitiatiouem
3141 4901 3192 4955 in
3223 4916 3281 4956 se
3313 4901 3662 4956 credentibus

2073 5001 2287 5070 populis
2325 5000 2473 5054 fecit.
2509 4996 2660 5064 Quod
2691 4995 2735 5050 si
2768 5004 2823 5048 et
2852 4995 2956 5050 hoc
2991 4994 3258 5063 requiras,
3296 4994 3419 5063 quis
3461 4995 3533 5049 sit
3568 4992 3662 5063 qui

2077 5095 2218 5148 hunc
2253 5093 2463 5146 hircum
2510 5089 2767 5158 perduxit
2797 5085 2908 5159 (80)
2944 5087 2994 5139 in
3023 5099 3289 5151 eremum,
3315 5093 3373 5138 ut
3401 5085 3663 5153 probetur

2078 5187 2130 5240 in
2167 5200 2232 5240 eo
2273 5185 2435 5238 etiam
2480 5184 2622 5250 quod
2680 5181 2820 5234 lotus
2866 5179 2936 5232 sit
2999 5185 3056 5232 et
3107 5179 3339 5231 mundus
3391 5174 3615 5230 effectus
3643 5212 3658 5238 ,

2073 5289 2254 5354 potest
2312 5276 2523 5330 Pilatus
2579 5273 2696 5340 ipse
2748 5271 2920 5342 accipi
2967 5269 3132 5324 homo
3189 5279 3430 5339 paratus.
3481 5263 3660 5320 Judex

2073 5379 2272 5446 quippe
2305 5373 2482 5442 gentis
2517 5371 2684 5441 ipsius
2726 5375 2874 5429 erat,
2922 5365 3013 5434 qui
3052 5378 3174 5417 eum
3207 5376 3302 5431 per
3328 5357 3655 5414 sententiam

2073 5445 2227 5524 suam
2261 5463 2445 5519 emisit
2477 5463 2531 5516 in
2567 5473 2835 5514 eremum.
2883 5455 3019 5509 Audi
3056 5462 3234 5505 autem
3272 5449 3544 5518 quomodo
3577 5445 3658 5499 to-

2074 5568 2161 5612 tus
2191 5556 2259 5609 sit
2301 5564 2354 5608 et
2386 5552 2618 5606 mundus
2662 5548 2910 5603 effectus.
2956 5544 3090 5598 Cum
3125 5542 3189 5595 ad
3223 5537 3474 5609 p0pulum
3503 5537 3654 5591 dice-

2222 5651 2242 5682 ⁸
2267 5649 2424 5703 Joan.
2463 5662 2525 5712 ιι,
2563 5645 2648 5700 l9.
2749 5643 2769 5673 "
2799 5640 2920 5696 Gal.
2947 5653 2997 5702 v,
3027 5639 3082 5692 5.
3184 5633 3205 5664 ⁸
3233 5631 3411 5686 Levit.
3451 5645 3565 5695 xvi,
3598 5631 3652 5684 ὃ.

2079 5823 2131 5877 in
2152 5825 2802 5962 F805)"ll(lsls‘lftypcrduxit.
2834 5891 2852 5924 ι
2888 5870 3048 5926 Libb.
3084 5866 3242 5932 editi,
3278 5885 3295 5918 ι
3323 5863 3599 5936 produxit.
3628 5879 3646 5911 ι
