4124 6396
488 474 589 528 5L7

486 601 564 645 ret
592 588 629 618 ¹’
660 610 671 644 :

485 684 779 741 Christus?
806 702 824 736 ι
852 692 905 736 et
936 684 1291 739 acclamasset
1318 685 1495 738 omnis
1521 686 1764 754 populus,
1786 686 2058 741 (Νι-(³118³2

485 800 505 832 ι
544 781 599 834 Si
630 780 774 833 hunc
805 774 1056 841 dimittis,
1092 792 1197 831 non
1242 792 1303 832 es
1328 778 1537 831 amicus
1564 776 1837 843 Caesaris;
1880 799 1895 829 ι
1937 789 2064 835 tunc

480 873 765 942 poposcit,
810 872 1004 940 inquit,
1049 870 1274 933 Pilatus,
1328 886 1545 940 aquam,
1581 880 1635 925 et
1682 870 1814 926 lavit
1871 888 2064 926 manus

478 984 605 1022 suas
633 982 819 1023 coram
852 967 1071 1037 populo.
1097 962 1348 1019 dicens“
1387 981 1400 1018 :
1440 982 1457 1014 ι
1496 963 1725 1019 Mundus
1754 980 1855 1037 ego
1885 980 2002 1019 sum
2034 983 2063 1019 a

478 1060 747 1129 sanguine
776 1058 894 1126 ejus
921 1098 935 1117 ,
984 1073 1078 1111 vos
1123 1057 1394 1112 videritis.
1436 1076 1454 1107 ›
1490 1056 1583 1111 Sic
1623 1070 1755 1125 ergo
1796 1056 2064 1112 videbitur

482 1150 607 1204 lotis
652 1150 906 1205 manibus
952 1150 1065 1204 suis
1102 1150 1334 1202 mundus
1371 1146 1614 1202 elIectus.
1648 1146 1840 1201 Nostra
1877 1148 2061 1218 igitur,

479 1245 531 1298 id
570 1253 655 1298 est
706 1242 797 1312 qui
833 1258 938 1297 non
970 1242 1176 1296 umbrae
1226 1250 1280 1294 et
1325 1239 1621 1309 exemplari
1654 1240 1943 1306 servimus,
1971 1240 2063 1293 sed

479 1336 723 1397 veritati,
757 1335 871 1389 bare
908 1347 991 1390 est
1044 1332 1449 1403 propitiationis
1504 1332 1643 1395 dies,
1694 1332 1747 1384 in
1799 1348 1903 1400 qua
1938 1332 2061 1385 data

478 1439 563 1481 est
618 1428 776 1481 nobis
833 1426 1083 1479 remissio
1132 1433 1515 1491 peccatorum,
1557 1437 1679 1474 cum
1727 1422 1923 1490 pascha
1964 1437 2061 1475 uo-

478 1533 654 1575 struui
686 1518 997 1575 immolatus
1020 1526 1107 1571 est
1134 1517 1383 1571 Christus
1411 1517 1475 1568 ¹⁸.
1510 1516 1792 1583 Quomodo
1823 1530 1949 1583 ergo
1974 1529 2066 1567 eo.

478 1611 625 1677 gnita
682 1608 915 1661 veritate
957 1606 1330 1660 convertimur
1384 1606 1575 1658 iterum
1629 1605 1695 1657 ad
1750 1606 1963 1657 infirma
2011 1612 2067 1657 et

476 1717 645 1769 egena
676 1700 943 1754 elementa
987 1698 1146 1767 hujus
1199 1697 1410 1760 mundi,
1459 1696 1655 1765 quibus
1688 1710 1877 1748 rursus
1906 1712 1934 1747 a
1968 1710 2062 1748 ca-

477 1796 585 1862 pite
616 1792 823 1848 servire
858 1791 1044 1854 vultis,
1082 1791 1198 1844 dies
1227 1790 1606 1851 observantes,
1647 1797 1702 1841 et
1737 1802 1972 1850 menses,
2009 1795 2063 1840 et

477 1897 747 1954 tempora,
794 1895 847 1938 et
880 1882 1097 1937 annos?
1124 1882 1262 1936 Audi
1289 1880 1563 1952 quomodo
1595 1883 1756 1934 etiam
1798 1881 2060 1948 propheta

476 1979 788 2047 hujnsmodi
815 1977 1083 2047 jejunium
1120 1976 1369 2045 respuit,
1403 1982 1458 2027 et
1494 1973 1626 2027 dicit
1649 1973 1693 2003 "
1721 1990 1733 2025 :
1764 1990 1782 2022 ι
1814 1971 1928 2025 Νοιι
1961 1973 2063 2027 hoc

468 2070 739 2141 jejunium
774 2069 936 2140 elegi,
971 2067 1105 2122 dicit
1145 2066 1406 2120 Dominus
1431 2106 1445 2130 ,
1497 2078 1672 2133 neque
1706 2064 1846 2117 diem
1880 2074 1937 2115 ut
1969 2064 2062 2117 hu-

476 2165 649 2218 iuilict
692 2164 857 2217 homo
904 2160 1140 2214 animam
1179 2173 1355 2213 suam.
1384 2175 1401 2208 ι
1464 2154 1545 2209 Τιι
1601 2155 1645 2210 si
1691 2156 1772 2208 vis
1812 2153 2061 2225 jejuuare

474 2257 777 2312 secundum
820 2252 1095 2309 Christum
1138 2259 1191 2304 et
1239 2248 1529 2303 humiliare
1581 2248 1818 2300 animam
1872 2258 2013 2301 tuam
2042 2289 2056 2312 ,

474 2363 637 2401 omne
668 2345 764 2400 tibi
804 2354 1015 2412 tempus
1044 2350 1225 2411 aptum
1263 2348 1346 2395 est
1373 2337 1485 2409 (81)
1520 2338 1689 2393 totius
1751 2338 1911 2402 anni;
1952 2338 2059 2391 imo

476 2440 647 2493 totius
690 2438 810 2491 vitae
855 2446 958 2491 tua:
992 2435 1112 2489 dies
1156 2434 1355 2489 habeto
1398 2432 1463 2485 ad
1502 2430 1891 2486 liumiliaudam
1932 2430 2058 2484 ani-

475 2550 620 2587 mam
655 2542 824 2595 tuam,
860 2530 903 2587 si
941 2540 1122 2585 tamen
1157 2527 1394 2583 didicisti
1440 2541 1467 2578 a
1505 2525 1733 2579 Domino
1772 2522 2061 2578 Salvatore

476 2637 688 2689 nostro,
729 2624 852 2695 quia
888 2622 1035 2677 niitis
1066 2631 1149 2677 est
1180 2632 1233 2676 et
1260 2620 1479 2675 humilis
1512 2620 1679 2673 corde
1726 2619 1789 2669 ’⁷.
1830 2616 2058 2684 Quando

475 2734 607 2788 ergo
636 2733 742 2773 non
776 2724 859 2772 cst
898 2716 994 2771 tibi
1028 2714 1431 2769 humiliatienis
1467 2711 1611 2776 dies,
1656 2711 1747 2780 qui
1777 2708 2058 2764 Christum

475 2811 748 2881 sequeris,
786 2810 879 2880 qui
905 2818 987 2863 est
1022 2807 1242 2862 humilis
1268 2806 1436 2861 corde
1457 2848 1472 2872 ,
1502 2815 1555 2858 et
1591 2804 1915 2859 humilitatis
1947 2817 2063 2855 ma-

476 2903 690 2974 gister?
722 2902 798 2956 Tu
837 2902 1023 2969 itaque
1046 2902 1089 2956 si
1121 2900 1201 2954 vis
1236 2897 1508 2967 jejunare,
1537 2897 1723 2968 jejuna
1758 2896 2058 2951 secundum

474 3005 803 3066 prmceptum
849 2992 1155 3065 Evangelii,
1187 3000 1239 3047 et
1268 2993 1497 3046 observa
1537 2991 1587 3043 in
1618 2988 1841 3059 jejuniis
1886 3004 2060 3044 evan-

470 3088 674 3159 gelieas
704 3089 871 3158 leges,
902 3086 955 3140 in
983 3087 1183 3156 quibus
1231 3086 1333 3141 hoc
1378 3084 1537 3138 modo
1582 3082 1837 3138 Salvator
1880 3084 1948 3137 de
1978 3083 2060 3153 je-

470 3179 637 3249 juniis
666 3179 887 3235 mandat
918 3178 959 3210 ¹⁸
995 3195 1008 3231 :
1042 3195 1062 3230 ι
1102 3176 1179 3232 Tu
1213 3186 1392 3234 autem
1438 3177 1482 3232 si
1512 3176 1754 3244 jejunas,
1789 3191 1931 3247 unge
1963 3190 2057 3230 ca-

1931 470 2253 527 ORIGENIS

717 609 732 639 ι
775 589 947 645 Vultis
984 588 1257 642 dimittam
1288 590 1444 644 vobis
1491 589 1697 654 Jesuni,
1730 595 1820 661 qui
1862 595 2059 649 dicitur
2089 597 2136 656 Α
2165 595 2317 648 adire
2350 595 2658 664 pontificem
2694 604 2845 650 tuum
2889 595 3189 661 Christum,
3222 596 3313 666 qui
3339 595 3525 665 utique
3557 612 3662 650 nou
3698 600 3754 655 in

3653 474 3754 531 598

2169 687 2331 740 terris
2368 688 2731 757 requirendus
2770 697 2874 749 est.
2918 688 3009 743 sed
3042 691 3093 741 in
3126 688 3314 752 caelis,
3360 698 3416 741 et
3443 704 3543 758 per
3577 689 3752 758 ipsum

2166 779 2329 834 debes
2361 778 2559 834 offerre
2584 780 2820 836 hostiam
2848 781 2977 834 Deo.
3006 778 3098 833 Vis
3126 780 3222 834 tibi
3254 779 3430 833 adhuc
3466 784 3750 835 ostendam

2165 870 2325 939 quale
2376 880 2426 924 te
2490 880 2708 941 oportet
2775 870 3025 940 jejunare
3079 867 3392 937 jejunium?
3440 867 3634 937 Jejuna
3682 871 3751 927 ab

2166 964 2311 1019 omni
2347 973 2591 1031 peccato,
2641 966 2848 1020 nullum
2879 964 3059 1019 cibum
3090 978 3273 1017 sumas
3303 961 3543 1027 malitias,
3575 961 3752 1015 nullas

2165 1055 2352 1124 capias
2408 1056 2593 1123 epulas
2641 1058 2957 1125 voluptatis,
3008 1056 3154 1112 nullo
3186 1057 3313 1111 vino
3350 1054 3579 1108 luxuria:
3620 1068 3750 1107 con-

2167 1148 2425 1203 calescas.
2461 1148 2652 1222 Jejuna
2698 1166 2727 1205 a
2783 1152 2939 1207 malis
2991 1152 3229 1218 actibus,
3278 1149 3491 1205 abstine
3532 1162 3558 1201 a
3593 1147 3749 1202 malis

2166 1240 2532 1305 sermonibus,
2588 1242 2807 1296 contine
2848 1253 2898 1295 te
2938 1256 2968 1295 a
3018 1240 3442 1311 cogitationibus
3474 1238 3747 1309 pessimis.

2169 1326 2286 1383 Noli
2324 1332 2641 1401 contingere
2682 1348 2848 1402 panes
2896 1331 3126 1387 furtivos
3162 1346 3431 1402 perversa:
3464 1333 3747 1385 doctrinae.

2167 1420 2284 1475 Non
2322 1425 2679 1492 concupiscas
2734 1423 2956 1479 fallaces
3000 1425 3355 1494 philosophia:
3408 1424 3603 1489 cibos,
3656 1428 3748 1492 qui

2169 1523 2220 1567 te
2248 1529 2276 1566 a
2312 1516 2543 1570 veritate
2573 1518 2860 1572 seducant.
2911 1517 3041 1573 Tale
3090 1518 3361 1587 jejunium
3403 1518 3512 1572 Deo
3550 1518 3745 1586 placet.

2166 1604 2456 1660 Abstinere
2485 1622 2614 1662 vero
2639 1622 2668 1661 a
2696 1609 2859 1673 cibis,
2896 1625 3032 1677 quos
3078 1610 3219 1664 Deus
3252 1611 3459 1664 ereavit
3485 1650 3499 1674 ,
3531 1610 3599 1663 ad
3627 1625 3750 1677 per-

2166 1696 2482 1765 cipiendum
2523 1712 2649 1751 cum
2694 1701 2994 1768 gratiarum
3023 1700 3235 1755 actione
3263 1701 3533 1767 fidelibus,
3563 1711 3614 1755 et
3649 1701 3751 1754 hoc

2168 1787 2351 1843 facere
2386 1805 2510 1843 cum
2549 1790 2635 1844 his
2681 1793 2774 1859 qui
2808 1790 3088 1846 Christum
3124 1794 3541 1861 crucifixerunt,
3586 1810 3746 1850 acce-

2168 1888 2317 1947 ptum
2354 1895 2474 1934 esse
2502 1896 2611 1933 non
2636 1892 2813 1950 potest
2842 1882 2975 1939 Deo.
3006 1884 3270 1956 ludiguati
3304 1896 3430 1941 sunt
3460 1886 3746 1955 aliquando

2163 1981 2215 2023 et
2243 1972 2499 2027 Pharisaei
2549 1974 2800 2039 Domino,
2850 1992 2951 2031 cur
2999 1992 3108 2033 non
3152 1977 3461 2048 jejunareut
3488 1978 3746 2048 discipuli

2162 2065 2301 2133 ejus.
2333 2064 2544 2132 Quibus
2591 2068 2679 2123 ille
2715 2071 3028 2139 respondit,
3072 2071 3201 2141 quia
3250 2086 3361 2126 non
3397 2084 3624 2142 possunt
3651 2073 3745 2127 ﬁlii

2162 2160 2345 2225 sponsi
2377 2159 2631 2227 jejunare
2672 2164 2914 2232 quandin
2958 2178 3081 2219 eum
3117 2164 3248 2233 ipsis
3288 2175 3374 2220 est
3420 2181 3654 2235 sponsus
3676 2166 3738 2217 ".

2164 2251 2244 2305 llli
2296 2267 2428 2321 ergo
2469 2252 2717 2322 jejuucnt
2753 2258 2846 2324 qui
2898 2256 3250 2326 perdiderunt
3293 2271 3592 2327 sponsum,
3647 2272 3747 2312 nos

2164 2344 2425 2400 habentes
2448 2346 2733 2401 nobiscum
2756 2361 3012 2429 sponsum
3034 2346 3283 2416 jejunare
3306 2365 3411 2404 non
3435 2364 3741 2417 possumus.

2163 2435 2273 2491 Nec
2302 2437 2405 2491 hoc
2441 2446 2622 2493 tamen
2658 2439 2781 2495 ideo
2809 2440 3062 2507 dicimus,
3102 2451 3161 2495 ut
3215 2442 3559 2496 abstinentia:
3586 2443 3746 2497 Chri-

2162 2529 2361 2582 stiana:
2399 2530 2551 2584 frena
2587 2530 2855 2586 laxemus.
2912 2531 3187 2587 Habemus
3222 2533 3362 2586 enim
3396 2534 3747 2604 quadragesi-

2164 2640 2266 2678 ma:
2310 2625 2427 2679 dies
2472 2623 2699 2693 jcjuniis
2758 2635 3129 2679 consecratos.
3174 2621 3451 2680 Habemus
3494 2638 3742 2696 quartam

2162 2726 2216 2772 et
2239 2727 2447 2772 sextam
2479 2718 2798 2785 septimana:
2844 2719 2980 2782 dies,
3032 2716 3235 2787 quibus
3262 2717 3579 2774 solemniter
3606 2719 3745 2788 jejua

2163 2822 2361 2862 namus
2387 2806 2521 2879 (εὖ).
2556 2807 2653 2864 Est
2675 2820 2825 2864 certe
2853 2810 3080 2867 libertas
3109 2814 3425 2870 Christiano
3455 2830 3552 2884 per
3582 2830 3743 2869 omne

2166 2906 2379 2965 tempus
2410 2898 2717 2968 jejunaudi,
2775 2918 2881 2955 non
2918 2904 3285 2960 observantiae
3331 2908 3744 2976 superstitione,

2162 2989 2259 3043 sed
2305 2990 2509 3044 virtute
2548 2994 2925 3049 continentiae.
2966 2993 3103 3049 Nam
3149 3001 3421 3067 quomodo
3470 3000 3611 3068 apud
3652 3016 3746 3055 eos

2161 3083 2385 3136 castitas
2436 3083 2748 3154 incorrupta
2774 3098 3044 3153 servatur,
3079 3089 3181 3143 nisi
3215 3092 3543 3146 arctioribus
3570 3094 3749 3147 conti-

2165 3175 2368 3229 nentize
2410 3174 2540 3229 fulta
2591 3177 2892 3234 subsidiis?
2933 3179 3214 3246 Quomodo
3264 3181 3563 3252 Scripturis
3618 3199 3746 3253 ope-

476 3282 569 3341 put
599 3282 772 3337 tuum,
796 3270 1067 3325 etfaciem
1114 3278 1265 3325 tuam
1310 3270 1447 3324 lava.
1480 3288 1501 3321 ι
1546 3269 1700 3337 Quod
1735 3270 1777 3324 si
1826 3269 2059 3339 requiris
2087 3276 2129 3334 (ς
2167 3281 2281 3320 ram
2331 3267 2581 3322 dabunt?
2620 3268 2900 3336 Quomodo
2942 3272 3184 3327 scientiae
3225 3283 3280 3328 et
3309 3277 3593 3344 sapientiae
3632 3274 3748 3330 stu-

476 3364 747 3433 quomodo
776 3363 927 3420 laves
968 3363 1161 3417 faciem
1196 3371 1344 3416 tuam
1372 3402 1387 3425 ,
1422 3361 1624 3416 Paulus
1658 3361 1937 3430 apostolus
1967 3362 2061 3415 do—

482 3466 571 3511 cet
604 3457 645 3487 ¹⁹
674 3454 1131 3526 quemadmodum
1180 3473 1201 3507 ι
1233 3454 1471 3509 revelata
1519 3454 1655 3509 facie
1687 3455 1913 3524 gloriam
1947 3453 2060 3508 Do-

477 3548 608 3603 mini
648 3547 1057 3617 contempleris,
1087 3546 1151 3600 ad
1184 3547 1429 3601 eamdem
1474 3546 1763 3617 imaginem
1795 3544 2062 3600 formatus

476 3656 505 3695 a
535 3640 710 3711 gloria
756 3640 809 3692 iu
841 3639 1093 3709 gloriam,
1139 3647 1396 3707 tanquam
1439 3655 1468 3692 a
1509 3639 1725 3693 Domini
1766 3640 1994 3705 spiritu.
2036 3659 2054 3690 ι

481 3732 629 3802 Unge
658 3734 819 3787 etiam
852 3740 1015 3800 Caput
1050 3740 1227 3795 tuum,
1273 3731 1365 3786 sed
1396 3732 1622 3786 observa
1668 3746 1733 3786 ne
1765 3732 1883 3786 oleo
1936 3748 2061 3802 pec-

476 3827 583 3880 cati
619 3844 635 3879 :
666 3823 831 3896 246
856 3843 873 3876 ι
903 3823 1091 3881 Oleum
1120 3824 1264 3877 enim
1298 3823 1599 3892 peccatoris
1627 3839 1732 3878 non
1765 3824 2060 3895 impinguet

478 3928 641 3988 caput
670 3928 818 3972 tuum
841 3918 887 3949 ¹⁰
918 3916 1053 3988 (82).
1094 3936 1113 3969 ι
1160 3919 1264 3973 Sed
1304 3932 1444 3988 tinge
1483 3926 1647 3988 caput
1674 3918 1790 3972 oleo
1819 3918 2061 3973 exsulta~

476 4010 663 4075 tionis,
709 4010 829 4066 oleo
861 4009 1084 4071 lzetitia’.
1122 4009 1243 4065 oleo
1277 4009 1665 4065 misericordiae
1692 4051 1705 4075 ,
1758 4010 1830 4063 ita
1870 4021 1927 4063 ut
1974 4026 2059 4065 se-

476 4105 715 4160 cundum
744 4104 1056 4158 mandatum
1086 4103 1364 4173 sapientiae
1393 4142 1409 4168 ,
1444 4101 1814 4157 misericordia
1843 4113 1897 4158 et
1922 4103 2057 4159 fides

476 4212 588 4252 non
615 4197 869 4251 deserant
898 4204 969 4249 te.
1002 4193 1295 4265 Propterea
1326 4192 1473 4247 enim
1521 4204 1577 4247 et
1604 4195 1895 4263 Apostolus
1918 4235 1932 4261 ,
1964 4208 2059 4250 vo-

473 4290 596 4348 lens
639 4290 962 4346 abstrahere
1001 4303 1100 4345 nos
1142 4290 1207 4343 ab
1241 4290 1325 4345 his
1356 4288 1661 4344 visibilibus
1689 4299 1742 4342 et
1782 4289 2014 4343 terrenis
2039 4327 2055 4353 ,

473 4395 532 4441 et
561 4385 771 4453 erigere
802 4382 1018 4438 animos
1066 4397 1367 4451 sensusque
1406 4393 1622 4437 nostros
1653 4382 1721 4435 ad
1767 4383 2010 4438 cmlestia
2041 4423 2056 4448 ,

472 4479 675 4533 clamat
704 4486 761 4531 et
792 4475 925 4530 dicit
953 4476 995 4506 “
1026 4491 1038 4527 :
1067 4492 1086 4527 ι
1128 4473 1187 4529 Si
1227 4475 1607 4530 resurrexistis
1638 4491 1760 4529 cum
1810 4475 2055 4540 Christo,

476 4584 598 4639 quae
625 4583 845 4624 sursum
874 4576 1001 4622 sunt
1029 4567 1279 4636 quierite,
1315 4583 1421 4622 non
1450 4584 1570 4638 quae
1598 4584 1762 4639 super
1793 4579 2051 4635 terranm

478 4662 671 4717 Nonne
702 4668 889 4729 aperte
927 4659 1023 4713 tibi
1056 4660 1231 4716 dicit:
1262 4658 1384 4714 Noli
1415 4677 1661 4731 quaerere
1692 4664 1745 4717 in
1772 4663 1933 4719 terris
1962 4663 2057 4720 Je-

480 4754 730 4817 rusalem,
766 4766 862 4807 nec
888 4752 1260 4807 observantias
1311 4753 1467 4821 legis,
1517 4768 1615 4809 nec
1657 4755 1921 4825 jejunium
1960 4755 2057 4812 Ju-

476 4845 738 4911 dscorum,
766 4843 857 4898 sed
884 4842 1153 4913 jejunium
1174 4841 1415 4898 Christi?
1438 4842 1862 4913 Jejunansenim
1890 4847 2054 4903 debes

552 4943 595 4973 "
634 4941 817 4995 Marc.-
836 4956 927 5005 xv,
953 4939 1007 4994 9.

477 5011 567 5068 29.
647 5013 689 5043 ¹⁸
716 5011 907 5066 Matth.
952 5027 1026 5075 vi,
1057 5011 1144 5065 l7.

476 5084 607 5140 Cor.
648 5100 700 5148 v,
734 5082 820 5136 l7.

552 5179 881 5252 (8l)_Codex
913 5178 1221 5246 Sangerni.,
1261 5186 1573 5252 {apertum
1595 5186 1693 5232 est.
1728 5194 1748 5227 ι

551 5249 664 5320 (8‘2)
681 5250 832 5313 Mss.,
846 5269 862 5300 ι
885 5262 1045 5319 caput
1065 5261 1233 5303 tuum.
1250 5250 1429 5304 thibb.
1444 5249 1602 5309 editi,
1618 5257 1808 5315 «caput
1824 5261 2022 5301 meum.
2036 5266 2053 5299 ι

549 5320 665 5391 (85)
724 5320 994 5373 Habemus
1021 5329 1269 5391 quartam
1297 5332 1343 5374 et
1378 5331 1580 5391 sextam
1610 5321 1912 5391 septimana:
1945 5320 2057 5371 dies

475 5390 665 5463 quibus
717 5394 1030 5463 solemniter
1083 5390 1414 5463 jejunamus.
1472 5390 1928 5463 Antiquissimum
1971 5399 2054 5441 est

480 5459 762 5532 utriusque
824 5464 929 5517 diei
960 5461 1224 5532 jejunium
1255 5502 1269 5523 ,
1310 5462 1509 5530 quippe.
1540 5461 1681 5529 quod
1711 5459 2053 5532 perindehac

479 5528 975 5601 quadragesimale'
1003 5528 1339 5601 prmcipituri
1362 5528 1576 5584 canone
1620 5528 1871 5601 iapostol.
1931 5528 1994 5582 6i
2029 5568 2043 5591 ,

479 5600 767 5656 Constitui.
800 5600 1026 5667 apostoli.
1064 5602 1157 5654 lib.
1189 5617 1243 5665 ν,
1274 5618 1393 5671 cap.
1428 5601 1497 5653 15
1521 5610 1575 5653 et
1605 5600 1697 5661 2|,
1735 5610 1791 5671 et
1823 5615 1851 5671 a
1889 5614 2049 5671 pseu-

482 5673 787 5742 do-lgnatio
818 5674 1033 5738 epistol.
1079 5674 1143 5724 ad
1191 5669 1571 5742 Pliilipp.cap.
1605 5671 1699 5742 15.
1736 5670 1808 5722 De
1833 5670 1936 5742 hoc
1962 5669 2044 5737 je-

478 5739 628 5810 junio
658 5742 983 5795 mentionem
1015 5743 1140 5795 facit
1171 5759 1274 5795 non
1296 5739 1403 5796 uno
1433 5741 1484 5793 in
1518 5741 1634 5794 loco
1660 5739 2050 5804 Tertullianus,

480 5823 535 5863 et
567 5812 830 5865 stationes
867 5813 973 5865 illis
1004 5813 1134 5880 ipsis
1164 5814 1354 5867 diebus
1384 5812 1523 5866 obiri
1575 5810 1926 5880 consuevisse
1979 5812 2052 5863 si-

479 5880 702 5945 gnificat
739 5899 752 5935 :
789 5894 845 5933 ut
877 5882 927 5934 iu
965 5879 1057 5935 lib.
1107 5882 1181 5934 De
1219 5882 1441 5950 jejunii:
1480 5892 1666 5933 contra
1721 5879 2049 5950 Psychieos:

488 5951 626 6005 «Cur
638 5951 966 6005 stationibus
989 5948 1239 6019 quartam
1253 5948 1304 6006 et
1318 5962 1527 6007 sextam
1552 5948 1767 6007 sabbati
1784 5950 2050 6014 dicamus,

1089 4940 1129 4970 “
1153 4939 1311 4995 Joan.
1336 4956 1453 5005 xix,
1485 4941 1573 4995 η.
1655 4941 1913 5008 ¹δίιιειιιιλ
1946 4959 2119 5008 xxvii,
2142 4945 2234 4998 24.

1223 5012 1265 5043 ¹⁹
1297 5012 1335 5066 ιι
1367 5013 1492 5067 Cor.
1546 5023 1628 5074 ιιι,
1669 5007 1755 5067 18.
1832 5014 1878 5046 ³⁸
1912 5013 2051 5069 Psal.
2084 5031 2233 5076 cm.
2258 5014 2311 5067 5.

2163 3359 2412 3412 debunt?
2439 3358 2630 3415 Nonne.
2661 3377 2759 3430 per
2800 3365 3205 3418 continentiam
3243 3370 3453 3421 ventris
3474 3378 3529 3421 et
3563 3380 3747 3438 guttuo

2164 3452 2280 3507 ris?
2302 3452 2585 3519 Quomodo
2613 3455 2735 3523 quis
2764 3455 3000 3523 seipsqu
3031 3465 3240 3510 castrat
3271 3467 3495 3527 propter
3520 3475 3746 3527 regnum

2162 3545 2449 3610 cmlorum,
2492 3545 2596 3599 nisi
2648 3544 2901 3599 ciborum
2954 3546 3289 3602 afﬂuentiam
3336 3562 3544 3604 resecet
3578 3588 3593 3613 ,
3639 3553 3743 3605 nisi

2163 3638 2497 3694 abstinentia
2554 3647 2739 3693 utatur
2773 3640 3024 3694 ministra
3049 3639 3072 3693 ἲ
3095 3639 3219 3695 llaec
3256 3656 3387 3712 ergo
3423 3641 3745 3696 Christianis

2158 3732 2441 3803 jejunandi
2465 3732 2644 3786 oratio
2676 3742 2779 3787 est.
2810 3732 2916 3787 Sed
2944 3743 3029 3788 est
3060 3744 3113 3788 et
3136 3734 3239 3788 alia
3261 3734 3438 3789 adhuc
3466 3734 3743 3803 religiosa,

2160 3824 2315 3894 Cujus
2350 3824 2470 3878 laus
2501 3824 2865 3893 quorumdam
2901 3824 3269 3895 apostolorum
3322 3825 3518 3879 litteris
3550 3827 3747 3894 prmiti-

2165 3927 2339 3972 catur.
2358 3918 2823 3973 luveuiniusenim
2844 3919 2896 3972 in
2919 3918 3150 3987 quodam
3169 3918 3350 3973 libello
3368 3918 3506 3987 (δεμ)
3527 3919 3593 3973 ab
3619 3935 3745 3988 apo-

2165 4012 2321 4066 Stolis
2349 4012 2557 4065 dictum
2583 4029 2598 4065 :
2630 4030 2647 4063 ι
2684 4011 2880 4065 Beatus
2913 4021 2997 4064 est
3026 4012 3117 4079 qui
3149 4011 3311 4067 etiam
3328 4012 3537 4081 jejunat
3562 4026 3661 4081 pro
3681 4028 3747 4067 eo

2167 4116 2223 4159 ut
2252 4105 2364 4159 alat
2396 4118 2751 4174 pauperem.»
2791 4105 2959 4175 liujus
2985 4103 3256 4175 jejunium
3286 4105 3440 4160 valde
3464 4116 3743 4174 acceptum

2161 4206 2244 4252 est
2281 4199 2425 4267 apud
2472 4196 2641 4251 Deum
2668 4237 2682 4263 ,
2741 4207 2796 4251 et
2846 4212 3039 4251 revera
3097 4197 3261 4267 digne
3306 4197 3461 4253 satis.
3498 4196 3746 4252 Imitatur

2161 4290 2305 4345 enim
2344 4289 2514 4352 illum,
2542 4288 2634 4357 qui
2667 4288 2904 4341 animam
2939 4302 3093 4342 suam
3136 4289 3319 4357 posuit
3347 4302 3448 4356 pro
3480 4287 3746 4343 ﬂatribus

2164 4380 2297 4437 suis.
2340 4380 2481 4446 Quid
2533 4393 2665 4449 ergo
2715 4378 2991 4433 veteribus
3031 4379 3225 4443 pannis
3259 4390 3397 4431 nova
3431 4377 3743 4432 indumenta

2164 4472 2496 4528 miscemus?
2536 4470 2674 4537 Quid
2713 4470 2767 4525 in
2816 4480 2967 4525 utres
3013 4479 3222 4523 veteres
3254 4470 3523 4523 mittimus
3558 4470 3742 4522 vinum

2166 4564 2406 4619 novum?
2445 4584 2463 4614 ι
2503 4564 2698 4619 Vetera
2734 4562 3095 4623 transierunt,
3127 4574 3259 4615 ecce
3286 4560 3427 4614 facta
3465 4570 3597 4614 sunt
3625 4576 3745 4614 omo

2167 4657 2256 4711 nia
2290 4671 2425 4709 nova
2458 4655 2537 4718 ”,
2577 4672 2593 4705 ι
2658 4668 2753 4722 per
2799 4652 3074 4707 Christum
3122 4651 3420 4721 ,Dominum
3474 4662 3741 4715 nostrum,

2166 4751 2251 4804 cui
2282 4759 2365 4805 est
2416 4747 2588 4819 gloria
2641 4757 2697 4801 et
2735 4744 3023 4815 imperium
3068 4744 3125 4799 in
3164 4742 3360 4798 szecula
3396 4744 3741 4801 saeculorum.

2160 4850 2354 4902 Amen.

2322 4944 2363 4973 η
2392 4936 2739 5065 Ιθᾳῖᾟιὲἐεῗ
2758 4936 2921 5073 ιιιῆ.

3383 4932 3633 4988 “Matth.
3667 4948 3742 4994 ll.

3388 5046 3401 5058 .
3436 5004 3522 5058 15.
3629 5005 3677 5035 ¹³
3702 5003 3746 5058 ll

2856 4935 2898 4966 “
2933 4933 3033 4990 Isa.
3063 4950 3213 4994 Lvttt,
3247 4934 3303 4988 5.

3018 5007 3067 5037 “
3091 5006 3285 5059 Matth.
3326 5020 3401 5071 ix,
3436 5004 3522 5059 15.

2170 5172 2223 5231 et
2250 5176 2475 5247 jejuniis
2503 5172 2899 5247 parascevem?
2930 5192 2948 5226 ι
2987 5171 3205 5247 Et_ca_p_.
3237 5169 3311 5224 2:
3349 5188 3369 5221 ο
3404 5170 3496 5225 Sic
3527 5180 3584 5247 et
3615 5184 3748 5238 apo-

2167 5240 2337 5303 stolos
2366 5240 2711 5310 observasse,
2764 5245 2967 5298 nullum
3008 5243 3153 5294 aliud
3188 5242 3530 5310 iuipouentes
3554 5240 3742 5309 juguin

2165 5332 2481 5382 certorum,
2531 5326 2586 5371 et
2631 5319 2681 5370 in
2736 5327 3028 5369 commune
3064 5313 3315 5366 omnibus
3364 5311 3741 5365 obeundorutn

2156 5389 2495 5457 jejuniorum
2513 5405 2526 5441 :
2545 5388 2774 5457 proinde
2792 5399 2892 5438 nec
2909 5383 3227 5457 stationum,
3246 5396 3368 5450 quae
3390 5391 3444 5436 et
3471 5383 3741 5457 ipszeﬂsnos

2160 5449 2386 5528 quidem
2405 5459 2521 5513 dies
2545 5449 2809 5521 habeant,
2837 5465 3044 5523 quartae
3079 5453 3225 5528 feria;
3254 5449 3307 5528 et
3336 5449 3556 5528 sextario
3586 5449 3743 5517 Ejus-

2159 5522 2280 5584 dem
2317 5527 2509 5596 jejunii
2564 5522 2904 5596 mentioeSt
2955 5526 3093 5593 apud
3130 5523 3491 5596 Epiphanium
3544 5522 3737 5573 meres.

2154 5591 2490 5665 Lxxv,'u'utn.
2518 5598 2570 5661 6,
2597 5608 2650 5652 et
2678 5600 2727 5649 in
2755 5591 3097 5664 Expositi—one
3122 5594 3247 5661 ﬁdei
3268 5591 3561 5665 catholica!)
3588 5605 3737 5642 num.

2155 5669 2261 5733 νὴ
2304 5660 2428 5723 item
2480 5660 2623 5737 apud
2660 5669 2795 5723 alios
2841 5660 3042 5737 passim
3094 5660 3308 5719 veteres
3360 5672 3469 5716 tam
3518 5660 3740 5717 Gnaeos

2160 5756 2326 5810 quam
2358 5738 2601 5792 Latinos.

2230 5810 2367 5879 (85‘)
2394 5810 2741 5878 Apoerypbo.

2228 5874 2551 5948 (84)'Co'dex
2580 5874 2895 5949 S'angermq
2935 5896 2953 5929 ι
2992 5876 3226 5949 Domini.
3256 5894 3275 5931 I
3309 5877 3375 5931 Et
3405 5874 3567 5947 paulo
3594 5879 3740 5942 post,

2164 5970 2183 6004 ι
2228 5947 2422 6021 quidve
2451 5947 2799 6020 designet'in
2840 5947 3199 6018 Scripturis.»
