4124 6462
453 389 556 449 5‘29

1037 510 1317 567 ilOMlLIA
1363 511 1451 567 XI.

448 619 522 671 De
558 633 617 669 eo
656 618 796 685 quod
831 618 1085 685 scriptum
1125 628 1198 692 est
1238 636 1255 672 .·
1286 639 1319 692 γ(
1365 618 1549 674 Sancti
1587 629 1776 686 estote,
1818 621 1947 692 quia
1980 626 2034 677 et

603 704 696 757 ego
733 698 948 741 sanctus
984 706 1100 742 sum
1136 690 1393 744 Dominus
1433 692 1570 745 Deus
1606 701 1791 747 vester.
1833 690 1861 743 is

522 803 574 857 1.
613 800 799 870 Nuper
829 801 880 855 in
914 801 1137 857 auribus
1174 803 1427 858 Ecclesia:
1455 806 1714 861 rec-italus
1740 816 1823 862 est
1850 822 2030 863 sermo

450 891 545 949 Dei
593 893 729 965 (84),
776 894 966 949 dicens
997 896 1044 927 "
1086 912 1098 949 :
1150 915 1170 948 ‹
1211 897 1394 951 Estote
1442 898 1624 953 sancti
1667 900 1793 967 quia
1829 908 1886 954 et
1931 914 2031 970 ego

450 994 679 1038 sanctus
722 1001 840 1040 sum
894 985 1156 1041 Dominus
1190 988 1333 1043 Deus
1362 999 1565 1043 vester.
1606 1008 1625 1041 ι
1659 990 1861 1045 Nomen
1924 993 2031 1049 hoc

452 1094 475 1128 ι
516 1085 761 1143 sanctus,
804 1094 822 1130 ι
877 1079 1007 1147 quid
1050 1079 1152 1133 sibi
1194 1079 1345 1146 velit,
1395 1081 1594 1149 quidve
1648 1082 1923 1150 signiﬁcet
1974 1086 2028 1139 in

451 1168 756 1238 Scripturis
790 1171 1013 1230 divinis.
1042 1171 1354 1239 diligentius
1408 1173 1793 1241 requirendum
1834 1186 1941 1237 est.
1974 1187 2033 1232 ut

450 1277 573 1315 cum
613 1263 720 1316 vim
752 1263 901 1317 verbi
936 1264 1306 1331 didicerimus,
1351 1265 1516 1320 etiam
1545 1281 1680 1334 opus
1706 1266 1824 1333 ejus
1855 1270 2028 1337 possi-

449 1367 571 1409 mus
599 1353 846 1423 implere.
880 1353 1283 1424 Congregemus
1314 1370 1446 1427 ergo
1496 1356 1563 1411 de
1607 1356 1909 1428 Scripturis
1950 1362 2032 1416 di-

450 1443 617 1507 vinis,
649 1458 815 1512 super
847 1446 1045 1513 quibus
1070 1456 1318 1502 sanetum
1348 1448 1454 1504 dici
1482 1448 1815 1517 invenimus,
1840 1461 1895 1507 et
1928 1457 2027 1508 de-

446 1536 851 1602 prehendemus
887 1538 1002 1607 (85)
1055 1554 1158 1593 ιιοιι
1197 1541 1370 1595 solum
1404 1542 1678 1608 homines,
1730 1546 1823 1599 sed
1864 1545 2029 1601 etiam

449 1637 598 1681 muta
633 1629 890 1683 animalia
930 1640 1117 1685 sancta
1152 1634 1444 1701 appellata,
1482 1634 1792 1691 invenimus
1814 1646 1872 1691 et
1900 1650 2028 1692 vasa

448 1716 737 1771 ministerii
762 1730 949 1773 sancta
981 1721 1237 1786 vocitata,
1259 1732 1312 1776 et
1336 1724 1658 1778 vestimenta
1686 1734 1873 1781 sancta
1900 1727 2029 1794 dici,

446 1816 505 1859 et
535 1808 651 1862 loca
684 1810 1061 1880 nihilominus,
1092 1828 1213 1882 quae
1245 1814 1297 1867 in
1333 1814 1561 1871 urbibus
1587 1817 1672 1871 vel
1698 1818 2029 1873 suburbibus

447 1901 627 1968 posita
683 1912 849 1970 sunt,
906 1915 962 1960 et
1010 1909 1394 1963 sacerdotibus
1426 1911 1683 1979 deputata
1723 1929 1735 1964 :
1769 1926 1835 1965 ex
1868 1912 2035 1966 mutis

446 1992 667 2061 quidem
700 1995 1025 2051 animalibus
1057 1999 1421 2069 primogenita
1448 2004 1631 2066 boum,
1665 2004 1749 2057 vel
1779 2018 2032 2074 pecorum

447 2083 782 2139 sanetillcari
817 2102 914 2155 per
946 2089 1117 2158 legem
1152 2090 1380 2144 Domino
1403 2091 1685 2162 jubentur,
1711 2104 1765 2148 et
1799 2096 2032 2149 dicitur:

448 2172 527 2229 Ne
550 2173 724 2231 facias
772 2178 824 2232 in
875 2180 956 2235 eis
986 2195 1121 2250 Opus
1150 2182 1314 2236 ullum
1347 2186 1471 2253 quia
1511 2185 1742 2241 Domino
1783 2189 2032 2243 sanctifi-

446 2273 571 2317 cata
631 2275 780 2321 sunt.
838 2268 1016 2339 Super
1053 2273 1195 2327 vasis
1230 2288 1391 2341 vero,
1424 2289 1549 2329 cum
1586 2278 1639 2331 in
1677 2279 2034 2336 tabernaculo

449 2355 749 2410 testimonii
788 2373 916 2412 vasa
952 2361 1261 2428 ministerii,
1294 2364 1604 2429 tlturibnla,
1663 2366 1743 2421 vel
1795 2367 2020 2437 phialae,

450 2448 534 2501 vel
575 2458 768 2504 caetera
823 2453 1133 2521 hujus-modi
1187 2468 1350 2520 vasa,
1409 2464 1599 2511 sancta
1664 2459 2024 2527 appellantur.

448 2540 625 2608 Super
657 2544 1018 2609 vestimentis,
1050 2545 1218 2601 etiam
1252 2549 1388 2602 stola
1432 2549 1710 2618 pontiﬁcis
1743 2553 1927 2606 Aaron
1980 2564 2034 2608 et

450 2634 635 2687 tunica
678 2636 818 2690 lines
851 2674 866 2700 ,
931 2646 987 2691 ct
1041 2648 1241 2694 caetera
1294 2640 1606 2709 huiusmodi
1668 2645 2031 2709 vestimenta,

448 2734 636 2781 sancta
660 2728 935 2783 dicuntur.
972 2729 1028 2785 Si
1058 2746 1189 2801 ergo
1226 2733 1537 2788 intueamur
1568 2751 1677 2804 quo
1707 2752 1871 2793 sensu
1919 2740 2035 2794 luce

447 2821 632 2873 omnia
666 2830 856 2875 sancta
894 2835 1082 2877 vocata
1138 2833 1305 2889 sunt,
1366 2829 1719 2884 advertemus
1755 2834 2034 2899 quomodo

444 2913 612 2964 etiam
647 2928 745 2969 nos
783 2915 911 2969 date
940 2929 1163 2986 cperam
1192 2918 1484 2974 debeamus
1516 2958 1532 2981 ,
1576 2932 1634 2974 ut
1688 2925 1861 2978 sancti
1913 2941 2035 2982 esse

446 3005 741 3072 possimus.
792 3006 965 3063 Natus
1010 3018 1094 3063 est
1130 3011 1260 3064 mihi
1294 3014 1690 3082 primogenitus
1745 3016 1845 3070 bos
1873 3058 1887 3082 ,
1925 3034 2031 3073 non

449 3095 583 3150 mihi
643 3097 772 3151 licet
841 3112 1112 3167 occupare
1181 3115 1304 3155 eum
1366 3103 1433 3155 ad
1485 3117 1622 3171 opus
1693 3118 2029 3163 commune:

1641 389 1711 445 IN
1746 386 2122 445 LEVITICUM
2164 385 2449 442 [IOMILIA
2486 382 2573 438 ΧΙ.

2070 518 2113 571 Α
2145 519 2199 563 et
2238 508 2529 562 mundanis
2578 506 2812 577 negotiis
2869 504 3161 575 obligatis,
3219 522 3323 563 non
3358 522 3607 578 quarens
3659 526 3721 564 ca

3617 388 3721 444 530

2140 616 2258 667 quae
2285 616 2448 668 super
2485 610 2711 663 terram,
2739 601 2833 655 sed
2864 614 2984 669 qua:
3018 600 3067 653 in
3096 598 3253 656 caelis
3281 611 3407 656 sunt
3436 618 3449 667 ;
3481 602 3581 656 iste
3606 616 3719 655 me-

2142 692 2247 745 rito
2282 702 2504 746 sanctus
2540 692 2863 762 appellatur.
2907 694 3087 749 Donec
3120 694 3265 747 enim
3311 695 3605 762 permistus
3635 700 3721 749 est

2143 785 2355 846 turbis,
2393 794 2447 839 et
2501 786 2555 838 in
2610 784 2953 840 multitudine
2999 784 3376 840 ﬂuctuantium
3420 785 3717 851 volutatur,

2140 893 2243 933 nec
2281 887 2437 932 vacat
2470 877 2566 931 soli
2598 878 2739 941 Deo,
2791 893 2966 947 neque
3003 888 3317 948 segregatus
3356 893 3385 931 a
3420 878 3579 945 vulgo
3610 884 3718 941 est,

2143 986 2250 1026 non
2287 981 2463 1041 potest
2498 986 2617 1026 esse
2642 962 2883 1027 sancttis.
2916 972 3048 1029 Nam
3087 973 3153 1026 de
3179 972 3259 1024 eis
3290 971 3420 1040 quid
3455 971 3720 1033 dicemus,

2142 1066 2232 1134 qui
2266 1080 2388 1119 cum
2422 1064 2705 1135 gentilium
2750 1064 2924 1120 turbis
2959 1066 3024 1119 ad
3071 1063 3381 1133 spectacula
3424 1071 3719 1124 maturant,

2141 1169 2196 1213 et
2225 1167 2553 1227 conspectus
2585 1173 2711 1213 suos
2742 1167 2905 1228 atque
2944 1156 3163 1211 auditus
3194 1156 3480 1226 impudicis
3511 1163 3565 1209 et
3596 1170 3721 1208 vcr-

2143 1252 2226 1307 bis
2249 1260 2307 1305 et
2324 1252 2537 1305 actibus
2562 1251 2811 1305 ﬁndant?
2841 1250 2955 1304 Non
2988 1258 3073 1303 est
3100 1260 3343 1303 nostrum
3370 1246 3724 1316 pronuntiare

2140 1345 2208 1397 de
2248 1344 2466 1398 talibus.
2520 1342 2624 1411 lpsi
2674 1343 2817 1397 enim
2868 1343 3108 1407 sentire,
3167 1350 3223 1396 et
3266 1341 3452 1393 videre
3497 1348 3723 1408 possunt

2140 1449 2301 1503 quam
2323 1434 2425 1488 sibi
2452 1434 2757 1503 delegerint
2782 1442 3011 1502 partem.
3040 1431 3119 1486 Tu
3146 1448 3276 1501 ergo
3294 1432 3383 1501 qui
3414 1434 3524 1486 lucc
3545 1431 3722 1494 audis,

2140 1526 2230 1577 cui
2272 1525 2357 1578 lex
2392 1526 2570 1578 divina
2602 1527 2871 1581 recitatur
2894 1524 3028 1595 (86),
3051 1538 3211 1592 quem
3240 1522 3408 1591 ipsius
3436 1522 3599 1573 etiam
3630 1521 3722 1573 Dei

2139 1631 2319 1671 sermo
2353 1620 2610 1673 convenit
2644 1621 2832 1673 dicens
2880 1638 2891 1673 :
2945 1638 2963 1669 ι
3007 1619 3194 1673 Sancti
3245 1627 3449 1680 estote,
3493 1615 3619 1684 quia
3668 1622 3725 1669 ct.

2140 1724 2240 1779 ego
2272 1719 2493 1763 sanctus
2521 1726 2641 1764 sum
2666 1711 2925 1764 Dominus
2959 1711 3101 1764 Deus
3124 1720 3345 1777 vester;
3390 1728 3406 1761 ι
3440 1708 3721 1777 sapienter

2145 1801 2384 1871 intellige
2406 1816 2528 1870 quae
2556 1801 2832 1866 dicuntur,
2854 1813 2911 1856 ut
2931 1804 3005 1857 sis
3034 1803 3227 1857 beatus
3253 1816 3375 1855 cum
3411 1798 3610 1854 feceris
3636 1813 3719 1852 ea.

2066 1873 2107 1933 Β
2140 1892 2253 1947 Hoc
2280 1904 2362 1947 est
2391 1895 2534 1947 enim
2575 1894 2715 1962 quod
2753 1895 2949 1948 dicitur
2981 1896 3075 1950 tibi
3114 1910 3127 1947 :
3157 1895 3363 1962 Separa
3397 1904 3447 1948 te
3474 1893 3540 1947 ab
3571 1894 3720 1946 omni

2138 2003 2243 2040 non
2281 1987 2455 2041 solum
2492 1987 2747 2050 homine,
2785 1989 2878 2041 sed
2922 1996 2978 2042 et
3027 1987 3193 2041 fratre
3242 1987 3481 2054 inquieto
3527 1986 3719 2037 ambu-

2137 2079 2315 2142 lante,
2369 2088 2422 2133 et
2468 2096 2573 2132 non
2624 2081 2924 2135 secundum
2982 2081 3310 2134 traditiones
3369 2076 3716 2147 aposttlicas.

2142 2191 2161 2223 ‹
2203 2172 2544 2241 Separamini
2579 2172 2781 2225 etenim
2817 2171 2912 2241 qui
2957 2173 3191 2241 portatis
3218 2211 3233 2235 ,
3270 2170 3443 2238 inquit
3468 2170 3513 2200 ²¹⁵
3543 2210 3558 2234 ,
3590 2182 3719 2222 vasa

2140 2264 2374 2330 Domini,
2410 2275 2465 2319 et
2498 2264 2646 2318 exite
2673 2264 2738 2317 de
2766 2265 2944 2317 medio
2974 2278 3186 2327 eorum,
3221 2281 3238 2313 ι
3268 2263 3401 2315 dicit
3431 2260 3715 2314 Dominus.

2138 2360 2343 2431 Separa
2377 2369 2428 2416 te
2458 2379 2487 2416 a
2520 2357 2752 2415 terrenis
2786 2360 2992 2413 actibus
3017 2400 3032 2426 ,
3080 2374 3272 2427 separa
3316 2366 3365 2409 te
3398 2371 3426 2409 a
3459 2353 3721 2422 concupi-

2137 2458 2342 2508 scentia
2380 2454 2565 2509 mundi
2602 2473 2616 2508 :
2660 2472 2678 2504 ι
2716 2453 2891 2509 Omne
2920 2453 3065 2506 enim
3117 2449 3261 2520 quod
3299 2451 3351 2503 in
3390 2449 3588 2502 mundo
3612 2454 3718 2513 est,

2136 2547 2434 2601 secundum
2470 2548 2773 2618 apostolum
2804 2546 2870 2612 “,
2912 2543 3355 2614 concupiscentia
3387 2541 3571 2597 carnis
3614 2546 3718 2603 est,

2135 2650 2190 2691 et
2216 2638 2662 2709 concupiscentia
2696 2639 3015 2703 oculorum,
3054 2651 3175 2707 qua:
3204 2651 3311 2691 non
3346 2643 3428 2690 est
3466 2649 3493 2688 a
3529 2633 3654 2687 Deo.
3694 2650 3712 2683 ο

2135 2730 2271 2785 Cum
2307 2745 2438 2797 ergo
2477 2731 2822 2798 scparaveris
2868 2739 2922 2784 te
2949 2731 3017 2784 ab
3051 2729 3139 2784 his
3186 2726 3479 2793 omnibus,
3512 2725 3720 2779 devove

2138 2832 2191 2876 te
2218 2823 2326 2876 Deo
2356 2831 2610 2890 tanquam
2641 2821 3063 2891 primogenitum
3100 2819 3354 2885 vitulum,
3383 2832 3489 2872 non
3522 2830 3718 2884 opere-

2138 2922 2228 2966 tur
2258 2926 2353 2980 per
2386 2922 2436 2964 te
2462 2921 2769 2981 peccatum,
2809 2915 3112 2981 necjugum
3152 2910 3248 2964 tibi
3285 2909 3528 2977 imponat
3562 2906 3718 2960 mali-

2140 3007 2211 3059 tia
2239 3021 2252 3067 ;
2282 3005 2375 3060 sed
2411 3014 2529 3058 esto
2558 3014 2831 3068 semotus,
2862 3013 2918 3059 et
2963 3013 3285 3074 segregatus
3306 3042 3320 3068 ,
3360 3002 3547 3055 usibus
3593 3010 3716 3053 tan-

2136 3109 2248 3157 tum
2282 3098 2712 3153 sacerdotalibus
2734 3140 2747 3164 ,
2785 3108 3037 3166 tanquam
3068 3094 3483 3166 primogenitum
3514 3090 3710 3146 animal

445 3197 531 3240 est
579 3189 726 3241 enim
801 3187 1029 3242 Domino
1084 3202 1489 3258 consecratus,
1544 3203 1600 3248 et
1658 3196 1779 3251 ideo
1830 3199 2026 3254 dicitur

2139 3192 2499 3260 mancipatus.
2540 3190 2777 3261 Segrega
2825 3200 2874 3243 te
2905 3196 2960 3243 et
3007 3201 3237 3242 secerno
3281 3185 3417 3255 (87),
3452 3195 3713 3253 tanquam

446 3288 695 3335 sanctus.
757 3278 1111 3349 lntelligimus
1163 3296 1293 3350 ergo
1344 3298 1409 3336 ex
1465 3286 1568 3341 hoc
1619 3298 1769 3341 muto
1819 3289 2028 3345 anima-

448 3365 506 3427 li,
546 3365 822 3436 quomodo
863 3367 944 3423 lex
997 3372 1138 3438 quod
1203 3382 1453 3427 sanctum
1518 3376 1631 3430 vult
1686 3391 1850 3444 esse,
1900 3382 2030 3435 nulli

446 3457 536 3511 alii
595 3459 645 3513 id
705 3460 983 3516 deservire
1033 3464 1227 3532 jubet,
1294 3465 1399 3519 nisi
1462 3467 1692 3524 Domino
1736 3472 1858 3526 soli.
1922 3475 2027 3529 lte-

447 3562 567 3602 rum
626 3560 844 3619 pateras
890 3553 974 3606 vel
1039 3555 1251 3623 phialas
1296 3571 1433 3625 quas
1471 3559 1605 3613 dicit
1649 3570 1888 3626 sanctas,
1926 3564 2030 3619 illa:

443 3652 569 3696 sunt
593 3658 1006 3715 quaenunquam
1040 3646 1296 3714 jnbentur
1320 3649 1472 3704 exire
1512 3650 1578 3705 de
1611 3654 1830 3722 templo,
1864 3655 2027 3727 247

444 3733 537 3787 sed
565 3750 685 3789 esse
716 3750 930 3802 semper
958 3737 1010 3791 in
1045 3740 1268 3805 sanctis,
1297 3754 1395 3794 nee
1429 3742 1551 3795 ullis
1576 3746 1795 3812 penitus
1827 3747 2029 3803 huma-

444 3825 530 3879 nis
555 3826 745 3882 usibus
791 3830 1121 3884 ministrare.
1167 3831 1432 3887 Similiter
1469 3844 1523 3887 et
1552 3837 1873 3893 vestimenta
1904 3855 2028 3909 quae

443 3929 630 3973 sancta
661 3922 1035 3989 nominantur,
1063 3937 1166 3975 non
1196 3920 1455 3989 iubentur
1481 3924 1623 3979 intra
1653 3929 1873 3984 domum
1906 3933 2025 3987 usui

441 4008 720 4064 deservire
750 4012 1041 4080 pontificis,
1071 4014 1166 4066 sed
1199 4013 1250 4065 in
1284 4014 1483 4082 templo
1512 4029 1653 4081 esse,
1677 4026 1733 4072 et
1760 4020 1885 4075 inde
1908 4035 2026 4076 om-

442 4099 572 4152 nino
590 4115 864 4171 nunquam
890 4102 1091 4167 eﬂ‘erri,
1121 4102 1217 4157 sed
1246 4104 1312 4157 ad
1340 4106 1440 4158 hoc
1469 4112 1674 4161 tantum
1709 4122 2025 4167 consecrata

440 4207 564 4248 esse
593 4235 607 4257 ,
644 4203 703 4248 ut
734 4194 815 4248 eis
858 4194 968 4248 Deo
1019 4195 1338 4251 ministrans
1388 4198 1629 4265 pontifex
1664 4197 1940 4269 induatur,
1971 4215 2025 4260 et

443 4286 552 4339 sint
585 4300 800 4353 semper
829 4285 883 4341 in
918 4288 1139 4357 templo,
1177 4288 1243 4342 ad
1274 4294 1504 4343 caeteros
1539 4302 1669 4345 vero
1698 4306 1832 4347 usus
1868 4308 2022 4349 com-

443 4392 656 4445 munes,
686 4388 873 4435 utatur
903 4384 1280 4439 communibus
1309 4386 1660 4441 indumentis.
1686 4385 1949 4441 Similiter
1971 4396 2026 4441 et

441 4474 664 4542 pateris,
691 4488 755 4528 ac
805 4473 1004 4543 phialis
1048 4475 1134 4531 his
1170 4490 1291 4546 quae
1319 4485 1523 4533 sanctze
1550 4476 1919 4548 appellantur,
1954 4481 2022 4535 ad

2136 3281 2334 3350 phiala:
2360 3292 2562 3337 sancta:
2583 3325 2597 3348 ,
2642 3292 2695 3336 et
2723 3289 2908 3336 sancta
2942 3279 3213 3334 tlmribula
3241 3317 3256 3342 ,
3305 3278 3475 3332 solius
3527 3276 3713 3345 templi

2134 3372 2322 3428 usibus
2354 3382 2407 3427 et
2437 3373 2529 3428 Dei
2558 3372 2863 3427 ministerio
2890 3386 3106 3426 vacans.
3154 3371 3359 3437 Scpara
3406 3378 3456 3423 te
3478 3409 3492 3431 ,
3537 3377 3594 3423 et
3626 3383 3714 3424 sc-

2135 3478 2292 3518 move
2324 3464 2394 3517 ab
2427 3464 2575 3518 omni
2612 3462 2909 3533 pollutione
2934 3460 3143 3530 peccati
3171 3500 3186 3523 ,
3233 3468 3290 3513 et
3323 3466 3440 3511 esto
3472 3467 3713 3513 semotus

2131 3566 2188 3609 et
2227 3564 2541 3625 segregatus
2579 3556 2720 3609 intra
2755 3553 3014 3622 templum
3049 3553 3182 3618 Dei,
3220 3564 3474 3624 tanquam
3520 3562 3712 3609 sancta

2132 3648 2446 3704 indumenta
2479 3649 2777 3718 pontificis.
2804 3648 2859 3702 ιιι
2892 3648 3090 3717 templo
3125 3663 3360 3717 namque
3389 3649 3481 3704 Dei
3514 3658 3598 3704 est
3626 3664 3712 3704 se-

2129 3750 2387 3810 gregatus
2416 3749 2471 3795 et
2501 3749 2786 3809 separatus
2819 3740 2907 3795 ille
2934 3741 3025 3810 qui
3062 3743 3116 3794 in
3150 3741 3269 3810 lege
3296 3740 3389 3794 Dei
3421 3741 3714 3795 meditatur

2130 3833 2216 3886 die
2242 3848 2306 3886 ac
2336 3841 2494 3887 nocte
2520 3871 2532 3896 ,
2562 3842 2615 3886 et
2644 3832 2740 3901 qui
2776 3832 2829 3885 in
2869 3833 3140 3887 mandatis
3184 3833 3301 3902 ejus
3334 3834 3484 3900 cupit
3523 3831 3709 3886 nimis.

2135 3941 2155 3976 ι
2190 3924 2379 3979 Sancti
2410 3941 2540 3995 ergo
2582 3935 2796 3991 estote,
2841 3925 2973 3979 dicit
3019 3926 3277 3980 Dominus
3300 3966 3317 3992 ,
3364 3925 3491 3993 quia
3528 3933 3582 3977 et
3610 3938 3713 3993 ego

2126 4027 2350 4073 sanctus
2389 4034 2532 4073 sum.
2583 4036 2601 4069 ι
2655 4018 2796 4084 Quid
2849 4025 2972 4084 est,
3021 4037 3040 4070 ι
3095 4019 3223 4088 quia
3266 4026 3323 4072 et
3355 4031 3455 4088 ego
3484 4024 3709 4073 sanctus

2127 4109 2292 4163 suun?
2322 4126 2340 4159 ι
2371 4109 2527 4162 Sicut
2553 4124 2676 4179 ego,
2711 4109 2903 4178 inquit,
2933 4120 3249 4180 segregatus
3279 4124 3420 4173 sum,
3446 4118 3520 4178 _et
3549 4108 3711 4177 longe

2128 4210 2413 4268 separatus
2445 4200 2512 4255 ab
2534 4200 2784 4255 omnibus
2825 4215 2946 4269 qua:
2976 4201 3291 4265 adorantur,
3318 4200 3401 4255 vel
3428 4199 3706 4265 coluntur,

2126 4291 2239 4345 sive
2270 4290 2322 4343 in
2358 4299 2498 4345 terra
2532 4291 2647 4345 sive
2678 4287 2732 4345 in
2758 4290 2894 4346 caelo
2922 4307 2937 4344 :
2961 4291 3221 4359 sicutego
3245 4291 3452 4346 excedo
3481 4303 3701 4344 omnem

2125 4376 2650 4452 creaturam,atque
2674 4383 2741 4438 ab
2768 4385 3040 4439 universis
3063 4399 3183 4454 quae
3213 4399 3239 4437 a
3272 4398 3356 4438 me
3384 4385 3527 4438 facta
3555 4392 3703 4445 sunt,

2127 4488 2423 4543 segregor;
2474 4475 2547 4529 ita
2596 4484 2651 4530 et
2678 4490 2773 4530 vos
2812 4477 3080 4547 segregati
3113 4484 3291 4531 estote
3329 4476 3397 4529 ab
3426 4474 3703 4541 omnibus,

442 4564 712 4618 humanos
744 4573 799 4620 et
830 4578 1148 4621 communes
1175 4582 1303 4623 usus
1338 4569 1415 4622 uti
1448 4582 1560 4624 non
1596 4568 1741 4636 licet,
1776 4573 1872 4627 sed
1904 4581 2018 4627 tan-

2131 4568 2216 4637 qui
2247 4582 2351 4621 non
2386 4576 2515 4622 sunt
2539 4569 2745 4633 sancti,
2784 4585 2884 4625 nec
2914 4569 3026 4623 Deo
3056 4570 3244 4625 dicati.
3286 4568 3573 4638 Segregari
3607 4584 3705 4622 au-

441 4663 553 4708 tum
582 4655 649 4710 ad
676 4656 856 4710 divina
898 4658 1228 4716 ministeria.
1264 4658 1416 4727 Quod
1456 4663 1501 4717 si
1538 4663 1847 4721 intellexisti
1879 4680 2017 4735 quo-

440 4745 599 4799 modo
629 4746 713 4800 vel
741 4748 961 4813 animal,
982 4750 1065 4803 vel
1095 4766 1211 4817 vas,
1246 4752 1330 4808 vel
1357 4756 1741 4811 vestimentum
1770 4767 2017 4813 sanctum

437 4834 769 4907 appellatur,
802 4853 1201 4911 consequenter
1242 4843 1488 4917 intellige
1517 4850 1663 4917 quod
1710 4850 1793 4904 his
1828 4850 2017 4907 obser-

437 4930 751 4986 valionibus
784 4940 839 4986 et
865 4931 1075 5003 legibus
1114 4936 1280 4990 etiam
1327 4938 1489 4994 homo
1530 4950 1751 4997 sanctus
1778 4944 2017 5012 appelle-

433 5033 541 5079 tur.
583 5025 640 5080 Si
679 5025 802 5095 quis
834 5027 979 5082 enim
1021 5028 1263 5099 seipsum
1315 5031 1599 5089 devoverit
1628 5035 1739 5089 Deo
1768 5055 1781 5090 :
1811 5036 1855 5090 si
1891 5038 2017 5107 quis

432 5117 594 5174 nullis
633 5134 690 5175 se
739 5122 972 5192 negotiis
1031 5124 1390 5180 saecularibus
1439 5126 1815 5196 implicaverit,
1852 5138 1913 5184 ut
1952 5130 2009 5184 'ei

431 5209 651 5281 placeat
680 5213 768 5267 cui
804 5228 861 5268 se
888 5215 1161 5283 probavit,
1192 5217 1236 5272 si
1269 5218 1390 5288 quis
1420 5229 1706 5289 separatus
1730 5230 1814 5275 est
1843 5229 1898 5276 et
1922 5234 2012 5276 se-

430 5313 689 5376 gregatus
720 5320 748 5360 a
784 5307 1006 5378 reliquis
1030 5308 1345 5367 hominibus
1366 5313 1660 5369 carnaliter
1683 5314 2011 5381 viventibus,

499 5497 545 5530 “
584 5495 757 5553 chit.
795 5511 887 5563 xx,
922 5496 1012 5552 26.
1086 5498 1131 5530 ’⁸
1161 5498 1265 5553 lsa.
1300 5514 1395 5567 ιιι,
1424 5500 1509 5555 ll.

506 5681 622 5751 (85)
659 5679 787 5736 Mss.
813 5724 826 5745 ,
860 5698 877 5730 ‹
909 5678 1405 5748 deprehendemus.
1435 5700 1453 5733 ι
1482 5679 1636 5737 Libb.
1665 5682 1818 5749 editi,
1857 5700 1875 5733 ‹
1910 5682 2004 5738 de-

426 5750 834 5824 prehendimus.
862 5769 884 5802 ι

503 5822 615 5893 (86)
658 5820 841 5877 Codex
892 5822 1217 5893 Sangerm.,
1274 5841 1293 5874 ‹
1328 5821 1413 5878 cui
1460 5821 1543 5877 lex
1584 5821 1764 5879 divina
1811 5821 2010 5878 recita-

1582 5498 1671 5554 “l
1701 5499 1857 5555 Joan.
1891 5500 2070 5567 11,16.

2132 4668 2238 4713 tem
2265 4659 2498 4714 dicimus
2527 4676 2631 4714 non
2677 4661 2812 4717 locis
2839 4663 2933 4716 sed
2970 4661 3199 4728 actibus,
3232 4676 3330 4716 nec
3370 4660 3705 4730 regionibus,

2126 4752 2221 4806 sed
2271 4753 2803 4808 conversationibus.
2851 4753 3094 4823 Denique
3140 4762 3194 4808 et
3255 4757 3370 4822 ipse
3419 4767 3599 4808 sermo
3648 4753 3701 4807 in

2125 4844 2312 4900 Graeca
2345 4845 2551 4915 lingua,
2585 4846 2730 4915 quod
2764 4845 2966 4901 dicitur
3001 4845 3153 4915 ἅγιος
3174 4885 3189 4910 ,
3216 4846 3370 4915 quasi
3402 4854 3559 4900 extra
3589 4853 3701 4899 ter-

2125 4952 2239 4990 ram
2273 4952 2396 4993 esse
2419 4937 2710 5007 significat.
2744 4937 3063 5008 Quicunque
3087 4940 3231 4993 enim
3255 4953 3314 4992 se
3338 4952 3701 4993 consecrave-

2123 5031 2195 5084 rit
2225 5030 2371 5093 Deo,
2402 5033 2594 5086 merito
2622 5039 2776 5086 extra
2816 5040 3053 5095 terram,
3081 5038 3234 5083 extra
3265 5029 3525 5082 mundum
3554 5029 3704 5083 vide-

2124 5125 2315 5180 bitur:
2348 5133 2524 5194 potest
2571 5125 2715 5179 enim
2756 5135 2813 5181 et
2860 5124 2975 5194 ipse
3013 5124 3199 5178 dicere
3240 5122 3457 5191 :Super
3501 5130 3701 5177 terram

2122 5218 2467 5276 ambulantes
2490 5259 2505 5284 ,
2535 5218 3006 5274 conversationem
3041 5217 3092 5269 in
3145 5214 3299 5271 cmlis
3344 5214 3607 5269 habemus
3632 5211 3699 5263 ’⁷.

2125 5313 2384 5369 Salomon
2440 5326 2658 5383 quoque
2718 5313 2770 5365 in
2831 5309 3140 5365 Proverbiis
3197 5308 3328 5362 dicit
3366 5306 3467 5358 ’δε
3528 5323 3548 5356 ι
3594 5302 3699 5358 La-

2150 5500 2193 5533 ³⁷
2228 5498 2426 5570 Philip.
2462 5514 2546 5563 Ill,
2570 5497 2659 5553 20.
2737 5496 2783 5530 ³⁸
2818 5494 2977 5550 Prov.
3014 5509 3105 5559 xx,
3143 5490 3234 5544 25.

2124 5694 2233 5734 tur.
2271 5697 2289 5730 ι
2334 5677 2469 5731 Tres
2517 5676 2606 5729 alii
2663 5690 2792 5729 mss.
2820 5715 2834 5739 ,
2888 5691 2906 5723 ι
2940 5672 3025 5743 cui
3072 5661 3693 5743 Incc_divina_re_citan-

2122 5761 2228 5805 tur.
2287 5767 2304 5799 ι
2351 5747 2508 5802 Libb.
2566 5746 2736 5807 editi,
2778 5742 3051 5796 tcumlex
3104 5738 3285 5791 divina
3344 5738 3627 5789 recitatur.
3663 5748 3681 5781 ι

2189 5820 2301 5889 (87)
2331 5818 2483 5883 Mss,
2516 5836 2532 5868 ι
2568 5829 2853 5884 segregare
2878 5820 2931 5865 ct
2961 5821 3265 5865 secernere.
3299 5824 3320 5859 ι
