4124 6402
437 383 539 437 δδι

1902 373 2222 433 ΟΜΟΕΝΙΞ
3606 366 3708 422 531

435 514 610 567 quens
651 505 733 552 est
779 497 897 550 viro
946 496 1069 550 forti
1129 495 1236 550 cito
1285 495 1488 565 aliquid
1548 497 1613 552 dc
1662 499 1773 552 suis
1824 499 2026 552 saucti-
2055 501 2102 556 A
2133 504 2214 549 ret
2260 508 2416 564 pmna
2458 508 2563 547 non
2600 492 2776 546 fuerat
2811 490 3130 560 ascriptum.
3172 488 3322 543 Nune
3354 502 3483 558 ergo
3516 487 3708 542 eadem

438 593 620 643 lii-are.
661 608 679 640 ι
715 588 906 642 Postea
943 587 1086 641 enim
1126 602 1285 656 quam
1323 589 1526 641 voverit
1559 630 1574 655 ,
1627 591 1805 642 evenit
1844 589 2014 659 pomi-

439 694 571 734 Iere.
609 680 670 734 Et
705 681 804 733 hoc
845 688 925 732 est
977 678 1166 746 utique
1215 680 1357 748 quod
1403 680 1534 731 dicit
1566 696 1580 732 :
1614 679 1688 734 Ne
1725 682 1844 748 quis
1879 680 2017 733 forte

435 791 556 825 cum
608 773 818 825 fruetus
859 786 925 824 ex
980 786 1104 823 area
1135 811 1150 835 ,
1185 779 1274 822 aut
1313 771 1493 823 viuum
1547 785 1609 824 ex
1655 773 2017 825 torcularibus

433 865 663 934 colligit,
685 873 738 917 et
768 863 995 915 dixerit:
1019 860 1152 914 Volo
1184 871 1390 918 tantum
1421 861 1615 915 offerre
1641 864 1912 925 Ecclesize,
1935 863 2015 916 vel

434 950 486 1004 in
517 968 672 1004 usum
708 967 1005 1021 pauperum
1038 963 1129 1003 ant
1172 952 1580 1019 peregrinorum
1624 962 1831 1005 tantum
1875 967 2010 1022 prte-

430 1041 559 1096 bere
589 1056 603 1093 :
635 1042 678 1095 si
732 1051 917 1111 postea
951 1057 1014 1094 ex
1050 1041 1135 1094 his
1179 1057 1299 1109 qua:
1334 1049 1488 1093 vovet
1535 1041 1736 1110 aliquid
1775 1042 1839 1094 ad
1886 1058 2016 1096 usus

433 1131 683 1199 proprios
715 1140 1033 1198 prtesumat,
1060 1131 1169 1197 jam
1199 1146 1301 1181 non
1338 1131 1403 1183 de
1436 1130 1551 1184 suis
1589 1130 1856 1184 fructibus
1884 1148 2016 1200 prae-

431 1222 684 1286 sumpsit,
725 1223 816 1274 sed
849 1231 1036 1274 saneta
1078 1220 1166 1272 Dei
1225 1221 1467 1274 violavit.
1512 1223 1576 1276 Et
1629 1223 1748 1277 ideo
1791 1223 2016 1291 laqueus

433 1313 590 1365 fortis
621 1321 700 1364 est
746 1315 1086 1366 sanctilicare
1122 1315 1344 1383 aliquid,
1385 1316 1486 1367 hoc
1521 1323 1602 1369 est
1657 1330 1849 1368 vovere
1887 1314 2012 1380 Deo,

429 1415 484 1455 et
516 1404 860 1472 postmodum
901 1405 1214 1472 poenitentia
1253 1405 1472 1459 ductum
1506 1406 1571 1458 ad
1600 1420 1729 1458 usus
1764 1405 2014 1473 proprios

431 1512 493 1548 ea
528 1512 649 1565 qua:
673 1506 1093 1550 consecraverat
1129 1511 1405 1551 revocare.
1439 1496 1543 1550 Sed
1575 1506 1629 1550 et
1667 1498 1712 1550 si
1747 1512 1842 1552 nos
1873 1497 2016 1566 ipsos

431 1600 816 1640 i-onsecranius
851 1593 904 1638 et
955 1586 1237 1639 otii-rimus
1291 1587 1433 1648 Deo,
1471 1596 1561 1640 aut
1609 1592 1772 1639 etiam
1807 1587 1850 1639 si
1880 1587 2016 1640 alios

429 1679 1077 1742 vovetuus,observemus
1109 1679 1251 1732 hunc
1286 1679 1561 1746 laquettm,
1593 1694 1657 1731 ne
1698 1679 1834 1731 forte
1869 1688 2014 1747 post-

430 1786 656 1837 νςιιειιειιιι
707 1787 801 1822 nos
836 1769 942 1820 Deo
995 1770 1323 1834 voverimus,
1365 1769 1556 1823 iterum
1593 1769 1844 1821 hominis
1895 1769 2011 1822 usi-

2128 597 2444 656 repetnntnr
2469 626 2484 650 ,
2520 596 2575 640 et
2613 584 3034 652 uniuscujusque
3067 596 3222 650 pretia
3268 583 3474 650 peccati
3517 583 3708 635 decer-

2128 680 2311 732 nitur:
2347 687 2399 731 et
2431 678 2551 730 ideo
2595 678 2708 728 lucc
2753 686 2897 728 recte
2938 674 3358 738 justiﬁcationes
3413 682 3469 726 et
3500 671 3709 739 judicia

2125 771 2483 838 appellantur,
2520 769 2720 838 quibus
2747 769 2890 837 quod
2926 767 3131 835 justum
3164 775 3246 818 est
3284 765 3526 832 recipere
3564 763 3712 831 judi-

2125 872 2279 916 eatur
2327 862 2412 914 ille
2463 863 2552 929 qui
2590 869 2804 929 peccat.
2836 843 2941 913 Sed
2981 861 3194 912 intuere
3224 858 3471 910 ordinem
3515 855 3711 910 divina!

2126 955 2424 1022 Sapientize,
2468 971 2572 1009 non
2620 957 2880 1008 continuo
2907 968 3097 1022 pmnas
3124 969 3247 1007 eum
3281 953 3472 1020 primis
3518 952 3710 1006 statuit

2125 1049 2432 1116 praeceptis.
2462 1045 2584 1099 Vult
2613 1047 2756 1100 enim
2779 1056 2831 1099 ut
2866 1061 2970 1098 non
3006 1055 3151 1098 metu
3182 1059 3374 1114 pagum,
3405 1043 3499 1097 sed
3521 1059 3708 1098 amore

2125 1139 2362 1208 pietatis,
2402 1139 2570 1206 patris
2602 1147 2866 1206 przecepta
2903 1137 3220 1200 custodias;
3256 1136 3347 1189 sed
3386 1134 3428 1187 si
3459 1143 3704 1188 contem-

2124 1229 2318 1297 pst‘ris,
2349 1245 2454 1280 non
2486 1237 2591 1281 tam
2610 1227 2809 1280 homini
2834 1226 2968 1294 jam,
2989 1243 3152 1296 quam
3175 1225 3536 1294 conlemptori
3558 1239 3708 1277 man-

2125 1320 2284 1372 datur
2323 1335 2502 1387 poena.
2549 1317 2736 1372 Primo
2766 1334 2897 1384 ergo
2944 1319 3276 1388 benignitate
3304 1317 3621 1386 provocaris
3651 1322 3711 1371 ut

2126 1409 2268 1463 filius
2291 1410 2335 1440 “
2365 1427 2378 1462 :
2415 1428 2432 1459 ι
2477 1410 2588 1479 Ego
2614 1409 2757 1462 enim
2793 1409 2942 1462 dixi:
2976 1409 3054 1462 Dii
3088 1409 3247 1473 estis,
3281 1417 3334 1460 et
3361 1407 3456 1460 lilii
3496 1403 3708 1460 Excelsi

2123 1514 2332 1552 omnes.
2374 1517 2392 1550 ι
2424 1500 2575 1566 Quod
2610 1501 2654 1553 si
2691 1499 2832 1553 filius
2857 1514 2978 1553 esse
3011 1499 3272 1553 obedieus
3302 1514 3405 1551 non
3438 1499 3540 1562 vis,
3573 1512 3709 1551 cou-

2127 1599 2356 1656 Iemptor
2397 1591 2651 1658 plecteris
2704 1600 2762 1644 ut
2811 1606 3030 1644 servus.
3080 1589 3210 1643 Post
3262 1591 3375 1643 haec
3432 1588 3566 1643 dicit
3603 1587 3649 1621 ³⁵
3689 1605 3706 1644 :

2130 1700 2148 1731 ι
2188 1679 2254 1734 Ει
2285 1683 2328 1735 si
2355 1683 2478 1750 quis
2509 1674 2792 1738 dormierit
2827 1698 2948 1735 cum
3000 1698 3139 1735 nuru
3186 1697 3279 1735 sua
3307 1725 3320 1748 ,
3379 1689 3552 1736 morte
3591 1695 3712 1735 mo-

2127 1773 2333 1824 riantur
2358 1774 2549 1836 ambo,
2584 1773 2916 1841 impietatem
2953 1770 3235 1836 fecerunt,
3274 1771 3348 1825 rei
3391 1779 3536 1825 sunt.
3579 1790 3596 1822 ι
3640 1769 3709 1826 Et

431 1864 530 1914 bus
569 1860 646 1914 vel
679 1863 890 1916 actibus
921 1862 1294 1930 subjugeniur.
1333 1859 1503 1914 Yovet
1544 1873 1723 1913 autem
1765 1877 1824 1915 se
1852 1876 2019 1914 uuus-
2052 1857 2092 1912 Β
2124 1863 2220 1916 has
2261 1863 2402 1932 leges
2433 1864 2512 1916 vel
2544 1865 2656 1917 tunc
2690 1871 2955 1930 prteeepta
3011 1860 3216 1930 absque
3246 1862 3421 1930 pmuis
3455 1861 3709 1929 superius

429 1954 686 2021 quisque,
721 1953 868 2007 verbi
907 1954 1076 2021 gratia
1105 1992 1119 2016 ,
1158 1953 1302 2005 sicut
1340 1951 1579 2004 Nazaraei
1621 1951 1894 2004 faciebant
1923 1951 2018 2004 tri-

429 2041 554 2107 bus,
583 2052 677 2096 aut
708 2053 942 2110 quatuor
965 2081 979 2106 ,
1014 2052 1105 2095 aut
1135 2052 1269 2108 quot
1303 2042 1597 2110 placuisset
1625 2042 1782 2096 annis
1818 2043 2014 2112 templo

431 2151 488 2186 se
518 2145 901 2188 consecrautes
932 2135 1045 2198 Dei,
1079 2143 1134 2186 ut
1165 2134 1234 2188 ibi
1274 2149 1487 2200 semper
1521 2143 1779 2187 vacarent
1824 2135 2013 2187 obser-

430 2232 621 2276 vantes
661 2223 749 2276 illa
799 2238 918 2291 qua:
963 2223 1028 2276 de
1063 2223 1333 2276 Nazrirzeis
1382 2223 1584 2291 scripta
1628 2232 1795 2276 Sunt:
1836 2233 1892 2276 ut
1920 2238 2013 2275 eo-

433 2331 576 2368 uiam
599 2317 794 2384 capitis
829 2317 1125 2380 nutrirent,
1151 2331 1248 2370 nec
1281 2317 1596 2370 ascenderet
1633 2313 2017 2382 lerrumsuper

431 2417 596 2474 caput
638 2421 825 2458 eorum
864 2415 976 2459 toto
1014 2407 1122 2459 voti
1157 2409 1237 2460 sui
1287 2416 1527 2476 tempore
1559 2406 1691 2477 (88),
1741 2417 1798 2459 ut
1833 2407 2014 2459 vinum

432 2512 539 2550 non
575 2498 974 2564 contingerent,
1009 2512 1182 2567 neque
1226 2496 1425 2564 aliquid
1457 2512 1522 2550 ex
1559 2497 1683 2557 vite,
1717 2505 1770 2550 et
1815 2506 2012 2548 caetera

431 2605 770 2659 qumeuuque
801 2591 1083 2658 complexa
1116 2591 1308 2644 fuisset
1342 2590 1446 2642 voti
1479 2589 1770 2658 professio.
1811 2587 1918 2643 Sed
1964 2596 2018 2641 et

433 2681 598 2734 alium
629 2684 754 2750 quis
787 2683 856 2736 ita
892 2694 1048 2736 vovet
1081 2683 1218 2748 Deo,
1253 2681 1390 2736 sicut
1421 2682 1575 2733 Anna
1621 2681 1749 2734 fecit
1787 2681 2015 2733 Samue-

433 2773 540 2827 lem
571 2792 584 2827 :
616 2782 740 2828 ante
777 2775 919 2828 enim
953 2791 1114 2843 quam
1151 2783 1499 2838 nasceretur,
1539 2774 1736 2827 obtulit
1772 2789 1893 2828 eum
1938 2776 2018 2827 di-

433 2879 562 2918 ecns
591 2866 684 2918 s’:
735 2884 753 2917 ι
793 2866 856 2920 Et
903 2868 1042 2920 dabo
1087 2881 1208 2918 cum
1260 2866 1482 2918 Domino
1527 2865 1713 2918 datum
1763 2864 2017 2920 omnibus

435 2959 626 3013 diebus
657 2961 778 3014 vita:
811 2977 942 3016 sum.
985 2981 1004 3013 ι
1039 2960 1112 3014 Ex
1152 2961 1350 3030 quibus
1379 2960 1633 3014 omnibus
1674 2959 1883 3013 clarum
1914 2971 2012 3021 est,

434 3052 706 3118 quomodo
736 3054 1105 3123 unusquisque
1139 3062 1384 3104 nostrum
1409 3093 1422 3115 ,
1465 3052 1554 3120 qui
1595 3051 1705 3104 vult
1736 3067 1855 3106 esse
1889 3067 2010 3105 sau-

435 3154 574 3207 t'iltS,
603 3145 918 3199 consecrari
951 3146 1144 3200 debeat
1177 3145 1304 3210 Deo,
1345 3154 1398 3197 et
1439 3144 1599 3197 nullis
1631 3155 1891 3214 praeterea
1919 3158 2017 3198 ue-

433 3236 594 3305 gotiis
629 3236 713 3291 vel
747 3238 960 3292 actibus
1010 3237 1102 3310 qui
1143 3237 1210 3292 ad
1245 3237 1413 3291 Deum
1464 3237 1687 3292 minime
1737 3236 2009 3306 pertinent

434 3330 714 3398 occupari.

505 3422 560 3473 ‘2.
604 3420 726 3474 l—‘ost
769 3421 881 3474 lucc
911 3421 1170 3490 scriptum
1203 3429 1284 3474 est
1329 3440 1342 3474 :
1382 3439 1399 3470 ι
1441 3420 1670 3474 Servate
1694 3459 1708 3485 ,
1743 3420 1920 3490 inquit
1949 3420 2018 3483 ³ο,

436 3521 705 3580 praecepta
740 3527 855 3564 mea
884 3521 937 3564 et
969 3512 1129 3565 facile
1165 3526 1225 3564 ea
1257 3549 1273 3574 ,
1317 3527 1417 3580 ego
1453 3513 1753 3575 Dominus;
1794 3530 1811 3562 ι
1848 3521 1903 3565 et
1955 3511 2020 3564 iis

438 3602 589 3655 addit
619 3617 633 3654 :
674 3621 690 3652 ‹
728 3603 922 3666 llomo,
957 3603 1119 3656 homo
1168 3603 1210 3656 si
1246 3602 1584 3657 maledixerit
1619 3613 1825 3672 patrem
1856 3603 2021 3675 248

435 3705 530 3748 atit
563 3705 789 3748 matrem
817 3709 970 3748 suam
993 3733 1007 3760 ,
1044 3695 1310 3747 moriatur
1350 3712 1363 3760 ;
1404 3713 1423 3746 ι
1458 3705 1512 3748 et
1554 3705 1674 3764 post
1705 3695 1868 3748 multa
1899 3711 2020 3764 qua:

438 3786 717 3854 prter-epit,
741 3786 938 3854 quibus
960 3787 1120 3839 etiam
1146 3801 1334 3854 punias
1362 3787 1824 3855 praevaricationis
1851 3792 2020 3841 ascri—

439 3879 565 3946 psit,
599 3878 748 3932 addit
777 3878 827 3931 iu
862 3877 1104 3931 clausula
1132 3877 1172 3908 ³¹
1205 3895 1216 3930 :
1255 3895 1272 3927 ι
1316 3877 1382 3930 Ει
1417 3887 1632 3932 servate
1666 3879 1846 3932 omnia
1885 3893 2022 3947 pra:-

439 3977 598 4038 ccpta
634 3985 774 4035 mea,
800 3981 855 4024 et
882 3971 1300 4040 justificationes
1330 3986 1496 4040 meas,
1523 3983 1576 4027 et
1603 3973 1806 4042 judicia
1834 3990 1970 4028 mea.
1996 3992 2016 4025 ι

442 4060 594 4116 Unde
623 4072 674 4116 et
705 4078 1044 4133 consequens
1086 4065 1217 4119 mihi
1252 4066 1465 4119 videtur
1497 4067 1774 4135 requirere
1808 4067 1936 4136 quid
1969 4067 2019 4120 in

437 4154 523 4209 his
542 4155 770 4227 singulis
799 4157 1090 4212 iudicetur.
1131 4158 1392 4227 Equidem
1423 4160 1715 4213 secundum
1750 4160 1894 4228 quod
1924 4159 2023 4215 oh-

439 4264 658 4302 servare
687 4251 858 4318 potui,
892 4261 1219 4320 prareeptum
1249 4262 1364 4317 est,
1398 4253 1511 4306 sive
1547 4254 1860 4307 mandatum
1892 4254 2020 4308 illud

438 4342 622 4410 quod,
652 4343 798 4396 verbi
834 4345 1006 4414 gratia
1033 4384 1047 4407 ,
1085 4345 1136 4398 in
1177 4344 1446 4414 Deealogo
1480 4345 1676 4400 dicitur
1707 4346 1750 4377 “
1789 4363 1802 4399 :
1855 4365 1872 4397 ι
1907 4345 2020 4400 Non

438 4435 677 4498 occides,
715 4452 819 4487 non
858 4436 1193 4489 adnlterabis
1235 4453 1250 4499 ;
1296 4455 1314 4488 ›
1358 4437 1459 4491 hoc
1497 4438 1642 4490 enim
1680 4439 1851 4491 solum
1883 4455 2022 4507 prfe—

441 4524 680 4591 cipitur,
719 4536 772 4576 et
814 4539 920 4576 non
973 4525 1268 4578 ascribitnr
1319 4540 1476 4593 pmua
1528 4531 1827 4586 commissi.
1871 4530 2022 4583 Nunc

442 4626 621 4668 autem
661 4616 926 4668 iterantur
959 4615 1174 4684 quidem
1206 4619 1417 4680 ea-Yem,
1447 4619 1645 4673 additis
1678 4620 1762 4673 his
1809 4623 2020 4687 pomis:

441 4709 646 4762 dicitur
672 4709 814 4762 enim
841 4709 883 4740 ³³
906 4727 917 4761 :
944 4728 960 4759 ι
1000 4708 1190 4773 llomo,
1222 4711 1380 4763 homo
1409 4712 1718 4782 quicunque
1749 4716 2022 4768 adultera-

441 4801 581 4854 verit
613 4816 837 4855 ux0rem
869 4802 966 4854 viri
994 4843 1006 4864 ,
1039 4811 1092 4856 et
1127 4816 1349 4855 uxorem
1403 4804 1633 4872 proximi
1683 4806 1763 4858 sui
1791 4846 1804 4868 ,
1853 4817 2024 4861 morte

445 4894 713 4947 moriatur
744 4894 788 4947 is
815 4895 912 4963 qui
951 4895 1258 4959 adulterat,
1299 4906 1352 4948 et
1395 4912 1514 4964 qua:
1555 4897 1919 4952 adulteratur.
1962 4901 2028 4953 Et

445 4987 490 5040 si
523 4987 644 5056 quis
671 4987 953 5041 dormierit
998 5005 1122 5043 cum
1159 5004 1327 5043 uxore
1361 4989 1530 5057 patris
1563 4990 1644 5042 sui
1669 5032 1683 5053 ,
1728 4993 2024 5059 turpitudi-

445 5097 573 5134 nem
607 5082 775 5149 patris
806 5082 886 5134 sui
917 5083 1152 5146 detexit,
1185 5092 1356 5136 morte
1393 5083 1692 5137 moriantur
1721 5086 1880 5138 atubo
1903 5127 1916 5148 ,
1949 5087 2024 5140 rei

444 5173 589 5226 enim
639 5181 784 5228 sunt.
826 5192 843 5224 ι
883 5172 956 5225 De
995 5175 1077 5228 liis
1111 5184 1293 5226 autem
1344 5174 1395 5226 in
1443 5173 1715 5242 prioribus
1758 5176 1870 5243 jam
1904 5179 2028 5232 data

446 5265 661 5319 fuerant
688 5274 980 5336 prmeepta,
1010 5265 1107 5319 sed
1147 5281 1250 5318 non
1279 5265 1658 5321 observantem
1695 5282 1815 5336 qua}
1844 5285 2030 5325 mane-

516 5435 604 5490 ”i
637 5435 768 5505 Reg.
801 5452 835 5494 t,
878 5435 959 5488 ll.
1007 5504 1014 5505 ί
1065 5433 1108 5462 ³ο
1144 5431 1313 5505 Levit.
1349 5450 1412 5505 xx
1436 5475 1447 5492 .
1475 5434 1551 5505 ,8,
1587 5435 1637 5488 9.

450 5521 650 5568 Lxxxn,
684 5503 740 5558 ϐξ
815 5507 856 5537 ³⁵
891 5504 1062 5559 Levit.
1098 5520 1186 5567 xx,
1231 5504 1314 5558 η.
1394 5504 1436 5533 ³⁸
1471 5504 1643 5558 Levit.
1678 5519 1829 5568 xvitt,
1870 5503 1950 5556 15.

525 5683 637 5748 (88)
683 5681 807 5735 Mss.
855 5678 1210 5734 (Jadomensis
1241 5718 1253 5737 ,
1299 5676 1740 5748 Getuetieeiisis_,
1790 5687 1841 5730 et
1899 5672 2026 5730 lict:-

453 5745 674 5816 censis,
729 5769 745 5800 ι
806 5761 915 5803 ιυιο
961 5753 1080 5803 vita:
1133 5764 1242 5802 sua:
1301 5757 1566 5817 tempore.
1629 5766 1646 5798 ›
1704 5745 1843 5800 Intra
1897 5749 2024 5801 libb.

1739 5433 1777 5464 ³¹
1814 5431 1941 5487 ibid.
1977 5430 2066 5485 ‘22.
2177 5430 2220 5459 δ’
2262 5430 2430 5482 Exod.
2472 5443 2567 5485 xx,

1739 5519 1829 5563 ιιι,
1870 5503 1950 5556 15.
2027 5499 2070 5531 ³⁷
2106 5500 2268 5554 Hebr.
2304 5516 2352 5562 x,
2383 5498 2472 5563 ‘28,
2503 5497 2590 5550 ﬁt).

2126 1955 2352 2010 dederat
2392 1971 2405 2008 :
2461 1955 2671 2010 dixerat
2715 1955 2859 2008 enim
2899 1953 2984 2006 "z
3037 1972 3055 2004 ‹
3095 1951 3505 2020 Turpitudinem
3537 1967 3708 2008 nurus

2122 2055 2227 2100 tua:
2260 2064 2365 2102 non
2411 2047 2713 2110 revelabis,
2739 2045 2996 2115 quoniam
3041 2060 3178 2098 uxor
3211 2044 3304 2097 lilii
3338 2045 3412 2098 tui
3447 2053 3566 2110 est,
3601 2059 3706 2097 non

2121 2137 2387 2192 revelabis
2420 2138 2808 2206 turpitudinem
2841 2138 2979 2205 ejus,
3016 2157 3034 2191 ι
3067 2145 3122 2191 et
3153 2135 3335 2190 omnia
3369 2151 3489 2203 qua:
3516 2135 3707 2189 subse-

2120 2241 2380 2297 quuntur.
2413 2231 2475 2283 Et
2507 2232 2649 2285 hunc
2675 2233 2855 2284 locum
2887 2229 3048 2284 simili
3076 2229 3235 2282 modo
3259 2227 3328 2280 ibi
3356 2227 3560 2295 absque
3579 2241 3706 2294 sup-

2121 2320 2324 2389 pliciis,
2364 2321 2451 2375 hic
2483 2337 2611 2376 vero
2651 2337 2773 2376 cum
2805 2321 3037 2375 diversis
3073 2319 3455 2388 suppliciorum
3492 2318 3709 2386 generi-

2121 2413 2222 2466 bus
2253 2414 2526 2482 ascripsit.
2553 2414 2674 2480 Quo
2700 2414 2750 2466 in
2786 2413 2907 2467 loco
2942 2414 3201 2466 recordor
3235 2413 3505 2467 sermonis
3536 2411 3701 2476 illius,

2121 2523 2282 2576 quem
2319 2509 2510 2563 beatus
2538 2507 2817 2576 apostolus
2841 2505 3038 2559 Paulus
3069 2504 3132 2558 ad
3172 2503 3428 2559 Hebraeos
3457 2505 3707 2559 scribens

2122 2599 2199 2653 ait
2225 2601 2265 2630 ³⁷
2294 2618 2306 2653 :
2350 2619 2366 2651 ι
2404 2600 2618 2654 lrrilam
2654 2599 2776 2667 quis
2811 2596 3016 2651 faciens
3042 2596 3210 2666 legem
3238 2595 3429 2666 Moysi,
3451 2596 3568 2649 sine
3593 2596 3703 2650 ulla

2122 2693 2473 2746 miseratione
2523 2692 2731 2744 duobus
2784 2697 2876 2742 aut
2927 2691 3104 2744 tribus
3154 2687 3386 2744 testibus
3417 2688 3700 2757 moritur:

2122 2794 2326 2851 quanto
2378 2781 2676 2849 majoribus
2725 2781 3007 2849 suppliciis
3053 2781 3248 2850 dignus
3279 2779 3572 2848 putabitur,
3605 2778 3714 2847 qui.

2122 2872 2320 2928 Filium
2359 2873 2448 2925 Dei
2478 2870 2910 2934 eoneulcaverit,
2942 2879 2995 2924 et
3034 2870 3353 2940 sanguinem
3393 2868 3700 2922 testamenti

2122 2965 2385 3034 pollutum
2422 2966 2662 3029 duxerit,
2695 2965 2746 3018 in
2781 2980 2888 3033 quo
2917 2966 3289 3020 sanetilicatus
3317 2973 3433 3028 est,
3461 2972 3514 3018 et
3539 2963 3707 3031 spiri-

2125 3054 2201 3108 tui
2244 3055 2433 3124 gratim
2481 3053 2866 3109 contumeliam
2919 3053 3112 3108 fecerit
3153 3054 3227 3107 ?i
3277 3055 3382 3108 Sed
3431 3069 3591 3122 quam
3633 3054 3706 3106 ob

2122 3160 2343 3201 causam
2391 3145 2719 3199 mentionem
2770 3144 2988 3200 fecerim
3041 3145 3322 3215 scriptura:
3369 3143 3558 3212 hujus,
3608 3158 3703 3196 au-

2121 3237 2316 3293 sculta.
2349 3237 2655 3292 Secundum
2695 3238 2864 3307 legem
2900 3238 3115 3291 adulter
3156 3248 3210 3291 et
3243 3237 3487 3291 adultera
3526 3246 3702 3291 morte

2121 3329 2520 3395 tuoriebantur,
2551 3343 2649 3382 nec
2681 3337 2933 3397 poterant
2979 3326 3161 3382 dicere
3200 3327 3579 3396 pmuitentiam
3611 3339 3707 3395 pe-

2123 3422 2328 3487 timus,
2367 3431 2423 3475 et
2453 3422 2666 3475 veniam
2721 3421 3098 3488 deprecamur.
3139 3417 3252 3472 Non
3285 3429 3405 3472 erat
3445 3417 3709 3488 lacrymis

2120 3514 2289 3579 locus,
2324 3530 2423 3570 nec
2456 3513 2822 3569 emendationi
2856 3513 2963 3565 ulla
2997 3515 3405 3568 concedebatur
3449 3513 3704 3576 facultas,

2119 3607 2216 3661 sed
2249 3607 2561 3661 omnimode
2591 3605 2767 3674 puniri
2803 3620 3026 3661 necesse
3062 3613 3178 3660 erat
3202 3644 3217 3667 ,
3249 3605 3339 3674 qui
3384 3603 3706 3657 incurrisset

2121 3698 2174 3751 in
2208 3698 2406 3766 legem.
2446 3696 2558 3751 Hoc
2592 3707 2771 3750 autent
2800 3699 3122 3751 servabatur
3151 3705 3203 3752 et
3244 3699 3293 3749 in
3325 3694 3549 3763 singulis
3578 3693 3703 3762 qni-

2120 3791 2329 3858 busque
2367 3789 2691 3843 criminibus
2723 3789 2919 3856 quibus
2959 3798 3074 3842 erat
3119 3802 3276 3856 pceua
3312 3786 3503 3839 mortis
3533 3785 3707 3839 ascri-

2121 3894 2231 3952 pta.
2262 3882 2418 3951 Apud
2453 3882 2794 3938 Cliristianos
2823 3897 2950 3935 vero
2985 3881 3029 3935 si
3059 3882 3384 3934 adulteriqu
3420 3879 3583 3933 fuerit
3610 3880 3707 3932 ad-

2123 3975 2370 4039 missum,
2405 3991 2512 4029 nou
2543 3982 2626 4028 est
2654 3983 2980 4044 praeceptum
3011 3983 3069 4027 ut
3104 3973 3316 4027 adulter
3343 3974 3425 4027 vel
3465 3973 3707 4027 adultera

2124 4065 2396 4136 corporali
2433 4066 2654 4119 interitu
2689 4067 3026 4132 puniantur:
3062 4079 3161 4118 nec
3205 4074 3444 4134 potestas
3475 4063 3596 4116 data
3627 4071 3712 4118 est

2123 4161 2381 4230 episeopo
2419 4159 2676 4213 Ecclesia
2705 4157 3009 4212 adulterqu
3048 4158 3300 4226 pra'senti
3350 4168 3526 4210 morte
3560 4155 3711 4208 dani-

2127 4265 2279 4313 nare,
2319 4249 2458 4302 sicut
2488 4258 2615 4302 tunc
2656 4250 2959 4303 secundum
3009 4248 3177 4316 legem
3217 4247 3375 4300 ﬁebat
3411 4262 3438 4297 a
3487 4244 3712 4314 presby-

2129 4344 2260 4399 teris
2299 4343 2504 4412 populi.
2539 4341 2680 4408 Quid
2715 4341 2925 4410 igitur?
2970 4341 3212 4393 dicemus
3245 4340 3390 4407 quod
3428 4337 3507 4389 lex
3539 4336 3707 4406 Moysi

2127 4433 2362 4489 crudelis
2389 4433 2481 4496 sit,
2516 4447 2635 4500 qua-
2663 4430 2819 4497 jubet
2857 4429 3034 4500 puniri
3069 4427 3392 4485 adulterum,
3430 4425 3510 4477 vel
3553 4424 3708 4477 adul-

2055 4563 2103 4621 Β
2132 4537 2347 4590 teram;
2412 4533 2465 4576 et
2509 4522 2860 4592 Evangeliuui
2903 4520 3105 4575 Christi
3164 4534 3260 4587 per
3315 4515 3708 4583 indulgentiam

2131 4621 2350 4674 resolvit
2389 4616 2669 4670 auditores
2708 4615 2759 4668 in
2802 4614 3041 4668 deterius
3078 4613 3101 4665 ‘i
3143 4610 3256 4664 Non
3314 4611 3383 4663 ita
3429 4618 3530 4661 est.
3577 4606 3708 4659 Pro—

2129 4725 2313 4782 pterea
2356 4712 2499 4764 enim
2543 4720 2846 4761 sermonem
2889 4703 3037 4756 Pauli
3081 4701 3404 4772 protulimus
3454 4699 3506 4752 in
3557 4711 3712 4765 supe-

2131 4806 2367 4858 rioribus
2427 4801 2716 4857 dicentis:
2777 4815 2795 4847 ‹
2842 4796 3055 4862 Quanto
3115 4793 3283 4862 magis
3347 4788 3715 4844 deterioribus

2130 4896 2413 4965 suppliciis
2466 4895 2660 4964 dignus
2707 4901 2790 4946 est
2845 4889 2933 4958 qui
2977 4887 3172 4941 Filiqu
3214 4885 3305 4938 Dei
3349 4882 3712 4936 conculcave-

2131 4985 2279 5041 rit?»
2325 4997 2428 5041 etc.
2470 4987 2607 5039 Audi
2647 4999 2778 5052 ergo
2818 4979 3088 5050 quomodo
3132 4991 3307 5047 neque
3351 4985 3478 5029 tunc
3519 4974 3712 5028 crude-

2132 5087 2196 5139 lis
2251 5084 2416 5138 fuerit
2472 5082 2596 5146 lex,
2641 5096 2818 5148 neque
2879 5092 3022 5132 nunc
3081 5076 3403 5129 dissolutum
3463 5073 3714 5124 videatur

2133 5175 2480 5243 Evangelium
2521 5180 2740 5243 propter
2772 5171 2940 5225 venia:
2980 5167 3308 5238 largitatem,
3343 5165 3435 5219 sed
3481 5163 3531 5216 in
3563 5173 3713 5214 utro-

2135 5284 2240 5338 que
2275 5268 2368 5328 Dei
2403 5267 2713 5334 benignitas
2741 5263 2957 5318 diversa
2985 5259 3396 5329 dispensatione
3427 5263 3707 5308 teneatur:

2177 5429 2220 5459 δ’
2262 5427 2430 5482 Exod.
2472 5443 2567 5485 xx,
2613 5427 2691 5487 l5,
2734 5426 2812 5480 li.
2920 5426 2964 5457 ³³
2997 5426 3166 5482 Levit.
3200 5444 3284 5491 xx,
3325 5429 3404 5481 l0.
3506 5427 3548 5458 ³³
3581 5426 3718 5484 PsaL

2135 5678 2263 5729 editi
2295 5715 2306 5732 ,
2345 5696 2359 5723 ι
2413 5687 2788 5742 quaecunque,
2840 5672 3010 5722 donec.
3059 5669 3326 5736 completa
3376 5666 3564 5722 fuisset
3601 5668 3707 5721 voti

2139 5747 2440 5814 professio,
2495 5763 2512 5795 ι
2543 5747 2635 5798 sed
2685 5758 2812 5796 nise.
2867 5758 3052 5794 omnes
3108 5751 3162 5792 ut
3218 5742 3269 5793 in
3319 5749 3504 5796 nostro
3537 5750 3702 5797 textu.
