4124 6416
429 358 534 424 635

1899 356 2057 424 Ome
2069 356 2220 424 ENlS

3581 372 3683 441 5'36

428 487 555 536 num
603 497 733 553 ergo
779 490 862 538 est
913 478 1231 549 observare,
1272 486 1559 556 nequando
1603 490 1697 539 aut
1732 484 2005 539 carnalem
2038 488 2080 543 Α
2111 496 2336 538 uxorem
2373 485 2640 557 virginem
2685 488 2751 544 de
2784 504 2981 560 genere
3020 496 3119 549 suo
3163 494 3413 566 accipiet.
3452 497 3679 554 Viduam

426 574 671 643 patrem,
713 583 805 627 aut
848 574 1128 630 cmlestem
1176 578 1353 631 minus
1388 578 1550 646 digna
1587 576 2003 631 honoriﬁcentia

421 676 754 719 veneremur
788 666 1043 720 similiter
1084 676 1139 721 et
1184 677 1447 735 matrem;
1499 671 1798 725 observare
1840 671 2002 725 etiam

417 756 586 811 bmne.
627 759 967 822 mandatum,
997 759 1139 829 quod
1174 759 1333 815 nobis
1386 762 1729 830 pudicitiam,
1772 762 2003 818 castita-

422 856 645 916 temque
672 850 1043 910 commendat,
1076 859 1135 903 ut
1170 866 1348 919 neque
1390 853 1443 906 iu
1478 853 1729 921 praesenti
1770 854 1879 908 vita
1916 859 2003 909 se-

422 942 657 993 cundum
701 936 869 1007 legem
905 934 1125 994 obnosii
1170 942 1345 997 simus
1377 944 1565 1008 murti,
1600 957 1773 1013 neque
1814 952 2003 1001 secun-

422 1029 546 1083 dum
582 1026 877 1097 spiritalem
926 1028 1094 1100 legem
1139 1024 1250 1103 (9i)
1303 1033 1483 1088 futura
1530 1046 1629 1090 nos
1676 1050 1834 1105 pecua
1881 1052 2000 1090 ma-

422 1127 546 1171 neat
581 1120 721 1191 ignis
753 1122 974 1185 aeterni;
1011 1135 1079 1176 ex
1114 1137 1223 1190 quo
1256 1122 1498 1192 eﬂ‘ugere
1537 1132 1590 1177 et
1629 1125 1858 1179 evadere
1887 1140 2001 1179 om-

420 1208 579 1262 nibus
615 1210 772 1263 nobis
804 1211 1069 1264 concedat
1114 1211 1372 1267 Dominus
1424 1220 1609 1267 noster
1645 1211 1807 1267 Jesus
1838 1212 1997 1267 Chri-

416 1311 556 1364 stus,
592 1302 680 1355 cui
713 1312 797 1356 cet
832 1303 1003 1372 gloria
1035 1310 1089 1357 et
1122 1305 1410 1374 imperium
1450 1305 1507 1359 in
1541 1306 1736 1360 saecula
1770 1306 1994 1361 saeculo-

419 1409 562 1445 rum.
593 1393 788 1447 Amen.

988 1483 1269 1540 llOMILlA
1313 1485 1425 1542 XII.

898 1575 969 1629 De
999 1593 1189 1647 magno
1223 1581 1517 1633 sacerdote.

497 1669 547 1723 Ι.
574 1666 764 1722 Omnis
787 1669 878 1737 qui
903 1670 1043 1723 inter
1069 1672 1316 1726 homines
1339 1675 1595 1729 sacerdos
1625 1680 1726 1739 est,
1746 1675 1812 1728 ad
1841 1675 1990 1730 illum

416 1756 754 1810 sacerdotem
808 1757 968 1827 (92),-
1008 1759 1075 1811 de
1113 1774 1222 1829 qno
1265 1761 1402 1815 dixit
1450 1763 1659 1819 Deus“
1698 1782 1712 1818 :
1753 1784 1773 1816 ι
1804 1763 1883 1817 'l‘u
1929 1781 1988 1820 es

417 1848 673 1902 sacerdos
706 1848 759 1902 in
807 1858 1069 1904 aeternum
1121 1853 1419 1906 secundum
1472 1857 1721 1911 ordinem
1774 1856 1993 1912 Melchi—
2026 1837 2065 1891 Β

417 1940 670 2005 aedeclm
704 1944 903 2010 parvos
934 1952 1010 1997 est
1047 1953 1099 1998 ct
1143 1945 1393 2013 exiguus.
1419 1942 1513 2001 ille
1542 1958 1627 2004 est
1660 1960 1843 2003 autem
1886 1966 1994 2004 ma-

416 2036 556 2100 gnus
586 2036 863 2101 sacerdos,
894 2035 985 2104 qui
1022 2044 1195 2104 potest
1227 2047 1515 2108 penetrare
1562 2040 1751 2106 cenios,
1784 2052 1839 2095 et
1868 2043 1990 2097 uui-

417 2125 628 2181 tversam
652 2129 965 2197 supergredi
991 2139 1317 2195 creaturam,
1346 2140 1400 2184 et
1428 2133 1721 2187 ascendere
1746 2133 1812 2189 ad
1845 2150 1989 2200 eum,

415 2219 508 2286 qui
564 2219 785 2274 «lucem
846 2221 1053 2276 habitat
1106 2222 1533 2279 inacccssibilem
1576 2220 1686 2292 ",t
1740 2226 1902 2281 Deum
1940 2235 1994 2280 et

417 2302 633 2367 Patrem
660 2314 1056 2369 universitatis.
1084 2313 1313 2383 Propter
1344 2318 1486 2386 quod
1513 2324 1569 2371 et
1593 2317 1706 2384 ille,
1730 2319 1823 2389 qui
1850 2320 1988 2389 apud

412 2394 627 2460 Iudaeos
664 2420 894 2474 magnus
946 2406 1225 2460 dicebatur
1269 2408 1545 2472 sacerdos,
1577 2410 1836 2464 introibat
1865 2410 1984 2480 qui-

414 2496 540 2553 dem
577 2498 630 2551 iu
670 2507 882 2562 sancta;
924 2500 1019 2553 sed
1066 2508 1225 2555 manu
1260 2500 1424 2565 facta,
1456 2502 1548 2557 sed
1583 2502 1851 2573 lapidibus
1894 2520 1991 2559 ex-

414 2597 661 2644 Structa:
698 2602 805 2644 non
837 2592 1169 2646 ascendebat
1201 2592 1254 2644 in
1291 2591 1514 2658 cmlum,
1548 2610 1647 2647 nec
1684 2603 1863 2651 astare
1896 2610 1990 2665 po-

413 2676 558 2735 terat
598 2682 739 2749 apud
774 2681 994 2736 Patrem
1030 2682 1317 2736 luminum.
1347 2684 1451 2739 Sed
1483 2686 1608 2754 quia
1643 2687 1833 2740 horum
1870 2703 1989 2740 um-

413 2763 568 2826 bram
600 2773 859 2842 implebat
890 2782 943 2826 et
981 2773 1276 2844 imaginem
1302 2814 1317 2840 ,
1368 2776 1574 2831 idcirco
1602 2779 1767 2831 etiam
1810 2779 1985 2847 magni

413 2864 714 2918 sacerdotis
769 2879 963 2919 nomen
1000 2879 1093 2934 per
1127 2867 1375 2919 umbram
1423 2869 1644 2937 gerebat
1690 2880 1744 2923 et
1799 2869 1990 2939 imagi-

414 2966 558 3014 nem.
594 2956 746 3012 Unde
789 2967 843 3011 et
874 2956 1039 3011 Juda-i
1090 2971 1188 3027 per
1222 2959 1324 3014 hoc
1354 2960 1495 3029 quod
1538 2963 1604 3015 ad
1655 2962 1813 3016 ﬁdem
1862 2976 1989 3030 pro-

410 3048 541 3103 ximi
588 3060 711 3103 esse
739 3050 1068 3116 debuissent,
1107 3054 1233 3120 quia
1274 3055 1413 3122 apud
1456 3054 1601 3124 ipsos
1641 3054 1985 3109 adumbratio

412 3143 658 3211 quaedam
698 3150 751 3197 et
801 3144 980 3213 imago
1027 3144 1355 3213 praeluserat
1395 3145 1510 3215 (95)
1560 3147 1827 3210 veritatis,
1859 3148 1984 3200 dum

413 3235 574 3309 typos
609 3236 895 3290 veritatem
925 3245 1139 3305 putant,
1181 3236 1471 3291 veritatem
1520 3237 1689 3306 ipsam
1731 3246 1985 3306 tanquam

412 3326 759 3381 mendacium
811 3337 1164 3397 respuerunt.
1195 3327 1305 3383 Nos
1344 3337 1524 3384 autem
1557 3330 1647 3397 qui
1696 3330 1989 3398 recipimus

414 3419 673 3485 maguum
734 3419 1111 3483 sacerdotem,
1169 3418 1478 3489 intelligere
1534 3421 1796 3476 debemus
1846 3435 1988 3490 quo-‘-

412 3510 573 3562 modo
598 3516 723 3562 vere
760 3508 875 3577 ipse
911 3510 983 3563 sit
1018 3524 1246 3578 magnus
1281 3512 1554 3567 sacerdos.
1590 3510 1726 3566 Vere
1760 3522 1990 3582 magnus

411 3599 664 3655 sacerdos
707 3608 793 3655 est
836 3601 927 3670 qui
978 3610 1197 3672 peccata
1252 3602 1510 3669 dimittit,
1558 3618 1662 3656 non
1710 3618 1807 3674 per
1856 3619 1987 3658 san-

412 3692 628 3761 guinem
685 3702 961 3748 taurorum
1008 3704 1065 3748 et
1116 3695 1424 3759 hircorum,
1475 3696 1570 3749 sed
1620 3710 1718 3764 per
1764 3695 1989 3767 sanguiu

416 3794 537 3838 nem
582 3784 747 3855 250
787 3799 965 3841 suum.
1018 3784 1154 3851 Quia
1206 3799 1336 3857 ergo
1380 3787 1733 3856 cognovimus
1778 3787 1869 3855 qui
1919 3787 1991 3843 sit

414 3890 642 3944 magnus
679 3879 959 3944 sacerdos,
1003 3888 1058 3934 et
1108 3880 1438 3934 conlltemur
1484 3894 1550 3933 ea
1590 3894 1710 3948 quae
1761 3880 1815 3934 in
1871 3880 1990 3950 lege

414 3967 618 4037 scripta
664 3978 812 4034 sunt,
846 3971 911 4025 de
951 3985 1150 4041 magno
1186 3970 1472 4026 sacerdote
1513 3971 1717 4041 scripta
1766 3986 1907 4037 esse,
1936 3966 1991 4027 id

412 4066 496 4111 est
554 4063 621 4113 de
663 4056 983 4125 Salvatore,
1032 4075 1196 4129 quem
1242 4068 1373 4114 vere
1426 4073 1678 4127 magnum
1733 4059 1991 4115 sacerdo-

414 4155 520 4201 tem
558 4161 680 4201 esse
723 4148 972 4217 superior
1025 4158 1295 4204 tractatus
1364 4148 1602 4204 ostendit
1644 4164 1657 4201 :
1710 4148 1993 4203 videamus

414 4252 560 4293 nunc
584 4252 705 4308 qua:
739 4241 869 4311 sint,
907 4256 1028 4311 quae
1075 4243 1144 4297 de
1184 4255 1249 4297 eo
1296 4239 1383 4297 lex
1437 4240 1757 4311 prophetico
1798 4241 1990 4309 spiritu

415 4330 629 4386 scribit.

484 4424 542 4478 2.
584 4439 603 4477 t
633 4422 698 4479 Et
730 4426 1010 4489 sacerdos,
1058 4422 1232 4494 inquit
1258 4408 1330 4491 δο,
1360 4431 1588 4494 magnus
1626 4428 1693 4479 ex
1733 4422 1993 4478 fratribus

2106 585 2285 631 autem
2315 585 2370 631 et
2396 579 2649 646 ejectam,
2675 589 2731 635 et
2766 581 3043 650 pollutam,
3081 594 3135 639 et
3170 588 3533 655 meretricem,
3581 592 3681 647 has

2105 684 2212 724 non
2246 671 2506 741 accipiet;
2537 672 2633 728 sed
2666 673 2930 743 virginem
2976 690 3042 731 ex
3084 693 3281 748 genere
3316 694 3413 735 suo
3451 683 3679 752 accipiet

2105 773 2352 829 uxorem,
2380 774 2436 819 et
2481 782 2587 823 non
2640 766 2937 822 maculabit
2976 782 3161 823 semen
3194 786 3353 827 suum
3394 773 3446 826 in
3484 773 3680 842 populo

2103 867 2236 919 suo;
2270 866 2370 924 ego
2406 857 2665 913 Dominus
2690 860 2781 927 qui
2812 858 3098 915 sanctiﬁco
3129 874 3307 916 eum.)
3342 862 3531 918 Fuerit
3558 866 3680 933 quia

2102 944 2223 1001 dem
2252 947 2418 1002 etiam
2448 950 2589 1017 apud
2636 948 2850 1005 Iudaeos
2884 951 3063 1022 imago
3094 952 3259 1022 hujus
3289 955 3674 1023 observantiae,-

2102 1046 2157 1093 et
2206 1040 2470 1093 custodita
2502 1040 2614 1095 sint
2650 1057 2768 1111 qum
2799 1042 2885 1097 lex
2921 1046 3113 1099 statuit
3137 1061 3167 1099 a
3206 1048 3550 1115 pontiﬁcibus
3583 1048 3679 1103 Jus

2101 1133 2335 1185 deorum
2364 1148 2377 1185 :
2406 1133 2499 1185 sed
2528 1143 2582 1185 et
2612 1132 2657 1186 si
2687 1132 2971 1202 diligenter
2996 1144 3192 1190 cuncta
3219 1146 3434 1192 servata
3463 1138 3595 1203 sint,
3622 1148 3680 1195 et

2099 1219 2144 1273 sl
2190 1221 2369 1273 omnia
2401 1235 2521 1289 quae
2566 1220 2649 1273 lex
2689 1224 2977 1291 praecepit,
3009 1222 3227 1290 impleta
3262 1223 3405 1289 sint,
3450 1238 3552 1278 nec
3594 1224 3674 1279 sic

2097 1316 2316 1385 quidem
2361 1315 2541 1368 omnis
2574 1315 2692 1369 inec
2725 1315 3038 1371 observatio
3072 1331 3329 1387 magnum
3366 1317 3545 1386 potuit
3592 1316 3672 1369 fa-

2097 1421 2223 1463 cere
2286 1408 2644 1461 sacerdotem.
2699 1407 2981 1473 Quomodo
3031 1409 3234 1462 etenim
3288 1422 3516 1476 magnus
3568 1407 3675 1462 dici

2095 1507 2277 1567 potest
2309 1498 2584 1564 sacerdos,
2633 1500 2726 1568 qui
2774 1514 3002 1569 peccare
3050 1500 3263 1568 potest?
3304 1498 3458 1563 Quod
3494 1507 3675 1553 autem

2094 1590 2197 1643 sub
2225 1598 2450 1658 peccato
2476 1588 2678 1643 fuerint
2708 1604 2900 1644 omnes
2920 1589 3087 1643 etiam
3119 1588 3297 1658 magni
3339 1588 3672 1651 sacerdotes,-

2094 1689 2150 1736 et
2187 1694 2253 1734 ex
2286 1682 2389 1735 hoc
2419 1681 2535 1750 ipso
2567 1680 2724 1735 facile
2768 1680 3127 1745 advertintus,
3170 1679 3313 1748 quod
3348 1678 3436 1733 lex
3468 1679 3661 1747 praeci-

2096 1775 2203 1843 pit,
2241 1783 2299 1827 ut
2328 1774 2477 1844 prius
2510 1789 2607 1843 pro
2653 1775 2789 1839 suis,
2827 1784 2947 1843 post
2983 1776 3144 1828 etiam
3180 1788 3278 1842 pro
3322 1773 3503 1842 populi
3548 1788 3675 1843 pec-

2100 1866 2236 1921 catis
2272 1865 2464 1921 oﬁ'erat
2494 1866 2727 1921 hostiam
2764 1866 3044 1919 sacerdos.
3086 1864 3368 1931 Quomodo
3400 1878 3530 1932 ergo
3562 1877 3677 1917 ma-

2099 1971 2238 2027 gnus
2258 1967 2344 2012 est
2366 1956 2465 2012 sub
2496 1965 2725 2027 peccato
2752 1954 3000 2026 positus?
3032 1955 3181 2010 Meus
3204 1963 3385 2009 autem
3413 1954 3676 2008 sacerdos

2100 2063 2327 2119 magnus
2349 2046 2507 2104 Jesus
2536 2048 2745 2103 idcirco
2777 2062 3006 2117 magnus
3037 2057 3142 2113 est,
3178 2062 3197 2098 t
3224 2048 3350 2115 quia
3379 2052 3671 2115 peccatum

2098 2156 2206 2196 non
2253 2140 2408 2205 fecit,
2454 2156 2554 2195 nec
2599 2141 2856 2195 inventus
2895 2149 2979 2195 est
3012 2139 3170 2195 dolus
3210 2139 3262 2193 in
3312 2153 3409 2192 ore
3452 2137 3571 2205 ejus
3592 2135 3671 2201 "3

2096 2245 2152 2290 et
2179 2234 2305 2302 quia
2337 2234 2482 2287 venit
2503 2234 2570 2286 ad
2600 2246 2723 2285 eum
2754 2231 3012 2301 princeps
3046 2230 3202 2297 hujus
3234 2230 3444 2295 mundi,
3474 2239 3531 2283 et
3560 2243 3669 2283 non

2099 2325 2306 2380 invenit
2353 2325 2405 2378 in
2445 2340 2509 2379 eo
2542 2323 2836 2393 quidquam
2861 2312 2929 2377 δ’.
2959 2340 2979 2375 ι
3032 2322 3158 2379 ideo
3196 2336 3324 2388 ergo
3364 2331 3420 2375 et
3450 2316 3673 2375 Gabriel

2095 2416 2455 2486 archangeius
2480 2415 2821 2469 nativitatem
2855 2413 2971 2483 ejus
3011 2413 3318 2475 annuntiat,
3345 2422 3400 2467 et
3428 2412 3557 2466 dicit
3580 2410 3669 2468 “:

2102 2526 2121 2558 ι
2151 2507 2251 2562 Hic
2294 2506 2400 2560 erit
2435 2519 2687 2575 magnus,
2728 2514 2787 2559 et
2822 2504 2964 2558 ﬁlius
2999 2504 3264 2558 Altissimi
3309 2504 3611 2559 vocabitur.
3642 2519 3666 2556 ι

2094 2598 2385 2656 Peccatqu
2411 2596 2685 2666 hominem
2714 2610 2937 2664 parvum
2966 2592 3094 2649 facit
3116 2603 3172 2647 et
3192 2596 3472 2663 exiguum,
3498 2594 3671 2649 virtus

2094 2694 2421 2748 eminentem
2466 2698 2687 2760 praestat
2714 2698 2769 2743 et
2800 2702 3081 2755 magnum.
3113 2687 3264 2742 Sicut
3313 2689 3458 2741 enim
3505 2686 3666 2755 aegri-

2097 2786 2225 2841 tudo
2266 2785 2517 2855 corporis
2557 2782 2704 2838 exile
2736 2792 2795 2836 et
2844 2781 3101 2850 exiguum
3149 2778 3278 2834 facit
3321 2793 3519 2846 corpus
3566 2778 3666 2832 ho-

2094 2877 2280 2941 minis,
2320 2877 2525 2931 sanitas
2558 2888 2687 2929 vero
2737 2873 2919 2928 laetum
2959 2871 3135 2927 reddit
3168 2881 3222 2928 et
3258 2870 3494 2925 validum
3532 2888 3545 2922 :
3591 2868 3664 2921 ita

2094 2972 2332 3041 intelligo
2358 2971 2485 3039 quia
2526 2978 2580 3024 et
2610 2969 2846 3022 animam
2880 2966 3146 3036 a‘gritudo
3191 2965 3408 3033 quidem
3452 2962 3659 3032 peccati

2093 3063 2355 3119 humilem
2401 3062 2534 3117 facit
2569 3069 2625 3115 et
2658 3074 2918 3129 parvam,
2960 3057 3167 3115 sanitas
3214 3069 3343 3110 vero
3391 3053 3667 3107 interioris

2093 3156 2329 3211 hominis
2353 3163 2406 3210 et
2450 3154 2671 3207 virtutis
2710 3166 2900 3221 Opera,
2934 3163 3181 3219 magnam
3212 3146 3418 3201 faciunt
3463 3160 3581 3199 eam
3613 3153 3668 3197 et

2092 3248 2449 3312 eminentem,
2482 3256 2538 3301 et
2567 3254 2825 3315 quantum
2862 3245 2913 3299 in
2947 3244 3237 3299 virtutibus
3268 3239 3486 3304 crescit,
3516 3245 3667 3291 tanta

2092 3340 2443 3410 prolixiorem
2493 3336 2672 3391 reddit
2704 3335 3127 3405 magnitudinem
3176 3332 3281 3387 sui.
3325 3330 3417 3386 Sic
3445 3343 3546 3398 ego
3583 3330 3667 3381 in-

2092 3431 2273 3499 telligo
2310 3428 2438 3482 illud
2490 3427 2631 3496 quod
2689 3426 2756 3480 de
2804 3424 2934 3481 Jesu
2989 3425 3250 3493 scriptum
3301 3430 3385 3477 est
3409 3419 3488 3486 “,
3535 3418 3665 3490 quia

2095 3536 2116 3576 ι
2150 3521 2470 3593 proﬁciebat
2516 3519 2815 3589 sapientia,
2864 3526 2919 3571 et
2968 3526 3149 3582 aetate,
3192 3521 3247 3567 et
3299 3512 3469 3583 gratia
3523 3510 3663 3577 apud

2094 3606 2262 3672 Deum
2311 3623 2366 3670 et
2399 3614 2667 3668 homines.
2697 3624 2715 3661 ι
2771 3609 2901 3662 Nam
2953 3608 3078 3675 quis
3113 3615 3197 3660 est
3237 3604 3513 3657 hominum
3565 3598 3657 3668 qui

2094 3719 2200 3758 non
2235 3701 2484 3772 proﬁciat
2512 3708 2671 3755 aetate
2706 3699 2758 3753 in
2799 3696 3057 3766 pueritia,
3088 3705 3145 3749 ut
3183 3694 3284 3747 hoc
3321 3690 3469 3745 velut
3508 3701 3665 3757 egre-

2092 3794 2238 3864 gium
2265 3791 2521 3861 quiddam
2552 3792 2617 3844 de
2642 3786 2769 3844 Jesu
2798 3782 3164 3841 scriberetur?
3192 3782 3272 3837 Ad
3304 3790 3355 3835 te
3381 3780 3495 3833 inec
3522 3775 3664 3838 dien,

2092 3884 2185 3954 qui
2216 3879 2576 3951 corporaliter
2621 3879 2777 3933 audis
2808 3875 2951 3945 quod
2982 3873 3138 3929 Jesus
3172 3880 3329 3926 aetate
3360 3866 3664 3940 proﬁceret.

2092 3973 2337 4043 lntellige
2356 3985 2485 4041 ergo
2506 3971 2630 4035 quia
2655 3976 2816 4024 aetate
2834 3966 3026 4020 anima:
3048 3962 3383 4033 proﬁciebat,
3403 3968 3456 4015 et
3476 3971 3667 4025 magna

2093 4041 2466 4120 liebatauima
2495 4061 2611 4128 ejus
2642 4067 2863 4130 prepter
2908 4069 3101 4126 magna
3128 4063 3181 4108 ct
3221 4049 3458 4121 ingentia
3504 4060 3669 4117 opera

2094 4172 2214 4227 qua:
2245 4154 2496 4210 faciebat.
2522 4152 2763 4221 Denique
2782 4149 2962 4205 sciens
2983 4156 3039 4201 et
3065 4144 3352 4214 Apostolus
3381 4144 3521 4197 hanc
3549 4148 3673 4194 arta-

2096 4260 2202 4305 tem
2231 4249 2298 4303 de
2334 4244 2579 4301 interiori
2623 4241 2844 4297 homine
2871 4239 3233 4301 sentiendam,
3263 4236 3334 4290 ita
3366 4232 3555 4289 scribit
3574 4230 3623 4261 ⁶⁸
3652 4247 3665 4283 :

2099 4358 2118 4395 ι
2149 4342 2328 4397 Donec
2358 4351 2547 4393 omnes
2573 4348 2931 4390 occurramus
2961 4332 3011 4385 iu
3050 4330 3223 4383 virum
3253 4326 3579 4397 perfectum,
3615 4323 3668 4377 in

2098 4446 2410 4490 mensuram
2463 4429 2643 4486 artatis
2676 4424 3030 4497 plenitudinis
3073 4420 3343 4476 Christi.»
3394 4415 3528 4471 Nam
3583 4428 3671 4468 se-

415 4518 552 4581 suis,
579 4518 666 4571 cui
694 4517 933 4573 infusum
977 4526 1061 4572 est
1092 4532 1256 4585 super
1298 4527 1461 4585 caput
1490 4517 1606 4587 ejus
1632 4517 1815 4572 oleum
1842 4517 1992 4571 chri-
2024 4527 2069 4588 ι)
2095 4521 2332 4576 cundum
2359 4531 2559 4586 corpus
2607 4527 2858 4570 crescere
2882 4520 2935 4565 et
2981 4522 3238 4579 maguum
3271 4506 3417 4571 ﬁeri,
3452 4519 3554 4558 non
3588 4510 3671 4557 est

417 4610 631 4675 stuatis,
666 4618 722 4663 et
770 4608 1039 4680 periectas
1086 4610 1251 4665 habet
1288 4625 1480 4664 manus
1519 4620 1668 4677 suas,
1704 4619 1763 4663 ut
1806 4609 1992 4664 induat

416 4710 604 4755 sancta
636 4702 959 4755 vestimenta
992 4702 1059 4755 de
1098 4701 1276 4771 capite
1314 4701 1542 4757 cidarim
1584 4716 1693 4757 non
1735 4702 1990 4770 deponet,

415 4791 736 4846 vestimenta
781 4800 876 4847 sua
925 4796 1031 4847 utin
1077 4793 1404 4862 disrutupet,
1430 4801 1487 4847 et
1515 4793 1583 4846 ad
1617 4804 1834 4847 omnem
1866 4792 1989 4845 ani-

415 4900 559 4939 mum
625 4886 893 4939 mortuam
960 4900 1064 4938 non
1112 4885 1338 4941 intrabit
1380 4903 1393 4939 :
1445 4886 1498 4939 in
1540 4895 1695 4953 patre
1741 4898 1864 4947 suo,
1906 4882 1989 4937 vel

414 4985 591 5030 matre
634 4991 731 5031 sua
765 4991 871 5030 non
914 4978 1415 5032 cantaminabitur:
1449 4986 1507 5033 et
1547 4978 1613 5031 de
1643 4976 1849 5031 sanctis
1882 4984 1988 5029 non

414 5070 621 5135 exibit,
663 5080 719 5124 ct
754 5083 860 5123 non
897 5070 1277 5142 coinqulnabit
1314 5084 1508 5125 nomen
1553 5071 1693 5138 quod
1737 5077 1822 5123 est
1866 5082 1991 5121 san-

414 5162 713 5218 etiﬁcatum
761 5159 855 5217 Dei
905 5161 985 5215 sui
1024 5178 1188 5232 super
1233 5179 1314 5228 se,
1356 5166 1482 5232 quia
1525 5170 1776 5216 sanctum
1810 5159 1990 5215 oleum

413 5254 727 5310 chrismatis
772 5255 864 5310 Dei
906 5256 987 5311 sui
1036 5256 1088 5309 in
1137 5257 1253 5326 ipso
1283 5264 1401 5309 est:
1432 5269 1532 5325 ego
1562 5253 1845 5308 Dominus.
1892 5252 1993 5307 Hic

522 5414 568 5447 ’⁵⁸
605 5415 747 5471 Psal.
787 5432 876 5481 cx,
928 5418 980 5470 4.
1081 5417 1125 5449 ⁸⁸
1166 5416 1181 5470 1
1217 5416 1356 5469 Tim.
1388 5427 1476 5475 vt.
1519 5414 1600 5469 l6.

416 5469 468 5514 ⁸³
931 5469 978 5521 ’ί
1004 5487 1137 5542 Luc.
1169 5469 1229 5548 tt.
1262 5484 1349 5542 52.
1425 5469 1476 5519 ’ί
1502 5487 1696 5556 Ephcs.
1734 5502 1807 5550 tv,
1838 5486 1923 5540 l5.

440 5714 444 5718 Δ
489 5636 601 5718 (till
640 5642 850 5714 Legem.
883 5649 1044 5702 Deest
1073 5648 1124 5701 in
1160 5647 1291 5703 libb.
1318 5647 1500 5707 editis,
1531 5647 1623 5700 sed
1654 5643 1931 5713 suppletur
1958 5657 1989 5697 e

423 5714 611 5785 Codice
646 5720 1015 5785 tnanuscripto
1044 5718 1522 5785 Sangertnanensi.

489 5781 601 5851 (9‘3)
643 5783 799 5838 Libb.
827 5781 982 5840 antea
1012 5781 1216 5843 εόίιὶ.“‹
1250 5788 1505 5842 sacerdos
1533 5794 1636 5851 est,
1663 5785 1705 5838 si
1734 5782 1987 5837 attendas

1690 5412 1736 5446 '°
1776 5405 1950 5469 chit.
1990 5430 2116 5472 xxi.
2155 5413 2220 5466 l0
2252 5420 2305 5466 et
2355 5425 2511 5479 seqq.

2013 5484 2060 5518 ⁸³
2099 5484 2229 5539 Luc.
2260 5498 2409 5546 xvu,
2451 5481 2505 5533 2.

2100 4614 2153 4667 in
2191 4611 2369 4667 nobis.
2410 4609 2622 4677 Corpus
2659 4604 2803 4661 enim
2841 4615 2906 4658 ex
2949 4600 3170 4671 genitali
3202 4597 3411 4667 origine
3450 4593 3671 4667 quanti-

2100 4704 2226 4759 tatis
2262 4698 2544 4755 materiam
2576 4696 2764 4762 sumit,
2790 4703 2847 4748 ut
2883 4692 2965 4747 vel
2998 4705 3253 4761 magnum
3292 4687 3378 4743 vel
3411 4688 3666 4757 exiguum

2098 4796 2214 4851 ﬁat.
2239 4792 2433 4848 Anima
2470 4804 2601 4845 vero
2631 4789 2683 4843 in
2718 4785 2874 4842 nobis
2904 4784 3067 4841 habet
3097 4796 3323 4844 causas,
3360 4789 3416 4835 et
3456 4776 3669 4834 arbitrii

2095 4886 2436 4947 libertatem,
2482 4888 2543 4934 ut
2589 4878 2675 4933 vel
2709 4892 2907 4947 magna
2953 4875 3037 4931 vel
3094 4888 3256 4946 parva
3301 4874 3396 4928 sit.
3444 4870 3501 4926 Si
3539 4885 3669 4943 ergo

2096 4975 2294 5047 pusilla
2323 4982 2378 5027 et
2413 4986 2579 5043 parva
2614 4971 2685 5025 sit
2719 4970 2922 5037 anima,
2968 4968 3133 5023 etiam
3178 4966 3534 5029 scandalizari
3574 4980 3669 5034 po-

2105 5079 2234 5127 test.
2282 5068 2375 5123 Sic
2422 5066 2565 5122 enim
2608 5065 2870 5132 scriptum
2904 5070 2990 5115 est
3034 5062 3086 5115 in
3124 5060 3414 5130 Evangelio
3440 5059 3510 5124 ⁵⁸,
3542 5058 3665 5126 quia

2102 5179 2121 5214 t
2156 5159 2378 5229 expedit
2420 5154 2748 5227 praecipitari
2784 5154 2836 5207 in
2891 5152 3216 5218 profundum
3272 5151 3459 5216 maris,
3503 5164 3665 5218 quam

2099 5253 2474 5309 scandalizare
2506 5265 2669 5306 unum
2713 5249 2781 5303 de
2834 5246 3047 5318 pusillis
3085 5245 3224 5300 istis.
3249 5263 3267 5296 ι
3311 5244 3411 5310 Qui
3442 5256 3669 5311 magnus

2632 5408 2677 5439 ⁵¹
2720 5408 2821 5460 lsa.
2867 5418 2980 5469 mu,
3007 5404 3060 5459 9.
3152 5404 3198 5436 "
3236 5400 3393 5456 Joan.
3430 5416 3543 5464 xxv,
3574 5398 3661 5453 50.

2100 5643 2166 5694 ad
2200 5641 2368 5700 illum.
2396 5660 2415 5691 ι
2458 5640 2550 5693 sed
2592 5639 2644 5691 in
2681 5635 2935 5691 omnibus
2972 5650 3101 5689 mss.
3147 5636 3330 5697 deest,
3368 5649 3389 5685 ι
3421 5632 3467 5688 si
3496 5641 3667 5687 atten-

2098 5713 2213 5766 das.
2243 5729 2260 5760 ι
2298 5712 2441 5776 quod
2476 5710 2663 5763 abesse
2693 5715 2890 5774 potest.

2170 5782 2282 5850 (95)
2319 5774 2503 5835 Codex
2538 5779 2847 5849 Sangerm.,
2885 5794 2903 5826 ε
2938 5774 3269 5844 ρτωιυδθτειι.
3300 5791 3320 5824 ι
