4124 6462
469 417 574 489 531

1677 406 1743 473 IN
1782 402 2156 472 LEVITICUM
2197 400 2483 467 llOMILIA
2513 404 2608 466 xu

3632 401 3737 464 5’38

465 556 551 602 cst
603 554 711 598 non
758 539 1182 603 scandalizatur,
1234 539 1331 594 sed
1382 537 1475 608 qui
1527 535 1759 607 pusillus
1810 545 1913 589 est.
1956 533 2054 599 Qui
2086 535 2133 591 A
2161 539 2481 593 summatas,
2520 528 2777 598 inquit”,
2815 527 2980 583 habet
3016 538 3276 583 manus.»
3305 524 3557 590 Cuinam,
3584 538 3737 596 quae-

469 648 698 709 niagnus
719 643 822 700 εει,
849 634 1208 703 quodcunque
1231 631 1448 697 viderit,
1467 629 1829 699 quodcunque
1857 639 2052 695 passus

468 727 657 794 fuerit,
689 740 794 780 non
830 725 1070 780 declinat
1118 741 1148 779 a
1184 724 1308 778 ﬁde.
1339 723 1441 789 Qui
1475 731 1655 775 autem
1706 718 1936 790 pusillus
1969 725 2054 770 est

468 818 654 871 animo
686 825 742 870 et
774 830 1000 886 parvus,
1027 816 1342 871 occasiones
1368 814 1564 884 quaerit
1593 811 1866 882 quomodo
1896 823 2054 863 scaua

471 907 763 970 dalizetur,
796 905 1072 973 quomodo
1117 905 1171 959 in
1221 905 1327 960 fide
1363 904 1612 959 videatur
1661 899 1884 957 offendi.
1919 898 2055 952 Pro-

469 1010 654 1068 pterea
688 997 923 1066 denique
967 1004 1184 1066 oportet
1228 1011 1328 1052 nos
1370 995 1603 1049 maxime
1631 992 1716 1047 his
1745 989 2049 1050 consulere,

468 1091 557 1160 qui
607 1091 755 1160 parvi
793 1099 917 1144 sunt
970 1089 1023 1142 in
1064 1089 1168 1144 fide
1211 1108 1224 1144 :
1271 1103 1370 1143 nec
1425 1097 1629 1141 tantam
1676 1101 1866 1140 curam
1903 1084 2052 1138 circa

469 1196 695 1250 magnos
735 1193 788 1233 et
823 1179 1020 1244 fortes,
1067 1187 1328 1248 quantam
1359 1192 1488 1248 erga
1524 1177 1782 1246 parvulos
1814 1182 1868 1230 et
1917 1173 2056 1228 insi-

469 1271 681 1339 pientes
724 1269 983 1323 debemus
1044 1269 1380 1338 impendere.
1430 1265 1614 1323 Fortis
1666 1269 1812 1321 enim
1870 1265 2053 1320 omnia

471 1361 700 1428 tolerat,
732 1361 916 1414 omnia
950 1360 1168 1424 suffert,
1209 1372 1264 1416 et
1317 1375 1590 1430 nunquam
1623 1360 1786 1413 cadit.
1836 1355 2054 1411 Parvuli

471 1466 621 1516 vero,
651 1462 704 1506 et
741 1451 943 1506 inﬁrmi
988 1452 1041 1505 in
1089 1451 1195 1506 ﬁde
1227 1451 1628 1506 observandum
1663 1461 1745 1506 est
1782 1465 1848 1504 ne
1894 1463 2056 1504 occa-8

468 1543 623 1596 sione
680 1545 850 1597 nostri
906 1542 1276 1609 oﬂ'endantur,
1321 1552 1376 1598 et
1426 1545 1684 1599 recedant
1732 1557 1761 1596 a
1809 1543 1942 1607 ﬁde,
1987 1555 2051 1596 ac

470 1635 718 1690 decidant
745 1651 775 1690 a
805 1635 997 1691 salute.
1030 1638 1138 1692 Aut
1168 1638 1394 1693 ostende
1443 1638 1575 1692 mihi
1613 1639 1680 1692 de
1722 1637 2043 1706 Seriptnris,

473 1730 560 1784 ubi
597 1730 790 1801 aliquis
826 1742 1101 1800 peccator,
1133 1740 1227 1786 aut
1272 1732 1420 1802 parvi
1459 1733 1659 1797 meriti,
1707 1747 1934 1801 magnus
1962 1748 2057 1803 ap-

471 1821 704 1891 pellatus
751 1825 842 1876 sit.
891 1819 1197 1890 Nusquam,
1242 1831 1304 1876 ut
1346 1823 1566 1891 opinor,
1612 1823 1879 1881 invenies.
1915 1824 2053 1878 Audi

2155 638 2234 686 so,
2267 623 2549 676 hominum
2584 622 2686 675 hoc
2719 619 2976 673 convenit
3017 617 3162 672 dici?
3197 618 3252 672 In
3289 632 3396 687 quo
3425 617 3736 671 mortalium

2159 714 2435 785 perfectas
2460 714 2708 768 invenire
2740 726 3032 782 possumus
3062 711 3287 765 manus?
3308 709 3531 764 Etiamsi
3555 710 3736 763 Aaron

2156 809 2258 863 iste
2309 809 2382 862 sit
2430 808 2585 878 cujus
2621 806 2822 860 mentio
2857 803 2975 857 fieri
3023 804 3258 868 videtur,
3287 804 3560 872 quomodo
3603 816 3739 857 con-

2159 910 2461 956 summatas
2498 900 2779 969 putabitur
2825 896 3080 950 habuisse
3113 909 3323 960 manus,
3355 897 3552 965 quibus
3596 897 3737 949 vitu-

2156 992 2265 1047 lum
2312 993 2625 1057 fabricavit,
2679 989 2878 1060 quibus
2933 989 3137 1045 idolum
3190 989 3453 1058 sculpsit?
3511 989 3735 1043 Etiamsi

2158 1087 2336 1155 ipsum
2387 1084 2609 1155 Moysen
2665 1083 2955 1153 proferas,
3003 1084 3272 1152 quomodo
3328 1090 3735 1135 consummatus

2160 1177 2422 1233 habuisse
2453 1178 2667 1231 videtur
2693 1191 2907 1240 manus,
2933 1176 3026 1244 qui
3055 1191 3158 1228 non
3185 1172 3507 1244 gloriﬁcavit
3548 1172 3733 1225 Domi-

2160 1285 2288 1324 num
2333 1269 2396 1322 ad
2441 1283 2635 1337 aquam
2680 1266 3171 1323 contradictionis?
3213 1264 3318 1319 Pro
3374 1281 3483 1336 quo
3536 1263 3738 1318 delicto

2159 1359 2326 1414 etiam
2353 1359 2462 1412 vita
2487 1357 2711 1425 iubetur
2724 1356 3009 1412 excedere.
3040 1354 3256 1420 Quodsi
3283 1361 3336 1406 et
3355 1353 3516 1406 alium
3547 1367 3739 1420 quem-

2158 1460 2322 1521 qnam
2358 1456 2672 1504 sanctorum
2710 1462 3012 1504 memorare
3034 1448 3189 1510 velis,
3221 1445 3460 1500 occurrit
3491 1445 3584 1497 tibi
3619 1459 3737 1498 ser-

2160 1558 2248 1596 mo
2301 1541 2618 1610 Scripturaz,
2669 1541 2760 1610 Qui
2823 1539 3050 1606 dicit“,
3086 1540 3213 1610 quia
3261 1558 3279 1590 t
3307 1556 3412 1592 non
3447 1547 3532 1592 est
3577 1539 3740 1591 homo

2159 1649 2324 1703 super
2355 1645 2555 1686 terram
2603 1633 2695 1701 qui
2740 1631 2908 1685 faciat
2965 1634 3188 1697 bonum,
3217 1640 3270 1686 et
3306 1646 3411 1685 non
3473 1638 3675 1699 pet-cet.
3714 1645 3734 1679 ι

2158 1726 2350 1782 Merito
2395 1741 2526 1795 ergo
2578 1725 2727 1778 solus
2781 1723 2940 1778 Jcsus
2976 1733 3385 1778 consummatas
3419 1722 3582 1777 habet
3621 1736 3740 1774 tua-

2161 1834 2289 1884 nus,
2334 1819 2426 1888 qui
2460 1818 2609 1873 solus
2648 1825 2928 1886 peccatum
2985 1831 3089 1869 non
3141 1814 3296 1879 fecit,
3351 1815 3454 1868 hoc
3506 1825 3609 1879 cst,
3647 1813 3740 1882 qui

468 1888 598 1970 vero
632 1914 723 1986 qui
753 1922 898 1978 sunt,
934 1888 1032 1985 qui
1057 1914 1236 1984 magni
1274 1888 1642 1984 appellantur.
1672 1913 1749 1968 De
1793 1913 1940 1968 lsaac
1973 1913 2054 1968 di-
2085 1888 2130 1947 Β
2159 1910 2396 1979 perfecta
2433 1920 2488 1965 et
2544 1911 2752 1979 integra
2785 1922 2950 1976 opera
2987 1923 3240 1962 mauumn
3277 1907 3465 1960 habet.
3494 1905 3558 1959 Et
3612 1905 3737 1960 ideo

469 2007 631 2072 Citur,
674 2007 800 2078 quia
846 2007 1160 2076 proficiebat
1193 2007 1369 2070 valde,
1418 2015 1703 2076 u‘squequo
1752 2005 1925 2062 factus
1970 2014 2058 2062 est

470 2111 698 2168 magnus
733 2099 889 2153 valde
908 2097 975 2152 ⁸⁷.
999 2097 1210 2170 Moyses
1245 2108 1471 2170 magnus
1491 2100 1666 2155 dictus
1697 2109 1801 2165 est,
1828 2099 2058 2155 etJoana

470 2206 566 2247 nes
609 2190 847 2260 Baptista
883 2207 1111 2262 magnus
1145 2192 1321 2246 dictus
1347 2202 1449 2254 est,
1484 2207 1629 2246 nunc
1673 2204 1853 2247 autem
1897 2190 2057 2249 Jcsus

472 2296 700 2354 magnus
735 2282 910 2338 dictus
940 2293 1047 2348 est,
1085 2290 1140 2336 et
1172 2291 1294 2351 post
1330 2282 1471 2338 lumc
1511 2282 1626 2352 jam
1657 2282 1838 2339 nullus
1873 2285 2059 2355 appel-

469 2369 610 2429 latus
652 2385 734 2430 est
785 2390 1036 2444 magnus.
1087 2373 1250 2430 PriUS
1296 2376 1444 2429 enim
1499 2388 1662 2446 quam
1713 2378 1930 2432 adesset
1962 2375 2056 2446 qui

469 2475 598 2519 Vere
635 2480 864 2536 magnus
916 2474 1034 2530 est,
1089 2465 1153 2520 ad
1204 2467 1673 2536 comparationem
1725 2464 2056 2536 reliquorum

377 2561 388 2571 ’
471 2557 748 2611 hominum
783 2555 961 2626 magni
1003 2555 1257 2626 appellati
1297 2564 1422 2610 sunt
1457 2555 1654 2619 sancti,
1698 2562 1928 2626 queram
1964 2571 2058 2610 su-

472 2644 655 2714 perius
706 2643 935 2700 fecimus
980 2645 1331 2702 mentionem.
1365 2644 1466 2700 Ubi
1501 2661 1629 2702 vero
1659 2647 1879 2702 advenit
1921 2647 2054 2717 ipse.

471 2737 560 2807 qui
605 2753 706 2791 non
734 2753 798 2792 ex
829 2739 1235 2808 comparatione
1275 2748 1619 2806 caeterorum,
1664 2739 1761 2793 sed
1807 2739 1888 2794 sui
1939 2754 2055 2792 ma-

471 2831 754 2900 gnitudine
797 2843 926 2886 vere
979 2849 1212 2904 magnus
1256 2841 1411 2896 erat,
1457 2834 1522 2886 de
1557 2847 1665 2900 quo
1699 2833 1862 2886 etiam
1915 2832 2056 2886 scri-

471 2932 619 2991 ptum
651 2923 820 2990 est“,
841 2922 966 2992 quia
998 2939 1016 2974 ι
1046 2924 1342 2977 exsultavit
1369 2932 1425 2976 ut
1455 2923 1605 2992 gigas
1631 2922 1695 2975 ad
1729 2922 2054 2976 currendam

471 3012 693 3077 viam,»
733 3012 876 3065 ultra
922 3013 1035 3081 jam
1092 3012 1270 3065 nullus
1323 3025 1549 3080 magnus
1597 3011 1894 3079 appellatus
1945 3021 2051 3065 est.

474 3102 572 3158 llic
600 3113 682 3156 est
711 3116 844 3174 ergo
885 3104 952 3158 de
981 3118 1093 3172 quo
1136 3102 1440 3158 scribitur:
1479 3120 1497 3152 α
1528 3101 1754 3172 Magnus
1797 3103 2056 3159 sacerdos

473 3211 540 3250 cx
589 3194 850 3249 fratribus
905 3195 1039 3249 suis.
1070 3213 1088 3246 ι
1142 3193 1351 3259 Quibus
1395 3190 1696 3247 fratribus?
1741 3194 1815 3249 De
1859 3194 2057 3262 quibus

473 3285 609 3338 dixit
664 3300 785 3337 cum
837 3284 1232 3338 resurrexisset
1277 3297 1306 3336 a
1348 3283 1648 3337 mortuis”
1686 3301 1701 3337 :
1745 3302 1765 3336 t
1796 3285 1944 3338 Vade
1985 3287 2052 3339 ad

475 3377 673 3430 fratres
733 3393 913 3441 meos,
965 3386 1020 3431 et
1074 3377 1161 3431 dic
1221 3377 1301 3430 eis
1343 3394 1357 3430 :
1404 3377 1656 3432 Ascendo
1710 3377 1777 3432 ad
1835 3379 2052 3434 Patrem

472 3479 676 3535 meum,
717 3479 771 3522 et
803 3469 867 3522 ad
900 3470 1116 3524 Patrem
1154 3477 1416 3533 vestrum,
1461 3468 1529 3522 ad
1564 3467 1734 3523 Deum
1771 3485 1972 3536 mettm,
2001 3481 2055 3526 et

473 3561 639 3614 Deum
687 3569 944 3614 vestrum.
967 3579 986 3612 ι
1037 3559 1092 3613 Si
1135 3569 1315 3613 autem
1346 3560 1428 3613 vis
1466 3575 1534 3613 ex
1567 3560 1809 3629 antiquis
1845 3562 2055 3617 litteris

469 3653 680 3706 discere
724 3651 918 3707 fratres
948 3651 1097 3718 .lesu,
1131 3652 1248 3721 lege
1282 3652 1600 3706 vicesimum
1634 3654 1866 3722 primum
1907 3656 2056 3723 psal-

468 3754 640 3807 mum,
668 3743 755 3796 ubi
785 3757 852 3797 ex
892 3751 1122 3813 persona
1159 3742 1365 3797 Christi
1396 3743 1604 3798 dicitur
1628 3745 1675 3776 ⁸ο
1702 3758 1718 3798 :
1757 3765 1773 3796 ι
1805 3745 2054 3802 Narrabo

468 3848 664 3890 nomen
719 3844 871 3889 tuum
923 3834 1186 3890 fratribus
1241 3837 1412 3902 meis,
1462 3834 1515 3890 in
1571 3837 1746 3890 medio
1797 3837 2054 3895 Ecclesiae

466 3925 700 3982 laudabo
745 3936 862 3982 ιε.»
901 3927 982 3982 Ex
1034 3925 1297 3982 fratribus
1343 3942 1475 3992 ergo
1528 3929 1643 3983 suis
1697 3944 1925 4000 magnus
1969 3941 2053 3987 est

466 4017 648 4085 Jesus,
675 4034 740 4074 ex
774 4013 857 4073 his
888 4018 979 4088 qui
1018 4018 1172 4086 prius
1214 4021 1395 4090 magni
1432 4019 1650 4076 fuerant
1694 4023 1970 4093 appellati,
1999 4033 2054 4079 et

467 4111 609 4166 sicut
639 4121 910 4180 pastorum
945 4121 1130 4181 pastor
1157 4120 1278 4179 est,
1321 4121 1378 4166 et
1421 4114 1737 4182 pontiﬁcmn
1782 4116 2052 4185 pontifex,

467 4213 524 4259 et
575 4205 969 4258 duminantiutn
1019 4205 1314 4269 Dominus,
1359 4214 1414 4258 et
1464 4220 1650 4275 regum
1702 4223 1830 4270 rex;
1884 4209 1955 4262 ita
1995 4219 2053 4265 et

468 4312 788 4367 magnorum
821 4309 1053 4367 magnus
1077 4307 1193 4363 est;
1229 4304 1286 4352 et
1320 4296 1442 4352 ideo
1471 4297 1643 4362 addit,
1677 4316 1698 4350 ς
1731 4310 1960 4368 magnus
1986 4315 2054 4356 ex

468 4389 730 4446 fratribus
759 4389 894 4446 suis.
916 4408 935 4442 ι

541 4483 701 4553 251
750 4484 806 4539 5.
844 4483 974 4538 Post
1002 4482 1117 4538 hac
1147 4489 1299 4547 Vero,
1331 4499 1349 4534 ι
1373 4481 1479 4544 cui.
1519 4481 1782 4551 inquit“,
1812 4483 2051 4540 infusum

2160 2002 2227 2056 de
2268 2001 2385 2068 ipso
2434 2009 2581 2055 recte
2623 2001 2867 2054 dicitur:
2909 2017 2927 2048 ι
2959 1997 3060 2063 Qui
3120 2006 3527 2052 consummatas
3574 1995 3740 2049 habet

2162 2108 2385 2159 manus,
2407 2099 2467 2145 ut
2499 2092 2756 2145 induatur
2785 2101 2993 2146 sancta.
3030 2109 3048 2141 ι
3076 2087 3174 2144 llic
3197 2091 3346 2145 enim
3366 2098 3465 2152 est,
3499 2088 3740 2156 quivere

2162 2186 2382 2240 indutus
2415 2194 2500 2240 est
2526 2194 2736 2247 sancta,
2772 2200 2880 2238 non
2917 2183 3004 2238 illa
3040 2198 3160 2252 qua:
3195 2183 3248 2236 in
3288 2192 3414 2252 typo
3443 2190 3617 2243 erant,
3645 2181 3739 2235 sed

2161 2278 2274 2346 ipsa
2311 2291 2429 2346 quas
2479 2292 2608 2331 vere
2647 2282 2835 2331 sancta
2889 2284 3031 2329 sunt.
3062 2273 3212 2341 Quod
3259 2275 3302 2328 si
3348 2274 3428 2327 vis
3457 2273 3644 2326 audire
3676 2272 3744 2326 de

2160 2371 2554 2425 excelsioribus
2599 2370 2934 2424 indumentis
2985 2368 3126 2437 ejus,
3170 2367 3359 2436 accipe
3406 2365 3574 2421 verba
3607 2379 3736 2434 pro-

2159 2463 2372 2530 phetica
2405 2479 2421 2516 :
2459 2481 2478 2513 ι
2503 2462 2785 2527 Amictus,
2837 2455 3090 2529 inquit“,
3124 2459 3330 2514 lumine
3376 2458 3519 2513 sicut
3577 2457 3740 2512 vesti-

2161 2565 2374 2618 mento,
2418 2556 2647 2624 abyssus
2695 2555 2839 2609 sicut
2899 2553 3131 2607 amictus
3184 2551 3297 2622 (95)
3351 2551 3736 2605 vestimentum

2159 2646 2298 2717 ejus.
2325 2665 2343 2698 ι
2383 2645 2483 2701 Hic
2522 2656 2605 2702 est
2658 2646 2762 2701 mei
2802 2645 2984 2715 magni
3036 2644 3308 2714 pontificis
3355 2645 3598 2710 habitus,
3632 2660 3740 2712 quo

2161 2740 2436 2794 indicatur
2463 2737 2732 2808 profunda
2759 2736 3011 2803 scientia,
3037 2745 3091 2790 et
3119 2735 3397 2806 sapientiae
3428 2734 3546 2788 luce
3578 2733 3743 2788 vesti-

2161 2843 2271 2899 tus,
2321 2848 2443 2902 qua:
2483 2845 2613 2886 vere
2645 2842 2837 2886 sancta
2881 2840 3008 2886 sunt
3053 2830 3392 2884 indumenta.
3427 2845 3447 2879 ι
3481 2826 3622 2893 Non,
3656 2828 3743 2881 in-

2157 2924 2366 2995 quit“,
2422 2923 2634 2978 auferet
2685 2923 2753 2977 de
2823 2922 3002 2991 capite
3054 2936 3153 2976 suo
3205 2919 3502 2974 cidarim.»
3536 2917 3654 2972 .lam
3687 2926 3744 2972 et

2161 3019 2312 3087 prius
2341 3017 2580 3070 diximus
2607 3015 2839 3068 cidarim
2866 3029 3036 3082 genus
3067 3026 3186 3067 esse
3213 3011 3562 3080 Operimenti,
3594 3011 3741 3080 quod

2160 3107 2323 3175 capiti
2351 3106 2756 3176 superpositum
2795 3103 3037 3172 pontifici
3083 3112 3310 3172 prmstat
3337 3114 3613 3156 ornatum.
3647 3102 3746 3158 Hic

2083 3234 2128 3293 ο
2162 3213 2290 3266 ergo
2328 3213 2556 3266 magnus
2586 3195 2826 3264 pontifex
2847 3210 2998 3249 meus
3038 3210 3314 3262 numquam
3351 3193 3572 3262 deponit
3601 3195 3744 3249 sacri

2161 3290 2354 3359 capitis
2382 3296 2655 3341 ornatum.
2693 3287 2845 3353 Quod
2888 3287 2961 3340 sit
3005 3294 3185 3339 autem
3225 3284 3637 3355 caputChrisli,
3675 3285 3744 3340 ab

2156 3381 2421 3450 Apostolo
2451 3380 2601 3433 disce
2634 3381 2724 3448 qui
2765 3379 2904 3434 dicit
2929 3378 2974 3418 ⁶¹¹
3006 3397 3019 3432 :
3053 3396 3070 3430 ι
3105 3377 3281 3445 Caput
3329 3387 3508 3430 autem
3540 3378 3742 3432 Christi

2160 3473 2363 3527 Deus.»
2403 3470 2598 3525 Merito
2623 3472 2794 3540 igitur
2847 3472 3010 3525 istmu
3055 3472 3252 3540 capitis
3309 3471 3416 3534 sui,
3450 3470 3541 3537 qui
3602 3470 3743 3523 Deus

2156 3575 2266 3629 est,
2302 3580 2580 3634 nunquam
2619 3564 2836 3632 deponit
2890 3574 3170 3628 ornatum,
3224 3563 3350 3631 quia
3394 3579 3615 3632 semper
3659 3572 3744 3616 est

2156 3658 2318 3712 Pater
2351 3660 2402 3712 in
2443 3657 2600 3724 Filio,
2643 3660 2789 3711 sicut
2833 3656 3003 3711 Filius
3045 3672 3262 3726 semper
3317 3657 3368 3709 in
3418 3657 3597 3710 Patre.
3633 3675 3650 3706 ι
3679 3654 3744 3707 Et

2157 3751 2490 3806 vestimenta
2545 3765 2643 3803 sua
2707 3765 2816 3803 non
2859 3748 3290 3818 disrumpetsh
3331 3747 3468 3803 Vere
3517 3749 3606 3801 hic
3659 3757 3743 3801 est

2155 3844 2250 3914 qui
2295 3845 2616 3899 vestimenta
2668 3859 2763 3897 sua
2797 3857 2904 3897 non
2938 3842 3252 3910 disrumpit,
3276 3841 3368 3895 sed
3418 3857 3635 3911 semper
3678 3858 3740 3893 ca

2157 3937 2380 3998 munda,
2410 3949 2627 4004 semper
2666 3935 2898 4005 integra,
2927 3948 3144 4002 semper
3165 3943 3314 3986 casta
3344 3933 3600 3987 servavit.
3629 3949 3647 3982 ι
3681 3933 3746 3986 Et

2155 4031 2223 4084 ad
2263 4044 2479 4086 omnem
2531 4028 2772 4082 animam
2842 4025 3155 4081 defunctam
3214 4040 3320 4080 non
3378 4026 3739 4080 intrabit“.a

2157 4121 2289 4188 Qua:
2319 4132 2402 4176 est
2423 4121 2608 4175 anima
2642 4119 2936 4176 defuncta?
2966 4120 3142 4183 Quam
3173 4125 3444 4172 mortuam
3477 4120 3744 4188 propheta

2164 4213 2406 4272 dicit":
2439 4230 2458 4264 ο
2480 4213 2674 4266 Anima
2705 4227 2828 4282 qua:
2868 4221 3078 4282 peccat,
3105 4213 3223 4281 ipsa
3261 4211 3552 4266 morietur.
3587 4228 3606 4261 ι
3638 4208 3745 4264 Su-

2157 4321 2254 4376 per
2274 4306 2413 4360 hanc
2445 4321 2575 4376 ergo
2604 4306 2843 4359 animam
2889 4315 3162 4360 mortuam
3194 4305 3447 4359 Christus
3498 4319 3606 4357 non
3649 4316 3747 4356 su~

2154 4400 2425 4473 pervenit,
2449 4399 2577 4470 quia
2617 4397 2888 4468 sapientia
2917 4406 3023 4463 est,
3050 4407 3105 4452 et
3131 4396 3396 4467 sapientia
3430 4410 3536 4450 non
3571 4396 3745 4449 intrat

2158 4493 2211 4546 in
2243 4490 2484 4545 animam
2517 4488 2860 4543 malevolam.
2888 4488 3006 4557 Ipsa
3047 4497 3130 4543 est
3160 4486 3307 4541 enim
3350 4496 3586 4553 mortua,
3615 4487 3744 4556 quia

467 4585 551 4632 est
580 4577 758 4632 oleum
789 4575 1101 4629 chrismatis
1124 4589 1290 4644 super
1312 4584 1474 4644 caput
1500 4576 1634 4643 ejus.
1664 4593 1684 4628 ι
1707 4575 1850 4630 Istud
1873 4576 2050 4630 oleum
2085 4572 2130 4634 D
2159 4583 2245 4639 cui
2295 4583 2436 4637 inest
2470 4581 2698 4646 malitia,
2760 4581 2906 4636 inest
2951 4589 3006 4636 et
3072 4588 3374 4649 peccatum.
3406 4597 3424 4631 ι
3453 4579 3743 4635 Peccatum

466 4671 574 4724 noli
605 4670 886 4739 requirere
919 4669 970 4722 in
1009 4669 1194 4732 terris,
1223 4669 1368 4738 quod
1405 4683 1570 4737 super
1608 4679 1772 4739 caput
1810 4669 2055 4724 infundi-

470 4769 558 4817 tur
583 4761 762 4832 magni
790 4761 1112 4826 sacerdotis,
1154 4770 1214 4813 ut
1244 4760 1339 4814 ﬁat
1378 4759 1618 4815 Christus
1647 4779 1662 4816 :
1689 4764 1785 4817 sed
1820 4763 1864 4816 si
1901 4763 2054 4818 vide-

466 4863 577 4920 tur,
610 4854 762 4909 disce
793 4869 821 4907 a
852 4853 1112 4922 prapheta
1153 4852 1322 4908 David
1348 4855 1495 4908 istud
1527 4854 1710 4909 oleum
1738 4856 1898 4925 quale
1932 4856 2038 4910 sit:

471 4946 782 5008 «Dilexisti,
816 4944 1080 5013 inquit“,
1113 4942 1406 5012 justitiam,
1449 4955 1503 5000 et
1561 4947 1726 5002 odisti
1789 4947 2052 5017 iniquita-

466 5049 598 5104 tem,
633 5047 917 5110 prupterca
949 5037 1108 5092 unxit
1144 5047 1193 5091 ιε
1228 5038 1392 5106 Deus,
1429 5039 1570 5093 Deus
1603 5048 1726 5094 tuus
1760 5040 1880 5094 oleo
1913 5042 2042 5096 laeti-

477 5135 565 5188 tia
611 5147 724 5202 pra:
777 5130 1136 5201 participibus
1172 5130 1285 5202 (94)
1329 5132 1502 5185 tuis.»
1566 5132 1716 5187 Istud
1772 5142 1859 5188 est
1918 5150 2052 5204 ergo

465 5225 649 5279 oleum
683 5223 905 5286 laetitiae,
933 5223 1074 5291 quod
1110 5223 1274 5293 capiti
1306 5221 1425 5290 ejus
1469 5221 1707 5279 infusum
1757 5224 1884 5279 fecit
1927 5242 2050 5282 cum

476 5314 764 5369 Christum.
782 5315 887 5369 Sed
907 5314 1055 5368 addit
1077 5314 1256 5368 adhuc
1281 5316 1345 5368 ad
1371 5313 1558 5369 laudes
1578 5315 1694 5382 ejus
1720 5333 1733 5370 :
1759 5316 1890 5384 «Qui
1925 5335 2057 5372 con-

560 5434 602 5465 ετ
644 5431 782 5506 βω,
813 5449 946 5506 ,ιιγἶ
1017 5433 1244 5506 'éPsal.
1273 5451 1384 5499 XIX,
1412 5436 1466 5492 6.
1543 5439 1587 5470 δ’
1626 5436 1782 5492 Joan.
1816 5449 1911 5506 XX,
1941 5442 2024 5496 l7.

469 5504 514 5534 ⁸³
541 5503 715 5557 Levit.
750 5520 860 5567 χχι,
889 5503 976 5557 10.
1051 5504 1097 5534 ⁸⁵
1125 5505 1301 5559 Ε(·ε1ε.
1333 5521 1428 5566 vn,
1457 5508 1547 5560 ‘2l.

467 5573 561 5626 vit.
615 5589 730 5637 xxi,
759 5573 846 5626 l0.
921 5571 965 5604 "
997 5574 1124 5628 ibid.
1162 5575 1242 5628 11.
1343 5577 1389 5609 ⁷ο
1423 5577 1621 5632 Ezeeh.
1652 5593 1808 5645 xvm,
1839 5579 1894 5635 ι.

467 5787 500 5841 b
536 5717 650 5785 (9i)
683 5717 836 5782 Mss.,
861 5736 880 5768 ε
905 5716 1286 5786 participibus.
1315 5736 1332 5768 ι
1359 5717 1516 5773 Libb.
1547 5720 1702 5788 editi,
1737 5739 1754 5772 ι
1779 5725 2047 5778 consorti-

506 5805 587 5840 IIS.
615 5807 632 5836 ι

506 5805 587 5840 IIS.
615 5807 632 5836 ι

550 5857 660 5928 (95)
698 5858 852 5926 Mss.,
886 5877 904 5910 ι
931 5859 1071 5914 sicut
1126 5857 1376 5913 amictus.
1413 5876 1430 5910 ι
1464 5857 1620 5914 Libb.
1666 5861 1818 5926 editi,
1857 5882 1872 5914 ι
1904 5864 2044 5918 sicut

2106 5446 2150 5478 ⁸ο
2169 5445 2310 5499 Psal.
2339 5462 2456 5508 ut,
2485 5445 2575 5499 23.

1661 5507 1708 5540 ⁸⁸
1738 5508 1877 5562 Psal.
1930 5528 2035 5572 cw.
2073 5517 2108 5568 ‘2
2131 5526 2182 5570 et
2207 5517 2260 5572 6.

1995 5584 2039 5614 τί
2072 5583 2186 5642 Jac.
2233 5604 2271 5652 t,
2307 5587 2391 5645 15.

2155 4685 2339 4728 autem
2385 4689 2507 4728 cum
2553 4684 3018 4737 consummatum,
3061 4671 3320 4740 inquit”,
3359 4670 3548 4734 fuerit,
3586 4687 3746 4739 gene-

2157 4778 2243 4823 rat
2265 4776 2517 4821 mortem.
2547 4785 2566 4817 ι
2615 4765 2676 4818 Et
2709 4774 2935 4834 propter
2989 4765 3092 4818 hoc
3139 4762 3304 4818 Jesus
3337 4777 3444 4817 non
3479 4763 3644 4816 intrat
3671 4766 3740 4817 ad

2157 4863 2394 4918 animam
2446 4869 2739 4914 mortuam.
2775 4855 2832 4912 Si
2862 4865 3040 4912 autem
3074 4857 3219 4910 vivat
3266 4856 3466 4916 anima,
3502 4856 3603 4909 hoc
3655 4864 3742 4910 est

2154 4956 2201 5012 si
2236 4971 2342 5010 non
2385 4953 2550 5007 habet
2580 4953 2633 5004 in
2675 4965 2736 5006 se
2779 4950 3010 5004 mortale
3043 4957 3354 5018 peccatum,
3403 4959 3531 5002 tunc
3584 4947 3746 5002 Chri-

2155 5056 2295 5111 stus,
2323 5045 2415 5114 qui
2445 5053 2532 5099 est
2562 5045 2694 5109 vita,
2728 5043 2959 5098 venitad
2995 5042 3234 5095 animam
3273 5044 3576 5096 viventem.
3604 5040 3741 5107 Quia

2163 5139 2306 5194 sicut
2342 5138 2428 5192 lux
2462 5151 2566 5191 non
2601 5143 2780 5203 potest
2828 5151 2949 5191 esse
2999 5152 3123 5192 cum
3180 5137 3443 5202 tenebris,
3481 5150 3580 5188 nec
3615 5150 3739 5187 cum

2159 5231 2450 5301 iniquitate
2501 5230 2738 5300 justitia,
2798 5229 2871 5284 ita
2930 5244 3030 5285 nec
3081 5231 3194 5284 vita
3237 5237 3419 5299 potest
3465 5243 3589 5282 esse
3617 5242 3740 5280 cum

2162 5331 2358 5378 morte.
2405 5322 2468 5374 Et
2511 5321 2632 5376 ideo
2680 5322 2723 5376 si
2764 5321 2886 5390 quis
2927 5320 3028 5375 sibi
3071 5321 3328 5376 conscius
3354 5329 3437 5373 est
3463 5317 3606 5386 quod
3641 5317 3740 5370 ha-

3269 5440 3473 5495 “Psal.
3507 5454 3649 5502 πων,
3681 5441 3738 5496 8.

3273 5529 3347 5563 xt.
3380 5511 3435 5563 5.
3550 5509 3598 5541 ⁸⁸
3632 5511 3738 5563 Le-

3673 5525 3739 5566 e-

2654 5444 2892 5502 "Levit.
2928 5462 3039 5504 xxI.
3078 5444 3164 5498 10.

2374 5516 2419 5548 ⁵⁸
2449 5516 2624 5572 Levit.
2659 5517 2890 5583 ΧΧ1,10.
3001 5516 3045 5548 ⁸⁷
3071 5515 3090 5569 1
3116 5515 3243 5570 Cor.
3273 5529 3347 5576 ει,
3380 5511 3435 5563 5.

2155 5730 2373 5796 pallium
2409 5733 2691 5788 amictum,
2722 5750 2739 5782 ι
2770 5729 2936 5783 Paulo
2971 5736 3092 5796 post
3138 5740 3292 5797 mss.,
3329 5743 3349 5775 σ
3379 5741 3486 5797 quo
3533 5724 3732 5779 iudica-

2156 5812 2261 5856 tur.
2287 5821 2304 5854 ι
2343 5800 2496 5856 Libb.
2528 5803 2685 5868 editi,
2717 5819 2734 5851 ι
2761 5800 3030 5870 quomodo
3057 5796 3349 5854 indicatur.
3379 5816 3398 5850 ι
