4124 6404
453 367 556 422 559
1915 358 2081 417 OlilGI

2080 359 2230 414 ENIS
3601 362 3702 418 5ιο

445 490 570 546 beat
597 489 738 542 intra
781 502 841 542 se
875 485 1106 542 mortale
1139 483 1252 558 (96)
1295 493 1600 554 peccatum,
1625 500 1798 554 neque
1827 485 1876 538 id
1907 500 1934 538 a
1963 501 2020 539 se
2050 493 2095 547 Α
2124 485 2263 549 lunt,
2302 484 2344 538 si
2382 487 2496 539 haec
2521 485 2588 539 ad
2631 483 2940 554 pontiﬁcem
2984 491 3231 538 nostrum
3269 491 3322 537 et
3357 480 3699 539 Salvatoretn

447 596 544 649 per
577 579 954 648 pmnitentiam
988 577 1316 646 plenissima:
1364 575 1754 630 satisfactionis
1807 577 2023 643 abjccit,
2135 592 2239 629 non
2283 574 2611 640 referantur,
2643 577 2918 644 quomodo
2957 577 3252 630 secundum
3288 575 3522 630 litteram
3573 593 3702 646 pro-

448 683 554 721 nou
586 679 766 736 speret
817 669 960 736 quod
999 669 1164 721 intret
1202 666 1454 720 Christus
1487 665 1555 719 ad
1593 666 1830 719 animam
1883 667 2022 735 ejus,
2132 669 2372 732 habitur,
2396 668 2537 736 quod
2569 670 2634 721 de
2660 670 2864 722 sanctis
2896 684 3000 722 non
3051 679 3210 723 exeat
3246 684 3474 737 magnus
3524 685 3704 724 sacer-

443 760 536 828 qui
577 759 644 810 ad
673 773 887 812 omnem
919 760 1154 810 animam
1185 758 1496 811 defunctam
1536 775 1644 812 non
1677 759 1864 824 intrat,
1899 761 2024 828 quia
2132 765 2250 825 dos,
2287 762 2378 829 qui
2409 762 2594 830 utique
2622 771 2675 814 et
2699 776 2923 813 uxorem
2947 761 3270 828 accipiebat,
3298 761 3437 816 sicut
3465 762 3698 817 inferius

446 865 674 918 magnus
714 850 976 902 sacerdos
1008 858 1112 902 est.
2130 849 2350 913 dicitur,
2383 849 2654 917 virginem
2682 849 2747 901 de
2777 863 2976 916 genere
3009 850 3142 902 suo?
3174 849 3228 903 Si
3266 851 3329 904 de
3361 852 3566 905 sanctis
3593 868 3698 906 non

515 941 567 994 4.
619 960 635 992 ι
663 941 716 994 In
750 950 903 1008 patre
929 956 1031 995 suo
1075 951 1126 992 et
1186 951 1360 994 matre
1409 956 1502 994 sua
1543 956 1647 994 non
1683 943 2026 996 contamina-
2129 941 2261 1002 exit,
2295 940 2337 992 si
2373 955 2640 1008 nusquam
2683 939 2952 1007 procedit,
2987 941 3260 1010 quomodo
3315 952 3408 995 aut
3460 942 3526 996 ad
3564 959 3702 1011 quos

441 1033 673 1087 bitur".
705 1051 724 1084 ι
760 1031 857 1085 Hic
892 1032 1190 1099 Scriptura:
1244 1033 1396 1086 locus
1454 1030 1800 1087 diﬂicillimns
1833 1042 1914 1087 est
1959 1033 2024 1086 ad
2131 1047 2260 1086 usus
2293 1033 2784 1101 acciperejubetur
2813 1033 3079 1087 uxorem?
3109 1033 3296 1102 Neque
3322 1035 3462 1088 enim
3499 1046 3697 1104 putan-

437 1125 866 1194 explanandum,
899 1125 989 1176 sed
1035 1124 1078 1177 si
1106 1125 1451 1177 orationibus
1483 1125 1682 1177 vestris
1718 1125 1884 1178 Deum
1919 1123 2023 1176 Pa-
2128 1121 2257 1175 dum
2291 1130 2375 1174 est
2421 1123 2565 1188 quod
2599 1135 2720 1174 cum
2749 1134 2921 1173 uxore
2953 1119 3094 1173 intra
3133 1129 3321 1174 sancta
3357 1137 3578 1175 manere
3605 1139 3698 1192 po-

443 1224 582 1268 trem
618 1213 781 1269 Verbi
832 1215 1225 1284 deprecemini,
1255 1226 1312 1269 ut
1347 1233 1442 1270 nos
1477 1217 1785 1270 illuminare
1832 1217 2022 1284 digue-
2130 1210 2315 1264 luerit.
2350 1209 2453 1264 Sed
2481 1210 2598 1265 hrec
2625 1217 2817 1279 putent
2862 1208 2962 1274 illi,
2991 1210 3184 1278 quibus
3211 1210 3425 1279 placent
3457 1210 3700 1267 Iudaica:

445 1317 553 1368 tur,
591 1304 710 1372 ipso
750 1305 984 1360 donante
1013 1307 1215 1376 poterit
1259 1309 1563 1376 explanari.
1607 1307 1798 1362 Omnis
1828 1309 1916 1377 qui
1943 1308 2022 1360 in-
2128 1299 2344 1352 fabulae.
2378 1298 2483 1354 Nos
2513 1309 2696 1354 autem
2753 1300 3017 1353 habemus
3069 1301 3411 1356 sacerdotem
3449 1317 3699 1370 magnum

441 1397 686 1464 greditur
749 1397 892 1450 hunc
927 1399 1207 1461 mundum,
1243 1399 1294 1450 itt
1345 1401 1576 1466 quadam
1615 1397 2024 1452 contaminatio-

2123 1389 2418 1442 secundum
2471 1391 2719 1443 ordinem
2753 1387 3152 1446 Melchisedech
3184 1391 3464 1446 Christum
3490 1391 3698 1457 Jesum,

442 1505 509 1540 ne
537 1487 673 1543 eitlci
705 1491 929 1544 dicitur.
955 1491 1186 1558 Propter
1203 1491 1344 1560 quod
1378 1499 1434 1545 et
1463 1489 1746 1558 Scriptura
1777 1491 1910 1544 dicit
1933 1490 2016 1541 ⁷³ε
2125 1497 2400 1550 nunquam
2457 1484 2522 1536 de
2572 1485 2783 1538 sanctis
2835 1493 3128 1538 exeuntem
3157 1501 3171 1548 ;
3216 1500 3435 1555 semper
3467 1487 3610 1541 enim
3648 1488 3700 1541 in

447 1596 465 1629 ‹
489 1579 655 1633 Nemo
692 1581 920 1634 mundus
955 1597 982 1634 a
1019 1581 1199 1644 sorde,
1238 1596 1337 1635 nec
1394 1583 1436 1636 si
1493 1583 1651 1636 unius
1697 1583 1802 1636 diei
1854 1581 2020 1635 fuerit
2123 1572 2334 1628 sanctis
2365 1583 2468 1638 est.
2499 1582 2555 1628 ει
2587 1586 2771 1630 manet
2797 1591 3012 1646 semper
3035 1586 3254 1631 sanctus
3288 1577 3338 1630 in
3367 1577 3546 1632 verbis
3563 1579 3701 1644 suis.

441 1670 551 1722 vita
579 1668 715 1736 ejus.
750 1689 768 1723 ι
799 1670 912 1724 Hoc
944 1671 1060 1740 ipso
1096 1687 1225 1740 ergo
1265 1673 1406 1740 quod
1440 1671 1492 1724 in
1523 1672 1683 1725 vulva
1712 1673 1902 1726 man-is
1936 1681 2019 1726 εει
2123 1673 2343 1717 sanctus
2374 1663 2425 1716 in
2463 1664 2678 1720 actibus
2708 1667 2848 1733 suis,
2879 1677 3101 1722 sanctus
3130 1667 3183 1721 in
3216 1668 3470 1724 omnibus
3507 1669 3699 1722 volun-

441 1765 670 1832 positus,
696 1771 750 1816 et
785 1765 925 1830 quod
969 1763 1252 1816 materiam
1289 1764 1537 1832 corporis
1580 1765 1646 1817 ab
1684 1764 1893 1832 origine
1923 1780 2018 1832 pa-
2125 1753 2326 1808 tatibus
2373 1755 2508 1820 suis,
2536 1767 2589 1810 et
2620 1756 2769 1812 solus
2802 1768 2887 1812 est
2935 1759 3026 1828 qtti
3080 1775 3353 1828 nunquam
3391 1761 3703 1815 inveniatur

439 1855 580 1908 terni
623 1855 847 1909 seminis
880 1855 1067 1922 sumit,
1103 1856 1154 1907 in
1184 1865 1338 1924 patre
1363 1867 1414 1910 et
1442 1856 1493 1910 in
1541 1867 1716 1911 matre
1751 1859 2018 1912 coutami-
2052 1831 2067 1886 1

2075 1835 2092 1885 ι
2122 1856 2276 1899 extra
2308 1854 2522 1900 sancta.
2558 1845 2660 1914 Qui
2717 1848 2861 1902 enim
2890 1859 3098 1918 peccat,
3132 1850 3244 1903 exit
3271 1848 3339 1904 de
3372 1852 3610 1918 sanctis;
3647 1861 3703 1906 et

441 1945 722 1999 natnsdici
755 1955 950 2014 potest.
979 1947 1083 1999 Aut
1112 1947 1316 2010 nescis,
1352 1947 1477 2016 quia
1513 1963 1634 2000 cum
1658 1948 2015 2017 quadraginta

2122 1939 2554 2007 quotiescunque
2603 1940 2725 2009 quis
2779 1950 2990 2009 peccat,
3044 1944 3205 1996 toties
3254 1941 3488 1998 efﬁcitur
3542 1955 3699 1998 extra

439 2038 648 2089 diorum
693 2035 874 2091 factus
910 2037 1077 2091 fuerit
1135 2051 1266 2105 puer
1323 2038 1618 2102 masculus,
1674 2037 1900 2091 oﬂ'ertur
1951 2039 2017 2090 ad
2120 2027 2604 2085 sancta.Cbristus
2633 2042 2813 2086 autem
2853 2033 2942 2101 qui
2970 2049 3242 2103 nunquam
3271 2036 3532 2102 peccavit,
3565 2051 3703 2088 nun-

437 2131 630 2193 altare,
668 2141 726 2183 ut
761 2130 831 2184 ibi
862 2130 1202 2198 puriﬁcetur,
1231 2139 1486 2200 tanquam
1517 2133 1606 2199 qui
1633 2131 1865 2199 pollutus
1899 2133 2014 2185 rue-
2119 2139 2282 2192 quam
2319 2127 2450 2180 exiit
2482 2129 2547 2182 de
2573 2128 2795 2182 sanctis.
2828 2127 2934 2181 Sed
2983 2136 3038 2181 et
3069 2139 3122 2181 tu
3152 2129 3242 2196 qui
3271 2129 3515 2198 sequeris
3545 2131 3700 2185 Chri-

437 2222 508 2274 ri'.
541 2222 592 2273 in
628 2221 742 2290 ipsa
773 2221 1156 2289 conceptione,
1225 2223 1310 2276 vel
1355 2224 1568 2291 paterni
1623 2222 1876 2286 seminis,
1929 2222 2012 2275 vel
2119 2226 2287 2280 stunt,
2329 2226 2384 2270 et
2427 2218 2669 2273 imitator
2712 2219 2830 2289 ejus
2853 2233 2930 2283 cs,
2973 2219 3016 2272 si
3052 2231 3372 2287 permaneas
3426 2221 3477 2274 in
3530 2223 3696 2276 verbo

437 2311 574 2365 uteri
612 2312 875 2366 materni?
906 2312 1095 2368 Omnis
1123 2329 1253 2380 ergo
1277 2313 1438 2369 homo
1463 2315 1514 2368 in
1545 2325 1700 2384 patre
1722 2323 1776 2368 et
1807 2315 1856 2368 in
1902 2331 2015 2366 ma-
2122 2309 2237 2374 Dei,
2267 2314 2310 2364 si
2364 2311 2416 2365 in
2461 2312 2582 2383 lege
2633 2312 2748 2381 ejus
2785 2311 3070 2367 mediteris
3116 2311 3202 2366 die
3250 2329 3313 2368 ac
3347 2326 3529 2381 nocte,
3564 2318 3606 2370 si
3642 2318 3696 2372 in

440 2413 518 2456 tre
555 2403 791 2472 pollutus
829 2415 930 2472 est,
965 2407 1114 2461 solus
1141 2423 1268 2462 vero
1295 2406 1451 2462 Jesus
1487 2406 1744 2462 Dominus
1783 2422 1934 2460 mens
1962 2406 2013 2458 in
2121 2402 2394 2458 mandatis
2431 2403 2550 2471 ejus
2589 2408 2923 2472 exercearis,
2984 2423 3198 2478 semper
3250 2410 3302 2464 in
3361 2410 3565 2465 sanctis
3614 2426 3698 2477 es,

437 2498 578 2551 hanc
631 2497 1035 2566 generationem
1070 2497 1178 2569 (97)
1208 2502 1440 2554 mundus
1493 2501 1771 2569 ingressus
1823 2509 1924 2564 cst,
1962 2501 2013 2553 in
2120 2509 2220 2547 nec
2253 2511 2494 2563 unquam
2527 2497 2648 2550 inde
2681 2498 2939 2554 discedis.
2969 2499 3156 2569 Neque
3182 2503 3324 2556 enim
3355 2503 3407 2555 in
3436 2503 3551 2557 loco
3579 2519 3699 2558 san-

439 2595 614 2638 matre
646 2601 750 2640 non
789 2597 873 2641 est
917 2588 1172 2657 pollutus.
1208 2587 1493 2658 Ingressus
1525 2601 1610 2644 est
1637 2591 1781 2644 enim
1817 2607 2016 2661 corpus
2119 2597 2201 2641 cta
2239 2590 2527 2655 quaerenda
2559 2598 2705 2652 sunt,
2746 2592 2838 2644 sed
2880 2592 2934 2646 in
2961 2595 3193 2660 actibus,
3225 2605 3280 2648 et
3314 2599 3442 2660 vita,
3480 2611 3542 2648 ac
3575 2610 3695 2648 mo-

436 2678 950 2733 incontaminatum.
987 2680 1105 2749 Ipse
1140 2684 1282 2736 enim
1322 2692 1460 2750 erat,
1495 2684 1664 2753 quiet
1691 2685 1890 2738 dudum
1921 2701 2016 2754 per
2120 2681 2288 2734 ιἨιυδ·
2326 2679 2456 2747 QN?13
2491 2681 2533 2734 Si
2575 2682 2872 2735 εθευιὶάιιηι
2915 2683 3081 2737 Deum
3131 2685 3263 2750 Sim,
3295 2694 3351 2739 ει
3399 2686 3695 2741 secundum

436 2770 786 2824 Salomonem
825 2773 1106 2827 dixerat"
1139 2791 1151 2826 :
1189 2793 1206 2826 ι
1237 2775 1407 2844 Magis
1454 2785 1636 2829 autem
1671 2792 1792 2830 cum
1837 2793 2013 2833 essem
2118 2785 2445 2842 prwceptum
2483 2774 2574 2828 Dei
2627 2775 2970 2844 habeantur,
3023 2779 3236 2834 etiamsi
3290 2779 3340 2834 in
3389 2780 3550 2835 domo
3593 2779 3694 2843 sis,

435 2862 626 2924 bonus,
672 2862 794 2915 veni
844 2868 912 2916 ad
965 2879 1166 2933 corpus
1209 2865 1740 2934 incoinqninatum.»
1777 2867 1892 2924 Non
1931 2880 2013 2926 est
2117 2868 2331 2922 etiamsi
2379 2869 2430 2922 in
2482 2867 2632 2935 foro;
2676 2879 2731 2924 et
2781 2871 2909 2939 quid
2957 2871 3078 2926 dico
3123 2873 3176 2926 in
3228 2873 3366 2938 foro,
3395 2872 3610 2928 etiamsi
3642 2873 3696 2926 in

433 2967 564 3020 ergo
607 2955 1012 3009 contaminatus
1059 2958 1110 3008 in
1149 2966 1342 3020 matre,
1377 2959 1470 3012 sed
1516 2974 1583 3012 ne
1616 2961 1667 3013 in
1702 2972 1858 3030 patre
1896 2965 2017 3032 qui-
2123 2960 2332 3013 theatro
2381 2960 2681 3016 iuveniaris
2709 2963 2874 3017 verbo
2906 2962 2998 3016 Dei
3035 2963 3370 3030 deserviens,
3404 2970 3454 3019 in
3491 2967 3699 3020 sanctis

436 3042 579 3098 deut.
613 3044 753 3099 Nihil
827 3048 969 3101 enim
1001 3047 1197 3118 Ioseph
1238 3050 1288 3102 in
1336 3052 1687 3119 generatione
1731 3056 1847 3122 ejus
1878 3072 2016 3124 prm-
2122 3060 2172 3106 te
2219 3067 2342 3106 esse
2389 3069 2494 3107 non
2543 3055 2779 3111 dubites.
2824 3059 2931 3112 Aut
2971 3074 3076 3112 non
3119 3059 3212 3112 tibi
3255 3059 3467 3112 videtur
3496 3057 3698 3111 Paulus

437 3148 520 3192 ter
564 3139 942 3193 ministerium
981 3143 1234 3210 praestitit
1264 3152 1317 3196 et
1348 3143 1620 3200 affectum.
1654 3145 1807 3201 Unde
1837 3159 1892 3202 et
1919 3166 2016 3218 pro
2043 3185 2085 3240 ϐ
2119 3161 2240 3199 cum
2273 3146 2552 3216 ingressus
2577 3159 2660 3202 est
2700 3150 3000 3214 theatrum,
3040 3149 3120 3203 vel
3153 3166 3276 3203 cum
3315 3151 3589 3220 ingressus
3613 3161 3697 3204 est

433 3232 575 3285 ﬁdeli
605 3233 930 3298 ministerio,
954 3235 1124 3304 patris
1147 3236 1194 3289 ei
1227 3237 1555 3291 vocabulum
1583 3237 1865 3308 Scriptura
1891 3257 2015 3294 con-
2049 3232 2085 3240 “
2117 3238 2484 3307 Areopagum,
2513 3245 2564 3291 et
2598 3240 2913 3308 praedicavit
2937 3240 3362 3294 Atheniensibus
3385 3240 3694 3306 Christum,

431 3326 621 3380 cessit.
669 3328 762 3381 Sic
790 3328 933 3382 enim
969 3327 1140 3381 Maria
1179 3329 1291 3398 ipsa
1327 3330 1462 3383 dicit
1502 3331 1554 3383 in
1604 3331 1896 3400 Evangelio
1923 3334 2006 3385 ⁷⁵ε
2117 3329 2169 3381 iu
2205 3329 2414 3383 sanetis
2445 3328 2657 3384 fuisse?
2691 3331 2796 3385 Sed
2836 3341 2891 3386 et
2921 3347 3041 3386 cum
3093 3332 3525 3401 perambulaSset
3571 3346 3697 3385 aras

437 3435 455 3469 ‹
508 3419 646 3474 Ecce
671 3435 775 3489 ego
809 3429 861 3473 et
881 3431 1030 3489 pater
1061 3429 1179 3475 tuus
1209 3422 1451 3476 dolentes
1471 3422 1848 3492 quaerebamus
1880 3433 1952 3478 te.
1989 3443 2007 3476 ι
2115 3427 2169 3473 ct
2197 3420 2339 3473 idola
2361 3421 2795 3486 Atheniensium,
2823 3423 2908 3476 ubi
2931 3424 3140 3478 invenit
3171 3425 3433 3491 scriptum
3463 3444 3482 3476 ι
3510 3426 3698 3495 Ignoto

435 3510 526 3566 Sic
587 3528 716 3583 ergo
743 3513 891 3566 solus
922 3522 1004 3567 est
1040 3513 1124 3567 hic
1156 3516 1413 3568 sacerdos
1442 3529 1686 3584 magnus,
1719 3516 1810 3583 qui
1836 3531 2011 3586 neque
2116 3510 2226 3563 Deo
2245 3511 2314 3575 ⁷⁷,
2337 3529 2354 3560 ι
2392 3519 2446 3564 et
2477 3525 2542 3564 ex
2594 3514 2697 3567 hoc
2750 3515 2920 3568 verbo
2947 3516 3181 3581 sumpsit
3207 3515 3408 3569 Christi
3441 3519 3694 3585 prazdica-

434 3601 486 3654 in
531 3610 685 3669 patre
736 3602 975 3671 pollutus
1017 3604 1112 3667 sit,
1147 3616 1322 3673 neque
1379 3603 1430 3656 iu
1490 3615 1682 3659 matre.
1720 3607 2012 3660 Videamus
2118 3600 2280 3655 tionis
2311 3603 2623 3665 exordium,
2657 3604 2819 3658 etiam
2858 3606 2929 3660 ibi
2963 3622 3086 3661 aras
3121 3608 3402 3677 gentilium
3455 3609 3691 3661 lustrans

431 3702 613 3747 autem
646 3693 690 3747 si
722 3695 903 3748 adhuc
937 3709 1222 3765 possumus
1254 3694 1458 3762 aliquid
1494 3695 1798 3762 sublimius,
1832 3708 1885 3752 et
1913 3713 2010 3766 pro
2115 3689 2168 3743 in
2201 3695 2406 3749 Sanctis
2449 3697 2662 3764 positus
2697 3707 2838 3766 erat,
2870 3700 2995 3770 quia
3031 3711 3222 3755 sancta
3255 3701 3552 3771 cogitabat.
3585 3701 3695 3758 Sed

436 3791 701 3860 dignitate
749 3792 882 3845 tanti
933 3790 1205 3862 pontiﬁcis
1257 3790 1522 3845 invenire.
1572 3792 1732 3844 Pater
1761 3794 2007 3848 omnium
2115 3795 2166 3838 el
2197 3787 2509 3858 QUiCUIIqIIc
2556 3795 2797 3848 custodit
2847 3810 2906 3849 se
2955 3804 3078 3864 post
3132 3807 3409 3866 acceptam
3460 3800 3693 3865 gratiam

432 3897 598 3937 verus
617 3884 812 3938 dicitur
837 3886 996 3939 Deus.
1028 3884 1256 3956 Matrem
1294 3891 1500 3952 autem,
1532 3886 1823 3954 Apostolus
1853 3885 2010 3942 Jeru.
2118 3874 2206 3929 Dei
2261 3893 2326 3930 ne
2378 3879 2583 3934 incidat
2632 3883 2682 3936 in
2737 3885 3113 3954 homicidium,
3159 3888 3211 3940 iu
3259 3887 3607 3952 adulterium,
3641 3888 3692 3940 in

430 3975 600 4031 salem
631 3975 762 4032 dicit
791 3993 909 4033 esse
941 3979 1221 4034 cmlcstem
1245 3979 1312 4030 τε,
1345 3977 1548 4034 omnes
1580 3995 1712 4049 ergo
1757 3983 1846 4050 qui
1883 3996 2010 4050 pec-
2114 3970 2340 4034 furtum,
2373 3970 2424 4025 in
2464 3972 2657 4026 falsum
2687 3977 3078 4042 testimonium,
3104 3988 3157 4032 et
3191 3977 3293 4032 alia
3327 3978 3560 4044 similia;
3599 3979 3693 4032 sed

431 4071 1052 4135 cant,coutaminantur
1097 4073 1150 4126 in
1201 4083 1357 4142 patre
1405 4089 1434 4128 a
1475 4089 1583 4143 quo
1631 4074 1800 4126 creati
1860 4085 2005 4130 sunt.

2113 4072 2392 4131 permanet
2425 4065 2656 4119 mundus
2685 4067 2754 4120 ab
2782 4069 2928 4122 omni
2963 4070 3286 4140 contagione
3318 4072 3553 4139 peccati,
3585 4087 3690 4125 non

433 4161 562 4216 Sive
608 4163 753 4217 enim
805 4165 1011 4234 egimus
1058 4163 1259 4236 aliquid
1310 4167 1560 4235 impium,
1588 4166 1702 4220 sive
1727 4165 1890 4220 locuti
1921 4181 2007 4219 su-
2110 4155 2278 4210 θκίνίῑ
2311 4156 2417 4211 Ῑδιθ
2461 4157 2528 4211 de
2579 4160 2806 4223 salictis.
2844 4170 2898 4215 el
2929 4177 3033 4217 ηοιι
3063 4163 3452 4218 colllaminavit
3485 4163 3692 4218 sancti-

432 4269 572 4317 mus,
611 4255 728 4309 sive
750 4256 1111 4324 cogitavimus
1151 4266 1341 4310 contra
1379 4255 1570 4320 Deum,
1599 4271 1723 4310 cum
1756 4271 1858 4309 non
1895 4270 2009 4309 cred
2112 4248 2416 4303 ticationem
2478 4249 2572 4303 Dei
2620 4251 2700 4304 sui
2760 4252 2812 4304 in
2877 4255 3197 4323 semetipso,
3249 4256 3375 4323 quia
3440 4267 3690 4309 sanctum

430 4346 668 4400 uidimus
711 4347 819 4400 Deo
873 4347 1230 4399 contaminati
1269 4361 1458 4400 sumus
1513 4346 1564 4398 in
1617 4355 1793 4414 patre,
1827 4346 2008 4415 Atque
2110 4338 2287 4392 oleum
2338 4340 2660 4394 chrismatis
2695 4341 2789 4397 Dei
2839 4345 2920 4398 sui
2968 4362 3132 4414 super
3179 4347 3358 4414 ipsum
3409 4357 3512 4400 est.
3560 4345 3690 4402 lllttti

431 4440 637 4492 utinam
673 4452 798 4492 tunc
844 4439 1016 4492 solum
1061 4454 1155 4507 per
1194 4439 1622 4492 incredulitatem
1661 4439 1866 4492 factum
1912 4441 2002 4504 sit,
2110 4429 2402 4494 oleum.dc
2428 4447 2536 4501 quo
2584 4434 2634 4486 ill
2672 4434 2856 4490 EXOdO
2905 4436 3168 4503 Scripluul
3214 4436 3387 4498 est",
3417 4438 3689 4504 quoututlo

429 4539 704 4585 cessatum
736 4529 807 4582 sit
836 4544 968 4583 vero
995 4539 1274 4597 postquam
1326 4529 1656 4582 credidimus
1686 4530 1698 4581 t
1754 4527 1843 4582 Sic
1877 4545 2006 4598 ergo
2040 4521 2083 4576 D
2114 4532 2294 4592 potest
2327 4525 2626 4576 secundum
2660 4525 2896 4578 litteram
2943 4526 3161 4594 proprie
3195 4528 3372 4580 oleum
3430 4529 3518 4580 Dei
3549 4528 3682 4590 dici,

429 4622 594 4674 etiam
621 4618 782 4688 252
817 4620 1256 4673 contaminamur
1300 4619 1351 4671 in
1403 4629 1598 4686 matre,
1630 4621 1675 4673 si
1719 4620 2007 4675 credentes
2116 4617 2259 4683 quod
2289 4628 2405 4670 arte
2440 4619 2742 4686 myrepsica
2775 4617 3086 4671 confectum
3112 4627 3194 4673 est
3223 4635 3250 4671 a
3282 4621 3689 4688 pigmentario?

430 4713 563 4775 Deo,
597 4711 681 4764 vel
715 4711 1010 4766 Ecclesiam
1050 4711 1316 4776 Ιιιξιίίηιιιε,
1352 4712 1434 4766 vel
1473 4713 1776 4768 libertatem
1816 4716 2007 4769 matris
2117 4705 2222 4761 Sed
2270 4708 2312 4761 si
2350 4708 2429 4760 vis
2459 4709 2644 4762 videre
2692 4707 2866 4761 oleum
2903 4709 3018 4772 Dei,
3059 4709 3184 4762 audi
3219 4725 3379 4777 quem
3418 4710 3686 4780 Propheta

430 4803 672 4858 caelestis
729 4804 946 4872 indigna
992 4806 1196 4873 peccati
1227 4804 1487 4858 servitute
1523 4805 1811 4859 arguamus.
1848 4805 2007 4861 Solus
2116 4801 2262 4852 dicat
2304 4809 2529 4852 unctum
2579 4814 2700 4853 esse
2739 4799 2856 4854 oleo
2912 4800 3027 4865 Dei,
3079 4801 3227 4854 illum
3272 4805 3389 4856 sine
3432 4804 3594 4857 dubio
3627 4805 3694 4858 de

428 4911 560 4950 vero
595 4895 850 4949 Dominus
882 4906 1066 4949 noster
1091 4895 1250 4950 Jesus
1279 4897 1550 4958 Christus,
1594 4897 1686 4964 qui
1721 4907 2002 4965 peccatum
2117 4908 2224 4961 quo
2267 4892 2397 4947 dicit
2420 4895 2462 4924 7'
2499 4911 2510 4945 :
2546 4911 2564 4942 ι
2595 4892 2888 4962 Propterea
2916 4897 3068 4948 unxit
3102 4904 3154 4949 te
3204 4897 3366 4962 Deus,
3394 4897 3537 4951 Deus
3567 4908 3692 4954 tuus

433 4986 630 5050 nescit,
663 5001 838 5056 neque
867 4986 918 5039 in
948 4995 1120 5054 patre,
1153 5002 1331 5052 neque
1367 4987 1417 5038 iu
1452 4996 1626 5039 matre
1665 4987 2005 5040 contamina-
2111 4984 2230 5038 oleo
2268 4983 2466 5037 laetitia:
2525 4999 2634 5052 pra:
2686 4986 3044 5054 participibus
3094 4989 3216 5040 tuis.
3251 5007 3268 5038 ι
3301 4987 3397 5043 llic
3449 5003 3577 5058 ergo
3610 5000 3694 5045 est

430 5083 518 5126 tus
550 5082 654 5138 est,
691 5082 746 5127 et
780 5073 846 5128 de
882 5075 1085 5128 sanctis
1135 5089 1239 5127 non
1272 5074 1463 5128 exivit.
1505 5074 1747 5128 Fuerant
1783 5075 2003 5143 quidem
2114 5088 2344 5142 magnus
2383 5075 2664 5137 sacerdos,
2691 5075 2781 5142 qui
2819 5076 2967 5129 solus
2997 5075 3118 5130 oleo
3153 5077 3242 5130 Dei
3276 5088 3469 5132 unctus
3501 5091 3606 5142 est,
3639 5089 3693 5132 et

429 5160 688 5214 nonnulla
718 5169 773 5214 et
803 5162 853 5214 in
887 5161 1262 5229 superioribus
1295 5165 1647 5231 proponenda
1690 5163 1912 5232 .ludmis,
1940 5169 2006 5220 ad
2112 5163 2164 5216 in
2203 5179 2308 5231 quo
2347 5178 2564 5233 semper
2595 5177 2846 5220 sanctum
2881 5167 3182 5236 permansit
3213 5169 3382 5222 divini
3418 5169 3685 5224 chrisma-

426 5271 548 5322 qua:
582 5255 912 5324 respondere
963 5269 1070 5306 non
1128 5263 1368 5322 possent,
1404 5255 1497 5308 sed
1523 5256 1744 5309 omissis
1775 5255 1903 5321 illis,
1937 5258 2004 5312 de
2110 5253 2178 5308 tis
2204 5253 2406 5310 oleum.

428 5349 529 5402 hoc
554 5347 1038 5402 iuterimsermonc
1068 5347 1194 5414 quid
1229 5345 1382 5399 nobis
1408 5346 1610 5409 dicant,
1642 5347 1727 5400 vel
1762 5348 1884 5417 ipsi,
1923 5351 2004 5403 vel
2176 5347 2229 5400 5.
2275 5346 2379 5401 Sed
2436 5348 2565 5418 quid
2619 5349 2837 5404 additur
2877 5361 2997 5420 post
3056 5351 3204 5406 haec?
3270 5370 3286 5403 ς
3312 5351 3410 5406 llic
3460 5365 3685 5405 uxorem

427 5436 514 5497 qni
542 5437 837 5489 secundum
867 5436 1108 5503 ipsorum
1141 5449 1362 5488 sensum
1402 5433 1628 5503 intelligi
1683 5437 1853 5506 legem
1909 5453 2005 5491 vo-
2105 5438 2372 5508 virginem
2420 5441 2488 5494 de
2524 5457 2723 5510 genere
2768 5459 2866 5497 suo
2901 5444 3137 5512 accipiet
3175 5444 3436 5497 :viduam
3483 5448 3688 5506 autem,

498 5527 543 5604 ξξ
573 5529 695 5604 Lev.
728 5546 840 5592 xxt,
881 5531 974 5604 ll.
998 5530 1086 5604 _'”
1108 5529 1214 5604 _.lob
1265 5545 1374 5596 xw,
1405 5531 1459 5594 4,
1493 5530 1546 5583 5.
1626 5530 1671 5562 ⁷⁵
1700 5533 1957 5602 Sap.vttt,
1980 5533 2068 5588 20.

2054 5573 2068 5588 .
2147 5535 2192 5565 ⁷⁵
2221 5534 2352 5590 Luc.
2387 5551 2448 5600 tl,
2470 5535 2556 5592 18.
2636 5538 2680 5569 ⁷⁶
2708 5536 2886 5592 Galat.
2917 5554 2988 5601 tv,
3020 5536 3110 5591 26.
3188 5537 3231 5568 ⁷⁷
3260 5538 3381 5591 Act.
3405 5549 3539 5604 xvu,
3586 5534 3680 5590 23.

433 5591 476 5621 "‘
502 5597 666 5651 Exod.
705 5591 856 5654 xxix.
937 5601 1139 5655 "Psal.
1171 5616 1314 5666 xuv,
1345 5591 1396 5656 8.

432 5775 461 5813 ε
503 5691 613 5757 (96)
652 5689 896 5747 Mortale.
931 5694 1094 5750 Deest
1130 5695 1181 5750 in
1207 5695 1339 5750 libb.
1378 5695 1562 5761 editis,
1597 5697 1688 5749 sed
1725 5689 2005 5766 suppletur
2117 5762 2153 5818 ti
2188 5692 2300 5764 (97)
2331 5695 2422 5753 Sic
2456 5713 2586 5754 mss.
2620 5697 2776 5755 Libb.
2815 5713 2950 5754 vero
2993 5697 3145 5763 editi,
3185 5715 3203 5748 ‹
3237 5698 3289 5752 in
3325 5698 3426 5754 hac
3457 5711 3682 5767 genera-

488 5777 612 5814 tnss.
2159 5781 2278 5818 one.
2311 5782 2332 5818 ι

488 5777 612 5814 11155.
2117 5777 2278 5819 ῑιυιιε.
2311 5782 2332 5819 ι
