4124 6462
419 381 527 442 543

1880 364 2202 432 οιιιεΕΝιε

3574 352 3675 410 ΒΗ

429 511 610 554 autem
634 495 861 563 Christi,
902 509 1080 567 neque
1104 489 1312 566 abiecta
1335 531 1354 560 ,
1389 509 1568 564 neque
1596 493 1798 566 polluta
1831 501 2006 564 potest.
2035 493 2082 549 Α
2111 498 2227 540 rum
2257 487 2465 552 partus,
2495 477 2598 531 iste
2624 479 2944 567 conceptus,
2981 469 3084 522 ista
3117 474 3244 522 sunt
3272 472 3457 522 sancta
3489 465 3673 567 conju:

423 599 584 648 esse,
651 585 745 638 sed
809 585 962 654 virgo
1021 583 1484 647 incontaminata,
1546 583 1896 652 incorrupta,
1946 592 2001 638 et

425 677 649 730 munda.
690 675 958 730 Memento
1000 676 1142 729 enim
1185 675 1456 729 sermonis
1483 674 1803 742 apostolici,
1839 689 2000 744 quem

422 771 582 839 paulo
605 781 732 826 ante
765 772 1165 842 proposuimus,
1203 771 1432 825 dicentis
1453 770 1500 802 ⁸⁸
1535 787 1547 823 :
1582 789 1600 822 ι
1643 769 1710 826 Ut
1741 771 2004 824 exhibeat

423 865 541 930 ipse
558 862 658 917 sibi
695 863 987 932 gloriosam
1021 860 1346 926 Ecelesiam,
1372 878 1478 916 non
1509 862 1796 917 habentem
1823 877 2005 915 macu-

424 955 534 1010 Iam
563 969 740 1024 neque
771 969 978 1024 rugam,
1010 963 1104 1008 aut
1145 953 1350 1024 aliquid
1383 953 1669 1022 ejusmodi,
1703 953 1799 1009 sed
1845 962 1903 1007 ut
1929 955 2005 1008 sit

424 1055 616 1102 sancta
647 1055 702 1101 et
726 1046 1096 1101 immaculata.
1139 1064 1159 1098 ι

493 1139 549 1193 ⁸1.
584 1139 689 1193 Sed
724 1150 778 1192 et
806 1139 1152 1194 meretricem
1184 1153 1291 1193 non
1324 1138 1577 1209 accipiet.
1610 1137 1739 1204 Qua:
1775 1146 1860 1193 est
1886 1138 2007 1193 ani-

427 1245 510 1285 ma
541 1231 843 1285 meretrix?
867 1247 988 1300 qua:
1015 1232 1080 1285 ad
1107 1246 1166 1286 se
1196 1232 1402 1300 recepit
1438 1239 1733 1294 amatores,
1778 1231 1845 1286 de
1883 1232 2006 1301 qui-

429 1324 527 1376 Ims
552 1325 684 1378 dicit
722 1325 984 1394 propheta
1011 1325 1056 1356 ⁸⁸
1089 1345 1100 1378 :
1139 1343 1157 1376 ι
1196 1324 1543 1379 Meretricata
1592 1339 1652 1378 es
1692 1333 1817 1392 post
1846 1339 2004 1378 ama-

430 1425 575 1470 tores
607 1425 746 1470 tuos.
779 1434 797 1466 ι
831 1417 933 1482 Qui
983 1426 1107 1470 sunt
1143 1417 1228 1470 isti
1278 1425 1556 1470 amatores
1581 1417 1671 1484 qui
1701 1419 1905 1471 intrant
1938 1417 2003 1469 ad

429 1509 664 1560 animant
698 1509 1072 1571 meretricem,
1127 1508 1225 1561 nisi
1260 1509 1551 1562 contraria:
1580 1517 1896 1578 potestates,
1948 1519 2007 1564 et

429 1602 736 1660 «Immunes.
776 1600 863 1667 qui
923 1599 1254 1652 desiderium
1309 1600 1533 1666 capiunt
1580 1600 2006 1669 pulchritudinis

426 1692 579 1761 ejus?
609 1690 840 1747 Pulchra
878 1708 1113 1762 namque
1147 1709 1174 1744 a
1225 1691 1334 1747 Deo
1385 1700 1570 1746 creata
1607 1701 1687 1746 est
1717 1692 1921 1756 anima,
1953 1701 2006 1747 et

2106 577 2215 645 gia,
2271 586 2391 641 quae
2437 566 2768 622 conveniunt
2794 572 2846 615 et
2887 569 3010 629 apta
3047 567 3173 612 sunt
3205 571 3400 626 magno
3433 554 3674 624 pontiﬁci

2105 666 2328 722 Christo
2351 661 2479 717 Jesu
2512 659 2741 712 Domino
2772 661 2983 714 nostro,
3003 648 3088 702 cui
3115 647 3286 717 gloria
3308 656 3364 703 et
3391 646 3678 716 imperium

2106 757 2158 813 iu
2185 755 2378 813 saicula
2407 750 2754 809 smculorum.
2778 747 2970 799 Amen.

2657 880 2938 939 HOMILIA
2979 880 3114 936 XIII.

2107 1005 2186 1061 De
2213 1005 2396 1059 diebus
2447 1001 2618 1068 festis,
2657 1007 2708 1053 et
2739 997 2977 1057 lucerna,
3015 1003 3062 1046 et
3109 987 3449 1068 candelabro,
3477 995 3523 1038 et
3565 981 3678 1068 ιι(ςο

2180 1078 2250 1129 ad
2298 1060 2496 1138 lumen,
2531 1060 2694 1126 et'de
2745 1081 2960 1128 mensa,
3009 1073 3057 1116 et
3093 1060 3315 1130 panibus
3361 1060 3682 1126 propositio-

2177 1147 2258 1200 m'r
2287 1144 2355 1197 ⁹¹⁶.

2178 1261 2232 1315 1.
2256 1257 2359 1325 Qui
2393 1255 2667 1326 perfectus
2690 1261 2808 1318 est,
2837 1251 2904 1305 ab
2929 1248 3047 1318 ipso
3078 1246 3187 1299 Deo
3230 1244 3458 1296 docetur
3497 1237 3564 1291 de
3589 1248 3679 1290 so-

2106 1351 2452 1407 lemnitatum
2483 1347 2715 1410 ratione,
2736 1340 3023 1398 ethomine
3052 1337 3119 1390 ad
3150 1336 3264 1389 haec
3288 1328 3542 1384 discenda
3567 1340 3684 1380 ma-

2107 1444 2275 1513 gistro
2319 1456 2425 1495 non
2463 1439 2655 1501 utitur,
2689 1435 2786 1490 sed
2825 1448 2854 1487 a
2907 1433 3016 1486 Deo
3045 1427 3231 1489 discit,
3274 1424 3321 1478 si
3357 1422 3478 1492 quis
3508 1426 3682 1513 potest

2107 1511 2304 1602 capere
2330 1533 2424 1586 Dei
2455 1545 2665 1585 vocem.
2695 1528 2796 1594 Qui
2828 1535 3008 1578 autem
3036 1535 3142 1574 non
3176 1525 3260 1572 est
3300 1515 3443 1578 talis,
3475 1512 3567 1567 sed
3603 1511 3685 1564 in-

2106 1626 2298 1689 ferior,
2330 1625 2490 1679 discit
2530 1622 2600 1676 ab
2632 1635 2697 1674 eo
2735 1618 2824 1686 qni
2863 1613 3114 1670 didicerit
3152 1626 3179 1662 a
3222 1607 3352 1662 Deo.
3404 1605 3528 1657 Ilzec
3555 1615 3685 1671 ergo

2107 1727 2188 1772 est
2211 1718 2275 1770 de
2296 1712 2732 1770 solemnitatibus
2751 1707 2945 1778 duplex
2964 1704 3212 1774 quaedam
3237 1698 3375 1753 ratio
3402 1695 3681 1749 doctrinm.

427 1783 559 1883 satis
601 1785 820 1883 decora.
871 1783 1006 1835 Audi
1062 1781 1335 1883 quomodo
1384 1781 1497 1850 ipse
1551 1781 1875 1883 Deus-dicit
1900 1782 1946 1813 θα
1987 1799 2000 1834 ε
2041 1829 2081 1883 Β
2114 1808 2252 1872 una,
2281 1821 2385 1875 qua
2413 1802 2712 1856 “lumina”
2745 1813 2840 1866 per
2871 1794 3122 1864 5pm,“,
3168 1784 3487 1856 prophetica
3531 1793 3685 1882 mens

432 1884 450 1916 ι
477 1874 763 1929 Faciamus
788 1875 1060 1929 hominem
1093 1875 1158 1928 ad
1193 1875 1484 1943 imaginem
1509 1883 1564 1928 et
1591 1874 2003 1928 similitudinem

428 1976 696 2020 nostram.
733 1985 750 2017 ›
793 1967 926 2021 Vide
958 1967 1109 2033 cujus
1133 1967 1368 2026 decoris,
1401 1967 1558 2035 cujus
1587 1965 2006 2035 pulchritudinis

426 2068 512 2112 est
563 2059 742 2112 anima
801 2073 922 2125 qua:
974 2058 1264 2125 imaginem
1300 2057 1463 2111 habet
1495 2066 1550 2112 et
1594 2058 2004 2112 similitudinem

429 2145 544 2200 Dei.
573 2144 720 2202 Hanc
749 2147 1208 2216 pulchritudinem
1233 2147 1525 2201 contrariae
1561 2155 1854 2215 potestates
1883 2161 2004 2199 cum

430 2237 722 2304 a-piciunt,
752 2237 802 2290 id
835 2247 919 2291 est
963 2237 1214 2292 diabolus
1247 2245 1301 2290 et
1343 2235 1521 2306 angeli
1563 2237 1706 2305 ejus,
1747 2237 2008 2305 concupi-

429 2338 590 2382 scunt
619 2329 857 2396 speciem
908 2329 1104 2398 ipsius;
1139 2329 1231 2398 qui
1274 2329 1404 2397 quia
1435 2343 1540 2381 non
1573 2337 1797 2395 possunt
1824 2327 2007 2396 sponsi

429 2418 549 2486 ejus
574 2419 713 2484 Ileri,
753 2421 1088 2474 meretricari
1121 2421 1348 2490 cupiunt
1381 2435 1502 2474 cum
1529 2435 1613 2474 ea.
1633 2419 1690 2474 Si
1730 2433 1861 2490 ergo
1889 2436 2010 2475 sus-

433 2512 667 2578 Ceperis,
717 2528 749 2565 ο
803 2513 990 2577 homo,
1030 2513 1081 2565 in
1114 2513 1277 2566 cubili
1327 2514 1521 2566 anima!
1557 2523 1660 2567 tum
1703 2513 2007 2566 adulterum

435 2601 728 2667 diabolum,
777 2604 1122 2657 mcretricata
1154 2612 1236 2657 est
1268 2604 1445 2656 anima
1484 2608 1571 2657 tua
1615 2619 1738 2657 cum
1771 2603 2006 2661 diabolo.

435 2690 493 2745 Si
538 2695 810 2761 receperis
845 2695 1067 2764 angelos
1100 2695 1237 2762 ejus,
1277 2697 1320 2750 si
1355 2697 1582 2764 spiritus
1615 2698 1886 2762 diversos,
1916 2696 2011 2766 qui

434 2797 664 2849 peccare
696 2792 745 2838 te
771 2786 1020 2852 suadent,
1046 2787 1398 2841 meretrieata
1444 2793 1528 2842 est
1551 2801 1672 2842 cum
1716 2789 1798 2844 eis
1827 2789 2008 2843 anima

436 2881 525 2925 tua
558 2890 572 2937 ;
602 2875 645 2927 si
674 2875 900 2943 spiritus
934 2879 1057 2943 ira',
1095 2881 1136 2932 si
1164 2879 1404 2942 invidite,
1440 2880 1482 2932 si
1521 2881 1809 2950 superbia},
1842 2883 1884 2936 si
1913 2883 2014 2936 im-

434 2963 714 3030 pudicitiae
751 2968 1034 3037 ingressus
1071 2969 1236 3024 fuerit
1265 2971 1331 3023 ad
1372 2970 1614 3024 animam
1645 2981 1812 3036 tuam,
1842 2982 1897 3026 et
1932 2987 2016 3026 re-

435 3056 647 3122 ceperis
688 3072 810 3110 eum
835 3099 850 3122 ,
893 3069 946 3112 rt
981 3061 1325 3114 consenseris
1356 3062 1403 3114 ei
1439 3061 1680 3131 loquenti
1743 3064 1796 3116 in
1849 3059 2012 3117 corde

2107 1871 2353 1962 docetur,
2384 1910 2527 1964 quae,
2563 1905 2621 1946 ut
2672 1892 2743 1945 ita
2789 1890 2992 1949 dicam,
3040 1880 3211 1950 magis
3249 1877 3440 1931 intuitu
3489 1871 3687 1926 mentis

2109 1991 2336 2046 discitur
2368 2001 2532 2057 quam
2575 1999 2710 2038 sono
2749 1980 2921 2043 vocis,
2959 1994 3058 2047 per
3095 1989 3257 2045 quam
3291 1971 3498 2057 veritas
3534 1966 3647 2034 ipsa
3670 2003 3685 2028 ,

2110 2097 2214 2135 non
2251 2056 2440 2133 umbra
2485 2085 2539 2145 et
2572 2077 2750 2144 imago
2782 2069 3032 2125 veritatis
3076 2061 3416 2134 agnoscitur.
3462 2056 3526 2111 Hi
3560 2067 3690 2108 vero

2109 2171 2200 2239 qui
2229 2170 2402 2238 ipsam
2433 2164 2528 2219 Dei
2555 2163 2861 2218 claritatem
2897 2169 3093 2225 capere
3134 2169 3239 2208 non
3288 2155 3550 2220 possunt,
3589 2158 3688 2197 nec

2112 2269 2282 2316 totum
2317 2255 2586 2324 fulgorem
2625 2251 2872 2307 veritatis
2913 2251 3120 2303 intenta
3174 2243 3370 2297 mentis
3415 2239 3530 2292 acie
3559 2252 3691 2291 cou-

2115 2349 2337 2420 spicari,
2358 2347 2585 2400 audiunt
2625 2345 2690 2398 de
2719 2338 3156 2396 solemnitatibus
3185 2331 3424 2390 secundo
3469 2329 3588 2382 loco
3624 2325 3691 2379 ab

2114 2441 2223 2504 bis,
2256 2440 2348 2508 qui
2387 2436 2567 2507 primo
2601 2434 2937 2496 didicerunt;
2985 2437 3039 2483 et
3089 2443 3210 2481 cum
3267 2425 3370 2478 illis
3406 2420 3686 2476 veritatem

2115 2546 2298 2586 rerum
2328 2529 2444 2597 ipsa
2479 2524 2836 2594 inspectionis
2867 2519 3175 2589 preprictas
3206 2515 3438 2575 dederit,
3462 2512 3526 2565 ad
3559 2511 3690 2564 istos

2112 2619 2361 2674 veritatis
2391 2619 2642 2671 umbram
2676 2614 2888 2682 profert
2918 2611 3067 2666 solus
3105 2607 3345 2662 auditus.
3373 2602 3541 2668 Ilujus
3577 2617 3691 2670 my-

2114 2711 2264 2768 sterii
2305 2708 2593 2779 Apostolus
2627 2705 2884 2762 conscius
2921 2702 3137 2757 dicebat
3183 2698 3248 2752 de
3283 2695 3484 2751 Iudaeis
3507 2732 3522 2758 ,
3564 2691 3689 2759 quia

2122 2821 2141 2854 ι
2172 2802 2376 2856 umbra:
2420 2809 2476 2854 et
2515 2795 2814 2866 exemplari
2874 2791 3189 2847 deserviunt
3231 2785 3532 2842 cmlestinm
3567 2781 3634 2835 ’³.
3667 2799 3686 2831 ι

2116 2895 2232 2964 Ipsa
2266 2894 2408 2947 enim
2441 2889 2682 2944 caalestia
2715 2887 2922 2954 Moyses
2942 2883 3141 2936 vidisse
3164 2877 3506 2939 describitur,
3539 2883 3694 2941 typos

2117 2995 2302 3039 autem
2334 2994 2387 3038 et
2425 2983 2692 3051 imagines
2723 2993 2911 3032 comm
2945 2990 3064 3042 qure
3103 2973 3315 3026 viderat
3350 2967 3548 3038 popqu
3586 2975 3694 3018 tra-

2119 3074 2344 3130 didisse.
2389 3074 2481 3127 Sic
2515 3072 2660 3127 enim
2695 3069 2758 3122 ad
2789 3085 2910 3124 eum
2947 3067 3182 3121 divinum
3211 3063 3345 3118 dicit
3374 3057 3693 3126 eloquium:

436 3151 556 3209 ωσι·
585 3147 884 3203 “locum”
920 3149 1088 3205 Γυθνίδ
1118 3147 1203 3204 his
1237 3167 1356 3220 (1⁸³³⁸⁵
1388 3153 1482 3206 tibi
1526 3156 1822 3209 secundum
1855 3170 2009 3209 suam
2043 3161 2088 3221 C
2123 3185 2143 3220 ι
2185 3166 2338 3230 Vide,
2393 3165 2571 3235 inquit
2599 3163 2668 3227 ’⁸,
2713 3163 2896 3218 omnia
2929 3160 3092 3213 facito
3125 3154 3420 3210 secundum
3464 3147 3696 3204 formam

435 3248 672 3293 mentem
720 3243 983 3312 suggerit,
1027 3245 1411 3299 meretricatus
1441 3261 1500 3299 es
1533 3261 1654 3300 cum
1705 3261 1790 3300 eo.
1838 3245 2016 3302 Here-

435 3331 628 3385 tricem
660 3349 791 3402 ergo
819 3351 923 3387 non
965 3336 1198 3399 accipiet
1247 3338 1504 3392 sacerdos
1533 3354 1782 3409 magnus,
1820 3349 1876 3392 et
1908 3353 2015 3391 non

435 3426 835 3478 contaminabit
869 3441 1056 3480 semen
1092 3443 1248 3480 suum
1278 3428 1330 3481 in
1360 3430 1559 3497 popqu
1590 3446 1714 3484 suo.
1753 3430 1908 3494 Quod
1934 3438 2019 3484 est

439 3515 588 3569 istud
625 3531 810 3569 semen
840 3520 982 3584 quod
1029 3519 1392 3572 contaminari
1425 3535 1530 3572 non
1561 3519 1716 3574 vult?
1746 3518 1802 3572 In
1841 3517 2019 3573 Evan-

437 3607 592 3676 geliis
617 3608 884 3675 scriptum
919 3620 1004 3664 est
1034 3611 1076 3641 ⁹¹
1107 3627 1120 3662 :
1158 3628 1176 3660 ι
1215 3609 1316 3676 Qui
1350 3611 1623 3679 seminat,
1678 3611 1900 3665 verbum
1932 3627 2019 3666 se-

439 3701 627 3758 minat.
662 3721 680 3753 ι
719 3701 836 3757 Non
867 3703 979 3756 vult
1009 3719 1138 3772 ergo
1168 3704 1535 3758 contaminari
1565 3704 1790 3760 verbum
1827 3705 1921 3759 Dei
1951 3706 2019 3759 ab

439 3792 525 3846 his
548 3793 638 3862 qni
677 3794 974 3848 seminant.
1006 3794 1107 3860 Qui
1143 3804 1274 3849 sunt
1300 3809 1436 3863 ergo
1468 3795 1561 3865 qui
1588 3796 1899 3850 seminant?
1927 3796 2018 3865 qui

436 3885 662 3940 verbum
716 3888 809 3941 Dei
867 3890 919 3941 in
968 3889 1211 3943 Ecclesia
1248 3889 1554 3959 proferunt.
1598 3891 1835 3945 Audiant
1891 3904 2020 3959 ergo

437 3980 724 4048 doctores,
782 3996 848 4035 ne
899 3981 1040 4038 forte
1081 3983 1277 4036 animae
1335 3984 1752 4047 contaminatae,
1812 3985 2017 4039 anima

441 4075 848 4139 meretricanti,
882 4075 1077 4130 animae
1114 4073 1497 4129 iulideliverba
1535 4075 1626 4129 Dei
1655 4077 1916 4143 credant,
1953 4090 2022 4130 ne

437 4165 580 4220 forte
610 4169 826 4221 mittant
857 4181 1106 4223 sanctum
1137 4171 1366 4223 canibus
1420 4179 1475 4222 et
1528 4169 1852 4238 margaritas
1890 4176 2020 4222 ante

437 4273 673 4328 porcos:
709 4260 802 4314 sed
837 4261 1050 4315 animas
1081 4259 1330 4324 mundos,
1387 4259 1634 4330 virgines
1671 4260 1723 4314 in
1761 4259 2022 4329 simplici-

441 4361 552 4407 tate
593 4353 713 4407 Iidei
742 4369 862 4422 qua:
889 4354 943 4408 in
981 4354 1198 4409 Christo
1236 4363 1319 4408 est
1345 4353 1571 4422 eligant,
1610 4353 1740 4423 ipsis
1771 4355 2022 4407 commit-

441 4453 560 4498 tant
586 4455 793 4500 secreta
826 4447 1110 4516 mysteria,
1170 4445 1303 4514 ipsis
1334 4443 1562 4499 verbum
1594 4444 1706 4508 Dei,
1738 4453 1793 4498 et
1821 4459 2019 4499 arcana

440 4535 565 4588 Iidei
602 4535 766 4607 254
786 4539 1202 4606 proloquantur,
1237 4546 1294 4590 ut
1319 4538 1371 4590 in
1401 4537 1530 4606 ipsis
1553 4535 1801 4591 Christus
1820 4537 2020 4592 forme-

439 4633 527 4677 tur
553 4639 648 4692 per
677 4625 856 4679 Iidem.
887 4627 966 4679 An
1001 4626 1223 4681 nescitis
1250 4630 1376 4694 quia
1419 4642 1479 4681 ex
1507 4628 1609 4682 isto
1633 4629 1838 4684 semine
1867 4628 2015 4682 verbi

442 4716 532 4768 Dei
568 4717 709 4784 quod
744 4715 1067 4783 seminatur,
1097 4717 1354 4770 Christus
1391 4717 1634 4771 nascitur
1663 4718 1713 4771 in
1741 4717 1907 4772 corde
1922 4730 2019 4769 au-

440 4807 718 4860 ditorum?
749 4805 862 4860 Iloc
886 4807 1028 4861 enim
1054 4809 1347 4876 Apostolus
1375 4809 1507 4863 dicit
1527 4810 1572 4840 "
1604 4825 1618 4862 :
1659 4826 1678 4860 ι
1702 4807 1883 4864 Donec
1905 4806 2020 4861 for-

443 4910 620 4954 metur
658 4900 913 4954 Christus
947 4902 999 4954 in
1036 4901 1211 4955 vobis.
1249 4919 1269 4954 ι
1304 4901 1555 4971 Concipit
1584 4916 1716 4971 ergo
1741 4901 1922 4955 anima
1952 4913 2019 4955 ex

440 4993 543 5047 hoc
588 4994 738 5048 verbi
777 4994 1004 5060 semine,
1037 5003 1091 5049 et
1135 5005 1455 5064 conceptum
1488 4995 1690 5049 format
1726 4995 1778 5048 in
1810 5008 1869 5048 se
1899 5007 2020 5047 ver-

445 5085 597 5149 bum,
624 5085 797 5138 donec
833 5086 1013 5152 pariat
1061 5086 1313 5154 spiritum
1349 5085 1560 5140 timoris
1605 5083 1719 5139 Dei.
1753 5083 1844 5138 Sic
1875 5086 2018 5136 enim

444 5193 542 5246 per
607 5178 925 5248 prephctam
987 5179 1180 5232 dicunt
1214 5179 1410 5233 anima:
1449 5189 1765 5233 sanctorum
1796 5175 1841 5206 “
1876 5193 1889 5229 :
1933 5192 1950 5225 ι
1983 5175 2023 5227 Δ

448 5273 644 5326 timore
675 5281 786 5339 tuo,
817 5269 1065 5335 Domine,
1099 5271 1446 5340 concepimus
1473 5270 1525 5323 in
1553 5279 1728 5334 utero,
1764 5277 2028 5336 ctpartu-

447 5364 700 5427 rivimus,
730 5374 784 5418 et
820 5363 1127 5432 peperimus
1149 5365 1399 5431 spiritum
1419 5362 1606 5416 salutis
1640 5370 1740 5414 tua:
1773 5375 1929 5428 quem
1948 5358 2028 5412 fe-

451 5459 626 5513 cimus
664 5474 827 5528 super
864 5466 1089 5512 terram.
1129 5476 1146 5507 ι
1181 5456 1284 5512 Istc
1327 5465 1408 5510 cst
1440 5465 1757 5512 sanctarum
1812 5452 2022 5505 aninm-

540 5591 584 5621 ⁸³⁸
619 5592 818 5658 Epltes.
845 5608 896 5650 ν.
932 5592 1022 5646 ‘27.

453 5659 537 5718 IS.
613 5663 660 5693 “
698 5662 822 5715 ch.
862 5678 991 5716 xxiii
1019 5671 1073 5717 et
1098 5677 1246 5716 xxrv.

1125 5590 1168 5620 ⁸⁹
1197 5589 1394 5643 lizech.
1432 5603 1539 5641 .vvr.

1341 5661 1386 5692 "
1421 5659 1582 5713 llebr.
1618 5673 1734 5721 vnt,
1778 5657 1828 5709 5.

1637 5587 1682 5618 9°
1709 5586 1847 5640 Gen.
1887 5600 1924 5644 t,
1955 5583 2044 5635 ‘26.

1637 5673 1734 5706 rm.
1778 5657 1828 5706 5.
1907 5655 1953 5687 ³⁸⁵
1981 5653 2088 5706 ibid

1981 5671 2109 5708 ιυιιι.

2117 3274 2240 3329 quae
2267 3268 2486 3313 ostensa
2524 3266 2604 3311 cst
2639 3255 2734 3308 tibi
2773 3254 2826 3307 in
2855 3259 3055 3306 ιιιοιιιε.
3093 3267 3111 3299 ›
3147 3246 3278 3301 Tale
3299 3258 3426 3314 ergo
3455 3239 3695 3310 estqnol

2118 3351 2253 3405 etin
2284 3351 2387 3404 hoc
2415 3349 2536 3402 loco
2568 3347 2860 3400 recitatum
2896 3352 3008 3404 est,
3037 3342 3160 3410 quia
3195 3338 3454 3394 Dominus
3486 3336 3699 3388 locutus

2121 3442 2288 3497 fuerit
2322 3442 2388 3496 de
2417 3436 2868 3494 solemnitatibus
2903 3435 2970 3488 ad
3007 3433 3244 3501 Moysen.
3282 3429 3344 3482 Et
3373 3438 3492 3495 post
3532 3426 3645 3478 haec
3681 3439 3693 3473 :

2126 3552 2144 3584 ι
2169 3533 2232 3586 Ει
2265 3533 2474 3585 locutus
2497 3537 2580 3582 est
2613 3528 2848 3598 Moyses,
2872 3524 3048 3591 inquit
3065 3523 3133 3586 9',
3161 3522 3278 3575 dies
3295 3520 3565 3574 solemnes
3585 3515 3699 3586 (99)

2123 3622 2334 3677 Domini
2360 3621 2452 3675 Dei
2481 3620 2610 3675 Iiliis
2647 3619 2830 3673 Israel.
2856 3637 2875 3670 ι
2901 3617 3193 3670 Transacto
3219 3628 3349 3666 vero
3383 3611 3447 3662 de
3475 3608 3556 3661 his
3584 3623 3705 3659 ser--

2123 3727 2284 3767 mone
2322 3711 2603 3766 videamus
2657 3709 2786 3778 quid
2834 3715 2957 3776 post
3014 3704 3131 3758 haec
3167 3703 3425 3756 edocetnr
3466 3697 3698 3765 Moyses.

2122 3802 2307 3856 Primo
2341 3801 2406 3854 de
2433 3799 2653 3852 lucerna
2681 3805 2736 3851 et
2759 3792 3115 3855 candelabro,
3137 3800 3191 3844 et
3209 3787 3328 3842 oleo
3358 3784 3501 3855 quod
3538 3783 3586 3837 ei
3620 3781 3702 3834 in-

2124 3891 2399 3957 funditur;
2427 3889 2665 3945 secundo
2696 3887 2816 3942 loco
2849 3887 2915 3942 de
2949 3898 3131 3938 mensa
3158 3923 3172 3946 ,
3205 3889 3261 3935 et
3303 3878 3534 3949 panibus
3573 3887 3700 3944 pro-

2124 3983 2429 4054 positionis,
2465 3996 2529 4034 ac
2556 3994 2782 4034 numero
2802 3991 3009 4038 eorum,
3038 3983 3089 4028 et.
3116 3974 3207 4043 qui
3239 3975 3317 4027 eis
3337 3970 3413 4024 uti
3444 3969 3699 4024 debeant.

2123 4074 2474 4131 lntendamus
2501 4088 2633 4143 ergo
2665 4073 2906 4126 animum
2940 4067 3261 4138 diligentius
3293 4066 3379 4120 his
3409 4079 3530 4134 qua:
3567 4061 3704 4117 scri-

2124 4178 2212 4237 pta
2238 4176 2382 4231 sunt,
2416 4175 2466 4221 et
2492 4166 2558 4220 ad
2588 4166 2705 4220 hinc
2739 4161 3108 4234 dignosceuda
3143 4156 3365 4213 concedi
3398 4154 3552 4210 nobis
3579 4167 3702 4221 gra-

2127 4258 2254 4311 tiam
2311 4254 2524 4310 Domini
2568 4255 2946 4324 deprecemur,
2997 4259 3054 4304 ut
3101 4251 3151 4303 in
3199 4249 3282 4302 his
3324 4259 3444 4316 qua:
3475 4241 3703 4313 legimus

2125 4349 2475 4414 litteris,qu:e
2509 4348 2582 4402 sit
2612 4347 2864 4401 voluntas
2895 4342 3094 4397 sancti
3147 4339 3384 4408 Spiritus
3440 4347 3705 4402 agnosca-

2129 4454 2268 4493 mus.
2312 4455 2331 4489 ι
2368 4439 2628 4506 ιδτωιιίρο,
2657 4435 2835 4506 inquit
2855 4433 2926 4496 ”,
2960 4432 3088 4486 [iliis
3124 4427 3313 4490 Israel,
3347 4437 3405 4480 ut
3453 4423 3706 4478 deferant

2056 4501 2102 4560 ί)
2131 4531 2225 4588 tibi
2253 4533 2435 4587 oleum
2464 4501 3010 4584 declivis‘mundum
3038 4535 3358 4590 expressum
3383 4518 3450 4572 ad
3495 4515 3699 4576 lumen,

2131 4633 2189 4677 ut
2225 4623 2412 4677 ardeat
2441 4621 2659 4676 lucerna
2708 4631 2923 4688 semper
2955 4623 3112 4670 extra
3143 4612 3324 4667 velum
3367 4611 3420 4665 in
3456 4608 3706 4662 taberna-

2132 4717 2258 4774 culo
2292 4713 2610 4778 testimonii,
2655 4721 2710 4767 et
2743 4709 3041 4766 accendent
3078 4706 3225 4762 illam
3268 4705 3450 4758 Aaron
3495 4709 3546 4756 et
3598 4700 3692 4753 ﬁlii

2128 4809 2246 4880 ejus
2273 4824 2301 4862 a
2337 4820 2562 4877 vespere
2589 4816 2760 4872 usque
2797 4802 2848 4857 in
2882 4815 3042 4855 mane
3071 4808 3262 4854 contra
3297 4795 3586 4852 Dominum
3625 4793 3708 4846 in-

2130 4900 2470 4962 desinenter,
2486 4896 2787 4967 Iegitimum
2809 4891 3066 4948 aeternale
3087 4891 3139 4945 in
3167 4887 3456 4961 progenies
3472 4895 3704 4941 vestras.

2132 4991 2188 5046 In
2242 4989 2571 5046 candelabro
2607 4987 2808 5041 mundo
2851 4983 3164 5039 accendetis
3212 4980 3465 5036 lucernas
3512 4988 3705 5032 contra

2130 5080 2415 5136 Dominum
2445 5092 2612 5148 usque
2643 5089 2818 5130 mane.
2849 5092 2867 5126 ι
2895 5073 3291 5129 Candelabrum
3327 5071 3582 5124 mundum
3615 5085 3712 5122 no-

2133 5174 2322 5237 minat,
2354 5172 2604 5226 lucernas
2657 5168 2880 5224 accendi
2934 5183 3030 5238 per
3080 5166 3389 5237 pontiﬁcem
3437 5165 3611 5235 jubet,
3655 5173 3712 5217 et

2129 5277 2318 5317 earum
2352 5263 2532 5316 lumen
2581 5259 2878 5315 ministrari
2925 5275 2991 5313 ex
3031 5258 3150 5312 oleo
3180 5257 3326 5326 quod
3359 5257 3518 5310 datur
3549 5269 3574 5306 a
3610 5267 3704 5321 po-

2135 5355 2262 5425 pqu
2299 5354 2576 5424 praecepit.
2630 5352 2819 5420 Itaque
2851 5350 2953 5404 nisi
2996 5349 3208 5402 dederit
3237 5347 3414 5401 oleum
3449 5341 3704 5411 pepulus.

2136 5450 2255 5505 sine
2284 5448 2448 5502 dubio
2479 5445 2864 5514 exstinguetur
2893 5443 3110 5497 lucerna
3132 5481 3146 5505 ,
3172 5449 3226 5494 et
3257 5455 3365 5494 non
3392 5436 3497 5491 erit
3530 5435 3705 5486 lumen

2747 5579 2792 5612 "
2815 5577 2992 5634 Galat.
3027 5592 3095 5639 tv,
3128 5575 3212 5629 19.
3319 5572 3365 5604 ”
3391 5568 3491 5623 lsa.
3555 5581 3709 5631 xxvi,

2125 5584 2166 5616 9|
2207 5584 2269 5616 ll.

2207 5581 2371 5634 Marc.
2416 5595 2489 5646 tv,
2538 5581 2622 5632 I4.
2747 5581 2992 5634 "Galat.
3027 5581 3212 5639 tv,19.
3319 5581 3491 5623 "lsa.
3555 5581 3586 5620 ι

2207 5652 2231 5682 “⁷
2269 5651 2438 5705 Levii.
2476 5667 2637 5710 uin.
2665 5650 2753 5703 Η.
2830 5650 2874 5680 ⁸⁸
2905 5648 3076 5703 chit.
3121 5660 3270 5710 xxrv,
3302 5643 3325 5695 I
3357 5653 3408 5696 ct
3435 5652 3588 5708 seqq.

2189 5652 2231 5684 ’⁷
2269 5651 2438 5705 Levii.
2476 5667 2637 5711 uin.
2665 5650 2753 5703 Η.

524 5775 640 5841 (99)
680 5774 837 5830 Libb.
887 5777 1036 5839 editi,
1079 5795 1096 5827 ι
1139 5776 1206 5830 de
1239 5775 1428 5830 diebus
1475 5770 1838 5833 solemnibus,
1880 5787 1897 5819 ι
1937 5767 2030 5823 scd
2067 5782 2194 5822 mss.
2237 5774 2294 5819 ut
2324 5765 2376 5821 in
2407 5775 2592 5821 nostro
2617 5774 2786 5819 textu.
