4124 6410
491 476 595 532 δ’ιὸ

1628 472 1695 527 IN
1736 471 2117 531 LEVITICUM
2157 470 2440 529 HOMILIA
2473 471 2611 529 XIII.

3641 480 3751 540 546

492 603 543 653 in
573 597 801 653 sanctis.
833 596 1143 651 Secundum
1178 596 1413 651 litteram
1438 608 1567 666 ergo
1596 593 1710 651 haec
1731 605 1851 650 erat
1873 610 2067 651 conse-
2098 603 2141 659 Α
2170 595 2278 650 alio
2312 594 2430 650 loco
2482 596 2693 650 semita!
2722 601 2943 651 aeternae
3002 598 3374 656 nominantur.
3425 601 3562 669 Quia
3613 618 3750 673 ergo

487 692 745 758 quentia,
785 699 841 743 ut
873 690 1150 744 conferret
1191 688 1421 758 populus
1464 689 1643 745 oleum
1686 689 1949 743 mundum
2000 690 2068 745 de

486 783 642 838 olivis
677 797 1031 852 expressum,
1073 790 1133 835 ut
1191 796 1256 835 ex
1307 795 1371 835 eo
1422 781 1834 836 ministraretur
1886 781 2066 836 lumen

488 874 758 940 lucernas;
797 883 851 928 et
879 873 1063 927 Aaron
1113 873 1445 927 accendebat
1478 872 1728 927 lucernas
1764 888 1792 926 a
1838 888 2065 944 vespera

488 981 657 1035 usque
696 981 878 1030 mane,
922 964 1177 1019 fomentis
1218 965 1323 1018 olei
1358 965 1501 1033 quod
1538 964 1847 1020 contulerat
1895 980 2064 1036 popu-

488 1058 591 1123 lus,
625 1057 811 1111 lumini
840 1056 1094 1126 pabulum
1125 1059 1392 1127 praebens.

555 1149 609 1202 2.
648 1148 841 1204 Verum
886 1148 1139 1217 quoniam
1184 1148 1269 1203 lex
1304 1147 1567 1217 spiritalis
1601 1157 1719 1212 est,
1752 1156 2000 1216 petamus
2033 1162 2063 1202 a

492 1241 725 1296 Domino
772 1240 841 1310 (si
877 1251 1062 1296 tamen
1100 1241 1348 1295 conversi
1399 1255 1586 1294 sumus
1639 1240 1706 1292 ad
1759 1239 2063 1310 Dominum)

491 1332 694 1385 auferri
749 1332 909 1387 nobis
939 1332 1190 1387 velamen
1229 1331 1296 1385 de
1342 1330 1573 1385 lectione
1612 1330 1830 1385 Veteris
1871 1329 2063 1384 Testa-
2096 1374 2099 1377 .

491 1425 682 1489 menti,
720 1432 777 1476 ut
809 1423 1085 1492 possimus
1112 1423 1396 1477 advertere
1419 1436 1537 1492 qua:
1579 1422 1719 1475 ratio
1747 1422 1817 1475 sit
1862 1424 2062 1478 cande-

491 1514 654 1580 labri,
686 1514 766 1567 vel
797 1514 1141 1567 lucernarum
1172 1511 1287 1581 ejus
1317 1513 1616 1567 secundum
1653 1512 2063 1581 intelligentiam

488 1605 806 1675 spiritalem.
834 1605 974 1661 Ante
998 1605 1287 1659 adventum
1308 1603 1523 1659 Domini
1553 1604 1657 1657 mei
1675 1600 1803 1657 Jesu
1831 1603 2065 1669 Christi,

490 1696 571 1751 sol
594 1711 698 1750 non
727 1698 1003 1751 oriebatur
1034 1694 1234 1766 populo
1273 1694 1577 1760 lsrael,sed
1601 1694 1840 1749 lucernae
1865 1695 2065 1749 lumine

487 1792 756 1845 utebatur.
790 1789 1033 1844 Lucerna
1064 1791 1209 1845 enim
1232 1797 1350 1844 erat
1382 1788 1525 1858 apud
1558 1802 1652 1843 eos
1687 1804 1870 1844 sermo
1907 1788 2062 1858 legis,

485 1890 540 1935 et
576 1895 757 1936 sermo
787 1881 1161 1950 prepheticus,
1194 1880 1336 1934 intra
1378 1888 1639 1950 augustos
1688 1880 1943 1935 conclusa
1968 1896 2065 1950 pa-

486 1973 680 2037 rietes,
719 1989 840 2042 quaa
888 1988 994 2026 non
1048 1980 1269 2042 poterat
1314 1971 1369 2025 in
1421 1970 1608 2026 orbem
1661 1979 1821 2026 terra!
1882 1970 2063 2027 lumen

484 2062 783 2118 effundere.
838 2064 987 2118 Intra
1041 2062 1288 2118 Judataut
1345 2077 1583 2132 namque
1640 2063 2065 2120 concludebatur

486 2157 713 2210 scientia
740 2155 856 2222 Dei,
890 2158 1028 2211 sicut
1055 2166 1109 2212 et
1150 2156 1419 2227 PrOplteta
1457 2154 1657 2209 dicit”
1692 2172 1706 2210 :
1736 2175 1755 2208 ο
1789 2154 1961 2212 Notus
2010 2160 2063 2212 in

483 2248 669 2304 Iudaea
708 2251 868 2305 Deus.
909 2269 927 2302 ι
962 2248 1064 2305 Ubi
1098 2265 1227 2305 vero
1258 2261 1483 2308 exortus
1506 2262 1590 2308 est
1613 2253 1691 2307 sol
1713 2252 1937 2320 justitiae
1962 2252 2065 2308 Do-

485 2342 665 2396 minus
711 2352 765 2397 et
803 2342 1054 2397 Salvator
1083 2351 1292 2409 noster,
1332 2353 1387 2398 et
1433 2354 1594 2400 natus
1630 2354 1715 2400 est
1744 2346 1828 2400 vir
1858 2347 1924 2401 de
1956 2360 2063 2415 quo

484 2435 745 2503 scriptunt
771 2444 855 2488 est
880 2435 897 2464 ¹
932 2456 943 2490 :
982 2452 1000 2486 ι
1036 2436 1180 2490 Ecce
1205 2434 1309 2504 vir,
1350 2433 1545 2491 Oriens
1580 2453 1774 2492 nomen
1805 2447 1893 2493 est
1914 2438 1999 2503 ei;
2039 2458 2057 2492 ι

482 2540 581 2594 per
623 2526 939 2581 universum
987 2529 1250 2583 mundum
1298 2528 1545 2585 scientiae
1578 2530 1673 2585 Dei
1704 2531 1886 2587 lumen
1928 2531 2063 2585 etfu-

482 2632 600 2670 sum
627 2628 731 2673 est.
756 2617 949 2676 Sermo
977 2636 1107 2692 ergo
1130 2622 1280 2693 legis,
1302 2634 1357 2678 et
1374 2638 1554 2678 sermo
1576 2625 1925 2693 propheticus
1946 2634 2063 2680 erat

481 2707 704 2763 lucerna
733 2711 952 2778 ardens,
984 2715 1081 2769 sed
1120 2714 1354 2769 ardebat
1400 2715 1541 2769 intra
1571 2717 1761 2781 sedem,
1796 2731 1896 2771 nec
1922 2717 2061 2770 ultra

479 2811 694 2870 poterat
743 2806 995 2862 emittere
1047 2807 1397 2877 splendorem
1450 2824 1633 2864 suum.
1676 2810 1832 2877 Quod
1877 2821 2057 2865 autem

480 2908 662 2950 sermo
691 2896 825 2965 legis
850 2907 905 2953 et
935 2901 1325 2968 prophetarum
1355 2901 1580 2957 lucerna
1617 2902 1850 2968 dicatur,
1880 2903 2063 2956 Domi-

479 3001 582 3041 uus
631 2987 747 3055 ipse
782 3003 883 3043 nos
912 2990 1096 3044 docuit
1130 2992 1319 3047 dicens
1365 2994 1433 3047 de
1480 2993 1692 3049 Joanne
1722 2995 1961 3063 Baptista
1993 2996 2057 3047 ιι

483 3094 504 3129 ι
527 3077 620 3133 llle
646 3087 764 3133 erat
795 3080 1013 3135 lucerna
1048 3083 1246 3138 ardens
1276 3094 1328 3139 et
1355 3085 1565 3150 lucens,
1604 3095 1656 3139 et
1687 3102 1781 3140 vos
1814 3086 2061 3140 voluistis

478 3170 545 3224 ad
576 3170 763 3224 horam
792 3171 1069 3228 exsultare
1098 3174 1151 3227 in
1180 3174 1384 3230 lumine
1410 3175 1549 3244 ejus.
1577 3194 1595 3227 ι
1619 3176 1685 3230 Et
1708 3177 1834 3231 alibi
1865 3177 1995 3231 dicit
2019 3178 2058 3243 ³,

2170 690 2465 745 secundum
2492 691 2785 758 quamdam
2814 691 3101 759 mysticam
3144 696 3412 749 rationem
3458 696 3747 754 inferiores

2169 791 2355 851 partes
2404 790 2677 836 creatura:
2712 782 2947 835 mundus
2990 783 3079 837 hic
3118 784 3459 854 intelligitur,
3502 788 3624 843 ideo
3665 789 3747 843 lu-

2168 887 2333 928 cerna
2372 874 2503 943 legis
2536 873 2647 939 his,
2673 874 2764 942 qui
2822 876 2873 929 in
2922 873 3025 929 hoc
3061 876 3261 930 mundo
3292 888 3549 947 tauquam
3582 882 3747 936 totius

2169 972 2433 1018 creaturae
2474 964 2635 1032 pedes
2659 972 2804 1027 sunt,
2833 977 3064 1019 accensa
3094 979 3447 1021 memoratur.
3489 969 3601 1024 Lux
3644 988 3743 1025 an-

2170 1062 2276 1109 tem
2324 1064 2529 1109 zeterna
2570 1055 2679 1108 erit
2721 1054 2827 1108 illis
2866 1056 3098 1119 semitis,
3140 1072 3237 1124 per
3283 1074 3419 1127 quas
3458 1062 3507 1114 in
3564 1063 3746 1118 futuro

2167 1146 2365 1201 saeculo
2389 1147 2763 1216 unusquisque
2803 1160 2903 1214 pro
2934 1148 3142 1203 meritis
3176 1151 3408 1205 incedet.
3433 1154 3536 1208 Sed
3568 1156 3634 1209 de
3660 1159 3742 1211 his

2169 1239 2221 1291 in
2252 1252 2352 1292 suo
2384 1238 2507 1293 loco
2538 1237 2877 1294 sollicienter
2916 1256 3013 1311 pro
3058 1245 3262 1297 nostris
3294 1245 3501 1301 viribus
3542 1249 3741 1303 dictum

2165 1335 2271 1382 est.
2308 1326 2465 1382 Nunc
2491 1344 2623 1398 ergo
2666 1330 2923 1397 quoniam
2954 1345 3181 1400 vespera
3217 1342 3300 1387 est
3350 1345 3403 1388 et
3432 1352 3537 1391 uox
3573 1355 3747 1407 usque

2166 1418 2236 1471 ad
2261 1421 2787 1473 consummationem
2817 1422 3023 1485 szeculi,
3056 1432 3111 1477 ct
3134 1439 3415 1494 usquequo
3441 1444 3609 1485 novus
3626 1432 3745 1487 dies

2168 1509 2330 1565 futuri
2365 1512 2547 1567 saeculi
2577 1523 2631 1567 et
2666 1528 2817 1567 novae
2850 1515 2988 1569 lueis
3016 1516 3293 1588 ell'ulgeat,
3327 1522 3480 1575 ardet
3526 1524 3743 1578 unicui-

2166 1616 2272 1670 que
2319 1612 2571 1656 nostrum
2631 1602 2853 1657 lucerna
2907 1607 3043 1671 iure,
3086 1608 3356 1663 intantunt
3404 1613 3742 1680 splendorem

2166 1692 2385 1749 luminis
2420 1696 2689 1764 pnebens,
2713 1706 2973 1765 quantum
3013 1699 3119 1754 olei
3155 1703 3307 1770 copia
3335 1703 3584 1760 ubertate
3610 1722 3741 1775 ope—

2164 1799 2283 1838 rum
2316 1786 2476 1841 fuerit
2519 1788 2858 1844 ministrata.
2904 1791 3149 1861 Denique
3189 1802 3242 1847 et
3286 1792 3388 1847 Joh
3424 1796 3475 1849 in
3507 1799 3740 1867 quodam

2166 1873 2303 1940 loco,
2332 1892 2454 1930 cum
2480 1878 2621 1932 bona
2656 1896 2881 1949 operum
2926 1898 3150 1938 suorum
3182 1897 3499 1955 exponeret,
3536 1892 3744 1945 addidit

2097 1958 2139 2011 Β
2166 1968 2330 2021 etiam
2360 1967 2464 2023 hoc
2487 1968 2507 1999 ⁸
2539 1986 2551 2021 :
2592 1988 2609 2021 ι
2637 1970 2770 2023 Cum
2810 1971 3143 2041 splenderet,
3173 1972 3371 2043 inquit,
3402 1976 3617 2031 lucerna
3654 1992 3746 2033 su-

2164 2073 2262 2127 per
2291 2070 2458 2128 caput
2514 2076 2716 2115 meum.
2760 2081 2781 2113 ι
2827 2061 3093 2132 Splendet
3139 2080 3271 2134 ergo
3304 2068 3594 2137 unicuique
3646 2084 3744 2125 no-

2164 2160 2339 2205 strqu
2380 2152 2602 2207 lucerna
2641 2154 2781 2217 haec,
2814 2156 3135 2225 inquantum
3163 2159 3283 2212 oleo
3315 2160 3579 2215 bonorum
3615 2177 3745 2232 ope-

2165 2261 2283 2299 rum
2315 2245 2478 2300 fuerit
2500 2260 2755 2302 accensa.
2781 2246 2837 2301 Si
2855 2257 3035 2301 autem
3063 2249 3208 2304 male
3229 2264 3476 2319 agamus,
3500 2264 3554 2308 et
3577 2272 3741 2324 opera

2164 2349 2347 2391 nostra
2382 2337 2521 2391 mala
2555 2339 2683 2405 sint,
2715 2353 2821 2392 non
2864 2339 3040 2393 solum
3085 2355 3190 2393 non
3243 2344 3618 2409 accendimus,
3648 2346 3743 2400 sed

2163 2431 2564 2501 exstinguimus
2594 2430 2751 2485 nobis
2777 2432 2940 2485 istam
2973 2431 3249 2487 lucernam
3296 2452 3310 2487 :
3354 2444 3409 2489 et
3438 2436 3743 2504 completur

2164 2522 2217 2577 in
2271 2524 2427 2578 nobis
2478 2523 2627 2587 illud,
2652 2523 2797 2592 quod
2851 2522 3135 2593 Scriptura
3169 2527 3300 2581 dicit
3328 2529 3381 2593 ⁷,
3413 2529 3539 2599 quia
3594 2547 3615 2580 ‹
3650 2532 3744 2599 qui

2164 2618 2304 2672 male
2361 2618 2490 2687 agit,
2554 2618 2607 2671 in
2667 2618 2911 2673 tenebris
2965 2627 3069 2683 est,
3103 2631 3157 2673 ct
3204 2622 3297 2690 qui
3348 2622 3464 2676 odit
3514 2620 3740 2678 fratrem

2163 2724 2344 2775 suum,
2374 2710 2427 2763 in
2464 2711 2703 2765 tenebris
2727 2712 2985 2767 ambulat.
3018 2732 3037 2765 ι
3071 2714 3341 2768 Exstiuxit
3389 2718 3532 2769 enim
3563 2716 3745 2771 lucer-

2162 2817 2289 2856 nam
2322 2803 2627 2868 charitatis,
2661 2814 2716 2857 et
2754 2804 2880 2859 ideo
2905 2807 2954 2859 in
2979 2809 3216 2862 tenebris
3250 2807 3513 2862 ambulat.
3546 2811 3743 2865 Annon

2162 2894 2260 2949 tibi
2287 2896 2500 2949 videtur
2531 2896 2862 2952 exstinxisse
2891 2897 3191 2962 lucernam,
3224 2901 3314 2967 qui
3346 2900 3526 2955 lurucn
3559 2902 3745 2955 chari-

2159 2988 2291 3042 tatis
2318 2988 2616 3042 exstinxit?
2638 2990 2740 3055 Qui
2773 2999 2952 3043 autent
2977 2990 3150 3059 diligit
3186 2989 3433 3058 fratrem,
3470 2993 3522 3047 it:
3559 2994 3743 3047 chari-

2165 3080 2296 3132 tatis
2322 3080 2441 3133 luce
2470 3080 2748 3149 perdurat,
2784 3091 2835 3135 et
2863 3098 2984 3137 cum
3014 3082 3213 3135 fiducia
3246 3094 3423 3153 potest
3454 3086 3637 3141 dicere
3665 3087 3688 3117 ⁸
3723 3103 3736 3140 :

2166 3185 2189 3221 σ
2225 3169 2339 3239 Ego
2371 3180 2550 3225 autem
2583 3172 2725 3225 sicut
2752 3172 2893 3227 oliva
2934 3173 3213 3227 fructifera
3254 3175 3310 3228 in
3358 3176 3518 3231 domo
3568 3178 3682 3241 Dei,
3720 3202 3738 3233 ι

475 3262 602 3333 quia
638 3281 657 3314 ι
694 3262 779 3317 lex
807 3274 861 3319 et
896 3268 1171 3334 prophetae
1197 3283 1368 3337 usque
1396 3270 1465 3323 ad
1490 3268 1774 3323 Joannem.
1799 3288 1818 3321 ι
1854 3268 2063 3325 Lucer-
2087 3303 2133 3362 ϐ
2162 3263 2266 3317 et”:
2287 3262 2440 3316 (Filii
2472 3261 2586 3329 ejus
2615 3263 2754 3317 sicut
2787 3264 3011 3318 novella:
3041 3264 3303 3319 olivarum
3324 3266 3400 3337 (1)
3433 3268 3485 3321 in
3510 3269 3742 3325 circuitu

478 3369 546 3408 na
600 3354 785 3425 itaque
826 3358 1026 3415 ardens
1052 3357 1397 3421 estJoannes,
1420 3362 1593 3429 inquo
1622 3359 2056 3415 lexconcluditur

474 3456 529 3501 et
557 3448 857 3516 prephetzr.
896 3447 1073 3503 Donec
1096 3464 1224 3518 ergo
1248 3452 1473 3520 populus
1495 3451 1586 3505 ille
1614 3452 1849 3506 habebat
1875 3452 2052 3506 oleum

474 3542 615 3610 quod
644 3524 922 3597 conferre’t
941 3544 1006 3597 ad
1037 3543 1244 3609 lumen,
1272 3543 1499 3597 lucerna
1522 3559 1625 3596 non
1649 3552 1733 3597 est
1764 3544 2051 3597 exstincta.

476 3633 578 3689 Ubi
615 3649 742 3688 vero
780 3634 977 3689 defecit
1011 3636 1061 3689 in
1095 3636 1176 3689 eis
1209 3635 1389 3689 oleum
1438 3636 1844 3696 misericordiae,
1875 3635 2051 3688 oleum

472 3740 694 3795 operum
730 3728 1021 3791 bonorum,
1042 3741 1138 3782 nec
1167 3727 1387 3781 inventa
1418 3735 1503 3780 est
1526 3727 1666 3795 apud
1696 3741 1790 3781 eos
1818 3728 2049 3796 paritas,

472 3833 666 3887 purum
692 3834 927 3889 namque
950 3819 1129 3875 oleum
1154 3821 1497 3889 quatrebatur
1519 3820 1584 3874 ad
1612 3819 1816 3886 lumen,
1843 3829 1897 3873 et
1923 3818 2049 3887 quia

473 3910 667 3966 defecit
702 3912 752 3965 in
782 3914 861 3967 eis
894 3912 1072 3966 oleum
1116 3913 1539 3978 misericordias,
1593 3912 1902 3966 necessario
1953 3927 2051 3965 ex-

472 4006 669 4061 stincta
704 4007 920 4063 lucerna
950 4013 1050 4061 est.
1083 4004 1190 4062 Sed
1220 4006 1346 4075 quid
1374 4006 1614 4061 dicemus
1639 4006 1770 4076 quia
1796 4005 1900 4060 illis
1936 4006 2050 4060 lucc

472 4104 792 4161 evenerunt,
822 4111 852 4149 a
889 4097 1046 4152 nobis
1077 4109 1211 4151 vero
1243 4095 1426 4149 aliena
1456 4105 1583 4149 sunt
1622 4095 1761 4149 ista?
1786 4095 1899 4150 Imo
1928 4113 2044 4149 ma-

466 4192 555 4261 jor
583 4205 710 4245 cura
739 4201 822 4247 est
852 4191 1167 4247 Christiano
1191 4191 1297 4247 olei
1331 4192 1709 4260 conquirendi.
1740 4191 1874 4247 Vide
1901 4194 2047 4247 enim

474 4282 635 4355 255
662 4285 931 4352 Quomodo
962 4284 1225 4339 Dominus
1244 4285 1296 4338 in
1321 4283 1666 4354 Evangeliis‘
1686 4299 1784 4354 per
1818 4285 2049 4353 parabo.

469 4377 577 4431 lam
615 4377 809 4433 stultas
832 4378 1071 4448 virgines
1098 4378 1363 4442 nominat,
1381 4391 1501 4446 quae
1530 4376 1706 4430 oleum
1740 4392 1844 4431 non
1865 4389 2047 4447 porta-

470 4468 600 4522 bant
633 4470 684 4522 in
711 4469 946 4523 vasculis
967 4470 1118 4535 suis;
1149 4477 1203 4523 et
1245 4468 1519 4523 intantum
1564 4468 1778 4533 stultas,
1814 4479 1875 4522 ut
1914 4484 2046 4537 quo-

468 4561 614 4614 niam
666 4558 836 4614 defuit
866 4561 946 4616 eis
985 4562 1163 4615 oleum
1199 4561 1266 4615 ad
1298 4561 1714 4616 succendendas
1762 4560 2043 4631 lampades

2167 3370 2368 3410 mensae
2390 3356 2529 3425 ejus.
2568 3376 2587 3409 ι
2620 3356 2808 3413 Oleum
2840 3372 2971 3426 ergo
3002 3354 3188 3413 offerri
3217 3358 3441 3425 jubetur
3469 3370 3495 3412 a
3522 3362 3739 3429 populo,

2162 3457 2217 3501 et
2248 3448 2433 3502 oleum
2476 3463 2581 3502 non
2633 3449 3033 3520 qualecunque,
3082 3450 3173 3504 scd
3223 3450 3511 3517 mundum,
3545 3463 3738 3506 etnon

2163 3554 2230 3593 ex
2256 3540 2672 3609 quibuscunque
2700 3541 3005 3595 seminibus
3032 3544 3111 3610 (ut
3167 3542 3281 3595 fieri
3313 3542 3543 3597 diversis
3573 3543 3624 3595 itt
3657 3559 3742 3597 re-

2161 3633 2411 3702 gionibus
2447 3649 2564 3688 mos
2594 3638 2719 3699 est),
2755 3636 2850 3688 sed
2880 3635 2948 3689 de
2969 3635 3125 3689 olivis
3154 3650 3496 3704 expressum,
3530 3637 3581 3689 iu
3618 3642 3735 3705 qni-

2162 3727 2259 3781 bus
2285 3728 2541 3781 indicittm
2574 3729 2727 3796 pacis
2755 3729 3082 3783 ostenditur.
3129 3728 3313 3797 Neque
3340 3729 3486 3783 enim
3517 3741 3737 3797 accepta

2159 3828 2389 3885 possunt
2416 3832 2539 3871 esse
2570 3818 2681 3872 Deo
2716 3832 2881 3887 opera
2918 3827 3029 3882 tua,
3070 3818 3172 3873 nisi
3207 3819 3259 3872 in
3298 3834 3431 3886 pace
3469 3833 3740 3895 peragan-

2163 3922 2251 3965 tur
2284 3927 2298 3963 :
2328 3912 2472 3964 sicut
2498 3920 2551 3964 et
2578 3908 2815 3965 Jacobus
2847 3911 3125 3979 apostolus
3156 3912 3291 3965 dicit
3322 3911 3366 3943 ¹⁹
3400 3932 3410 3966 :
3445 3928 3463 3960 ι
3505 3910 3740 3966 Frucms

2159 4012 2340 4054 autem
2383 3999 2612 4066 justitiat
2665 4001 2718 4054 in
2779 4018 2914 4070 pace
2964 4003 3287 4055 seminatur.
3329 4019 3347 4052 ι
3395 4002 3462 4055 Ει
3512 4003 3737 4068 idcirco,

2156 4090 2345 4150 credo.
2374 4091 2537 4145 etiam
2573 4091 2833 4146 Dominus
2865 4092 3143 4161 discipulis
3162 4094 3276 4147 suis
3305 4094 3551 4148 tradebat
3582 4094 3739 4149 liche

2155 4184 2464 4253 depositum
2495 4184 2679 4239 dicens
2712 4185 2753 4215 “
2784 4202 2800 4238 :
2835 4204 2853 4236 ι
2886 4185 3082 4240 Pacem
3120 4202 3294 4241 meam
3332 4187 3400 4241 do
3434 4187 3606 4248 vobis,
3640 4202 3739 4254 pa-

2154 4297 2272 4341 cem
2291 4300 2465 4339 meam
2498 4283 2747 4353 relinquo
2775 4282 2946 4335 vobis.
2978 4300 2994 4331 ι
3018 4281 3091 4333 De
3120 4280 3223 4334 hac
3241 4294 3373 4347 ergo
3402 4279 3540 4333 oliva
3559 4278 3734 4333 oleum

2155 4391 2467 4446 premamus
2504 4389 2728 4446 operum
2752 4382 3093 4438 nostrorum,
3130 4386 3195 4424 ex
3220 4385 3327 4440 quo
3362 4370 3587 4424 lucerna
3626 4370 3733 4424 Do-

2155 4471 2302 4524 ntiuo
2342 4470 2513 4539 possit
2543 4468 2788 4533 accendi,
2824 4476 2880 4519 ut
2903 4467 3074 4521 nonin
3111 4463 3345 4520 tenebris
3377 4464 3732 4519 ambulemus.

2153 4562 2278 4617 Haec
2311 4562 2530 4632 quidem
2562 4576 2590 4613 a
2626 4560 2783 4614 nobis
2814 4558 2958 4613 dicta
2993 4566 3145 4622 sunt,
3168 4565 3427 4626 quantum
3454 4553 3520 4608 ad
3552 4554 3733 4609 lucer-

466 4668 619 4718 suas,
653 4651 908 4707 thalamis
933 4653 1169 4708 exclusae
1199 4653 1310 4708 sint
1341 4654 1673 4722 nuptiarum,
1706 4669 1805 4709 nec
1826 4656 2047 4724 pulsau-
2078 4667 2122 4722 ι)
2154 4670 2277 4709 nam
2311 4652 2628 4708 candelabri
2662 4659 2717 4706 et
2749 4650 2928 4705 oleum
2966 4648 3084 4717 ejus
3113 4656 3345 4717 spectat.

468 4747 613 4801 tibus
643 4761 763 4814 quae
794 4745 897 4800 olei
932 4761 1119 4799 curam
1146 4745 1519 4815 neglexerant,
1550 4746 1688 4799 ultra
1713 4748 2047 4818 aperirijus-

465 4838 601 4892 serit
635 4852 887 4909 sponsus.
914 4837 1129 4893 Memini
1180 4847 1358 4892 tamen
1402 4838 1603 4892 dudum
1630 4852 1725 4892 nos
1761 4854 1883 4893 cum
1914 4856 2047 4895 cen-

467 4930 645 4984 tesimi
697 4930 899 4986 decimi
950 4930 1130 4986 octavi
1189 4930 1383 5001 psalmi
1433 4945 1838 4999 exponeremus
1890 4931 2042 4987 illum

465 5021 817 5087 versiculum,
847 5022 901 5076 in
944 5037 1053 5093 quo
1083 5023 1349 5091 scriptum
1378 5032 1463 5076 est
1488 5021 1510 5052 ⁸
1543 5035 1558 5074 :
1601 5039 1619 5073 ι
1672 5020 1921 5077 Lucerna
1952 5038 2044 5091 pe-

465 5113 623 5170 dibus
678 5116 813 5171 meis
857 5117 942 5170 lex
992 5125 1102 5182 tua,
1158 5115 1409 5180 Domine,
1465 5124 1521 5169 et
1586 5115 1766 5169 lumen
1826 5116 2043 5171 semitis

462 5208 624 5273 meis,
655 5227 674 5260 ι
706 5208 1082 5263 diversitatem
1130 5209 1364 5263 lucerna!
1418 5217 1466 5261 ct
1504 5208 1643 5263 lucis
1691 5224 1788 5277 pro
1837 5209 2047 5264 viribus

462 5297 786 5352 ostendisse.
816 5298 1141 5354 Dicebamus
1171 5299 1317 5352 enim
1351 5299 1495 5367 quod
1520 5298 1798 5353 lucernam
1826 5301 2047 5368 quidem

463 5391 715 5459 pedibus,
766 5389 817 5443 id
860 5398 942 5443 est
978 5389 1326 5444 inferioribus
1360 5390 1606 5458 corporis
1655 5390 1905 5457 partibus
1952 5392 2047 5443 de-

462 5480 691 5549 putarit,
714 5480 892 5535 lucem
931 5494 1059 5536 vero
1094 5479 1302 5535 semitis
1325 5480 1561 5547 dederit,
1603 5495 1724 5549 qua:
1749 5483 1960 5535 semita:
1995 5480 2047 5533 in

1125 5646 1142 5676 ¹
1174 5645 1339 5699 Zach.
1370 5660 1442 5711 Vt,
1472 5646 1560 5699 12.
1620 5646 1639 5676 ⁸
1661 5643 1878 5709 Joan.v,
1916 5644 2006 5698 ὢ.

1125 5732 1225 5768 ian.
1250 5730 1308 5768 ιι.
1343 5716 1429 5768 Η.
1505 5718 1527 5748 ⁸
1558 5714 1697 5768 Psal.
1719 5731 1813 5768 LII.
1844 5716 1897 5768 ὃ.
1974 5716 1994 5746 ⁸

1599 5730 1697 5768 sat.
1719 5731 1813 5781 LII,
1844 5730 1897 5769 δ.

532 5645 576 5676 ⁹⁹
608 5644 751 5699 Psal.
775 5621 964 5708 txxvt,
1007 5646 1058 5701 I.

464 5714 487 5746 ⁸
515 5711 618 5768 Job
648 5732 800 5775 xxix,
832 5718 884 5771 5.
964 5718 983 5748 ⁷
1019 5716 1034 5768 1
1065 5714 1308 5777 10am",
1343 5716 1429 5769 Il.

470 5785 514 5818 “
553 5786 878 5851 chit.‘x.vtv,
907 5787 939 5840 5
990 5795 1042 5841 et
1088 5802 1244 5855 seqq.

2086 5644 2106 5674 ³
2140 5643 2269 5699 an.
2310 5659 2420 5708 xvi,
2460 5642 2545 5699 16.

1974 5716 1994 5746 ⁸
2025 5712 2169 5769 Psal.
2198 5730 2404 5780 cxxvtt,
2442 5714 2497 5769 '5.

2227 4747 2279 4802 5.
2314 4744 2468 4799 Nunc
2491 4758 2619 4799 vero
2646 4743 2927 4795 videamus
2944 4742 3073 4809 quid
3106 4740 3271 4792 etiam
3309 4740 3360 4791 in
3391 4752 3731 4804 consequen-

2158 4840 2300 4893 tibus
2336 4839 2402 4891 de
2434 4836 2664 4906 panibus
2708 4832 3099 4903 propositionis
3155 4831 3423 4900 scriptum
3469 4833 3559 4886 sit.
3592 4848 3611 4882 ι
3664 4831 3734 4886 Et

2155 4931 2404 4994 sumetis,
2449 4928 2622 4997 inquit
2660 4926 2723 4991 ¹¹,
2767 4925 3153 4996 similagineut,
3206 4933 3259 4978 et
3313 4924 3524 4979 facietis
3564 4925 3629 4978 de
3667 4939 3732 4979 ea

2152 5020 2437 5075 duodecim
2462 5033 2649 5087 panes.
2680 5016 2976 5071 Deduabus
2998 5016 3225 5071 decimis
3248 5017 3355 5071 erit
3384 5034 3521 5071 unus
3554 5016 3730 5084 panis,

2150 5128 2201 5170 et
2228 5114 2519 5182 imponetis
2552 5127 2646 5166 eos
2671 5112 2807 5165 duas
2833 5112 3154 5179 positiones,
3189 5126 3281 5165 sex
3308 5126 3474 5181 panes
3502 5126 3605 5163 una
3632 5126 3729 5178 po-

2147 5207 2277 5260 sitio
2309 5220 2471 5273 super
2497 5219 2740 5257 meusam
2785 5204 3040 5257 mundam
3077 5214 3267 5257 contra
3305 5203 3612 5257 Dominum.
3666 5200 3731 5251 lit

2150 5297 2442 5366 imponetis
2482 5311 2647 5365 super
2690 5296 3013 5365 positionem
3070 5296 3194 5349 thus
3247 5294 3531 5355 mundum,
3556 5300 3612 5344 et
3641 5305 3728 5344 sa-

2150 5387 2278 5454 lem,
2311 5399 2366 5441 et
2395 5397 2555 5441 erunt
2591 5403 2760 5457 panes
2801 5387 2851 5440 in
2891 5387 3466 5441 commemorationem
3493 5382 3725 5450 appositi

2153 5480 2380 5535 Domino
2416 5498 2428 5533 :
2479 5480 2566 5534 die
2613 5477 2965 5533 sabbatorum
2996 5486 3369 5547 proponentur
3398 5480 3588 5526 contra
3623 5471 3724 5525 Dor

3111 5639 3135 5670 ⁸
3164 5637 3305 5691 Psal.
3337 5649 3533 5700 cxvttt,
3598 5634 3724 5689 105.

3209 5709 3246 5738 ¹¹
3284 5707 3442 5761 Joatt.
3488 5706 3712 5771 xlv,27.

2624 5642 2657 5672 ³·
2679 5642 2871 5695 Matth.
2910 5656 3035 5695 xxv.

2583 5714 2625 5745 “
2655 5712 2843 5767 Jacob.
2879 5728 2961 5776 ιιι,
3012 5710 3096 5763 18.

532 5927 607 5997 (1)
646 5925 800 5981 Libb.
838 5930 989 5988 editi,
1022 5945 1038 5977 ι
1076 5927 1215 5980 oliva
1252 5925 1481 5981 novella.
1525 5944 1543 5976 ι
1579 5925 1701 5978 Mss.
1741 5944 1757 5974 ι
1789 5892 2318 5977 ιιιινυιιιιέοηγιιιιιιιι.
2353 5938 2373 5971 ι
