4124 6400
433 451 534 504 ΕΠ
1894 439 2000 496 0R1

2106 437 2214 492 NIS
3586 444 3689 499 :‘HS

431 565 636 618 n.-inum
668 575 880 631 semper
910 574 938 613 a
980 559 1103 614 ﬁliis
1131 559 1320 624 Israel,
1353 557 1403 613 in
1439 565 1825 614 testamentum
1848 565 2008 611 aeter-
2041 562 2082 614 Λ
2116 555 2215 608 bus
2254 552 2498 622 apposuit
2527 570 2539 616 ;
2604 565 2707 604 non
2746 551 2883 618 quod
2928 549 2999 602 ita
3053 565 3256 620 panper
3287 558 3452 618 esset,
3482 559 3538 604 ut
3575 565 3684 602 non

431 670 580 709 nttm.
609 653 669 705 Et
700 659 860 706 erunt
905 651 1114 712 Aaron,
1147 661 1201 703 et
1235 649 1466 703 ﬁliorum
1499 647 1638 716 ejus,
1674 656 1728 701 ct
1754 648 1915 701 edent
1943 659 2004 699 ea

431 745 485 798 in
529 744 644 797 loco
676 751 867 796 sancto
898 757 911 793 :
937 751 1064 794 sunt
1096 741 1240 794 enim
1272 740 1474 793 Sancta
1509 747 1849 793 sanctorum.
1890 737 2006 791 Hoc

425 836 533 891 erit
565 833 668 886 illis
723 834 789 886 de
837 832 916 886 eis
943 847 1062 900 qua:
1091 831 1402 885 offeruntur
1433 831 1662 886 Domino
1701 829 2003 898 legitimum

426 935 686 980 aeternum
725 923 822 993 (2).
860 943 876 975 ι
914 923 1221 976 Secundum
1260 937 1322 974 ea
1357 937 1478 989 qum
1516 921 1716 989 scripta
1767 929 1915 980 sunt,
1950 921 2001 971 in

429 1015 712 1071 duodecim
742 1013 977 1084 panibus
1013 1012 1291 1066 duodecim
1329 1013 1564 1066 tribuum
1594 1011 1756 1066 lsrael
1789 1010 2001 1062 videtur

428 1105 874 1159 commemoratio
926 1111 1050 1155 ante
1090 1105 1372 1156 Dominum
1413 1102 1550 1164 ﬁeri,
1585 1111 1639 1155 et
1669 1109 1999 1169 prteceptum

427 1197 565 1259 dari,
599 1205 655 1248 ιιι
677 1196 798 1249 sine
831 1193 1136 1246 cessatione
1164 1193 1249 1246 isti
1279 1192 1562 1246 duodecim
1594 1206 1761 1259 panes
1795 1191 1844 1242 in
1875 1203 2002 1242 con-

425 1296 614 1355 speetu
646 1284 858 1340 Domini
886 1293 1297 1351 proponantur;
1331 1294 1388 1338 ut
1421 1293 1474 1336 et
1508 1281 1767 1336 memoria
1798 1280 2003 1334 duode-

425 1379 530 1431 cim
562 1378 796 1430 tribuum
835 1373 974 1447 apud
1013 1390 1135 1428 eum
1175 1390 1391 1443 semper
1429 1373 1714 1436 habeatur,
1747 1387 1855 1440 quo
1889 1370 2001 1425 vel-

425 1469 504 1522 uti
552 1470 800 1522 exoratio
841 1469 1085 1537 quaedam
1119 1477 1173 1520 et
1220 1465 1545 1535 supplicatio
1597 1479 1692 1532 per
1737 1464 1852 1517 hmc
1903 1478 2002 1531 pro

425 1561 658 1630 singulis
706 1560 822 1614 fieri
880 1561 1146 1613 videatur.
1195 1557 1302 1612 Sed
1349 1572 1513 1625 parva
1553 1557 1684 1610 satis
1729 1566 1782 1608 et
1827 1556 2003 1612 tenuis

425 1661 508 1705 est
543 1650 914 1717 hujuscemodi
944 1648 1288 1703 intercessio.
1330 1647 1602 1713 Quantum
1639 1648 1782 1700 enim
1821 1645 2002 1716 profe-

424 1743 499 1796 cit
538 1745 602 1795 ad
646 1743 1134 1810 repropitiandutn,
1192 1741 1279 1794 ubi
1340 1740 1768 1808 uniuscujusque
1830 1739 2002 1793 tribus

423 1849 522 1901 per
568 1849 761 1901 panem
797 1834 1024 1899 fructus,
1057 1850 1151 1903 per
1181 1833 1387 1887 fructus
1417 1847 1578 1900 opera
1606 1830 1999 1885 consideranda

2114 645 2367 700 habuerit
2396 643 2474 715 (6)
2498 643 2751 706 similam,
2785 642 2874 710 qui
2904 642 2955 694 in
2981 642 3179 696 diviti's
3208 659 3310 697 non
3336 642 3563 696 inferior
3593 655 3680 709 pa-

2113 745 2234 792 truo
2272 725 2561 798 scribitur;
2596 735 2688 788 sed
2722 733 3000 801 utriusque
3036 735 3352 788 meritorum
3383 733 3684 789 differentia

2109 846 2206 901 per
2252 831 2368 884 hmc
2405 829 2719 897 designatur
2763 825 2955 877 iudicia
3007 827 3191 892 :quod
3230 826 3274 878 is
3323 825 3541 892 quidem
3597 826 3683 880 cui

2108 930 2261 976 erant
2294 936 2322 973 a
2349 920 2575 972 Domino
2602 917 2854 987 mysteria
2901 916 3210 978 revelanda,
3242 926 3297 969 et
3322 917 3386 969 ad
3414 933 3568 984 quem
3603 917 3686 970 di-

2108 1013 2330 1066 cebatur
2359 1013 2422 1077 ‘5,
2454 1031 2470 1062 ‹
2509 1028 2613 1063 nou
2647 1010 2832 1065 celabo
2862 1025 2888 1061 a
2914 1025 3079 1078 puero
3099 1023 3216 1062 meo
3243 1007 3515 1062 Abraham
3540 1009 3682 1076 quod

2108 1105 2351 1159 facturus
2381 1119 2520 1166 sum,
2566 1123 2583 1156 ι
2626 1104 2715 1172 qui
2764 1100 3085 1156 imbuendus
3115 1109 3232 1154 crat
3285 1110 3337 1154 et
3377 1100 3682 1153 edocendus

2107 1199 2174 1253 de
2207 1197 2435 1252 occultis
2476 1206 2533 1249 et
2581 1195 2811 1249 secretis
2869 1195 2988 1258 Dei,
3025 1194 3115 1247 ille
3169 1207 3334 1261 panes
3372 1206 3435 1245 ex
3499 1191 3680 1246 simila

2106 1292 2364 1346 scribitur
2388 1290 2683 1352 habuisse;
2734 1289 2821 1342 ille
2855 1303 2984 1342 vero
3013 1287 3076 1339 ad
3107 1301 3267 1356 quem
3318 1285 3452 1339 nihil
3495 1299 3680 1338 sacra—

2110 1381 2275 1433 menti
2315 1377 2678 1438 deferebatur,
2733 1378 2824 1432 sed
2887 1377 3026 1430 ratio
3077 1375 3359 1444 praesentis
3399 1373 3588 1427 salutis
3627 1381 3682 1426 et

2107 1473 2252 1534 vitae,
2283 1486 2454 1542 panes
2484 1484 2800 1525 communes
2835 1485 2900 1522 ex
2935 1469 3050 1522 sola
3088 1467 3260 1520 farina
3301 1465 3560 1520 scribitur
3583 1463 3678 1515 ha-

2104 1563 2289 1618 buisse
2329 1560 2624 1614 confectos.
2664 1560 2726 1613 Et
2761 1569 2812 1614 tu
2845 1575 2973 1629 ergo
3002 1559 3044 1610 si
3072 1559 3236 1610 habes
3267 1556 3549 1609 scientiam
3591 1568 3683 1606 se-

2105 1665 2408 1716 cretorum,
2442 1653 2485 1707 si
2541 1653 2608 1705 de
2653 1652 2754 1705 lide
2795 1651 2910 1715 Dei,
2960 1651 3024 1702 de
3073 1648 3331 1718 mysterio
3361 1647 3587 1708 Christi,
3617 1646 3684 1700 de

2103 1746 2273 1802 sancti
2300 1744 2536 1814 Spiritus
2555 1743 2762 1796 unitate
2783 1753 2936 1812 potes
2961 1742 3195 1796 scienter
3219 1749 3486 1808 cauteque
3511 1740 3683 1794 disse-

2104 1854 2244 1901 rere,
2278 1853 2444 1907 panes
2486 1851 2551 1891 ex
2589 1835 2769 1890 simila
2795 1833 2957 1889 offers
2988 1833 3233 1888 Domino.
3281 1832 3336 1887 Si
3365 1847 3492 1885 vero
3535 1846 3684 1884 com-

425 1926 580 1978 ευιιιι
620 1926 727 1979 Sed
757 1927 799 1979 εἰ
835 1925 1142 1980 refcrantur
1168 1925 1284 1978 hate
1311 1923 1375 1976 ad
1399 1923 1642 1992 mysterii
1671 1921 2000 1993 magnitudi-
2030 1929 2072 1984 B
2103 1933 2354 1988 munibus
2385 1931 2553 1985 meris
2607 1930 2675 1984 ad
2721 1929 2978 1999 populum
3025 1927 3267 1991 monitis,
3315 1937 3370 1981 cl,
3420 1927 3681 1980 moralem

422 2032 569 2082 nctn,
611 2017 854 2072 invenies
888 2016 1464 2073 commemorationem
1493 2015 1653 2068 istam
1678 2015 1879 2068 habere
1911 2015 1996 2068 in-

421 2114 598 2176 gentis
626 2110 1093 2179 repropitiatiouis
1125 2107 1399 2163 effectum.
1434 2108 1490 2162 Si
1524 2109 1714 2162 redeas
1749 2109 1812 2162 ad
1849 2108 1997 2162 illum

422 2217 619 2270 panem
655 2202 746 2270 qui
779 2202 843 2254 de
885 2201 1024 2255 cwlo
1055 2201 1353 2264 descendit,
1391 2209 1446 2254 et
1480 2199 1576 2254 dat
1622 2197 1751 2256 huic
1798 2200 1999 2255 mundo

423 2294 589 2347 vitam
626 2310 639 2347 :
669 2294 821 2347 illum
852 2309 1044 2363 panem
1075 2292 1491 2362 propositionis,
1523 2308 1684 2362 quem
1714 2295 2000 2362 preposuit

425 2384 566 2438 Deus
595 2385 1034 2454 pronitiationem
1070 2383 1146 2456 (5)
1176 2399 1270 2452 per
1294 2383 1454 2438 ﬁdem
1484 2384 1534 2437 in
1561 2385 1822 2454 sanguine
1850 2383 1996 2452 ejus:

421 2487 474 2532 et
498 2479 540 2531 si
575 2479 835 2547 respicias
866 2479 932 2532 ad
967 2478 1111 2532 illam
1139 2479 1732 2540 commemorationem,
1790 2476 1858 2531 de
1894 2492 1998 2545 qua

422 2571 554 2626 dicit
591 2571 845 2626 Dominus
873 2571 916 2602 ¹³
949 2588 962 2625 :
1005 2589 1023 2624 ι
1055 2570 1165 2626 Ηοε
1195 2573 1353 2626 facite
1385 2573 1436 2625 in
1465 2587 1639 2626 meam
1668 2585 1997 2625 commemo-

425 2665 726 2731 rationem;
769 2683 786 2716 ι
826 2665 1070 2718 invenies
1111 2665 1252 2733 quod
1287 2666 1388 2719 ista
1424 2673 1509 2718 est
1554 2662 2000 2717 commemoratio

424 2755 560 2821 sola,
587 2769 705 2822 quae
733 2754 1022 2824 propitium
1063 2754 1197 2808 facit
1223 2754 1535 2809 hominibus
1563 2757 1749 2808 Deum.
1780 2752 1838 2807 Si
1872 2767 2000 2820 ergo

424 2845 683 2900 intentius
711 2844 1083 2900 ecclesiastica
1138 2846 1394 2916 mysteria
1434 2844 1762 2907 recorderis,
1815 2844 1865 2896 in
1918 2843 2000 2896 his

422 2943 542 3005 qua?
567 2936 649 2989 lex
678 2938 887 3000 scribit,
921 2935 1116 2990 futura:
1148 2935 1397 2990 veritatis
1428 2935 1674 2989 invenies
1710 2935 1998 3002 imaginem

421 3028 850 3097 prteformatam.
909 3025 1016 3082 Sed
1075 3029 1142 3080 de
1197 3026 1284 3079 his
1328 3041 1432 3079 non
1491 3034 1574 3080 est
1628 3025 1781 3094 plura
1827 3025 1998 3078 disse-

423 3135 544 3175 rere
577 3122 676 3192 (l),
725 3121 865 3190 quod
919 3119 1298 3174 recordatione
1343 3119 1452 3172 sola
1507 3119 1733 3189 intelligi
1784 3116 1998 3172 sumcit.

422 3212 720 3268 Possumus
762 3229 888 3267 vero
919 3221 973 3269 et
1001 3212 1160 3266 aliter
1189 3211 1392 3266 dicere.
1455 3211 1646 3268 Omnis
1695 3225 1877 3266 sermo
1909 3210 1999 3264 Dei

425 3307 578 3370 panis
605 3317 712 3371 est,
747 3307 839 3361 sed
877 3316 978 3381 est
1009 3306 1313 3361 diﬁ‘erentia
1351 3306 1402 3359 in
1453 3306 1701 3374 panibus.
1733 3305 1829 3360 Est
1857 3305 1999 3359 enim

421 3399 622 3467 aliquis
676 3415 883 3461 sermo,
917 3397 1009 3466 qui
1045 3397 1111 3451 ad
1167 3411 1509 3452 communem
1553 3395 1785 3464 proferri
1837 3393 2006 3464 possit

428 3491 700 3555 auditum,
747 3499 803 3543 et
841 3491 1069 3543 edocere
1117 3488 1326 3557 plebem
1381 3489 1446 3540 de
1491 3488 1747 3555 operibus
1790 3484 2006 3539 miseri-

423 3582 646 3646 cordiae,
685 3596 750 3635 ac
782 3581 946 3635 totius
972 3582 1365 3645 beneﬁcentiae,
1405 3589 1457 3634 et
1489 3581 1589 3633 iste
1621 3589 1702 3634 est
1731 3578 1887 3648 panis
1915 3577 2003 3646 qui

429 3673 730 3727 communis
777 3671 1070 3726 videbitur.
1129 3670 1223 3724 Est
1262 3686 1390 3724 vero
1450 3671 1608 3734 alius,
1643 3671 1735 3739 qui
1793 3679 2003 3724 secreta

423 3764 724 3827 contineat,
757 3770 810 3816 et
849 3763 914 3816 de
966 3761 1071 3816 ﬁde
1115 3762 1207 3816 Dei
1245 3762 1410 3832 256
1443 3771 1498 3816 et
1545 3777 1722 3816 rerum
1773 3762 2002 3816 scientia

427 3853 677 3909 disserat.
711 3852 815 3906 Iste
869 3853 1026 3920 panis
1073 3853 1302 3907 mundus
1333 3863 1435 3918 est,
1468 3862 1522 3905 et
1558 3868 1625 3906 ex
1665 3851 1840 3906 simila
1870 3869 2002 3907 con-

424 3943 620 3999 fectus.
651 3943 756 3996 iste
785 3944 838 3996 in
871 3953 1162 4012 censpectu
1195 3944 1406 3996 Domini
1447 3958 1661 4010 semper
1691 3943 1763 4013 l5)
1795 3959 2002 4011 ponen-

425 4037 525 4091 dus
556 4045 659 4100 est,
696 4045 750 4090 et
785 4051 949 4104 super
1004 4050 1245 4089 mensam
1303 4036 1558 4090 mundam
1600 4037 1997 4104 preponendus.

422 4126 530 4182 lste
583 4128 713 4182 solis
760 4128 1142 4182 sacerdotibus
1195 4136 1582 4196 sequestratus
1624 4137 1728 4192 est,
1778 4137 1830 4182 et
1882 4129 2003 4183 liliis

422 4221 604 4276 Aaron
638 4229 841 4275 aeterno
885 4236 1112 4277 munere
1150 4221 1719 4275 condonatus.Vet-um
1753 4237 1819 4275 ne
1848 4232 2003 4290 putes

421 4311 543 4367 haec
591 4327 688 4366 nos
728 4313 964 4380 propriis
1017 4312 1268 4366 sensibus
1323 4312 1634 4380 excogitata
1684 4326 1928 4374 narrare,
1951 4321 2004 4364 et

423 4419 529 4458 non
578 4403 630 4456 in
691 4405 889 4457 divinis
939 4405 1264 4457 observasc
1299 4403 1688 4469 voluminibus,
1728 4403 2001 4471 proferam

424 4494 520 4548 tibi
552 4496 616 4548 de
648 4494 943 4564 Scripturis
981 4494 1252 4562 quomodo
1296 4496 1436 4562 apud
1464 4493 1711 4548 diversos
1734 4496 1878 4548 viros
1911 4509 2002 4562 pa-

2103 2027 2212 2080 scis
2237 2023 2609 2079 tantummodo
2648 2022 2830 2075 locum
2861 2029 3100 2074 tractare
3131 2020 3221 2086 qui
3256 2021 3320 2073 ad
3340 2034 3529 2071 omnes
3567 2032 3686 2087 pcr-

2104 2116 2263 2179 tinet,
2286 2128 2628 2169 communem
2666 2121 2716 2165 te
2751 2111 3013 2165 obtulisse
3045 2110 3262 2164 noveris
3290 2124 3502 2178 panem.

2171 2208 2223 2262 4.
2260 2206 2365 2260 Sed
2412 2206 2691 2259 videamus
2723 2202 2830 2272 jam
2883 2218 3005 2272 qua:
3037 2203 3108 2256 sit
3135 2201 3408 2256 confectio
3462 2202 3514 2256 in
3566 2203 3685 2257 istis

2103 2297 2334 2370 panibus
2357 2293 2771 2365 pr0positionis,
2799 2295 2888 2363 qui
2915 2304 3042 2347 ante
3075 2293 3361 2347 Dominum
3393 2294 3514 2361 poni
3544 2307 3685 2346 sem-

2103 2392 2508 2463 perjubentnr.
2545 2407 2563 2440 ι
2609 2388 2680 2442 De
2735 2388 2963 2448 duabus,
3017 2385 3192 2452 inquit
3231 2384 3296 2450 ",
3345 2384 3572 2438 decimis
3613 2385 3682 2436 sit

2103 2485 2260 2554 panis
2301 2497 2463 2536 unus.
2505 2499 2522 2532 ι
2576 2481 2718 2534 Duas
2745 2478 2965 2546 quidem
2998 2479 3240 2532 decimas
3267 2478 3426 2542 dixit,
3463 2478 3555 2530 sed
3587 2494 3684 2528 (ιιι-

2098 2577 2188 2648 jus
2214 2587 2480 2628 mensurae
2521 2572 2630 2625 sint
2666 2571 2784 2624 ista:
2835 2571 3058 2623 decimze
3095 2584 3197 2622 noo
3225 2570 3634 2637 comprehendit
3667 2585 3681 2631 ;

2103 2682 2224 2721 cum
2256 2667 2440 2732 utique
2471 2679 2814 2732 consequens
2844 2661 3055 2726 fuisset,
3087 2661 3128 2715 si
3160 2659 3226 2714 de
3261 2661 3568 2728 quantitate
3605 2661 3678 2714 si-

2104 2759 2241 2812 milae
2290 2757 2506 2811 volebat
2555 2756 2798 2827 agnosci,
2849 2755 3021 2824 ipsam
3063 2752 3216 2820 cujus
3251 2755 3385 2807 duas
3435 2753 3682 2808 decium;

2102 2848 2240 2903 sumi
2269 2847 2512 2916 jubebat,
2546 2845 2830 2900 nominare
2871 2857 3204 2898 mensuram.
3243 2843 3372 2909 Qua:
3402 2858 3534 2913 ergo
3579 2844 3680 2897 ista

2104 2956 2192 2995 res
2221 2948 2322 3005 est,
2365 2938 2517 3007 cujus
2563 2953 2818 2993 mensura
2860 2946 2913 2990 et
2960 2937 3150 2990 modus
3177 2937 3254 3006 (7)
3292 2951 3390 2990 nec
3433 2951 3681 3002 compre-

2105 3031 2266 3085 bendi
2289 3029 2462 3099 potuit
2496 3043 2595 3083 nec
2630 3028 2948 3082 numerari?
2976 3027 3168 3081 Decem
3200 3043 3458 3082 numerus
3486 3028 3683 3094 ubique

2103 3122 2380 3194 perfectus
2429 3120 2722 3175 invenitur.
2768 3119 2955 3174 Totius
2993 3119 3136 3173 enim
3181 3120 3390 3173 numeri
3448 3133 3512 3170 ex
3566 3118 3684 3186 ipso

2109 3215 2251 3269 ratio
2281 3223 2335 3268 et
2369 3213 2521 3281 origo
2546 3213 2849 3279 consurgit.
2886 3211 3275 3278 Connpetenter
3307 3210 3470 3277 igitur
3495 3219 3686 3264 auctor

2109 3321 2166 3362 et
2195 3307 2350 3374 origo
2399 3306 2639 3358 omnium
2696 3303 2856 3365 Deus,
2907 3303 3009 3356 sub
3052 3303 3155 3356 hoc
3206 3315 3435 3388 ntrmcro
3473 3302 3686 3354 videtur

2107 3399 2344 3455 ostendi.
2377 3396 2483 3451 Sed
2513 3396 2556 3449 si
2587 3396 2640 3449 in
2679 3394 2923 3448 Ecclesia
2957 3394 3021 3447 de
3049 3393 3163 3447 solo
3197 3391 3360 3446 Patre
3392 3393 3605 3460 loquar,
3633 3400 3688 3446 ει

2110 3493 2281 3562 ipsius
2311 3491 2480 3545 solius
2508 3489 2696 3541 laudes
2721 3486 3017 3552 proferam,
3052 3485 3467 3539 unius‘decimae
3489 3499 3684 3554 panem

2110 3583 2236 3636 feci.
2271 3581 2379 3634 Attt
2431 3578 2477 3631 si
2526 3579 2591 3631 de
2632 3577 2850 3630 Christo
2890 3575 3006 3628 solo
3043 3573 3224 3628 fecero
3268 3588 3602 3635 sermonem,
3630 3580 3686 3626 et

2111 3673 2280 3742 ipsius
2304 3669 2661 3724 enuntiavero
2678 3665 2752 3736 (8)
2786 3666 3116 3733 passionem,
3148 3674 3203 3718 et
3233 3665 3684 3718 resurrectionem

2108 3763 2504 3833 prtedicavero,
2545 3759 2710 3812 unius
2741 3757 2963 3810 decima:
2997 3757 3167 3810 obtuli
3203 3771 3418 3824 panem.
3467 3755 3522 3811 Si
3555 3769 3686 3809 vero

2110 3857 2301 3911 dixero
2341 3855 2381 3886 "
2412 3855 2538 3924 quia
2569 3852 2732 3906 Pater
2762 3866 2884 3904 cum
2933 3849 3070 3904 Filio
3100 3865 3316 3919 semper
3345 3858 3448 3911 est,
3482 3858 3535 3902 et
3573 3849 3686 3916 ipse

2111 3948 2245 4002 facit
2269 3961 2432 4017 opera
2465 3962 2558 4000 sua
2592 3963 2606 4000 :
2641 3945 2724 3998 vel
2753 3946 2916 3999 etiam
2950 3944 2994 3997 si
3026 3943 3216 3997 dixero
3275 3943 3400 4010 quia
3444 3941 3603 3996 Pater
3632 3944 3683 3997 in

2108 4042 2245 4096 Filio
2275 4050 2376 4104 est,
2405 4048 2458 4092 et
2484 4037 2652 4092 Filius
2685 4037 2737 4090 in
2766 4036 2948 4101 Patre,
2975 4043 3028 4090 et
3061 4037 3152 4102 qui
3182 4035 3326 4089 videt
3350 4035 3570 4100 Filium,
3605 4036 3688 4088 vi-

2107 4136 2196 4190 det
2225 4142 2279 4187 ει
2305 4132 2546 4194 Patrem,
2580 4141 2633 4185 et
2664 4129 2788 4199 quia
2821 4128 2984 4184 Pater
3009 4139 3062 4182 et
3091 4127 3261 4182 Filius
3289 4143 3452 4182 unum
3495 4137 3620 4182 sunt
3665 4141 3682 4180 :

2107 4239 2175 4280 ex
2201 4223 2408 4278 duabus
2448 4221 2677 4275 decimis
2711 4219 2903 4274 simila:
2933 4219 3147 4272 mundae
3183 4218 3350 4273 obtuli
3379 4234 3544 4271 unum
3586 4234 3684 4288 pa-

2107 4331 2230 4371 nem
2273 4332 2286 4368 :
2337 4330 2530 4384 panem
2577 4329 2763 4368 verum
2817 4313 2908 4381 qui
2957 4312 3120 4365 vitam
3153 4311 3244 4364 dat
3292 4309 3418 4362 huic
3462 4310 3683 4362 mundo.

2105 4405 2356 4460 Haeretici
2384 4419 2486 4458 non
2523 4404 2728 4458 faciunt
2759 4401 2825 4456 de
2856 4401 3065 4454 duabus
3112 4399 3338 4453 decimis
3382 4413 3546 4452 unum
3584 4413 3684 4465 pa-

2108 4510 2231 4550 nem
2266 4512 2280 4550 :
2313 4502 2512 4564 negant
2543 4494 2688 4547 enim
2721 4500 3019 4545 creatorem
3048 4490 3215 4542 Deum
3245 4488 3458 4541 Patrem
3483 4487 3682 4542 Christi

423 4587 508 4640 nis
542 4586 827 4638 diversitas
860 4601 956 4654 pro
991 4585 1185 4638 merito
1210 4585 1633 4655 uniuscujusque
1657 4596 1869 4640 servata
1894 4596 1998 4641 est.
2032 4601 2082 4660 ι)
2111 4603 2252 4653 esse,
2291 4602 2466 4656 neque
2502 4585 2670 4640 Vetus
2718 4595 2771 4638 et
2805 4583 3015 4637 Novum
3059 4581 3467 4634 Testamentum
3516 4595 3681 4632 unum

421 4672 674 4728 Refertur
706 4675 756 4728 in
789 4675 986 4730 Genesi
1022 4676 1063 4706 “
1088 4677 1230 4744 quod
1259 4676 1529 4729 Abraham
1567 4677 1872 4745 patriarcha
1905 4694 1998 4731 an-

422 4765 571 4835 gelos
631 4767 870 4835 suscepit
919 4767 1173 4835 hospitio,
1229 4767 1482 4820 similiter
1541 4780 1723 4821 autem
1764 4778 1814 4822 et
1871 4768 1994 4824 Lot.

423 4855 526 4910 Sed
553 4857 844 4920 Abraham,
874 4859 961 4926 qui
994 4860 1200 4913 meritis
1227 4861 1591 4929 pra'ccllebat,
1632 4876 1797 4929 panes
1821 4876 1885 4914 ex
1919 4862 1994 4915 si-

421 4949 547 5003 mila
582 4953 899 5019 apposuisse
925 4953 1279 5017 describitur,
1322 4969 1460 5022 quos
1493 4964 1546 5008 et
1578 4954 1900 5026 ὲγκρυφίας,
1944 4953 1996 5007 id

416 5050 502 5094 est
529 5044 767 5095 occultos
811 5058 872 5096 ac
909 5045 1216 5097 reconditos
1257 5045 1575 5097 nominavit.
1619 5045 1717 5097 Lot
1753 5060 1881 5098 vero
1931 5058 1997 5098 eo

417 5133 559 5200 quod
596 5147 700 5184 non
732 5133 922 5186 habuit
971 5135 1230 5200 similam,
1264 5150 1330 5189 ex
1365 5134 1538 5189 farina
1573 5152 1740 5205 panes
1772 5136 1996 5204 hospiti-

2105 4677 2310 4732 faciunt
2347 4690 2566 4745 panem,
2597 4690 2696 4728 nec
2735 4688 2900 4726 unum
2933 4671 3192 4739 Spiritum
3232 4670 3286 4724 iu
3332 4679 3562 4736 utroque
3599 4671 3675 4724 in-

2107 4779 2413 4825 strumento
2435 4767 2782 4838 proﬁtentur.
2817 4765 2924 4819 Nos
2970 4775 3146 4819 autem
3183 4765 3234 4816 in
3267 4763 3381 4832 lege
3421 4775 3472 4817 et
3507 4764 3684 4818 Evan-

2107 4863 2264 4931 geliis
2296 4877 2460 4915 unum
2493 4871 2655 4928 atque
2679 4857 2927 4912 eumdem
2959 4857 3135 4911 inesse
3153 4867 3400 4912 sanctum
3419 4857 3681 4924 Spiritum

2107 4955 2361 5018 dicimus,
2393 4962 2449 5007 et
2487 4953 2592 5006 isto
2639 4966 2853 5020 quoque
2906 4954 3066 5006 modo
3099 4966 3163 5004 ex
3208 4950 3418 5005 duabus
3459 4951 3684 5004 decimis

2105 5062 2271 5100 ttnum
2317 5061 2512 5116 panem
2561 5046 2949 5114 propositionis
2977 5043 3281 5097 oil‘erimus.
3318 5043 3418 5110 Qui
3446 5058 3574 5111 ergo
3602 5046 3682 5111 (9)

2106 5136 2659 5206 separantChristum
2697 5151 2727 5190 a
2759 5147 3007 5191 creatore
3047 5137 3153 5190 Deo
3187 5135 3346 5189 Patre
3386 5150 3484 5190 suo
3512 5137 3687 5187 haere-

487 5272 838 5341 “Luc.xxtt,
865 5279 951 5332 19.
1029 5275 1072 5306 ⁸⁸
1114 5276 1248 5332 Gen.
1290 5295 1442 5333 xvttt.
1526 5281 1567 5311 ¹⁸
1604 5280 1762 5346 ibid.,
1797 5280 1880 5334 l7.
1958 5281 1999 5311 ¹⁶
2033 5279 2202 5333 Levit.
2245 5295 2396 5344 xxtv,
2427 5280 2478 5334 5.
2561 5280 2602 5312 ¹⁷
2630 5277 2786 5334 Joan.
2817 5295 2926 5345 xw,
2971 5280 3025 5332 7.

489 5387 564 5461 (ξ)
600 5387 787 5461 Codex
827 5389 1142 5461 Sangerm.,
1184 5411 1201 5444 ε
1238 5394 1518 5449 aeternale.
1556 5413 1573 5446 ι

489 5459 567 5530 (ᾇ)
599 5459 766 5530 idem,
803 5478 821 5512 t
859 5459 1290 5530 propitiatorem.
1338 5483 1356 5515 ι

491 5527 568 5592 (4)
588 5527 690 5582 Sed
712 5529 775 5581 de
796 5527 875 5583 his
906 5527 1006 5584 non
1037 5543 1110 5585 est
1142 5533 1294 5600 plura
1317 5535 1593 5599 disserere,
1623 5545 1726 5588 etv.
1753 5534 1907 5587 Plura
1931 5536 1997 5588 de

421 5600 681 5675 mysterio
710 5600 1063 5675 Eucharistim
1107 5607 1752 5675 non_sertnocinabantur
1785 5617 1996 5659 veteres

419 5670 472 5718 in
497 5670 851 5736 concionihus
879 5673 948 5724 ob
984 5673 1328 5736 praesentiam
1373 5677 1890 5729 catechumenorum
1942 5687 1997 5729 et

420 5735 720 5811 gentilium.
760 5740 888 5811 Vide
923 5735 1084 5811 supra
1133 5753 1316 5798 notam
1361 5745 1429 5799 ad
1467 5745 1655 5800 homil.
1689 5747 1721 5802 9
1749 5747 1800 5800 in
1837 5744 1996 5801 Levi-

421 5809 608 5867 ticutu,
647 5822 792 5860 ntttu.
828 5809 915 5863 10.

2176 5394 2250 5464 (5)
2284 5395 2616 5449 Atlverbium
2662 5415 2680 5447 ε
2715 5411 2953 5465 semper,
2995 5413 3013 5445 ι
3050 5397 3202 5450 deest
3228 5395 3280 5448 in
3325 5392 3455 5448 libb.
3497 5390 3677 5455 editis,

2103 5470 2196 5518 sed
2225 5466 2503 5533 suppletur
2535 5481 2564 5518 e
2595 5481 2724 5520 mss.

2176 5537 2252 5602 (6)
2291 5537 2444 5588 leb.
2473 5536 2626 5600 editi,
2666 5556 2683 5587 ι
2720 5551 2824 5590 non
2859 5537 3134 5602 habuerit,
3183 5554 3202 5588 ι
3233 5534 3327 5590 sed
3367 5548 3522 5595 mss.,
3567 5550 3585 5583 α
3623 5539 3683 5584 ut

2107 5620 2212 5659 non
2247 5605 2516 5658 habuerit.
2552 5625 2570 5656 ι

2175 5674 2252 5744 (7)
2275 5675 2452 5746 Codex
2498 5674 2806 5746 Sangernt.,
2845 5695 2862 5727 ι
2903 5675 3056 5742 cujus
3094 5689 3362 5731 mensura:
3406 5674 3616 5730 modus.
3651 5691 3675 5725 ο

2175 5743 2250 5812 (8)
2303 5743 2470 5811 Idem,
2509 5763 2527 5796 ι
2561 5743 2971 5802 enumeravero.
3021 5763 3041 5797 ι

2100 5864 2106 5867 _
2174 5813 2250 5880 (9)
2279 5815 2443 5884 Idem,
2478 5833 2497 5868 t
2539 5818 2664 5887 quia
2703 5831 2855 5886 ergo,
2895 5835 2912 5866 ι
2939 5823 3045 5871 etc.

4084 2148 4117 2178 ﬂ
