4124 6406
442 447 548 505 549

1574 437 1640 490 l.\'
1681 435 2058 492 LEVITICUM
2097 433 2382 490 IIOMILIA
2413 435 2549 490 Xlll.

3608 442 3714 496 550

446 565 558 626 tici,
589 560 640 615 et
670 558 836 614 Judaei
865 560 954 626 qui
987 558 1157 612 solum
1205 556 1418 611 Patrem
1462 558 1753 628 rccipiunt,
1793 568 1845 611 et
1886 558 2021 611 Ver-
2049 559 2094 616 Α
2126 555 2545 623 intelligibiliter
2573 554 2813 625 intellige
2843 571 2961 626 qua:
2991 565 3338 626 apponuntur
3367 557 3487 613 tibi.
3521 577 3538 610 ι
3580 557 3712 626 ρυιθ

445 658 572 710 btnu
621 664 674 706 et
730 653 1058 722 sapientiam
1093 653 1212 720 ejus
1252 652 1528 705 Christum
1583 667 1690 704 non
1725 651 2018 719 recipiunt,

445 763 550 800 non
588 745 795 799 faciunt
834 759 899 797 ex
943 743 1152 798 duabus
1185 742 1408 796 decimis
1446 757 1608 796 ouum
1661 757 1876 810 panem.
1915 742 2023 796 Nos

446 847 622 890 autem
675 849 944 888 mensura:
979 833 1194 902 quidem
1236 833 1430 900 ipsius,
1484 832 1533 885 id
1575 843 1655 886 est
1701 831 2024 885 substantia:

448 942 642 980 nomen
691 925 776 978 vel
818 924 1082 978 rationem
1134 923 1595 992 comprehendere
1638 930 1731 974 aut
1778 921 2023 974 invenire

448 1032 550 1069 non
582 1027 872 1083 possumus
908 1029 923 1065 :
954 1015 1278 1066 confitentes
1329 1021 1506 1063 tamen
1550 1009 1790 1073 Patrem,
1831 1021 1884 1063 et
1931 1011 2021 1063 Fi-

447 1108 599 1168 lium,
647 1120 812 1158 unum
870 1103 1100 1157 facimus
1141 1092 1332 1171 panem
1385 1117 1448 1156 ex
1489 1103 1694 1156 duabus
1746 1102 2020 1154 deciu'tis:

447 1214 551 1252 non
583 1209 640 1251 ut
675 1198 828 1266 panis
855 1212 992 1249 unus
1019 1211 1085 1251 ex
1141 1213 1245 1249 una
1289 1197 1498 1250 decima
1543 1196 1658 1262 fiat,
1694 1205 1748 1250 et
1797 1197 1932 1250 alius
1956 1212 2023 1250 ex

445 1289 573 1352 alia,
621 1299 678 1342 ut
726 1290 836 1343 siut
888 1290 1019 1356 ipsa}
1052 1289 1172 1342 dua:
1205 1289 1431 1342 decium
1465 1299 1751 1357 separatm,
1782 1290 1873 1342 sed
1914 1291 2023 1343 sint

445 1381 565 1435 diue
595 1382 710 1434 istze
739 1381 962 1435 decima?
1000 1396 1104 1433 una
1157 1396 1358 1443 massa,
1400 1389 1454 1434 et
1484 1396 1619 1434 unus
1650 1381 1825 1449 panis.
1871 1381 2019 1448 Quo-

448 1469 608 1520 modo
649 1469 767 1521 duae
792 1469 1015 1522 decima:
1047 1485 1152 1521 una
1191 1485 1370 1524 massa
1408 1469 1506 1522 fit?
1537 1473 1659 1540 quia
1696 1487 1799 1525 non
1827 1487 2023 1540 separo

446 1557 644 1611 Filium
696 1573 723 1610 a
757 1558 935 1622 Patre,
969 1574 1070 1613 nec
1117 1559 1332 1614 Patrem
1370 1577 1400 1615 a
1449 1561 1585 1615 Filio
1621 1581 1633 1617 :
1673 1581 1690 1614 ‹
1739 1564 1840 1630 Qui
1879 1565 2020 1617 enim

446 1651 578 1702 vidit
607 1664 709 1714 me,
757 1652 932 1718 inquit
977 1651 1042 1716 ¹⁸,
1091 1653 1224 1706 vidit
1253 1662 1306 1706 ct
1355 1654 1590 1708 Patrem.
1630 1674 1648 1706 ι
1686 1655 1851 1710 Fiunt
1891 1672 2022 1725 ergo

445 1756 615 1810 panes
649 1743 842 1812 singuli
886 1759 952 1797 ex
1009 1744 1216 1799 duabus
1267 1744 1518 1810 decimis,
1547 1756 1602 1802 et
1646 1759 2023 1817 preponuutur

447 1833 654 1886 duabus
701 1833 1089 1901 positionibus,
1125 1836 1175 1890 id
1233 1845 1317 1891 est
1357 1835 1566 1893 duobus
1619 1841 1918 1895 ordinibus.
1963 1842 2018 1896 Si

450 1924 598 1978 enim
633 1941 736 1978 una
772 1927 966 1995 positio
999 1927 1174 1995 fieret,
1207 1931 1469 1986 confusus
1503 1941 1557 1986 et
1596 1933 1890 2001 permistus
1935 1949 2023 1988 es-

445 2025 531 2070 set
566 2032 746 2071 sermo
775 2020 838 2073 de
869 2018 1027 2075 Patre
1056 2036 1116 2076 ac
1150 2021 1306 2076 Filio.
1341 2022 1492 2077 Nunc
1515 2034 1691 2079 autem
1735 2041 1874 2078 unus
1905 2028 2024 2096 qui-

446 2107 568 2160 dem
602 2118 685 2162 est
717 2110 892 2177 panis,
922 2126 1030 2165 una
1077 2113 1224 2168 enim
1259 2115 1514 2171 voluntas
1558 2127 1639 2170 est
1676 2127 1730 2174 et
1763 2135 1864 2172 uua
1897 2120 2023 2172 sub-

447 2199 647 2252 stantia
693 2216 706 2251 :
743 2199 836 2254 sed
869 2201 989 2255 dua:
1022 2211 1150 2256 sunt
1199 2205 1514 2273 positiones,
1566 2207 1617 2260 id
1643 2218 1724 2261 est
1757 2209 1873 2262 dure
1904 2226 2025 2279 per-

447 2305 702 2345 sonarum
739 2294 1126 2362 proprietates.
1154 2294 1304 2349 llhnn
1335 2297 1484 2351 enim
1521 2298 1762 2364 Patrem,
1796 2301 1884 2369 qui
1918 2317 2022 2354 non

446 2383 518 2436 sit
556 2383 746 2448 Filius,
772 2397 824 2439 et
853 2386 993 2440 hunc
1017 2386 1212 2441 Filium
1241 2389 1472 2444 dicimus
1495 2392 1582 2460 qui
1609 2406 1714 2444 non
1741 2393 1810 2447 sit
1842 2394 2020 2448 Pater.

448 2473 515 2527 Et
539 2476 638 2528 hoc
672 2480 829 2530 modo
868 2478 1002 2532 duas
1030 2478 1267 2533 decimas
1305 2481 1356 2534 in
1411 2497 1516 2536 uno
1551 2498 1688 2557 pane
1722 2498 2023 2547 servamus,

449 2575 502 2620 et
530 2567 663 2620 duas
701 2568 1003 2638 positiones
1034 2582 1161 2626 ante
1196 2573 1480 2626 Dominum
1527 2573 1865 2642 profitemur.
1918 2575 2023 2629 Sed

450 2673 640 2712 revera
673 2663 879 2730 magni,
914 2672 974 2717 ut
1010 2662 1083 2717 ita
1121 2664 1318 2729 dicam,
1368 2665 1648 2735 cujusdam
1701 2669 1924 2738 pistoris
1971 2678 2026 2722 et

449 2750 595 2804 docti
633 2751 862 2807 artificis
891 2761 992 2817 est,
1022 2755 1178 2811 valde
1201 2757 1611 2827 diligenterHO)
1641 2759 1773 2813 istas
1808 2775 2028 2814 servare

450 2857 756 2908 mensuras,
806 2855 859 2899 et
891 2846 962 2898 ita
993 2856 1300 2918 temperare
1334 2850 1398 2903 de
1439 2849 1601 2905 Patre
1640 2859 1692 2904 et
1726 2850 1863 2905 Filio
1906 2868 2024 2906 ser-

449 2947 687 3001 monem,
739 2937 1068 3006 coojungere
1128 2940 1215 2994 tibi
1276 2950 1509 3008 oportet,
1555 2952 1609 2995 et
1670 2959 1882 2996 rursum
1937 2943 2026 2997 ubi

450 3028 712 3094 competit
759 3042 1040 3096 separare,
1095 3039 1154 3083 ut
1223 3046 1398 3099 neque
1434 3033 1554 3086 dum
1594 3048 1864 3087 mensura:
1926 3033 2026 3087 ali-

450 3117 670 3185 quando
701 3118 901 3184 desint,
945 3134 1119 3188 neque
1154 3137 1391 3190 unquam
1427 3123 1530 3177 nisi
1568 3139 1708 3178 unus
1744 3125 1898 3192 panis
1933 3139 2028 3194 ap-

2126 655 2209 698 e.~t
2246 661 2376 714 ergo
2412 660 2596 699 mensa
2642 649 2878 715 potentis
2907 691 2920 715 ,
2953 648 3057 702 nisi
3092 665 3245 704 mens
3283 649 3397 719 (ll)
3431 650 3576 704 illius
3615 666 3709 719 qu1

2127 739 2440 792 dicebat":
2482 759 2498 790 ‹
2521 738 2714 793 Omnia
2748 756 2968 810 possum
3002 743 3056 794 in
3087 755 3151 796 eo
3181 743 3274 811 qui
3309 757 3395 796 me
3429 744 3708 796 confortat

2125 831 2366 895 Christo,
2395 851 2411 883 ι
2441 843 2493 885 et
2522 833 2596 886 “:
2637 851 2654 884 ‹
2683 833 2813 887 Cum
2842 834 3108 896 iutirmor,
3137 843 3262 888 tunc
3290 844 3484 902 potens
3504 835 3663 888 sum?
3687 853 3704 884 ι

2125 927 2180 980 lu
2229 926 2385 979 istius
2435 925 2670 993 potentis
2707 941 2889 980 mensa
2932 925 3128 979 munda
3157 965 3173 990 ,
3205 927 3307 980 hoc
3343 935 3425 980 est
3462 927 3512 979 in
3553 927 3711 980 istius

2125 1021 2309 1083 corde,
2349 1021 2400 1072 in
2436 1020 2605 1088 ipsius
2652 1029 2853 1081 mente,
2887 1019 3119 1072 Domino
3155 1019 3313 1087 panis
3347 1018 3592 1076 offertur.
3626 1019 3708 1074 Ad

2127 1111 2289 1179 hujus
2315 1112 2552 1177 potentis
2578 1111 2818 1177 Apostoli
2854 1125 3095 1163 mensam
3125 1111 3168 1164 si
3196 1111 3351 1164 sedes
3373 1119 3708 1175 ctenaturus,

2126 1199 2536 1268 intelligihiliter
2578 1201 2822 1270 intellige
2871 1217 2990 1268 qua:
3028 1209 3380 1269 apponuntur
3435 1200 3530 1254 tibi
3561 1240 3576 1264 ,
3608 1204 3712 1254 hoc

2126 1300 2207 1344 est
2248 1290 2564 1358 spiritaliter
2608 1290 2831 1345 adverte
2877 1307 2996 1358 qua:
3037 1292 3295 1344 dicuntur
3328 1293 3395 1345 ab
3427 1305 3492 1344 eo
3518 1329 3533 1354 ,
3567 1300 3623 1343 ut
3655 1299 3712 1343 et

2130 1391 2181 1434 ιιι
2219 1379 2395 1434 facere
2425 1384 2599 1447 possis
2630 1382 2770 1449 quod
2803 1382 3038 1435 additur.
3063 1380 3153 1434 Ait
3179 1380 3325 1434 enim
3357 1382 3432 1429 "z
3469 1397 3488 1430 ‹
3519 1378 3712 1434 Sciens

2126 1471 2251 1539 quia
2286 1471 2410 1523 talia
2447 1480 2498 1526 te
2530 1479 2745 1540 oportet
2788 1487 3116 1541 prmparare.
3150 1488 3168 1523 ι

2197 1564 2252 1617 5.
2291 1563 2396 1617 Sed
2451 1563 2734 1616 videamus
2780 1564 3057 1632 quomodo
3111 1563 3164 1616 hi
3203 1562 3491 1616 duodecim
3541 1576 3712 1631 panes

2126 1666 2534 1724 proponantur:
2576 1673 2592 1705 ι
2630 1655 2774 1718 Dua‘,
2810 1655 3005 1722 inquit,
3037 1655 3360 1723 positiones,
3396 1653 3445 1705 in
3474 1667 3579 1706 una
3611 1667 3712 1720 po-

2125 1747 2322 1800 sitione
2352 1763 2445 1800 sex
2477 1762 2666 1815 panes.
2699 1765 2717 1797 ι
2757 1745 3016 1809 Putasne,
3051 1745 3224 1799 otiosa
3247 1755 3329 1798 est
3356 1742 3459 1797 ista
3484 1742 3715 1796 divisio?

2125 1841 2262 1908 Quid
2293 1851 2373 1895 est
2400 1841 2544 1911 quod
2571 1840 2923 1893 duodecimus
2953 1851 3217 1891 numerus
3250 1835 3446 1890 iterum
3476 1835 3714 1904 partitur

2128 1934 2178 1987 in
2211 1933 2344 1986 sex?
2375 1933 2543 1986 liabet
2575 1932 2719 1984 enim
2755 1928 3220 1998 propinquitatem
3257 1927 3549 1994 quamdam
3584 1941 3710 1979 cum

2125 2027 2230 2080 hoc
2263 2025 2465 2078 mundo
2497 2023 2746 2076 senarius
2790 2035 3069 2074 numerus.
3103 2019 3159 2072 In
3201 2033 3295 2072 sex
3330 2018 3472 2070 enim
3521 2017 3714 2071 diebus

2125 2118 2301 2172 factus
2348 2126 2431 2171 est
2462 2116 2566 2169 iste
2598 2114 2827 2168 visibilis
2857 2115 3116 2167 mundus.
3151 2113 3267 2166 Duo
3299 2112 3462 2180 igitur
3492 2111 3716 2165 ordines

2130 2213 2399 2265 habentur
2429 2209 2482 2262 in
2520 2208 2624 2262 hoc
2653 2206 2875 2271 mundo,
2909 2206 2960 2258 id
3015 2214 3098 2259 est
3137 2203 3246 2257 duo
3286 2202 3486 2272 pepuli,
3519 2203 3608 2271 qui
3647 2200 3714 2253 ti-

2127 2302 2247 2356 dem
2280 2300 2458 2355 Patris
2489 2315 2554 2354 ac
2580 2297 2701 2352 Filii
2736 2298 2787 2350 in
2829 2311 2934 2350 una
2966 2295 3204 2350 Ecclesia
3241 2305 3496 2363 tauquam
3527 2291 3580 2345 in
3609 2307 3715 2344 una

2127 2408 2310 2448 mensa
2370 2392 2567 2446 munda
2606 2390 2948 2445 custodiunt.
3002 2406 3020 2438 ‹
3046 2387 3114 2441 Ει
3169 2384 3558 2454 superponitur
3582 2421 3596 2442 .
3631 2384 3718 2436 in-

2086 2515 2088 2518 -
2128 2484 2242 2553 quit
2274 2483 2340 2547 ’3,
2380 2497 2543 2550 super
2583 2481 2913 2551 positionem
2957 2479 3087 2532 thus
3125 2478 3412 2532 mtu‘idum.
3449 2497 3467 2530 ›
3513 2477 3717 2534 Thuris

2129 2576 2338 2646 species
2372 2575 2602 2628 formam
2641 2581 2788 2627 tenet
2819 2571 3152 2626 orationum.
3191 2567 3417 2638 Oportet
3453 2585 3580 2639 ergo
3616 2585 3716 2638 pa-

2129 2668 2289 2721 nibus
2357 2666 2479 2719 fidei
2541 2666 2851 2719 orationum
2909 2662 3254 2732 vigilantiam
3310 2661 3719 2730 puritatetnque

2129 2757 2480 2826 conjungere.
2518 2756 2657 2808 Pura
2687 2767 2864 2808 autem
2891 2754 3071 2807 oratio
3103 2760 3184 2806 est
3205 2792 3220 2816 ,
3255 2753 3397 2807 sicut
3425 2751 3716 2821 Apostolus

2128 2851 2260 2905 dicit
2300 2849 2383 2900 ἐς
2430 2868 2446 2900 ι
2476 2848 2746 2902 Levantes
2789 2861 2951 2914 puras
2985 2859 3178 2898 manus
3209 2845 3327 2898 sine
3360 2844 3438 2898 ira
3468 2854 3522 2898 et
3548 2845 3721 2898 disce-

2129 2942 2391 3014 ptatione.
2434 2959 2451 2992 ›
2507 2939 2679 2992 Simul
2719 2949 2775 2992 et
2825 2937 3011 2992 odoris
3044 2937 3286 2990 suavitas
3339 2935 3548 3004 impleri
3603 2935 3716 3008 (12)

2128 3034 2262 3087 facit
2295 3033 2424 3087 illud
2457 3032 2600 3099 quod
2635 3029 2900 3098 scriptum
2934 3037 3017 3083 est
3044 3027 3119 3080 ²⁵ε
3173 3027 3497 3096 «Dirigatur
3540 3029 3719 3082 oratio

2130 3139 2250 3178 mea
2297 3124 2439 3178 sicut
2495 3123 2777 3175 incensum
2831 3120 2882 3172 in
2938 3127 3233 3187 conspectu
3293 3127 3451 3172 tuo.)
3499 3117 3553 3172 Si
3598 3119 3720 3188 quis

450 3217 662 3276 pareat.
715 3209 1010 3265 Duodecim
1064 3227 1194 3283 ergo
1245 3229 1414 3283 panes
1452 3230 1515 3268 ex
1563 3215 1665 3270 ista
1703 3217 1876 3270 simila
1911 3216 2023 3271 fieri
2052 3231 2103 3292 ο
2131 3232 2262 3287 ergo
2288 3215 2566 3270 orationes
2593 3212 2811 3282 quidem
2845 3210 3038 3264 offerat
3075 3211 3185 3265 Deo
3207 3249 3224 3275 ,
3257 3225 3361 3263 non
3409 3218 3586 3262 tarneu
3621 3211 3718 3263 ha-

455 3301 784 3354 mandantur
822 3304 1121 3356 secundum
1157 3319 1443 3359 numerum
1483 3305 1718 3360 tribuum
1745 3322 1866 3376 qua:
1900 3317 2028 3364 tunc

453 3409 610 3451 erant
663 3397 900 3452 carnalis
952 3399 1142 3455 Israel.
1181 3399 1238 3452 In
1275 3416 1382 3470 quo
1421 3402 1554 3455 mihi
1592 3403 1805 3457 videtur
1853 3403 2027 3458 forma

447 3489 614 3543 totius
633 3499 900 3544 creaturae
918 3491 1199 3548 rationalis
1229 3494 1517 3551 contineri.
1550 3494 1842 3550 Duodecim
1874 3512 2027 3550 nam-

448 3592 558 3644 que
586 3587 844 3647 putantur
863 3594 982 3634 esse
1009 3583 1292 3650 generales
1314 3583 1534 3637 ordines
1566 3585 1848 3640 rationalis
1873 3602 2028 3646 enea-

453 3676 608 3735 turze,
639 3684 868 3740 quorum
895 3672 1059 3742 figura
1079 3684 1194 3728 erat
1237 3676 1287 3727 in
1324 3675 1426 3730 illis
1452 3675 1734 3730 duodecim
1757 3662 2025 3735 tribubus.

452 3763 508 3816 In
539 3765 734 3831 quibus
766 3774 885 3820 erat
915 3753 1053 3820 unus
1085 3768 1303 3837 quidam
1334 3769 1468 3823 ordo
1504 3769 1719 3841 regalis,
1747 3772 1834 3840 qui
1858 3771 2028 3826 Judas

450 3851 612 3924 257
659 3851 987 3910 nominatur.
1027 3857 1179 3911 Alius
1215 3867 1334 3912 erat
1382 3858 1515 3913 ordo
1545 3861 1902 3915 sacerdotalis
1928 3903 1942 3928 ,
1975 3871 2031 3916 et

451 3943 580 3998 Levi
613 3947 932 4016 appellatur.
982 3949 1113 4002 Erat
1143 3960 1197 4003 et
1232 3950 1370 4004 alius
1412 3952 1548 4005 ordo
1579 3950 1730 4006 Ju'Jze
1775 3953 1985 4008 vicinus
2009 3993 2023 4017 ,

453 4036 546 4104 qui
605 4035 878 4104 Benjamin
912 4040 1111 4094 dicitur
1137 4081 1152 4106 ,
1206 4042 1256 4094 in
1293 4058 1400 4111 quo
1432 4043 1623 4097 ordine
1660 4053 1716 4098 et
1770 4045 2024 4114 templum

455 4126 571 4192 Dei,
604 4137 658 4183 et
688 4129 858 4186 altare
893 4132 1215 4188 collocatum
1248 4143 1348 4188 est.
1380 4135 1534 4190 Alius
1570 4136 1702 4190 ordo
1733 4137 1986 4192 lssachar
2010 4177 2026 4203 ,

454 4227 508 4274 et
535 4221 796 4286 Zabulon,
828 4233 879 4278 et
908 4225 1163 4295 Ephrem,
1199 4228 1400 4297 aliique
1426 4244 1565 4298 quos
1588 4230 1908 4284 nominatim
1939 4232 2030 4284 de-

453 4314 631 4383 signat
678 4316 956 4386 Scriptura
995 4319 1201 4384 divina,
1236 4337 1462 4389 quorum
1515 4323 1778 4378 rationem
1809 4339 1912 4377 non
1945 4334 2029 4378 est

455 4423 599 4462 nunc
637 4411 895 4479 temporis
926 4411 1221 4480 explicare.
1257 4412 1356 4468 Est
1391 4427 1568 4469 tamen
1600 4415 2028 4486 uniuscujusque

456 4499 646 4566 tribus,
677 4501 758 4555 vel
783 4503 990 4558 ordinis
1023 4505 1178 4574 panis
1205 4515 1330 4560 ante
1362 4506 1672 4562 Dominum.
1707 4507 1771 4563 Et
1800 4511 1930 4564 licet
1956 4511 2027 4564 sit

451 4591 632 4662 aliqua
665 4593 858 4661 tribus,
888 4611 1010 4664 quae
1041 4612 1148 4652 non
1180 4612 1245 4652 ex
1279 4597 1470 4664 libera,
1504 4600 1598 4654 sed
1630 4615 1696 4654 ex
1725 4603 2028 4656 concubina
2061 4573 2108 4629 Β

452 4686 617 4742 Israel
653 4688 946 4743 descendat
971 4694 1069 4754 ,“et
1103 4707 1169 4745 ex
1201 4701 1354 4762 parte
1387 4693 1555 4747 libera
1580 4735 1594 4759 ,
1631 4709 1697 4748 ex
1730 4703 1882 4762 parte
1912 4711 2031 4749 ser-

453 4779 576 4834 vilis
607 4779 715 4846 sit,
750 4789 930 4836 tamen
980 4799 1078 4852 pro
1125 4785 1378 4838 omnibus
1425 4798 1492 4838 ex
1546 4785 1758 4838 duabus
1807 4785 2031 4840 decimis

455 4872 612 4942 panis
657 4874 982 4944 proponitur
1025 4887 1150 4930 ante
1205 4877 1486 4930 Dominum
1514 4917 1528 4942 ,
1571 4885 1626 4930 et
1666 4877 1720 4929 in
1767 4871 2034 4932 universis

453 4963 574 5018 duae
610 4965 835 5019 decimae
888 4967 1216 5036 similaginis
1254 4977 1524 5022 constant.
1558 4967 1792 5036 Proponi
1845 4979 2024 5022 autem

446 5055 709 5124 jubentur
739 5073 904 5127 supra
941 5074 1181 5113 mensam
1224 5060 1504 5114 mundam.
1553 5058 1685 5124 Quis
1719 5069 1898 5113 autem
1933 5074 2032 5114 no-

454 5158 626 5202 strum
664 5157 765 5214 est,
797 5151 886 5220 qui
923 5151 993 5204 ita
1022 5152 1221 5206 habeat
1251 5166 1495 5206 mensam
1529 5151 1808 5215 mundam,
1845 5161 1902 5205 ut
1936 5167 2030 5222 pa-

454 5254 553 5293 nes
611 5255 770 5310 super
818 5257 936 5297 eam
985 5242 1214 5298 Domino
1267 5242 1610 5297 offerantur?
1663 5261 1680 5294 ‹
1725 5242 1780 5297 Si
1826 5245 2032 5300 sederis

452 5329 654 5400 (inquit
700 5329 954 5387 Salomon
993 5335 1078 5402 ιε⁵)
1113 5348 1333 5389 caenare
1372 5335 1440 5388 ad
1474 5350 1718 5389 mensam
1753 5337 1989 5403 potentis
2015 5377 2030 5402 ,

527 5471 568 5504 ⁸⁸
591 5468 747 5524 Joan.
778 5488 888 5536 xtv,
919 5475 974 5530 9.
1054 5474 1094 5505 ¹⁰
1125 5473 1283 5528 Prov.
1322 5489 1479 5536 χχιιι,
1522 5475 1573 5527 1.

451 5557 602 5606 xxrv,
628 5542 682 5594 7.
757 5542 804 5574 ”
835 5543 855 5596 l
885 5544 1025 5598 Titii.
1060 5559 1120 5607 ιι,
1157 5543 1206 5596 8.

517 5658 638 5785 ⁴310)
665 5662 816 5717 Lihh.
839 5665 1001 5744 editi,
1027 5681 1045 5714 ι
1079 5671 1129 5715 et
1157 5663 1314 5717 valde
1345 5663 1652 5731 artificiosi,
1683 5665 2024 5735 diligenter,»

586 5748 716 5785 11185.
745 5745 806 5785 ιιι
839 5750 890 5785 ιη
925 5745 1114 5785 llOSll‘O
1149 5744 1320 5785 textu.

455 5744 548 5786 seu
586 5748 716 5788 mss.
745 5745 806 5787 ut
839 5750 890 5787 In
925 5745 1114 5790 nostro
1149 5744 1320 5788 textu.

555 5800 641 5872 Η)
681 5802 834 5868 Mss.,
871 5821 888 5854 ι
917 5819 1090 5858 meus.
1127 5821 1145 5854 ι
1186 5803 1340 5857 Libh.
1379 5804 1552 5871 editi,
1609 5823 1627 5856 ι
1659 5819 1864 5862 mensa.
1895 5825 1912 5856 ι

467 5873 471 5878 ⁷
526 5872 641 5943 (12)
689 5872 840 5930 Libb.
891 5876 1067 5942 editi,
1123 5891 1141 5924 ι
1174 5874 1424 5929 similiter
1466 5885 1522 5930 et
1566 5875 1746 5931 odoris
1783 5875 2025 5930 suavitas

1652 5476 1696 5505 ιο
1741 5475 1933 5544 Philip.
1969 5491 2043 5542 ιν,
2076 5475 2163 5530 ts.

1287 5545 1331 5575 "
1359 5545 1500 5600 Psal.
1536 5558 1683 5612 cm,
1713 5545 1765 5598 2.
1839 5541 1895 5577 ἐ’
1918 5547 2095 5601 Levit.
2125 5559 2275 5608 xxtv,
2314 5544 2367 5608 7,
2401 5541 2458 5595 8.

2132 3311 2256 3365 beat
2300 3307 2556 3362 mundam
2589 3301 2980 3359 conscientiam
3023 3301 3090 3356 ab
3126 3301 3379 3371 operibus
3410 3300 3598 3354 malis:
3631 3301 3719 3354 hic

2132 3401 2256 3455 thus
2283 3399 2499 3469 quidem
2533 3397 2754 3451 videtur
2796 3395 3028 3463 panibus
3061 3407 3452 3463 superponere,
3484 3395 3576 3448 sed
3612 3409 3718 3446 non

2131 3494 2348 3566 penitus
2383 3491 2496 3562 (15)
2527 3488 2806 3543 mundum.
2848 3486 2982 3540 Nam
3012 3486 3058 3541 si
3098 3501 3260 3540 omne
3296 3487 3422 3540 thus
3455 3487 3718 3539 mundum

2131 3593 2312 3650 esset,
2343 3599 2448 3637 non
2479 3582 2668 3649 utique
2702 3579 3001 3633 addidisset
3037 3577 3344 3648 Scriptura,
3383 3578 3508 3632 thus
3557 3592 3722 3630 unm-

2130 3675 2256 3729 dum
2282 3689 2445 3742 super
2479 3686 2643 3741 panes
2689 3669 3080 3739 prepositionis
3109 3670 3420 3738 ponendum
3459 3679 3584 3722 ante
3619 3668 3722 3721 Do-

2133 3769 2361 3821 mintnn.
2392 3765 2501 3818 Nec
2529 3763 2674 3818 enim
2706 3772 2863 3832 putes
2894 3765 3035 3830 quod
3067 3762 3416 3828 omnipotens
3445 3762 3586 3816 Deus
3617 3761 3721 3814 hoc

2135 3859 2448 3920 mandabat,
2472 3865 2523 3909 et
2557 3855 2659 3909 hoc
2690 3854 2805 3923 lege
2833 3852 3140 3916 sanctebat,
3170 3864 3230 3906 ut
3261 3852 3384 3906 thus
3408 3852 3458 3906 ei
3492 3867 3557 3906 ex
3583 3851 3723 3904 Ara-

2131 3954 2218 4008 bia
2251 3949 2579 4006 deferretur.
2613 3947 2719 4003 Sed
2764 3948 2867 4000 hoc
2898 3956 2982 4001 est
3013 3946 3140 4000 thus
3171 3949 3312 4014 quod
3351 3945 3489 4000 Deus
3519 3944 3586 3998 ab
3617 3945 3720 3998 ho-

2133 4045 2367 4100 minibus
2419 4043 2520 4097 sibi
2556 4041 2752 4110 quaerit
2785 4038 3008 4103 offerri,
3046 4053 3110 4092 ex
3146 4053 3254 4105 quo
3292 4037 3438 4106 capit
3492 4036 3718 4090 odorem

2131 4136 2419 4191 suavitatis
2446 4175 2461 4199 ,
2501 4133 2781 4187 orationes
2817 4145 2884 4184 ex
2922 4131 3084 4184 corde
3117 4144 3256 4199 puro
3285 4139 3342 4183 et
3381 4129 3717 4184 conscientia

2131 4230 2269 4284 bona
2298 4267 2313 4292 ,
2349 4227 2403 4279 in
2473 4227 2670 4294 quibus
2711 4239 2836 4277 vere
2890 4224 3030 4277 Deus
3085 4223 3313 4292 suscipit
3352 4219 3714 4291 fragrantiam

2132 4320 2439 4375 suavitatis.
2483 4335 2502 4367 ι
2531 4317 2598 4371 Ει
2629 4325 2812 4377 erunt,
2847 4315 3024 4383 inquit
3061 4314 3128 4381 ",
3175 4327 3346 4384 panes
3381 4314 3434 4367 in
3475 4327 3716 4368 comme-

2132 4414 2486 4470 morationem
2515 4409 2776 4480 propositi
2808 4418 2932 4462 ante
2962 4407 3268 4461 Domiumn.
3303 4406 3359 4461 In
3386 4407 3472 4461 die
3505 4406 3722 4459 Subba-

2132 4511 2314 4557 tormn
2350 4498 2664 4571 proponetis
2695 4513 2779 4552 ea.
2813 4518 2831 4550 ι
2873 4497 2929 4553 Si
2962 4497 3200 4552 nondum
3235 4496 3333 4551 tibi
3364 4497 3717 4550 manifestum

2133 4606 2215 4650 est
2239 4595 2352 4666 (l4)
2381 4594 2507 4662 quia
2543 4605 2715 4661 panes
2749 4591 2840 4646 isti
2865 4591 3089 4645 verbum
3117 4589 3208 4643 Dei
3236 4596 3344 4649 est,
3377 4603 3442 4642 ex
3471 4587 3554 4642 his
3578 4602 3722 4642 nunc

2135 4687 2480 4744 sermonibus
2515 4688 2858 4740 confirmare.
2901 4682 3042 4749 Quid
3076 4691 3160 4736 est
3199 4682 3344 4737 enim
3392 4681 3534 4750 quod
3566 4677 3722 4732 nobis

2135 4779 2714 4836 conuuemorationem
2759 4776 2853 4830 Dei
2894 4774 3108 4829 faciat?
3146 4774 3286 4841 Quid
3325 4782 3409 4828 est
3445 4775 3588 4841 quod
3624 4786 3722 4825 uos

2139 4874 2204 4927 ad
2240 4872 2556 4926 memoriam
2587 4869 2814 4939 justitiae
2839 4907 2854 4931 ,
2883 4876 2938 4922 et
2970 4867 3134 4920 totius
3169 4865 3296 4920 boni
3334 4873 3586 4928 revocet,
3614 4861 3722 4916 nisi

2136 4965 2358 5019 verbum
2395 4963 2538 5016 Dei?
2576 4962 2700 5015 Ideo
2752 4973 2880 5029 ergo
2914 4959 3044 5012 dicit
3073 4997 3088 5021 ,
3118 4958 3245 5026 quia
3281 4965 3441 5011 erunt
3471 4956 3524 5009 in
3568 4970 3721 5009 com-

2138 5054 2586 5111 memorationem
2624 5051 2884 5120 propositi
2927 5059 3054 5103 ante
3106 5048 3414 5103 Dominum.
3464 5045 3628 5101 Addit
3663 5052 3721 5100 et

2139 5149 2192 5202 in
2227 5149 2310 5203 die
2337 5147 2723 5206 Sabhatorum,
2756 5143 2808 5196 id
2856 5149 2940 5196 est
2984 5142 3039 5197 in
3073 5141 3262 5211 requie
3291 5140 3616 5195 animarum.
3655 5137 3722 5190 Et

2139 5257 2260 5312 quae
2285 5239 2457 5307 major
2487 5236 2628 5291 fideli
2659 5235 2855 5288 animae
2879 5235 3094 5304 requies
3117 5249 3279 5303 quam
3309 5232 3568 5287 memoria
3602 5229 3724 5283 Dei?

2143 5350 2304 5406 quam
2341 5333 2393 5387 in
2423 5335 2716 5401 conspectu
2749 5328 2842 5383 Dei
2864 5327 3109 5384 versari?
3133 5341 3297 5397 quam
3322 5325 3376 5380 in
3407 5323 3512 5378 fide
3542 5320 3722 5374 Patris

2265 5472 2312 5504 ²¹
2345 5470 2386 5524 ll
2423 5469 2549 5524 Cor.
2581 5483 2684 5534 ιιι,
2723 5466 2808 5522 10.
2885 5468 2930 5498 ⁸³
2947 5465 3107 5522 Prov.
3141 5479 3297 5529 χχιιι,
3335 5460 3389 5515 2.
3466 5458 3512 5491 ³⁸
3541 5455 3720 5513 Levit.

2140 5661 2401 5732 implere,
2427 5659 2750 5732 rsed_mss.
2787 5666 2847 5711 ut
2881 5657 2934 5710 in
2969 5665 3156 5732 nostro
3192 5661 3362 5732 textu;

2209 5717 2320 5802 (15)
2367 5717 2546 5785 Codex
2584 5728 2897 5796 Sangerm.,
2951 5721 3231 5794 «penitus.
3264 5740 3284 5775 ι
3343 5719 3496 5774 Libb.
3550 5717 3716 5784 editi,

2142 5822 2159 5854 ι
2178 5805 2328 5871 ponit
2361 5803 2507 5871 thus.
2536 5817 2554 5849 ι

2210 5872 2322 5944 (14)
2355 5870 2508 5924 Libb.
2557 5867 2722 5934 editi,
2761 5884 2780 5917 ‹
2811 5875 2929 5921 erat
2982 5880 3006 5911 ι
