4124 6394
480 435 581 491 551
1968 427 2108 482 ΟΜ(

2122 426 2293 482 ἰΕΝΙΒ
3647 431 3750 491 559.

479 562 545 601 ac
582 545 703 599 Filii
756 545 1125 613 permanere?
1167 558 1329 614 quam
1364 543 1642 599 orationes
1686 542 1917 598 Domino
1946 550 2066 596 tan-
2096 546 2139 601 Α
2169 541 2483 612 parabolis,
2517 542 2606 610 qui
2652 542 2958 598 communis
3004 551 3090 598 est
3133 542 3302 614 vulgi.
3356 560 3374 594 ι
3427 541 3749 612 Legitinmm

480 653 640 705 quam
692 637 915 690 odorem
950 636 1240 691 suavitatis
1276 636 1511 691 offerret
1549 653 1569 687 ι
1610 634 2060 699 Testamentum,
2164 628 2546 683 zeternaleboc
2583 630 2690 683 erit
2716 629 2781 684 ³³.
2814 648 2835 682 ι
2884 628 3208 700 Legitimum
3250 646 3486 701 namque
3514 640 3568 685 et
3593 639 3753 685 aster-

479 729 659 797 inqnit
688 729 756 795 '7,
781 740 1047 783 aeternum
1075 730 1181 782 erit
1205 730 1384 782 Aaron
1413 736 1465 781 et
1495 727 1622 781 liliis
1652 727 1789 793 ejus,
1826 734 1879 780 et
1910 740 2063 779 man-
2167 736 2292 773 num
2324 730 2407 773 est
2444 734 2605 773 omne
2640 721 2785 788 quod
2820 722 3114 791 mysticum
3152 731 3257 777 est.
3292 722 3426 776 Nam
3458 728 3751 792 praesentia

480 817 760 871 ducabunt
784 832 847 871 ea
878 819 930 871 in
960 818 1079 872 loco
1107 827 1318 872 sancto.
1347 836 1367 869 ι
1410 818 1589 871 Aaron
1619 826 1674 872 et
1700 817 1793 871 lilii
1822 816 1938 886 ejus
1972 832 2064 886 ge-
2166 812 2283 867 baec
2330 823 2383 866 et
2415 812 2615 881 passim
2646 812 2912 877 visibilis,
2945 814 3264 883 temporalia
3299 824 3462 877 sunt,
3494 824 3550 867 et
3585 813 3751 869 ﬁnem

482 924 583 963 nus
616 919 699 965 est
750 910 981 966 electum
1012 953 1027 977 ,
1072 926 1241 981 genus
1283 912 1622 966 sacerdotale
1648 952 1663 975 ,
1697 912 1896 981 quibus
1949 912 2073 969 haec
2164 908 2276 961 cito
2332 906 2642 974 accipiunt:
2682 924 2699 957 ι
2725 904 2972 961 Prmterit
2998 906 3140 960 enim
3168 906 3385 964 habitus
3410 905 3572 972 hujus
3596 920 3749 966 mun-

481 1002 663 1069 portio
718 1014 1029 1056 Sanctorum
1087 1006 1319 1056 donatur
1372 1018 1398 1055 a
1463 1002 1575 1057 Deo
1602 1042 1617 1067 ,
1668 1005 1811 1072 quod
1876 1016 2061 1058 sumus
2166 998 2217 1051 di
2256 997 2321 1049 “-
2346 1016 2364 1048 ι
2401 996 2554 1063 QttOd
2586 996 2629 1049 Si
2662 997 2821 1064 huius
2847 997 3033 1052 mundi
3063 996 3325 1065 prmleril.
3351 994 3472 1053 sine
3500 994 3666 1049 dubio
3696 1003 3752 1055 ει

482 1105 674 1145 uiiines
715 1092 805 1160 qui
840 1093 1114 1147 credimus
1147 1093 1198 1145 in
1228 1093 1469 1146 Christo.
1494 1092 1697 1147 Locum
1731 1101 1909 1147 autem
1938 1107 2064 1146 san-
2165 1090 2357 1143 littera:
2387 1088 2603 1141 habitus
2638 1089 2901 1157 praeterit,
2924 1098 2980 1143 et
3017 1095 3239 1141 manent
3273 1086 3362 1139 illa
3403 1100 3523 1153 quae
3545 1096 3753 1144 acterna

480 1192 626 1236 ctum
660 1198 760 1253 ego
799 1186 850 1237 in
905 1184 1071 1239 terris
1114 1198 1217 1237 non
1271 1185 1491 1253 requiro
1543 1184 1817 1253 positum,
1865 1184 1958 1238 sed
2007 1184 2060 1237 in
2165 1190 2315 1247 sunt,
2341 1194 2459 1248 quae
2482 1194 2677 1233 sensus
2702 1180 2953 1236 continet
2970 1178 3253 1248 spiritalis.
3285 1174 3341 1230 Si
3372 1191 3500 1246 ergo
3535 1177 3753 1231 intelle-

480 1275 663 1327 corde.
703 1274 874 1328 Locus
908 1277 1051 1330 enim
1089 1276 1293 1330 dicitur
1323 1285 1548 1330 sanctus
1570 1316 1585 1340 ,
1618 1275 1905 1329 rationalis
1945 1274 2063 1329 aui-
2165 1272 2347 1326 xinms
2376 1272 2553 1339 primo
2586 1274 2862 1341 quomodo
2894 1272 3037 1325 Deus
3065 1270 3390 1340 loquebatur
3411 1270 3477 1322 ad
3504 1268 3751 1340 Moysen,

481 1383 587 1432 ma,
624 1378 842 1437 propter
871 1368 1013 1435 quod
1044 1379 1095 1421 ct
1122 1368 1413 1437 Apostolus
1440 1367 1574 1421 dicit
1602 1366 1689 1421 ἐς
1728 1382 1748 1418 ι
1772 1367 1952 1421 Nolite
1985 1368 2063 1420 lo-
2165 1372 2217 1418 et
2249 1361 2459 1435 Moyses
2491 1364 2617 1418 ﬁliis
2646 1363 2833 1432 Israel,
2865 1364 3106 1419 secundo
3133 1362 3296 1417 etiam
3331 1363 3596 1418 rationem
3628 1377 3756 1423 eam

482 1476 603 1513 cum
628 1460 757 1512 dare
778 1459 1013 1512 diabolo.
1033 1457 1257 1511 iAnima
1272 1471 1527 1527 ergomea
1552 1458 1703 1515 locus
1725 1470 1827 1524 est,
1849 1459 1891 1513 si
1924 1460 2062 1515 male
2166 1458 2373 1511 delabri
2414 1457 2621 1520 mundi,
2647 1468 2704 1513 et
2733 1459 3109 1522 lucernarum,
3147 1466 3309 1526 azque
3337 1456 3441 1510 olei
3473 1457 3611 1524 ejus,
3647 1465 3755 1509 ter-

479 1568 601 1622 ago,
631 1550 829 1605 diaboli
869 1568 881 1603 ε
914 1551 955 1604 si
988 1551 1144 1615 bene,
1178 1552 1295 1605 Dei.
1328 1550 1570 1621 Denique
1597 1562 1651 1607 et
1683 1553 1908 1623 spiritus
1942 1570 2058 1606 ma-
2168 1553 2241 1604 tio
2267 1565 2484 1619 quoque
2522 1565 2692 1619 panes
2748 1549 3135 1621 propositionis
3184 1560 3247 1601 ex
3282 1549 3493 1603 duabus
3525 1547 3754 1603 decimis

477 1642 656 1711 lignus
699 1660 717 1692 ι
743 1657 863 1694 cum
891 1680 906 1706 ,
941 1642 1114 1710 inquit
1142 1642 1210 1705 ",
1246 1642 1443 1697 exierit
1485 1643 1551 1698 ab
1586 1644 1802 1698 homine
1828 1684 1843 1707 ,
1872 1654 1925 1699 et
1954 1644 2060 1697 cir-
2165 1642 2411 1712 singulos
2452 1641 2729 1696 confectos
2765 1641 3069 1697 secundum
3118 1637 3228 1710 (IS)
3263 1639 3599 1694 voluntatem
3644 1639 3755 1707 Spi~

478 1735 678 1787 cuierit
708 1733 821 1786 loca
860 1733 1008 1786 arida
1033 1774 1046 1795 ,
1080 1743 1133 1786 et
1167 1734 1408 1801 requiem
1442 1749 1548 1787 non
1590 1734 1900 1796 invenerit,
1934 1744 2062 1787 tunc
2167 1734 2305 1788 ritus
2346 1733 2732 1797 intelleximus,
2771 1733 2964 1787 demus
3002 1745 3222 1800 operam
3252 1729 3526 1799 quomodo
3555 1739 3609 1785 et
3654 1743 3754 1782 nos

475 1822 633 1876 dicit:
666 1822 929 1875 Revertar
957 1821 1021 1874 ad
1057 1822 1231 1876 locum
1264 1836 1441 1874 meum
1473 1825 1614 1877 unde
1644 1824 1807 1877 exivi.
1836 1843 1857 1872 ι
1889 1822 2061 1876 Lucus
2166 1825 2269 1879 hoc
2306 1835 2455 1879 tanto
2484 1836 2537 1879 et
2576 1835 2684 1877 tam
2719 1823 2943 1877 sublimi
2988 1822 3269 1876 intellectu
3316 1835 3420 1874 non
3457 1818 3755 1873 eiﬁciamur

472 1927 602 1982 ergo
635 1924 858 1968 sanctus
892 1914 1068 1967 anima
1095 1924 1178 1967 est
1204 1930 1362 1983 pura.
1396 1913 1451 1967 In
1487 1928 1597 1984 quo
1623 1914 1741 1970 loco
1771 1914 1936 1969 edere
1963 1930 2061 1968 no-
2095 1901 2137 1959 Β
2168 1914 2370 1983 indigni
2400 1932 2414 1967 :
2445 1913 2539 1968 sed
2586 1924 2646 1967 ut
2686 1913 2867 1967 anima
2902 1923 3085 1968 nostra
3128 1912 3278 1979 prius
3308 1910 3401 1963 liat
3440 1910 3592 1965 locus
3630 1925 3755 1963 san.

475 2004 558 2059 bis
589 2006 875 2058 mandatur
906 2006 1085 2059 cibum
1123 2006 1273 2060 verbi
1310 2005 1425 2060 Dei.
1462 2005 1649 2075 Neque
1686 2006 1833 2060 enim
1866 2020 2063 2060 conve-
2171 2015 2294 2061 ctus
2319 2045 2334 2069 ,
2371 2015 2425 2059 et
2458 2007 2512 2059 in
2557 2005 2677 2059 loco
2716 2015 2904 2060 sancto
2940 2007 3224 2075 capiamus
3271 2014 3458 2061 sancta
3492 2002 3750 2073 mysteria

476 2094 559 2147 nit
606 2103 666 2148 ut
710 2104 898 2149 sancta
938 2097 1105 2150 verba
1144 2096 1327 2149 anima
1376 2110 1485 2150 non
1516 2106 1706 2151 sancta
1756 2096 2060 2165 suscipiat;
2166 2110 2264 2167 per
2304 2096 2536 2165 gratiam
2594 2097 2837 2165 Spiritus
2867 2099 3081 2161 sancti,
3126 2114 3191 2154 ex
3225 2113 3332 2166 quo
3376 2094 3753 2150 sanctificatnr

476 2186 570 2239 sed
598 2202 718 2239 cum
747 2186 1119 2256 puriﬁcaverit
1148 2201 1207 2241 se
1232 2193 1298 2240 ab
1321 2187 1469 2241 omni
1504 2186 1919 2256 inquinamento
1948 2198 2065 2241 car-
2165 2201 2330 2243 omne
2356 2187 2502 2258 quod
2535 2197 2785 2243 sanctum
2816 2198 2920 2243 est.
2953 2188 3060 2259 Ipsi
3091 2190 3265 2261 gloria
3295 2199 3348 2243 et
3379 2186 3669 2258 imperium
3698 2184 3751 2243 in

477 2279 564 2331 nis
595 2286 651 2331 et
702 2292 914 2331 morum
948 2318 962 2343 ,
1016 2289 1147 2332 tunc
1197 2278 1349 2334 locus
1397 2288 1621 2333 sanctus
1652 2276 1844 2332 eﬂecta
1879 2279 2061 2333 cibum
2166 2280 2362 2335 saecula
2401 2280 2744 2336 saculorum.
2770 2281 2964 2335 Amen.

479 2368 660 2436 capiat
686 2370 840 2437 panis
866 2370 1006 2423 illius
1029 2370 1141 2439 (I5)
1162 2372 1254 2440 qui
1279 2374 1345 2425 de
1365 2372 1507 2426 caelo
1535 2371 1839 2426 descendit.
1870 2368 2062 2424 Nonne
2720 2395 3002 2453 "omLm
3046 2394 3186 2452 xw,

478 2459 671 2512 melius
705 2460 783 2514 sic
817 2460 1141 2531 intelligitur
1186 2463 1336 2517 locus
1370 2473 1609 2529 sanctus,
1641 2478 1803 2531 quam
1832 2463 1874 2517 si
1910 2472 2065 2531 pute—
2166 2509 2244 2566 De
2280 2512 2391 2581 [mo
2426 2512 2658 2565 muuem
2689 2510 3012 2564 “malum;
3060 2520 3111 2561 Η
3145 2508 3217 2563 [Ε
3356 2511 3386 2522 ..
3535 2510 3563 2535 _.
3734 2506 3754 2559 ί

478 2565 597 2581 ηις-ο
633 2561 969 2581 ειη-ιηιη-ηιη
1011 2553 1246 2581 Its-AA...“
1278 2554 1674 2581 :...n..-:I.:I'.....«.
1722 2555 1898 2581 Ian-nm
1934 2569 2027 2581 οη..
2918 2580 2921 2581 ν
3020 2548 3038 2573 9
3065 2550 3085 2581 γ’
3223 2520 3385 2579 gypl"
3425 2518 3591 2577 pan“
3615 2551 3629 2570 ’
3662 2524 3752 2581 (1"-

477 2565 599 2605 mus
633 2561 970 2605 structuram
997 2526 1246 2621 lapidum
1278 2526 1675 2608 insensibiliutn
1722 2526 2062 2609 locum-san-
2166 2526 2244 2566 ue
2280 2526 2391 2592 Im?
2426 2526 2658 2565 munem
2689 2526 3038 2591 “memm'f’
3060 2526 3111 2589 ξι
3145 2526 3385 2579 mgypm
3425 2526 3591 2589 palm
3615 2551 3629 2570 ’
3662 2526 3753 2587 qm-

798 2646 806 2648 Α
924 2646 970 2648 γ,
1021 2645 1062 2648 __
1254 2646 1264 2648 _
1335 2647 1342 2648 ί
1549 2645 1560 2648 _
1695 2646 1704 2648 _
1934 2647 1938 2648 ν
1979 2646 1987 2648 Α
2240 2598 2519 2635 nommans
2552 2599 2738 2636 nomen
2769 2620 2783 2646 ,
2816 2580 3128 2648 maledixit,
3176 2588 3224 2633 et
3256 2586 3319 2633 de
3360 2588 3617 2633 sententia
3658 2577 3753 2629 Det

474 2654 625 2700 ctum
665 2646 976 2699 nominari?
1020 2645 1174 2701 Unde
1223 2646 1388 2700 simili
1441 2645 1601 2698 modo
1635 2646 1798 2700 etiam
1849 2647 1943 2701 tibi
1978 2646 2062 2700 lex
2241 2652 2352 2705 lata
2384 2654 2436 2704 in
2463 2668 2605 2705 eum.

479 2736 579 2788 ista
613 2736 952 2804 proponitur,
993 2744 1051 2788 ut
1081 2750 1207 2789 cum
1240 2738 1520 2803 acceperis
1549 2748 1742 2803 panem
1775 2736 2063 2806 mysticum
2240 2743 2293 2796 1.
2329 2741 2569 2795 Historia
2602 2741 2754 2794 nobis
2786 2740 3011 2795 recitata
3045 2749 3151 2803 est,
3192 2738 3348 2807 cujus
3385 2735 3637 2804 quamvis
3670 2735 3753 2791 vi.

479 2826 534 2879 i"
566 2826 685 2881 loco
736 2828 938 2882 "mildo
974 2828 1265 2881 ηιδηάυεθε
1296 2841 1454 2879 cum:
1489 2826 1591 2879 hoc
1626 2837 1731 2890 BS"
1762 2842 1829 2881 De
1859 2826 1910 2879 Ῐη
1944 2827 2064 2880 ηιιὶο
2167 2834 2360 2887 deatur
2390 2841 2574 2901 aperta
2607 2830 2873 2892 narratio,
2911 2839 3091 2883 tamen
3135 2829 3238 2883 nisi
3274 2827 3596 2894 diligentius
3623 2839 3754 2878 con»

476 2932 566 2971 ma
598 2918 968 2971 contaminata
1019 2927 1074 2971 et
1118 2916 1356 2986 peccatis
1388 2916 1592 2985 polluta
1626 2915 1895 2972 Dominici
1942 2932 2066 2972 cor-
2174 2924 2457 2978 tinentiam
2513 2923 2631 2991 ejus
2662 2937 2783 2990 quae
2820 2930 2904 2975 est
2942 2921 3241 2975 secundum
3285 2920 3519 2972 litteram
3564 2928 3757 2971 conse-

476 3008 627 3079 pOI'iS
676 3018 1019 3063 sacramenia
1082 3008 1400 3077 pefCipiaS:
1478 3026 1496 3057 σ
1552 3008 1876 3077 Quicunque
1920 3010 2063 3063 enim
2169 3032 2422 3087 quamur,
2470 3016 2701 3070 interior
2733 3015 2889 3072 nobis
2932 3028 3130 3068 sensus
3165 3014 3308 3069 haud
3343 3010 3500 3065 facile
3528 3009 3753 3078 patebit.

477 3102 917 3163 manducaverit,
961 3101 1134 3170 inquit
1164 3100 1229 3164 ³⁸,
1266 3115 1481 3170 panem,
1515 3110 1568 3154 et
1596 3100 1795 3154 biberit
1839 3100 2065 3154 calicem
2170 3110 2262 3163 Est,
2301 3123 2429 3179 ergo
2465 3108 2763 3177 scriptum
2804 3121 2987 3161 sermo
3017 3107 3083 3159 de
3114 3121 3225 3175 quo
3255 3103 3628 3157 disserendum
3676 3108 3758 3152 est

477 3193 688 3247 Domini
726 3192 967 3262 indigne.
1000 3205 1126 3245 reus
1151 3192 1257 3246 erit
1289 3191 1538 3259 corporis
1572 3200 1628 3245 et
1655 3191 1938 3260 sanguinis
1971 3191 2067 3244 Do-
2093 3242 2132 3267 η
2169 3204 2298 3258 hic:
2342 3222 2359 3251 ι
2392 3201 2457 3254 Ει
2484 3202 2643 3267 exiit,
2671 3200 2847 3267 inquit
2871 3198 2937 3261 η,
2964 3197 3108 3250 illius
3135 3196 3382 3249 mulieris
3409 3193 3758 3261 Israelitidis,

478 3286 633 3340 mini.
668 3284 869 3337 Probet
896 3292 1077 3336 autem
1112 3297 1171 3337 se
1200 3284 1595 3353 natasquisque.
1631 3292 1686 3336 et
1721 3292 1850 3337 tunc
1873 3284 1938 3337 de
1965 3298 2064 3353 pa—
2092 3242 2133 3303 C
2171 3305 2225 3349 et
2256 3294 2346 3347 hic
2381 3301 2501 3345 erat
2533 3242 2675 3345 unus
2705 3242 2946 3359 ἐμγριίί
2980 3288 3125 3341 inter
3156 3286 3298 3340 ﬁlios
3325 3285 3530 3339 Israel:
3558 3294 3611 3338 et
3644 3284 3760 3337 tiu.

475 3394 546 3434 tle
578 3380 886 3440 manducet,
917 3388 971 3430 ει
1003 3377 1070 3429 de
1099 3375 1272 3429 calice
1305 3375 1471 3430 bibat.
1503 3393 1523 3428 ³
2171 3393 2437 3455 gaverunt
2469 3384 2521 3435 in
2549 3380 2772 3443 castris,
2797 3378 2845 3432 is
2871 3378 2965 3447 qui
2984 3384 3102 3431 erat
3120 3392 3188 3431 ex
3210 3375 3515 3431 Israelitide
3547 3375 3681 3445 (l9),
3710 3382 3763 3431 et

545 3469 597 3521 6.
644 3487 662 3519 ι
691 3467 889 3521 Sancta
924 3467 1071 3521 enim
1100 3475 1414 3521 sanctorum
1438 3474 1568 3519 sunt
1596 3465 1662 3517 ἰ.
1684 3483 1707 3516 ο
1739 3462 1902 3518 Vides
1929 3479 2063 3533 quo—
2171 3476 2173 3529 ζ

2171 3476 2337 3530 homo
2362 3474 2637 3529 Israelita.
2676 3470 2744 3525 Et
2769 3472 3060 3525 nominans
3091 3472 3237 3524 tilius
3269 3468 3515 3522 mulieris
3545 3466 3759 3519 Israeli-

476 3561 638 3614 modo
682 3574 789 3613 non
840 3559 977 3613 dixit
1026 3567 1213 3612 sancta
1255 3556 1667 3623 tantummodo,
1718 3555 1815 3609 sed
1860 3556 2062 3610 Sancta

2173 3566 2300 3620 tidis
2328 3578 2523 3619 nomen
2559 3561 2875 3616 maledixit:
2908 3571 2960 3615 et
2991 3563 3335 3615 adduxerunt
3361 3574 3484 3614 eum
3518 3559 3584 3611 ad
3622 3557 3764 3626 Μογρ

475 3660 784 3705 sanctorum
813 3667 826 3703 2
870 3662 928 3702 ιιι
974 3650 1022 3703 si
1075 3649 1317 3710 diceret,
1352 3648 1505 3701 cibus
1560 3648 1663 3701 iste
1697 3655 1923 3701 sanctus
1953 3662 2063 3700 non
2173 3672 2268 3711 se“
2297 3675 2310 3711 ;
2350 3632 2409 3711 ξι
2440 3670 2639 3709 nomen
2670 3653 2861 3709 mauis
2884 3654 3003 3724 eius
3034 3654 3303 3709 Salomjlh
3330 3652 3440 3707 ﬂiia
3478 3650 3663 3711 Dabri,
3694 3663 3761 3707 ex

478 3755 562 3797 est
594 3744 900 3797 communis
931 3742 1175 3796 ontnium
1208 3755 1309 3794 nec
1339 3739 1710 3809 cujuscunque
1737 3741 1903 3811 258
1925 3741 2065 3796 iudi-
2179 3751 2320 3803 tribu
2358 3748 2470 3801 Dan
2501 3769 2513 3802 ;
2549 3758 2606 3802 et
2636 3746 2901 3800 miserunt
2945 3762 3067 3799 eum
3100 3747 3151 3799 in
3178 3758 3479 3807 carcerem,
3513 3752 3575 3795 ut
3612 3740 3760 3810 judi-

475 3836 564 3904 gni
596 3875 608 3897 .
660 3835 755 3887 sed
798 3843 1111 3887 sanclorum
1154 3842 1258 3885 εει·
1292 3832 1509 3896 Quali“)
1556 3833 1735 3900 ηιθιιὶε
1764 3833 1869 3887 hoc
1912 3840 1966 3887 οι
1998 3832 2066 3885 de
2173 3849 2367 3893 carent
2394 3839 2461 3893 de
2485 3839 2574 3892 illo
2601 3851 2697 3907 per
2724 3845 3055 3905 praeceptum
3083 3835 3319 3891 Domini.
3356 3832 3421 3888 Et
3444 3834 3657 3887 locutus
3680 3840 3764 3885 est

475 3928 649 3981 verbo
679 3927 774 3981 Dei
804 3940 951 3981 I'CCle
985 3926 1293 3993 meritoque
1332 3923 1597 3991 dicemus.
1629 3925 1720 3979 hic
1746 3939 1927 3979 ειτηιο
1959 3939 2064 3979 ῐωῐι
2177 3933 2437 3987 Dominus
2470 3932 2538 3984 ad
2568 3930 2786 4002 Moysen
2823 3932 3014 3985 dicens
3040 3947 3052 3982 :
3087 3929 3234 3997 Ejice
3266 3928 3421 3982 illum
3449 3927 3544 3995 qui
3591 3928 3761 3978 male—

474 4029 557 4074 est
590 4021 834 4074 omnium
867 4057 882 4082 ,
914 4034 1015 4072 nec
1046 4018 1421 4086 cujuscunque
1446 4056 1461 4082 ,
1489 4016 1582 4069 sed
1613 4028 1925 4070 sanctorum
1958 4027 2062 4072 est.
2183 4028 2322 4082 dixit,
2352 4036 2509 4080 extra
2544 4037 2722 4080 castra
2747 4065 2760 4086 ,
2808 4033 2861 4078 el,
2918 4025 3192 4092 imponent
3247 4034 3437 4076 omnes
3471 4018 3565 4087 qui
3609 4018 3764 4071 auJi-

475 4111 597 4168 Non
630 4113 860 4181 quilibet
890 4111 1039 4164 verbi
1080 4111 1243 4179 hujus
1279 4118 1461 4179 potest
1496 4108 1687 4162 audire
1722 4111 2063 4178 mysterium,
2175 4125 2337 4171 enim
2353 4126 2546 4169 manus
2568 4129 2869 4183 suassuper
2886 4123 3055 4181 caput
3076 4112 3214 4181 ejus,
3239 4108 3624 4179 etiapidabunt
3647 4107 3761 4177 (9.0)

478 4220 604 4261 nam
635 4203 1009 4257 tantummodo
1034 4201 1151 4274 (I6)
1174 4201 1265 4270 qui
1290 4200 1561 4271 puriﬁcati
1589 4210 1715 4255 sunt
1742 4210 1945 4267 mente,
1975 4202 2066 4271 qui
2175 4222 2297 4261 eum
2343 4206 2521 4260 omnis
2547 4221 2842 4277 synagoga.
2873 4225 2893 4259 ι
2933 4204 3233 4259 Videamus
3278 4217 3411 4272 ergo
3434 4203 3607 4271 primo
3634 4198 3763 4268 quid

478 4292 664 4348 mundi
709 4301 835 4346 sunt
878 4291 1077 4356 corde,
1111 4292 1205 4360 qui
1253 4291 1537 4360 simplices
1567 4292 1748 4345 animo
1777 4330 1792 4356 ,
1837 4293 1927 4359 qui
1958 4292 2065 4347 vita

2176 4301 2285 4356 sibi
2310 4301 2442 4355 velit
2478 4300 2715 4354 historia
2753 4315 2917 4369 quam
2951 4298 3335 4368 proposuimus
3360 4336 3375 4363 ,
3404 4308 3458 4348 et
3506 4292 3758 4363 quamvis

480 4385 991 4455 Irrepreltcnsibiles
1014 4424 1029 4450 ,
1074 4386 1166 4453 qui
1213 4384 1558 4438 conscientia
1596 4384 1797 4446 liberi,
1826 4387 2064 4454 ipsorum

2176 4392 2335 4461 plana
2372 4391 2627 4447 videatur
2650 4426 2667 4455 ,
2704 4402 2884 4445 tamen
2916 4388 3095 4443 adhuc
3140 4385 3442 4441 evidentius
3470 4398 3592 4437 eam
3639 4393 3762 4435 teu-

482 4486 565 4530 est
600 4477 666 4530 de
698 4478 801 4531 hoc
827 4476 1019 4530 audire
1053 4490 1363 4530 sermonem
1393 4512 1407 4539 ,
1460 4475 1594 4543 ipsis
1623 4487 1851 4544 possunt
1885 4477 2068 4545 expia-
2179 4488 2355 4533 tenus
2394 4481 2496 4535 sub
2527 4480 2703 4535 oculis
2748 4492 2973 4550 ponere.
3018 4477 3299 4532 Ponamus
3337 4489 3468 4544 ergo
3499 4487 3664 4527 unum
3697 4486 3759 4527 ex

484 4572 599 4624 nari
627 4572 733 4625 ista
756 4570 1036 4641 mysteria.
1066 4588 1084 4620 ι
1108 4569 1273 4625 Vobis
1294 4571 1438 4624 enim
1464 4571 1648 4624 datum
1674 4577 1777 4633 est,
1802 4569 1979 4638 inquit
1999 4570 2067 4633 ³³,
2102 4608 2149 4664 D
2179 4584 2331 4643 patre
2362 4584 2416 4626 et
2448 4584 2622 4626 matre
2655 4571 2947 4626 lsraelitici
2974 4570 3215 4623 nominis
3244 4568 3610 4638 generositate
3635 4578 3767 4633 gau-

483 4679 644 4718 nosse
675 4664 934 4734 mysteria
964 4663 1075 4733 (l7)
1102 4662 1253 4731 regni
1285 4661 1416 4728 Dei;
1453 4681 1475 4714 ι
1508 4662 1619 4715 illis
1646 4672 1850 4728 autem,
1883 4663 1940 4715 id
1986 4672 2069 4718 est
2103 4658 2137 4664 ⁷
2179 4668 2435 4722 dentem:
2468 4664 2632 4718 alium
2664 4678 2733 4718 ex
2764 4672 2939 4717 matre
2969 4671 3179 4715 tantum
3206 4700 3221 4725 ,
3249 4673 3355 4714 non
3387 4658 3549 4711 etiam
3577 4670 3647 4711 ex
3673 4670 3766 4724 pa-

483 4756 576 4826 qui
611 4771 715 4809 non
754 4766 1034 4809 merentur
1069 4793 1083 4818 ,
1122 4755 1216 4824 qui
1248 4770 1353 4808 non
1386 4766 1512 4809 sunt
1554 4755 1691 4809 tales
1722 4764 1777 4807 ut
1814 4770 2067 4809 mereau-
2181 4766 2285 4825 tre,
2309 4768 2366 4812 et
2397 4756 2548 4811 velut
2578 4770 2645 4809 ex
2692 4765 2851 4824 parte
2874 4754 3136 4817 nobilem,
3171 4761 3224 4807 et
3253 4768 3323 4807 ex
3355 4762 3507 4820 parte
3535 4764 3639 4803 non
3670 4765 3765 4817 pa.-

488 4857 575 4902 tur
596 4889 611 4913 ,
649 4864 749 4903 nec
775 4861 1001 4918 capaces
1021 4862 1141 4902 esse
1173 4857 1399 4917 possunt
1435 4848 1503 4901 ad
1533 4847 1942 4917 intelligentiam
1976 4863 2067 4903 se-
2179 4851 2280 4905 tris
2300 4890 2315 4915 ,
2347 4864 2473 4919 quae
2506 4850 2697 4915 utique
2726 4847 2919 4901 melior
2948 4847 3166 4899 videtur
3192 4884 3211 4907 ,
3240 4844 3338 4898 sed
3380 4841 3573 4896 matris
3600 4880 3619 4906 ,
3650 4854 3770 4908 qua:

482 4952 757 4998 cretorum
791 4957 805 5007 ;
859 4941 969 4995 illis
999 4955 1104 4993 non
1157 4948 1336 5009 potest
1387 4940 1503 4993 dari
1568 4938 1657 4994 ille
1712 4940 2069 4995 sacerdotalis
2178 4943 2409 4999 inferior
2446 4951 2548 4994 est.
2595 4939 2653 4993 Si
2682 4941 2827 4995 enim
2858 4948 3015 5008 pater
3044 4938 3237 4993 fuisset
3268 4936 3539 4999 Israelita,
3569 4946 3624 4988 et
3654 4950 3770 4992 nta-

485 5032 661 5106 panis,
701 5032 792 5101 qui
826 5043 908 5086 est
938 5041 1199 5096 secretus,
1231 5042 1289 5085 et
1322 5034 1591 5101 mysticus
1634 5046 1845 5097 sermo,
1888 5034 1981 5087 sed
2017 5033 2067 5086 in
2181 5048 2262 5090 ter
2292 5032 2574 5104 Egyptia,
2606 5042 2753 5087 esset
2780 5032 2989 5101 aliquid
3027 5031 3279 5099 amplius.
3326 5028 3439 5083 Iloc
3476 5027 3621 5080 enim
3655 5027 3770 5079 fue~

555 5177 601 5215 ’τ
619 5174 921 5234 Lev.xx1v.
942 5174 992 5233 8.
1015 5175 1066 5229 9.
1146 5174 1189 5204 ’³
1214 5173 1446 5241 Eplt.-tv,
1480 5174 1572 5227 Ἦ.
1652 5173 1900 5231 "Matth.
1928 5191 2025 5232 xu.
2062 5175 2151 5235 45,

2140 5216 2151 5235 ,
2187 5173 2277 5226 44.
2356 5169 2401 5203 ⁵⁶
2430 5171 2447 5223 I
2473 5168 2598 5224 Cor.
2636 5186 2712 5235 ιιι,
2740 5167 2832 5223 27.
2910 5169 2951 5199 ³³
2984 5166 3156 5222 Levit.
3189 5181 3337 5233 XXIV,
3368 5166 3423 5220 9.
3499 5164 3541 5197 ³³
3578 5161 3768 5215 Malm.

486 5262 609 5310 xm,
638 5248 725 5299 II.
792 5246 837 5276 ³³
864 5245 1035 5299 chit.
1071 5260 1219 5310 xxw,
1259 5246 1311 5300 9.
1388 5246 1431 5276 ”
1464 5246 1481 5299 I
1514 5245 1639 5299 Cor.
1674 5260 1769 5311 vu,
1801 5246 1890 5299 51.
1968 5247 2011 5276 ³⁵
2044 5244 2114 5300 Le

1722 5262 1769 5311 ll,
1801 5246 1890 5299 51.
1968 5247 2011 5276 ³⁵
2044 5244 2217 5300 Levit.
2252 5258 2400 5308 xxiv,
2436 5242 2503 5295 ll)
2534 5251 2587 5294 et
2621 5257 2773 5310 seqq.
3346 5258 3350 5271 λ

558 5368 666 5438 (l5)
702 5366 854 5420 Libb.
890 5365 1051 5430 editi,
1090 5384 1108 5416 ι
1140 5364 1319 5434 cztpiat
1346 5380 1542 5434 panem
1588 5365 1760 5429 illum,
1793 5383 1810 5416 ι
1850 5380 1983 5418 mss.
2014 5374 2074 5418 ut
2185 5362 2485 5419 secundum
2515 5399 2530 5425 ,
2568 5378 2586 5411 ι
2641 5369 2775 5421 etc.,
2828 5356 2922 5410 sed
2976 5353 3332 5422 manuscripti
3382 5361 3441 5405 ut
3496 5351 3545 5403 in
3584 5357 3769 5401 nostro

488 5439 543 5493 in
578 5447 761 5491 nostro
797 5448 966 5491 texm.
2177 5444 2352 5488 textu.

562 5487 1247 5577 (micatiéi’stmgermﬂ
1276 5523 1317 5577 γε
1348 5521 1447 5560 nec
1474 5506 1701 5574 quilibet
1730 5505 1873 5558 verbi
1902 5504 2068 5577 littjtts
2213 5487 2222 5488 “
2252 5502 2364 5571 (19)
2404 5500 2580 5577 Libb._
2602 5498 2769 5561 editi,
2805 5514 2823 5547 ι
2847 5511 2913 5550 ex
2944 5493 3246 5577 Israelitide
3266 5492 3576 5577 amnem.)
3609 5487 3769 5577 sed}

491 5562 669 5644 poiesi
692 5579 879 5630 audire
907 5562 1245 5647 mystcrium.
1274 5562 1693 5639 Tantummodo,
1720 5594 1738 5625 ι
1770 5583 1875 5631 etc.
1900 5562 2068 5640 Iul‘vru,
2179 5562 2311 5647 mss.
2348 5562 2411 5627 ἐι
2467 5589 2494 5624 u
2521 5568 2733 5647 “G-razco
2785 5565 3127 5638 septuaginta
3201 5562 3561 5628 Interpretum
3620 5566 3768 5610 textu

498 5640 516 5696 ἰ
544 5649 639 5713 ipsi
671 5658 892 5713 possunt
926 5640 1221 5713 eiplanare
1250 5648 1350 5699 ista
1384 5647 1665 5714 mysteria.
1699 5665 1717 5697 ι
2181 5646 2391 5714 abest}
2424 5640 2674 5714 muliere.
2709 5657 2728 5690 ι
2979 5706 2990 5714 _
3068 5704 3080 5714 θ
3110 5704 3120 5714 Ι
3165 5703 3175 5714 _
3281 5709 3290 5714 _
3409 5699 3424 5714 _
3451 5698 3490 5714 ν

565 5695 1665 5788 t'n)'ui,i;."caat;“;1;.§.;a;a.;a1;ista
1696 5695 1852 5780 mss,
1895 5731 1913 5764 ‹
1952 5729 2067 5784 tny-
2182 5695 2193 5788 ς

2182 5695 2573 5788 ξίᾰρχςυαριι
2611 5703 3373 5788 san_g_erm.__t_'lapidabtt'nt,‘i
3406 5696 3552 5754 LXX
3567 5695 3767 5766 Intern.

495 5771 678 5840 Storia].
712 5804 728 5835 ι
1039 5771 1052 5783 ’
1201 5771 1220 5788 ”
1478 5771 1488 5779 ’
1837 5771 1849 5780 ’
2008 5771 2025 5784 ’

1837 5771 1849 5780 ’
2008 5771 2025 5784 ’
2182 5771 2614 5852 λιθοϐὁλήωυσι.
2650 5771 2808 5835 ιιιῑι).
2847 5777 3003 5845 editi,
3033 5771 3065 5825 ἰ
3094 5771 3379 5843 lapidabit.
3412 5789 3432 5824 ι

569 5856 679 5925 (18)
706 5855 857 5910 Libb.
893 5856 1054 5920 editi,
1097 5874 1115 5907 ‹
1152 5855 1397 5926 singulos
1428 5870 1674 5926 quosque
1708 5852 1989 5911 confectos
2023 5852 2069 5909 si
