4124 6396
429 370 532 423 553

1552 355 1616 409 IN
1654 350 2025 409 LEVITICUM
2071 347 2357 405 IIOMIIJA
2385 347 2525 401 XIV.
3584 346 3689 401 535

427 496 550 541 rant
582 484 853 539 Mauasscs
877 490 931 537 et
955 480 1207 550 Ephrem.
1244 475 1397 530 Nunc
1422 490 1566 528 vero
1611 476 1872 542 scriptum
1898 483 2005 535 est,
2037 473 2079 525 Α
2114 485 2243 522 "cro
2280 469 2415 537 prof-
2437 467 2621 519 εμςίυηρ
2652 464 2869 535 quidem
2904 464 3241 520 Christianus
3269 474 3371 528 est,
3414 463 3686 517 intellectu

429 580 555 649 quia
594 577 734 631 filius
780 576 849 630 sit
881 572 1124 626 mulieris
1153 568 1476 624 Isroelitidis
1498 608 1511 629 ,
1544 580 1593 620 et
1626 567 1866 637 Egyplii
1908 583 2005 635 pa-

431 672 551 726 tris.
588 670 643 723 Si
679 682 809 738 ergo
841 665 1136 736 diligenter
1167 672 1385 717 secutus
1416 675 1474 714 es
1502 660 1639 713 duos
1672 660 1807 712 istos
1839 660 2005 722 viros,

429 776 595 814 unum
636 774 700 814 ex
731 760 943 825 integro
973 757 1208 810 nobilem
1239 795 1252 814 ,
1283 754 1446 807 alium
1471 767 1533 805 ex
1572 758 1726 821 parte
1753 790 1766 809 ,
1798 751 2008 803 intuere

430 868 573 907 nunc
622 866 716 904 cos
763 850 1047 917 litigantes
1091 846 1431 899 adinvicem:
1482 845 1534 897 in
1571 859 1673 911 qua
1704 844 1795 896 lite
1840 842 1886 896 is
1916 843 2007 910 qui

431 955 582 1013 patre
612 943 872 1014 Egyptio
900 952 956 998 et
985 951 1165 996 matre
1199 939 1311 994 sola
1340 939 1636 993 lsraelitide
1679 938 1891 1007 genitus
1926 940 2008 991 vi-

432 1040 608 1102 detur,
648 1036 937 1091 nominans
967 1032 1337 1095 maledixerit,
1368 1043 1422 1085 et
1467 1032 1537 1085 ob
1582 1030 1687 1085 hoc
1719 1030 2011 1098 perductus

429 1130 499 1182 sit
531 1130 574 1183 is
613 1128 704 1198 qui
744 1125 1094 1180 maledixerat
1134 1122 1201 1177 ad
1234 1122 1474 1193 Moysen.
1505 1121 1718 1192 Moyses
1755 1138 1883 1175 vero
1916 1137 2008 1175 ne-

430 1236 534 1291 que
572 1207 856 1275 absolvere
905 1232 1029 1272 eum
1067 1230 1231 1270 ausus
1261 1225 1383 1279 est,
1420 1229 1597 1284 neque
1644 1214 2010 1267 condemnare

431 1316 548 1368 sine
590 1314 719 1367 Deo.
764 1310 1013 1366 Tradidit
1044 1309 1189 1362 enim
1224 1323 1347 1362 eum
1381 1307 1638 1362 custodire
1668 1322 1944 1375 usquequo
1980 1323 2007 1359 a

435 1407 544 1461 Deo
572 1407 842 1474 acciperet
873 1420 1191 1474 responsum
1221 1403 1349 1473 quid
1382 1402 1508 1456 velit
1541 1400 1655 1454 ﬁeri
1684 1401 1749 1454 de
1776 1415 1859 1454 eo.
1886 1399 2010 1453 llzec

432 1508 517 1552 est
549 1498 793 1553 historia:
818 1498 1174 1562 continentia,
1210 1512 1352 1550 nunc
1383 1505 1562 1549 autem
1592 1494 1869 1547 videamus
1892 1509 2010 1561 qua:

430 1593 501 1643 sit
554 1592 606 1644 in
642 1606 703 1644 ea
741 1590 999 1662 spiritalis
1050 1590 1186 1644 ratio
1212 1631 1227 1654 ,
1272 1604 1388 1658 qua:
1420 1586 1692 1642 tediflcare
1721 1586 1878 1641 debet
1912 1585 2009 1641 Ec-

429 1685 673 1740 clesiam.

498 1778 551 1829 2.
609 1776 790 1829 Primo
827 1773 1071 1827 omnium
1109 1787 1289 1827 sermo
1326 1771 1499 1835 dicit,
1538 1772 1663 1840 quia
1696 1771 1832 1824 exiit
1865 1771 2008 1826 filius

431 1865 675 1921 mulieris
700 1866 1016 1920 Israelitidis
1044 1875 1098 1919 et
1130 1863 1369 1935 Egyptii
1425 1864 1596 1934 patris
1618 1904 1633 1926 ,
1663 1870 1717 1917 et
1750 1865 1893 1917 ttnde
1924 1863 2005 1917 vel

428 1973 535 2024 quo
562 1969 785 2022 exierit,
819 1975 922 2011 non
958 1959 1150 2013 refert.
1186 1957 1544 2011 Inveniuntur
1576 1958 1718 2009 enim
1753 1957 1913 2009 ambo
1955 1957 2006 2009 in

428 2055 624 2110 castris
649 2054 834 2122 p0siti,
866 2053 1004 2108 sicut
1026 2053 1226 2106 indicat
1258 2066 1438 2105 sermo
1461 2049 1698 2113 Domini,
1732 2048 1916 2103 dicens
1939 2049 2007 2105 ἐς

436 2164 453 2195 ι
483 2144 629 2201 Educ
653 2146 924 2200 hominem
951 2144 1040 2213 qui
1075 2142 1355 2197 maledixit
1389 2142 1535 2196 foras
1563 2151 1716 2196 extra
1747 2150 1946 2196 castra.
1985 2159 2003 2193 ι

432 2236 488 2291 Si
532 2253 660 2307 ergo
695 2238 761 2292 de
789 2237 987 2291 castris
1020 2236 1304 2300 educitur,
1344 2234 1656 2289 necessario
1708 2235 1759 2287 in
1814 2234 2010 2290 castris

428 2337 569 2381 erat.
611 2328 749 2394 Quid
779 2341 908 2397 ergo
946 2334 1028 2379 est
1060 2325 1204 2394 quod
1243 2339 1364 2377 cum
1422 2324 1659 2378 nondum
1707 2324 1909 2379 exisset
1945 2326 2011 2380 de

429 2420 624 2473 castris
647 2458 663 2485 ,
700 2418 831 2472 dicit
878 2416 943 2471 de
972 2432 1039 2470 eo
1093 2415 1378 2484 Scriptura
1419 2416 1601 2469 divina
1633 2415 1676 2447 ³⁷
1701 2456 1714 2482 ,
1751 2435 1768 2468 ι
1798 2426 1851 2472 et
1878 2417 2011 2471 exiit

431 2511 574 2566 filius
616 2509 858 2564 nmlieris
900 2507 1265 2563 lsraelitidis?
1293 2527 1311 2560 ι
1352 2507 1464 2579 Ego
1494 2517 1625 2578 puto
1659 2508 1785 2579 quia
1814 2511 2009 2564 docere

431 2619 529 2657 nos
557 2602 666 2657 vult
702 2617 879 2657 sermo
912 2599 1149 2665 divinus,
1187 2600 1328 2668 quod
1358 2600 1447 2668 qui
1482 2608 1693 2669 peccat,
1725 2600 2014 2669 dupliciter

430 2693 581 2747 exire
607 2694 825 2748 dicitur.
852 2692 1037 2747 Primo
1063 2692 1206 2746 enim
1237 2692 1349 2745 exit
1380 2708 1406 2744 a
1446 2693 1726 2762 proposito
1763 2694 1925 2755 bono,
1959 2702 2013 2748 et

434 2795 581 2839 recta
615 2786 887 2841 sententia
916 2827 929 2851 ,
955 2786 1069 2841 exit
1097 2800 1125 2836 a
1156 2784 1241 2836 via
1270 2784 1509 2850 iustitiae,
1540 2786 1653 2838 exit
1682 2801 1709 2838 a
1748 2785 1863 2855 lege
1898 2787 2011 2841 Dei.

429 2871 777 2929 Postmodum
804 2889 931 2929 vero
947 2890 1072 2930 cum
1099 2874 1413 2930 confutatus
1448 2875 1610 2927 fuerit
1641 2890 1740 2943 pro
1766 2883 2010 2943 peccato,

427 2964 540 3018 exit
567 2965 733 3017 etiam
760 2964 825 3017 de
857 2972 1000 3017 coetu
1037 2972 1092 3017 et
1123 2962 1542 3033 congregatione
1574 2973 1911 3017 sanctorum.
1945 2962 2015 3018 Ut

427 3060 471 3112 si
510 3060 664 3114 verbi
698 3074 860 3114 causa
892 3061 1139 3133 dicamus
1175 3079 1187 3112 :
1236 3058 1489 3112 Peccavit
1524 3059 1720 3126 aliquis
1756 3058 2012 3124 fidelium,

2113 569 2290 613 autem
2319 558 2439 611 fidei
2472 557 2757 609 han-cliens
2791 566 2846 609 et
2874 572 3159 624 perversus
3187 567 3290 620 est,
3324 556 3426 610 iste
3460 566 3685 609 matrem

2108 653 2325 722 quidem
2352 650 2464 705 Isra
2506 652 2731 712 litidcm,
2766 662 2976 717 patrem
3005 666 3131 703 vero
3160 648 3473 719 [Egyptiunt
3501 648 3683 702 habet.

2109 748 2390 814 Quomodo
2437 760 2569 814 ergo
2622 745 2723 797 hoc
2754 741 2990 795 accidit?
3034 740 3169 795 Cum
3218 739 3531 811 Scripturas
3562 742 3686 809 quis

2108 843 2256 913 legit,
2306 850 2359 895 et
2389 840 2624 895 litteram
2658 836 2875 906 quidem
2908 838 3174 906 sequitur,
3224 836 3558 889 intellectum
3591 850 3684 887 an-

2112 947 2218 991 tem
2250 936 2498 1004 repudiat
2526 933 2852 1002 Spiritalem,
2881 934 2966 987 hic
3004 940 3232 985 matrem
3266 931 3482 999 quidem
3512 928 3690 981 Israe-

2112 1031 2319 1084 liticam
2359 1029 2542 1090 habet,
2579 1027 2631 1080 id
2662 1035 2763 1090 est,
2816 1025 3055 1079 litteram
3095 1038 3109 1076 :
3141 1039 3363 1079 sensum
3396 1038 3524 1075 vero
3561 1025 3688 1091 quia

2110 1121 2410 1191 spiritalem
2448 1133 2552 1171 non
2589 1118 2858 1186 sequitur,
2892 1117 2983 1170 sed
3031 1116 3322 1174 carnalem.
3365 1116 3449 1169 isti
3482 1124 3564 1169 est
3594 1114 3693 1169 1E-

2112 1213 2328 1282 gyptius
2374 1220 2563 1279 pater;
2617 1219 2672 1261 et
2704 1208 2824 1261 ideo
2853 1209 3140 1261 adversum
3177 1206 3601 1261 ecclesiasticum
3638 1218 3692 1257 et

2111 1301 2436 1357 catholicum
2482 1300 2682 1369 litigat,
2737 1300 2787 1352 id
2832 1309 2916 1353 est
2940 1308 3129 1352 contra
3174 1314 3296 1352 eum
3331 1299 3420 1367 qui
3451 1314 3514 1351 ex
3548 1309 3692 1350 utra-

2111 1409 2215 1462 que
2252 1404 2406 1461 parte
2441 1391 2684 1445 Israelita
2724 1400 2828 1452 est,
2879 1391 2969 1459 qui
3013 1400 3066 1445 et
3112 1392 3409 1444 secundum
3460 1390 3689 1443 litteram

2112 1486 2355 1539 Israelita
2409 1493 2513 1547 est,
2567 1494 2620 1536 ct
2649 1485 2940 1538 secundum
2971 1483 3246 1549 spiritum,
3297 1484 3421 1553 quia
3457 1483 3572 1552 ipse
3604 1498 3690 1535 se-

2113 1577 2348 1632 cundum
2400 1577 2633 1630 litteram
2691 1577 2906 1644 quidem
2950 1574 3191 1629 Israelita
3242 1585 3345 1640 est,
3394 1576 3690 1629 secundum

2114 1664 2361 1739 spiritum
2394 1684 2523 1722 vero
2570 1665 2882 1737 Egyptius.
2946 1667 3085 1732 Quid
3137 1683 3267 1737 ergo
3316 1679 3395 1722 est
3449 1669 3695 1735 utrisque

2117 1761 2489 1833 litigantibus?
2525 1759 2845 1814 Necessario
2887 1760 2974 1815 ille
3000 1761 3087 1828 qui
3135 1760 3411 1814 carnalem
3447 1762 3695 1829 sequitur

2112 1846 2353 1918 sensum,
2392 1865 2649 1923 tanquam
2680 1853 2748 1906 de
2774 1850 3031 1922 [Egyptio
3060 1866 3232 1921 genus
3258 1852 3463 1905 ducens
3498 1868 3692 1904 nomen

2116 1949 2378 2014 nominat,
2427 1958 2482 2002 et
2519 1948 2816 2001 maledicit.
2854 1946 3112 2001 Nominat
3163 1948 3306 2001 enim
3341 1964 3538 2001 nomen
3578 1948 3691 2009 Dei,

2113 2052 2165 2094 et
2194 2056 2316 2094 cum
2354 2040 2639 2095 maledicto
2670 2040 2917 2094 nominat
2955 2057 2967 2093 :
3006 2048 3166 2107 negat
3196 2042 3342 2093 enim
3373 2055 3495 2091 cum
3529 2038 3690 2093 Crea-

2115 2144 2289 2189 torem
2326 2149 2449 2188 esse
2480 2133 2690 2198 mundi,
2728 2143 2888 2201 negat
2918 2146 3042 2186 esse
3073 2130 3289 2185 Patren:
3320 2132 3542 2186 Christi.
3589 2130 3697 2184 Nos

2116 2245 2243 2283 vero
2277 2230 2365 2297 qui
2396 2243 2461 2281 ex
2494 2236 2722 2296 utroque
2754 2241 2951 2297 genere
2981 2227 3235 2281 Israelita:
3274 2243 3485 2291 autnus,
3529 2238 3581 2282 et
3613 2229 3699 2280 lit-

2117 2332 2289 2375 teram
2320 2330 2374 2373 et
2403 2319 2653 2388 spiritum
2688 2318 2740 2371 in
2766 2316 3063 2387 Scripturis
3096 2320 3299 2373 sanctis
3329 2318 3695 2382 defendimus,

2114 2424 2167 2467 et
2205 2413 2482 2483 litigamus
2518 2412 2805 2467 adversum
2840 2426 2960 2477 eos,
2996 2412 3085 2481 qui
3121 2426 3184 2465 ex
3224 2412 3395 2465 media
3430 2423 3582 2481 parte
3617 2412 3697 2465 ls-

2122 2508 2328 2562 raelitze
2355 2508 2632 2569 videntur,
2667 2515 2721 2559 et
2753 2506 2983 2561 dicimus
3022 2506 3147 2574 quia
3186 2521 3359 2574 neque
3399 2505 3697 2560 secundum

2116 2599 2351 2653 litteram
2380 2596 2630 2652 maledici
2667 2606 2905 2663 oportet,
2937 2612 3115 2666 neque
3145 2599 3445 2651 secundum
3478 2598 3701 2667 spirita-

2116 2692 2220 2747 lem
2272 2692 2685 2761 intelligentiam
2749 2691 3140 2760 hlasphentari.
3211 2692 3507 2747 Maledicus
3555 2692 3700 2746 enim

2116 2801 2223 2839 non
2262 2785 2435 2838 solum
2488 2783 2539 2837 in
2575 2784 2762 2844 Deum,
2798 2785 2891 2838 sed
2923 2784 3087 2837 etiam
3138 2784 3189 2837 in
3221 2785 3527 2852 proximum
3564 2802 3702 2854 apo-

2117 2878 2239 2933 stoli
2272 2875 2420 2929 Pauli
2471 2875 2744 2929 sententia
2796 2889 2826 2928 a
2858 2891 3023 2945 regno
3068 2875 3162 2930 Dei
3194 2876 3523 2930 excluditur.
3576 2877 3707 2929 Vide

2118 2969 2264 3023 enim
2302 2968 2577 3036 quomodo
2610 2968 2745 3021 dicit
2796 2966 3086 3035 Apostolus
3112 2967 3154 2999 ⁸⁹
3185 2983 3198 3020 :
3236 2986 3253 3017 ι
3283 2966 3454 3021 Nolite
3496 2983 3702 3033 errare,

2119 3076 2292 3130 neque
2324 3059 2628 3127 fornicarii,
2661 3073 2836 3128 neque
2867 3058 3118 3125 adulteri,
3155 3075 3328 3127 neque
3358 3060 3567 3131 niolles,
3609 3077 3704 3115 ne-

428 3147 533 3203 iste
557 3148 777 3203 etiamsi
814 3150 1053 3202 nondum
1085 3149 1375 3217 abjiciatur
1408 3163 1503 3216 per
1530 3150 1767 3218 episcopi
1796 3164 2016 3203 senten-
2044 3158 2085 3216 (ς
2120 3166 2227 3221 que
2260 3150 2624 3206 masculorum
2657 3150 3055 3215 concubitores,
3111 3165 3288 3219 neque
3324 3151 3491 3216 fures,
3528 3166 3705 3218 neque

432 3240 585 3305 tiam,
610 3241 719 3310 jam
755 3250 933 3295 tamen
965 3256 1059 3310 per
1089 3242 1260 3309 ipsum
1294 3249 1574 3308 peccatum
1609 3241 1750 3310 quod
1776 3241 2015 3308 admisit,

432 3329 638 3398 cjectus
668 3339 788 3397 est;
843 3340 896 3384 et
946 3332 1199 3399 quamvis
1236 3332 1401 3385 intret
1456 3332 1780 3398 ecclesiam,
1836 3341 2015 3387 tamen

429 3422 635 3489 ejectus
664 3432 767 3489 est,
789 3432 839 3476 et
864 3422 994 3499 foris
1014 3432 1098 3476 est
1128 3434 1446 3493 Segregalus
1465 3424 1783 3477 ac0nsm'tio
1805 3434 1857 3477 ct
1888 3440 2020 3477 una-

431 3517 680 3570 nimitate
715 3516 977 3571 tidcliutn.
1023 3517 1165 3570 Exiit
1203 3531 1334 3584 ergo
1372 3516 1515 3571 filius
1563 3519 1732 3586 patris
1770 3516 2016 3588 Egyptii

430 3619 483 3659 ct
513 3608 704 3662 matris
753 3608 1091 3665 lsraelitidis.
1129 3608 1229 3675 Qui
1264 3609 1481 3677 penitus
1504 3620 1661 3663 extra
1703 3609 1861 3662 [idem
1895 3620 2013 3675 est,

436 3708 580 3752 totus
626 3698 916 3771 (Egyptius
957 3710 1060 3755 est.
1115 3700 1221 3766 Qui
1267 3710 1449 3754 autem
1502 3700 1646 3754 inter
1680 3716 1777 3755 nos
1823 3711 1926 3768 est,
1963 3711 2020 3756 et

434 3800 656 3859 peccat,
707 3807 775 3846 ex
834 3808 941 3845 una
994 3793 1216 3861 quidem
1268 3802 1425 3862 parte
1483 3808 1589 3861 qua
1646 3792 1755 3847 Deo
1802 3793 2017 3859 credit,

432 3881 595 3952 259
618 3880 929 3939 Israelitica:
970 3885 1183 3939 videtur
1212 3884 1444 3955 originis
1477 3906 1488 3940 :
1515 3900 1578 3938 ex
1608 3900 1671 3939 ea
1708 3900 1838 3941 vero
1866 3896 2021 3955 parte

433 3989 540 4040 qua
589 3984 800 4043 peccat,
851 3974 918 4029 de
952 3973 1212 4047 {Egyptio
1257 3991 1433 4047 genus
1470 3977 1644 4032 ducit.
1708 3977 1854 4033 Duos
1887 3993 2021 4050 ergo

436 4067 719 4137 Scriptura
777 4068 1059 4137 proposuit
1117 4068 1417 4139 litigantes,
1468 4085 1634 4124 unum
1684 4084 1750 4124 ex
1807 4072 2022 4143 integro

435 4160 762 4223 Israelitam,
820 4160 909 4228 qui
957 4159 1191 4229 litigavit
1221 4160 1440 4228 quidem
1470 4162 1564 4215 sed
1598 4178 1705 4216 non
1737 4166 2017 4232 peccavit:

438 4252 601 4304 istum
649 4268 777 4307 vero
805 4251 962 4321 cujus
1011 4262 1293 4318 peccatum
1352 4252 1623 4323 designat,
1675 4255 1913 4309 maxima
1953 4270 2020 4310 ex

436 4356 592 4413 parte
652 4348 872 4399 mistnm
930 4361 1052 4400 esse
1105 4344 1364 4416 Egyptio
1417 4345 1603 4414 generi
1660 4345 1888 4413 indicat,
1920 4349 2018 4402 ad-

436 4454 651 4492 versum
718 4455 877 4507 quem
934 4439 1111 4509 litigat
1158 4439 1423 4505 Israelita,
1477 4446 1533 4493 et
1591 4438 1733 4495 forte
1795 4456 2016 4512 compe-

438 4541 615 4586 tenter
653 4542 707 4585 et
754 4531 1150 4585 rationabiliter
1210 4532 1404 4601 litigat.
1461 4531 1596 4585 Nam
1649 4541 1702 4586 et
1756 4532 1810 4586 in
1870 4534 2014 4589 Exo-

436 4626 503 4679 do
551 4627 800 4682 Israelita
852 4638 907 4684 et
960 4628 1256 4701 IEgyptius
1331 4631 1566 4699 litigant,
1632 4631 1720 4685 ubi
1772 4631 2015 4686 Israelita

418 4731 677 4788 superat,
728 4720 1019 4792 Aigyptius
1070 4724 1217 4778 cadit
1249 4723 1318 4777 ³⁸.
1384 4722 1550 4793 Igitur
1601 4733 1655 4780 et
1705 4739 1805 4796 ego
1858 4727 2019 4781 hodie

437 4813 482 4864 si
538 4814 821 4866 veritatem
877 4812 1186 4876 defendam,
1243 4814 1290 4867 si
1341 4829 1723 4884 pugnem~pro
1758 4816 2022 4870 ecclesia—

440 4902 572 4956 stica
606 4903 709 4957 lide
739 4904 1025 4958 adversum
1060 4919 1207 4969 eum,
1242 4905 1332 4973 qui
1375 4920 1441 4959 ex
1470 4917 1625 4975 parte
1653 4906 1872 4975 quidem
1904 4922 2025 4961 crc-

440 4994 782 5059 ditChristo,
830 5007 881 5051 et
921 4997 1113 5067 recipit
1145 4995 1479 5065 Scripturas,
1534 4999 1629 5053 sed
1680 5014 1787 5053 non
1817 4998 2027 5068 integre

440 5101 660 5141 sensum
710 5102 898 5142 earum
931 5104 1031 5144 nec
1067 5088 1302 5143 ﬁdeliter
1348 5089 1589 5159 recipit:
1633 5089 1785 5159 litigo
1832 5090 2027 5145 adver-

444 5188 732 5248 “meum,
782 5181 873 5250 qui
920 5196 986 5236 ex
1032 5190 1207 5237 matre
1259 5180 1479 5252 quidem
1530 5179 1776 5237 Israelita
1821 5190 1926 5247 est,
1958 5197 2026 5237 ex

447 5279 603 5337 i‘atre
624 5287 754 5334 Vero
785 5280 1100 5353 Egyptius.
1154 5278 1212 5335 Si
1253 5280 1375 5349 quis
1404 5292 1536 5346 ergo
1573 5285 1628 5332 et
1676 5277 1799 5332 fidei
1832 5278 2029 5333 credu-

448 5363 621 5427 lilale.
661 5374 719 5419 cl
770 5376 1005 5431 “Ominis
1057 5372 1401 5447 professione
1448 5372 1797 5429 Christianus
1847 5381 1932 5427 est
1974 5383 2030 5428 et

446 5460 774 5524 catholicus,
809 5458 914 5515 iste
943 5476 1007 5515 ex
1045 5478 1275 5532 utraque
1301 5477 1459 5538 parte
1488 5466 1731 5522 Israelita
1769 5474 1872 5523 est.
1914 5467 2016 5532 Qui

521 5625 565 5654 3“
599 5623 774 5680 Levit.
829 5642 980 5693 xxtv,
1016 5625 1105 5682 I4.
1184 5627 1226 5658 ³⁷
1259 5628 1388 5684 ibid.
1422 5631 1507 5687 l0.
1587 5632 1631 5664 ³⁸
1659 5631 1830 5688 Exodo
1860 5648 1951 5685 Χκο

2121 3244 2271 3297 avari
2319 3243 2454 3315 (21),
2511 3259 2683 3313 neque
2734 3244 2984 3298 maledici
3039 3260 3264 3311 regnum
3323 3244 3413 3298 Dei
3463 3246 3705 3313 posside-

2121 3335 2277 3389 bunt.
2302 3354 2320 3386 ι
2369 3336 2561 3390 Videte
2594 3333 2737 3388 inter
2774 3348 2894 3402 qum
2927 3334 3180 3398 crimina,
3234 3336 3376 3389 inter
3409 3336 3703 3397 adulteros,

2122 3427 2265 3480 inter
2296 3426 2657 3481 masculorum
2698 3425 3101 3491 concubitores,
3132 3426 3277 3481 inter
3306 3443 3525 3491 avaros,
3568 3444 3705 3495 quos

2122 3519 2252 3573 alibi
2285 3520 2416 3573 dicit
2448 3518 2607 3572 idolis
2638 3517 2960 3579 servientes,
2988 3518 3154 3571 etiam
3183 3519 3474 3573 maledicos
3504 3520 3705 3587 posuit,

2121 3622 2177 3665 et
2208 3627 2236 3665 a
2276 3627 2440 3677 regno
2475 3611 2563 3665 Dei
2622 3611 2829 3678 pariter
2865 3625 2988 3662 cum
3024 3610 3130 3664 illis
3176 3611 3430 3665 exclusit.
3477 3612 3707 3665 Videant

2122 3720 2253 3774 ergo
2287 3705 2329 3756 si
2363 3704 2454 3772 qui
2487 3718 2550 3757 os
2595 3718 2751 3757 suum
2786 3703 3106 3773 quotidiana
3141 3719 3277 3773 pene
3315 3707 3709 3760 consactudine

2125 3798 2227 3853 hoc
2257 3797 2389 3851 vitio
2440 3798 2775 3865 insuescunt,
2814 3799 2941 3867 quid
2993 3798 3073 3852 eis
3122 3797 3346 3867 periculi
3399 3798 3704 3853 immineat.

2122 3889 2384 3944 Putautes
2411 3889 2558 3943 enim
2588 3889 2707 3943 leve
2729 3898 2782 3944 et
2812 3889 2969 3945 facile
2997 3891 3100 3945 hoc
3124 3905 3247 3945 esse
3280 3902 3560 3959 peccatum
3599 3907 3707 3945 non

2127 3981 2287 4043 facile
2315 3991 2535 4045 cavent,
2566 3982 2659 4035 sed
2684 3981 3037 4035 considerent
3086 3982 3405 4050 Apostolum
3434 3986 3709 4051 quomodo

2127 4073 2450 4127 maledicunt
2480 4087 2509 4125 a
2548 4086 2718 4141 regno
2754 4071 2845 4125 Dei
2888 4072 3148 4140 excludit,
3181 4085 3234 4127 et
3263 4073 3403 4127 Deus
3432 4088 3528 4142 per
3560 4074 3709 4143 Moy-

2125 4185 2219 4225 sen
2249 4170 2518 4239 quomodo
2549 4169 2871 4224 maledicum
2908 4168 3085 4235 puniri
3112 4167 3287 4235 jubet.
3350 4169 3502 4224 Unde
3532 4177 3584 4222 et
3606 4185 3710 4237 ego

2126 4263 2283 4315 valde
2306 4261 2608 4314 admiratus
2640 4276 2783 4323 sum,
2819 4261 2963 4326 quod
2996 4260 3046 4312 in
3078 4259 3179 4314 hoc
3207 4259 3324 4313 loco
3350 4275 3506 4328 quem
3539 4261 3701 4315 habe-

2128 4368 2247 4408 mus
2291 4354 2343 4406 in
2392 4350 2666 4415 manibus,
2703 4352 2985 4424 Scriptura
3024 4366 3129 4404 non
3158 4361 3345 4421 aperte
3385 4352 3708 4421 designavit,

2129 4446 2252 4515 quia
2283 4445 2383 4500 istc
2426 4445 2519 4514 qui
2561 4459 2623 4498 ex
2660 4443 2917 4513 Egyptio
2945 4458 3112 4513 genus
3163 4443 3337 4506 ducit,
3367 4444 3710 4499 maledixerit

2123 4538 2313 4603 Deum,
2336 4538 2429 4591 sed
2464 4545 2668 4591 tantmn
2693 4536 2871 4604 posuit
2896 4535 3020 4604 quia
3042 4535 3709 4602 nominansmalcdixerit,

2126 4644 2179 4688 et
2212 4630 2428 4701 reliquit
2463 4630 2516 4684 in
2547 4630 2724 4683 medio
2758 4628 2838 4682 vel
2871 4628 2951 4682 de
2978 4629 3106 4693 Deo,
3150 4628 3233 4682 vel
3262 4628 3329 4682 de
3364 4630 3581 4684 homine
3614 4644 3709 4683 su-

2127 4725 2474 4797 spicandum.
2547 4722 2701 4778 Unde
2751 4723 2882 4777 mihi
2937 4724 3149 4779 videtur
3218 4723 3424 4777 idcirco
3474 4724 3715 4778 uoluisse

2130 4828 2318 4887 aperte
2345 4818 2410 4871 de
2460 4815 2571 4869 Dcn
2598 4814 2975 4883 pronuntiare,
3028 4829 3096 4869 ne
3124 4815 3189 4869 de
3224 4815 3537 4870 hominilms
3566 4815 3716 4868 vide-

2136 4917 2285 4962 retur
2315 4900 2529 4963 dedisse
2564 4906 2867 4970 licentiam,
2921 4916 2976 4961 et
3009 4906 3129 4960 ideo
3164 4905 3245 4959 vel
3293 4908 3358 4961 de
3392 4908 3501 4961 Deo
3534 4905 3616 4960 vel
3648 4908 3716 4961 de

2136 5000 2355 5055 homine
2382 4999 2621 5060 siluisse,
2658 5006 2718 5051 ut
2752 4997 2819 5052 de
2844 5005 3079 5068 utroque
3104 5007 3409 5052 caveretur.

2205 5092 2260 5145 5.
2301 5090 2497 5145 Verum
2525 5089 2784 5159 quoniam
2809 5088 3135 5143 sententiam
3165 5088 3406 5158 Apostoli
3440 5090 3717 5160 preposui-

2138 5198 2283 5247 mus,
2320 5182 2411 5252 qui
2442 5182 2577 5237 dicit
2605 5180 2896 5237 maledicos
2927 5195 2958 5234 a
2990 5195 3158 5250 regno
3200 5181 3293 5237 Dei
3329 5181 3715 5246 excludendos,

2137 5279 2344 5349 aliquid
2378 5277 2626 5347 exposcit
2672 5277 2774 5331 iste
2829 5290 3011 5332 sermo
3046 5275 3225 5330 solatii
3262 5292 3329 5330 ne
3372 5276 3594 5329 omnino
3624 5273 3714 5325 de-

2136 5371 2500 5441 Sperationem
2549 5369 2830 5423 videamur
2858 5368 3100 5423 indicere
3147 5369 3234 5430 iis,
3272 5367 3362 5436 qui
3398 5363 3713 5434 quotidiana

2124 5480 2264 5536 pene
2289 5462 2647 5519 maledicendi
2669 5460 3063 5518 consuetudine
3085 5460 3392 5529 rapiuntur,
3419 5466 3473 5512 et
3498 5454 3581 5509 ori
3616 5469 3713 5509 suo

2042 5631 2087 5663 "
2112 5628 2128 5685 I
2150 5630 2277 5685 Cor.
2307 5642 2379 5695 Vl,
2410 5628 2464 5694 9,
2496 5628 2582 5685 IO.

520 5766 624 5835 (21)
659 5770 713 5825 In
748 5771 933 5825 codice
964 5770 1245 5842 Sangcrm.
1272 5772 1443 5835 deest,
1482 5792 1497 5822 ‹
1527 5790 1701 5843 neque
1730 5775 1895 5841 fures,
1932 5788 2105 5843 neque
2133 5772 2301 5826 avari.
2330 5790 2346 5818 ι

768 5866 1039 5924 Parum.
1088 5865 1206 5925 (in.
1259 5866 1397 5925 XII.

3335 5858 3404 5912 l8
