4124 6426
494 353 601 409 555

1966 343 2287 401 ORIGENIS

3657 358 3765 415 55b

494 470 752 526 adbibere
804 468 1107 524 custodiam
1145 468 1223 521 vel
1253 467 1451 520 ostium
1502 467 1798 536 negligunl.
1843 464 2080 518 Promis-
2113 468 2152 522 Λ
2188 462 2375 516 sisset.
2421 460 2564 515 Exiit
2590 463 2734 516 enim
2764 478 2789 516 a
2827 465 3082 529 veritate,
3122 466 3255 520 exiit
3294 484 3321 522 a
3360 468 3558 524 timore
3586 472 3703 539 Dei,
3734 489 3763 526 a

494 562 666 617 sionis
713 560 905 613 luturte
940 573 1043 612 non
1084 573 1226 612 unus
1256 566 1340 610 est
1393 555 1605 618 modus,
1642 569 1816 623 neque
1848 554 2077 623 simplex

493 652 703 721 species
741 668 755 717 ;
786 650 880 705 sed
915 648 1057 704 sicut
1092 646 1276 700 docuit
1324 646 1435 715 ipse
1463 646 1723 700 Dominus
1749 647 1801 699 in
1833 644 2079 714 Evange-

492 745 566 799 lio
590 744 656 807 “,
707 758 830 797 cum
882 743 1070 795 beatos
1119 740 1250 794 dicit
1283 754 1551 808 pauperes
1578 739 1795 807 spiritu,
1841 748 1896 792 et
1934 738 2080 808 ipso-

492 851 613 887 rum
649 834 783 889 dicit
817 846 940 887 esse
994 846 1217 901 regnum
1268 830 1555 883 cmlorum.
1612 829 1677 883 Et
1724 829 1852 884 item
1889 831 2079 886 beatos

491 926 624 978 dicit
678 926 862 991 mites,
923 939 1023 979 nec
1074 933 1258 979 tamen
1311 925 1392 979 eis
1445 922 1705 977 caelorum
1748 939 1937 994 regna,
1982 926 2078 980 sed

495 1029 654 1071 terrae
689 1018 1061 1072 hmreditatem
1111 1016 1402 1086 promittit.
1460 1015 1599 1070 Dicit
1634 1017 1821 1072 beatos
1850 1029 1906 1073 et
1933 1018 2079 1086 paci-

494 1110 647 1171 ticos,
678 1108 773 1162 sed
805 1122 872 1163 ne
906 1107 1038 1176 ipsis
1063 1106 1283 1175 quidem
1331 1105 1595 1159 caalorum
1650 1121 1875 1175 regnum
1909 1107 2077 1173 dedit,

491 1200 635 1254 ﬁlios
662 1208 843 1254 tamen
873 1213 966 1254 eos
998 1198 1091 1252 Dei
1121 1212 1243 1253 esse
1278 1197 1614 1267 pronuntiat.
1650 1196 1717 1251 Et
1748 1213 1868 1252 cum
1900 1199 2081 1254 diver-

488 1293 567 1345 sis
596 1291 813 1346 diversa
848 1292 1216 1362 repromittat,
1272 1305 1462 1346 omnes
1509 1294 1698 1346 beatos
1727 1291 1858 1346 dicit
1888 1291 1979 1361 qui
2010 1292 2077 1347 ad

492 1383 760 1450 promissa
810 1384 1188 1452 pervenerint,
1241 1396 1347 1437 non
1404 1389 1585 1437 tamen
1620 1382 1876 1438 omnibus
1908 1382 2075 1438 cielo-

494 1488 612 1526 rmn
645 1487 813 1541 regna
859 1472 1113 1542 promisit
1145 1472 1282 1545 (22).
1328 1470 1516 1526 Potest
1550 1486 1685 1543 ergo
1718 1472 1859 1539 ﬁeri,
1891 1484 1948 1528 ut
1972 1474 2074 1529 ali-

487 1563 612 1631 quis
643 1563 695 1618 in
724 1564 944 1618 caeteris
975 1564 1112 1618 forte
1139 1564 1398 1634 operibus
1426 1572 1483 1617 et
1514 1566 1728 1619 actibus
1753 1566 2076 1622 emendatus

485 1657 558 1711 sit
592 1667 647 1712 et
669 1657 965 1727 perfectus,
993 1658 1331 1727 subripiatur
1357 1658 1405 1713 ei
1437 1667 1617 1713 tamen
1640 1658 1937 1730 aliquando
1961 1662 2076 1717 oris

482 1749 642 1816 vitio,
696 1748 960 1819 lapsuque
992 1748 1263 1806 sermonis
1300 1766 1315 1803 :
1354 1750 1483 1806 huic
1524 1750 1741 1807 etiamsi
1770 1754 2067 1809 secundum

480 1838 727 1908 Apostoli
776 1839 1106 1893 sententiam
1145 1849 1415 1908 negantur
1444 1854 1611 1910 regna
1644 1840 1930 1906 caelorum,
1964 1857 2069 1897 non

485 1940 664 1985 tamen
692 1930 921 1987 alterius
969 1930 1325 1988 beatitudinis
1362 1930 1702 1987 abscinditur
1753 1931 1923 1989 locus.
1970 1933 2071 1989 Vc-

480 2032 788 2079 rumtatnen
839 2039 908 2080 eo
952 2024 1129 2095 magis
1177 2025 1223 2079 si
1273 2024 1398 2094 quis
1446 2024 1500 2078 in
1536 2024 1751 2081 caeteris
1797 2025 2069 2095 perfectus

479 2125 588 2182 est,
618 2116 908 2173 elaborare
941 2118 1105 2173 etiam
1142 2118 1194 2171 in
1224 2117 1330 2173 hoc
1378 2116 1558 2183 debet,
1591 2132 1659 2173 ne
1690 2117 1739 2174 ei
1768 2119 2069 2188 subrepens

480 2222 663 2274 prava
692 2208 1107 2263 consuetudinis
1158 2208 1350 2262 vitium
1389 2207 1652 2263 caelorum
1703 2223 1894 2278 regna,
1925 2212 2068 2281 quod

480 2306 565 2351 est
612 2296 855 2351 omnium
889 2296 1286 2352 beatitudinum
1337 2298 1579 2362 culmen,
1622 2298 1841 2369 eripiat,
1876 2314 2067 2370 quam-

479 2389 563 2443 vis
598 2388 856 2445 Dominus
887 2390 1085 2446 dixerit
1108 2389 1152 2422 “
1194 2410 1207 2446 :
1247 2408 1267 2443 ι
1298 2391 1352 2446 ln
1383 2390 1544 2446 domo
1571 2389 1751 2445 Patris
1776 2393 1881 2449 mei
1913 2410 2067 2448 man-

478 2482 661 2537 siones
691 2481 872 2536 multa:
899 2492 1045 2536 sunt.
1079 2501 1098 2534 ›
1139 2482 1434 2538 Possumus
1464 2482 1641 2536 adhuc
1676 2484 1874 2539 addere
1898 2485 2061 2541 etiam

482 2574 636 2640 illud,
689 2573 832 2641 quod
865 2584 1053 2628 natura
1082 2575 1289 2643 peccati
1326 2574 1519 2630 similis
1548 2584 1631 2631 est
1672 2577 1912 2631 materiae
1943 2593 2062 2646 qua:

482 2666 588 2736 igni
618 2665 981 2731 consumitur,
1013 2682 1174 2733 quam
1203 2665 1461 2721 aediﬁcari
1502 2665 1696 2722 Paulus
1725 2671 1998 2738 apostolus
2031 2687 2060 2724 a

481 2759 855 2828 peccatoribus
889 2759 1040 2825 dicit,
1096 2760 1185 2830 qui
1214 2774 1374 2828 supra
1422 2758 1831 2816 fundamentum
1860 2755 2059 2818 Christi

479 2850 751 2905 :editicant
786 2851 951 2918 ligna,
990 2850 1197 2917 fenum,
1251 2850 1503 2919 stipulam
1531 2851 1598 2906 ι’.
1655 2852 1711 2906 In
1747 2869 1857 2923 quo
1890 2856 2061 2910 mani-

477 2943 616 2998 {este
656 2944 959 2999 ostenditur
1010 2958 1132 2998 esse
1180 2944 1423 3013 quaedam
1455 2954 1678 3014 peccata
1707 2948 1780 3000 ita
1812 2946 1970 3015 levia,
2004 2957 2061 3003 ut

472 3034 686 3105 stipulae
709 3044 1110 3104 comparentur,
1147 3036 1233 3090 cui
1267 3036 1452 3104 utique
1478 3038 1618 3107 ignis
1640 3037 1820 3094 illatus
1841 3040 1927 3093 diu
1952 3055 2056 3096 nou

472 3138 651 3197 potest
681 3128 982 3183 immorari.
1026 3128 1141 3183 Alia
1171 3143 1301 3183 vero
1345 3128 1473 3184 leno
1507 3145 1631 3185 esse
1663 3130 1885 3197 similia,
1935 3148 2059 3203 quae
2086 3171 2126 3228 C

473 3222 586 3289 ipsa
618 3235 724 3277 non
755 3219 1046 3276 diﬂiculter
1074 3220 1217 3291 ignis
1252 3221 1530 3288 absumat,
1562 3236 1749 3277 verum
1779 3223 2058 3293 aliquanto

473 3316 685 3369 tardius
711 3330 873 3386 quam
904 3316 956 3370 in
982 3314 1196 3385 stipulis
1224 3316 1566 3372 immoretur.
1606 3318 1724 3372 Alia
1755 3334 1885 3375 vero
1908 3334 2055 3385 esse,

469 3422 591 3475 qua:
624 3407 784 3477 lignis
813 3406 1187 3475 conferantur,
1220 3409 1271 3463 in
1303 3410 1499 3480 quibus
1522 3424 1622 3478 pro
1649 3411 1915 3480 qualitate
1945 3412 2055 3468 cri-

471 3497 678 3551 minum
705 3497 975 3552 diutinum
1006 3506 1059 3554 et
1092 3500 1300 3569 grande
1326 3500 1583 3569 pabulum
1617 3502 1756 3572 ignis
1788 3502 2053 3558 inveniat.

470 3589 546 3643 lta
614 3604 746 3658 ergo
792 3592 1216 3661 unumquodque
1282 3601 1564 3659 peccatum
1619 3607 1718 3661 pro
1767 3593 2053 3663 qualitate,

467 3684 633 3755 260
664 3687 749 3740 vel
782 3685 1092 3755 quantitate
1139 3687 1243 3753 sui,
1277 3702 1562 3756 ptenarum
1589 3686 1738 3756 justa
1774 3689 2053 3758 persolvit.

474 3776 854 3833 Verumtamen
884 3780 1013 3847 quid
1050 3795 1186 3850 opus
1217 3789 1301 3834 est
1333 3780 1603 3846 ﬁdelibus,
1638 3790 1693 3836 et
1729 3781 1813 3838 bis
1839 3782 1930 3851 qui
1957 3797 2053 3837 co-

471 3880 772 3937 gnoverunt
822 3869 1012 3933 Deum,
1067 3872 1134 3924 de
1168 3885 1455 3940 poenarum
1505 3872 1858 3939 qualitatibus
1907 3874 2054 3941 cogi-

472 3963 631 4017 tare?
690 3964 831 4030 Quid
871 3980 1007 4032 opus
1036 3975 1119 4019 est
1170 3965 1341 4035 ligna,
1368 3966 1498 4032 quid
1549 3965 1758 4031 fenum,
1806 3968 1935 4036 quid
1970 3968 2052 4024 vel

472 4060 643 4125 ipsam
696 4057 950 4126 stipulam
1005 4058 1363 4113 fundamento
1392 4058 1598 4114 Christi
1650 4061 2053 4129 superponere?

468 4151 577 4204 Cur
609 4167 714 4204 non
744 4151 917 4216 magis
947 4165 1166 4213 aurum,
1198 4149 1282 4205 vel
1311 4159 1620 4221 argentum,
1667 4150 1751 4203 vel
1782 4152 2051 4220 pretiosos

468 4242 698 4313 lapides,
744 4245 984 4312 pretioso
1031 4241 1449 4310 superponimus
1518 4242 1891 4305 fundamento,
1956 4242 2045 4297 ubi

467 4352 591 4389 cmn
625 4335 768 4404 ignis
797 4334 1115 4398 accesserit,
1146 4332 1279 4386 nihil
1313 4331 1553 4387 inveniat
1584 4332 1727 4401 quod
1760 4332 2050 4386 absumat?

467 4430 599 4483 Nam
634 4430 678 4483 si
711 4429 1004 4484 accesserit
1055 4428 1121 4479 ad
1172 4425 1448 4495 stipulam,
1497 4440 1565 4478 ex
1591 4425 1786 4493 stipula
1835 4425 2049 4481 favillas

2187 555 2312 619 tide,
2351 570 2378 606 a
2418 555 2711 621 cbaritate,
2753 556 2897 611 sicut
2923 559 3172 627 superius
3203 560 3457 625 diximus,
3495 567 3767 632 quomodo

2183 663 2281 715 per
2312 648 2429 701 haec
2461 648 2584 714 quis
2606 657 2765 700 exeat
2797 649 2861 701 de
2884 650 3078 703 castris
3114 648 3389 715 Eet-lesim,
3420 655 3632 710 etiamsi
3673 671 3770 725 per

2180 740 2419 807 episcopi
2460 753 2649 792 vocem
2683 739 2905 793 minime
2930 740 3236 808 abiiciatur.
3279 742 3768 802 Sicutecontrario

2184 831 2451 887 interdum
2484 830 2563 897 iit,
2592 840 2650 885 ut
2680 830 2878 899 aliquis
2910 846 3012 885 non
3050 846 3195 888 recto
3220 835 3427 905 judicio
3451 852 3636 890 eormn
3673 838 3766 907 qui

2183 934 2423 993 prtesunt
2478 922 2737 978 Ecclesiae
2790 922 3120 992 depellatur,
3168 938 3223 981 et
3277 927 3423 984 foras
3488 931 3760 987 mittatur.

2183 1019 2289 1072 Sed
2339 1017 2455 1086 ipse
2503 1029 2609 1069 non
2650 1023 2778 1069 ante
2828 1016 2981 1079 exiit,
3023 1017 3130 1072 hoc
3164 1028 3269 1083 est,
3327 1021 3369 1074 si
3404 1037 3508 1074 non
3541 1022 3613 1075 ita
3655 1022 3765 1094 egit

2182 1120 2240 1163 ut
2277 1115 2576 1163 mereretur
2605 1105 2781 1169 exire,
2832 1106 2966 1161 nihil
3015 1108 3230 1163 laeditur
3277 1110 3329 1164 in
3364 1126 3449 1174 eo,
3482 1114 3622 1180 quod
3656 1129 3761 1166 non

2183 1208 2331 1253 recto
2356 1197 2565 1265 judicio
2600 1196 2668 1250 ab
2690 1194 3011 1255 hominibus
3045 1199 3260 1254 videtur
3286 1201 3562 1270 expulsus.
3594 1203 3660 1256 Et
3690 1204 3763 1258 ita

2183 1288 2243 1342 lit
2290 1296 2345 1341 ut
2377 1285 2651 1341 interdum
2700 1283 2792 1339 ille
2830 1286 2921 1355 qui
2977 1286 3124 1343 l'oras
3159 1290 3413 1354 mittitur,
3463 1293 3608 1347 intus
3647 1294 3760 1349 sit:

2177 1391 2233 1436 et
2263 1379 2354 1435 ille
2376 1378 2624 1450 τοι-εδ,ςυί
2651 1380 2801 1435 intus
2823 1378 3049 1435 retineri
3076 1380 3315 1436 videtur.
3348 1382 3441 1438 Vis
3466 1384 3559 1438 tibi
3586 1394 3764 1439 osteno

2178 1474 2303 1528 dam
2346 1482 2401 1527 et
2437 1472 2629 1541 alium,
2669 1472 2764 1544 qui
2810 1487 2840 1526 a
2878 1472 3025 1526 nullo
3048 1472 3255 1540 eiectus
3296 1475 3500 1529 exiisse
3526 1476 3764 1531 dicitur?

2179 1561 2453 1631 Scriptum
2484 1573 2569 1620 est
2603 1564 2670 1619 de
2697 1563 2833 1619 Cain
2858 1562 2925 1629 “,
2967 1567 3093 1632 quia
3145 1582 3165 1615 ο
3191 1565 3322 1619 exiit
3357 1581 3386 1618 a
3421 1566 3559 1620 facie
3593 1566 3707 1623 Dei.
3731 1584 3754 1620 ι

2177 1654 2293 1721 Quo
2329 1654 2463 1709 exiit
2505 1669 2535 1709 a
2586 1652 2724 1709 facie
2753 1654 2888 1709 Dei?
2942 1652 3042 1709 Ubi
3094 1657 3244 1711 enim
3282 1673 3387 1711 non
3439 1668 3559 1711 erat
3587 1659 3760 1715 facies

2180 1745 2318 1801 Dei?
2350 1746 2457 1801 Sed
2487 1744 2688 1801 exiisse
2719 1745 2940 1810 dicitur,
2988 1761 3086 1815 pro
3118 1762 3184 1800 eo
3211 1749 3354 1817 quod
3392 1747 3563 1816 legem
3599 1759 3761 1804 natu-

2104 1828 2145 1885 Ιῖ
2179 1856 2250 1893 ra:
2298 1853 2548 1909 egressus
2597 1847 2705 1905 est,
2753 1846 2805 1892 et
2849 1839 3096 1909 ignaram
3128 1841 3267 1894 tanti
3304 1840 3525 1897 sceleris
3552 1852 3757 1896 terram

2174 1932 2420 1987 fraterno
2470 1933 2740 2004 sanguine
2794 1934 3007 2004 primus
3039 1932 3250 1989 infecit.
3314 1932 3453 1987 Sunt
3491 1944 3670 1989 tamen
3703 1944 3759 1990 et

2173 2024 2263 2092 qui
2294 2023 2433 2078 bene
2458 2032 2680 2091 exeunt,
2713 2034 2769 2080 et
2813 2024 2957 2079 beati
2990 2034 3120 2080 sunt
3153 2024 3246 2096 qui
3295 2035 3519 2079 exeunt.
3559 2024 3757 2082 Osten-

2171 2114 2295 2166 dam
2349 2112 2512 2166 etiam
2552 2113 2653 2167 hoc
2705 2114 2771 2167 de
2805 2112 3121 2184 Scriptnris.
3163 2113 3218 2169 In
3252 2114 3439 2169 Exodo
3491 2117 3755 2186 scriptum

2171 2212 2253 2257 cst
2276 2201 2322 2233 ’⁸⁸
2360 2218 2374 2255 :
2414 2220 2432 2253 ι
2459 2201 2679 2267 Omnes,
2709 2203 2907 2271 inquit,
2948 2204 3037 2272 qui
3071 2207 3390 2274 quaerebant
3422 2221 3615 2260 nomen
3646 2206 3754 2261 Do-

2173 2294 2323 2355 mini,
2361 2294 2612 2348 exierunt
2640 2292 2786 2348 foras
2838 2295 2901 2348 ad
2936 2294 3150 2366 Moysen
3178 2305 3329 2350 extra
3361 2306 3561 2352 castra.
3594 2316 3612 2349 ι
3656 2296 3753 2352 Isti

2169 2386 2308 2441 bene
2337 2385 2588 2439 exierunt
2628 2396 2781 2439 extra
2814 2396 3020 2450 castra,
3058 2386 3151 2456 qui
3200 2388 3574 2456 sequebantur
3602 2388 3752 2460 Moy-

2169 2493 2287 2542 sen,
2324 2478 2373 2533 id
2403 2492 2508 2543 eSl,
2540 2478 2711 2549 legem
2734 2479 2851 2535 Dei.
2895 2480 2962 2535 Et
2992 2480 3058 2534 de
3084 2479 3208 2536 aliis
3235 2480 3436 2535 dicitur
3459 2481 3543 2536 “:
3581 2499 3599 2533 ι
3624 2482 3753 2535 Exi-

2172 2583 2247 2636 te,
2281 2572 2513 2642 popnlus
2543 2588 2717 2638 meus,
2749 2572 2815 2627 de
2846 2573 3021 2627 medio
3062 2588 3273 2639 eorum,
3324 2582 3376 2627 et
3409 2574 3747 2629 iuunnndum

2168 2664 2335 2718 nolite
2367 2665 2704 2735 contingere.
2734 2682 2755 2717 ι
2788 2663 2933 2720 Exiit
2958 2680 3110 2737 ergo,
3154 2666 3345 2735 inquit,
3385 2666 3524 2721 [ilius
3557 2668 3751 2720 mulLe—

2169 2763 2241 2816 ris
2276 2760 2616 2826 lsraelitidis,
2649 2770 2700 2815 et
2733 2762 2819 2815 hic
2847 2769 2969 2816 erat
3019 2762 3162 2816 Illius
3193 2760 3455 2833 Egyptii,
3503 2761 3645 2815 inter
3681 2762 3748 2815 {i-

2166 2857 2266 2910 llos
2299 2854 2485 2919 Israel,
2518 2863 2573 2908 et
2625 2854 2977 2923 litigaverunt
3012 2853 3063 2906 in
3116 2854 3330 2921 castris,
3384 2852 3472 2907 ille
3504 2854 3595 2923 qui
3625 2862 3747 2908 erat

2165 2946 2278 3019 (‘25)
2314 2962 2377 3000 ex
2412 2945 2713 3001 lsraelitide
2764 2944 2989 2998 muliere
3025 2954 3077 2998 et
3115 2944 3276 2998 homo
3308 2944 3570 2998 Israelita.
3614 2944 3746 2999 Vide

2162 3050 2361 3110 quanta
2416 3039 2626 3093 cautela
2660 3038 2958 3107 Scripturae
3012 3038 3229 3103 divina),
3281 3038 3322 3093 si
3353 3048 3531 3092 tamen
3562 3040 3745 3092 inlen-

2163 3136 2280 3195 das,
2309 3133 2355 3187 si
2378 3133 2666 3197 diligenter
2694 3131 2952 3199 inspicias
2982 3148 2995 3184 :
3030 3131 3176 3185 illum
3215 3133 3309 3202 qui
3344 3133 3408 3186 de
3437 3131 3742 3185 lsraelitide

2164 3236 2338 3281 matre
2389 3234 2444 3280 et
2489 3226 2555 3280 de
2616 3224 2875 3296 Egyptio
2918 3232 3072 3294 patre
3123 3234 3282 3279 natus
3312 3235 3421 3289 εει,
3463 3241 3567 3277 non
3605 3224 3741 3277 dixit

2164 3318 2443 3373 hominem
2478 3333 2493 3383 ;
2530 3315 2679 3370 illum
2717 3331 2845 3369 vero
2879 3316 2971 3384 qui
2999 3329 3063 3369 ex
3098 3325 3326 3384 utroque
3348 3330 3544 3385 genere
3568 3313 3745 3367 lsrae-

2161 3410 2256 3463 lita
2286 3420 2404 3463 crat
2440 3407 2715 3475 hominem
2754 3407 3074 3461 nominatit.
3118 3404 3376 3459 Putautus
3406 3407 3520 3460 hsce
3551 3405 3744 3461 fortui-

2160 3512 2213 3555 tu
2250 3500 2489 3570 scripta?
2530 3499 2789 3554 Putamns
2819 3514 2947 3552 casu
2984 3497 3281 3567 adjectum,
3316 3507 3373 3552 ut
3404 3497 3490 3551 ille
3522 3514 3625 3550 non
3655 3496 3755 3550 di—

2158 3603 2374 3649 ceretur
2406 3593 2592 3654 homo,
2641 3599 2695 3645 et
2727 3590 2814 3644 hic
2849 3588 3160 3643 diceretur?
3197 3586 3314 3642 Non
3343 3597 3467 3641 sunt
3495 3588 3593 3640 ista
3626 3586 3734 3639 for-

2158 3687 2314 3749 tuita,
2375 3685 2514 3738 ratio
2567 3695 2673 3739 est.
2717 3680 2859 3736 Nihil
2886 3680 3031 3735 enim
3084 3681 3136 3734 in
3177 3680 3359 3734 verbis
3391 3680 3483 3733 Dei
3533 3680 3738 3747 absque

2158 3776 2425 3849 profunda
2456 3776 2669 3832 ratione
2696 3772 3064 3842 conscriptum
3109 3781 3214 3827 est.
3257 3772 3349 3825 ille
3379 3786 3611 3839 namque
3644 3771 3735 3839 qui

2156 3889 2221 3927 ex
2262 3880 2415 3942 parte
2451 3867 2765 3939 Egyptius,
2818 3881 2882 3921 ex
2930 3874 3085 3937 parte
3132 3863 3379 3919 Israelita
3410 3872 3551 3928 erat,
3602 3877 3740 3916 nou-

2156 3965 2283 4019 dum
2321 3962 2634 4017 merebatur
2659 3958 2847 4029 _homo
2901 3956 3196 4012 nominari.
3238 3952 3343 4010 lste
3376 3968 3503 4008 vero
3536 3955 3629 4025 qui
3668 3967 3733 4007 ex

2156 4056 2370 4127 integro
2395 4052 2645 4108 Israelita
2672 4060 2813 4113 erat,
2844 4049 2943 4103 hoc
2972 4058 3076 4113 est,
3124 4046 3215 4118 qui
3249 4055 3430 4101 mente
3460 4045 3623 4100 Deum
3656 4042 3737 4097 vi-

2155 4151 2336 4215 debat,
2393 4148 2497 4203 iste
2547 4148 2711 4202 homo
2761 4143 3088 4213 appellatur,
3137 4142 3226 4197 ille
3270 4144 3432 4196 homo
3483 4138 3734 4203 interier,

2154 4243 2245 4312 qui
2283 4244 2350 4296 ad
2396 4240 2687 4310 imaginem
2740 4237 2836 4293 Dei
2886 4235 3062 4292 factus
3094 4244 3200 4300 est,
3248 4243 3303 4289 et
3330 4242 3509 4303 potest
3551 4232 3736 4286 videre

2156 4335 2348 4389 Deum.

2223 4426 2279 4483 4.
2318 4424 2445 4480 Post
2480 4426 2596 4481 haec
2621 4422 2733 4492 jam
2765 4436 2884 4491 quae
2911 4419 2964 4473 in
2999 4414 3391 4487 posterioribus
3424 4410 3737 4467 referuntur

467 4518 655 4570 reddet
674 4524 728 4569 ct
756 4516 989 4570 cineres.
1034 4513 1089 4567 Si
1121 4526 1250 4566 vero
1281 4512 1577 4566 accesserit
1607 4513 1673 4565 ad
1703 4527 1917 4580 aurum,
1947 4527 2044 4566 au-
2077 4530 2121 4585 ι)
2155 4535 2261 4575 non
2295 4519 2501 4588 absque
2533 4517 2769 4587 quadam
2801 4510 3104 4581 quaestione
3152 4514 3302 4571 sunt,
3336 4504 3403 4558 de
3446 4518 3551 4572 qua
3579 4501 3733 4554 multi

470 4625 589 4663 rum
639 4607 826 4677 purius
874 4605 1081 4659 reddet.
1124 4602 1253 4656 Hzec
1300 4604 1458 4657 nobis
1504 4606 1646 4657 dicta
1677 4604 1787 4658 sint
1816 4619 1910 4674 pro
1939 4604 2044 4668 bis,

464 4701 558 4770 qui
585 4700 863 4770 negligant
881 4698 993 4752 oris
1021 4696 1268 4750 maledici
1294 4697 1739 4752 consuetudinem
1763 4709 2045 4753 resecare:

464 4794 553 4860 qui
584 4791 802 4846 etiamsi
834 4804 939 4843 non
993 4804 1057 4843 ex
1092 4787 1256 4843 corde
1297 4787 1643 4852 maledicam,
1692 4787 1906 4843 etiamsi
1938 4804 2044 4843 non

467 4894 592 4937 voto
623 4894 679 4938 et
730 4882 915 4937 animo
966 4880 1151 4948 iniquo
1205 4880 1482 4949 proferant
1526 4879 1833 4945 maledicta,
1866 4889 2043 4935 tamen

466 4975 863 5030 immunditiam
897 4972 1162 5029 labiorum
1211 4974 1507 5030 secundum
1536 4973 1687 5028 Isaiae
1723 4975 1947 5031 verbum
1971 4974 2041 5042 “,

462 5078 511 5122 et
545 5067 956 5135 inquinamenta
988 5066 1101 5120 oris
1152 5067 1461 5121 incurrunt.
1502 5063 1608 5118 Iste
1644 5074 1825 5120 tamen
1852 5066 1943 5135 qui
1980 5066 2046 5121 li—

462 5174 549 5220 cet
581 5174 753 5219 matre
789 5161 1115 5224 lsraelitide,
1163 5160 1418 5231 IEgyptio
1458 5169 1636 5214 tamen
1669 5169 1822 5228 patre
1851 5174 2044 5232 proge-

463 5259 609 5311 nitus
641 5263 748 5319 est,
781 5253 916 5308 exiit
962 5260 1018 5307 et
1048 5253 1336 5307 nominans
1386 5265 1585 5306 nomen
1624 5251 1925 5306 maledixit.
1968 5249 2045 5306 De

463 5361 570 5415 quo
599 5360 699 5417 ego
745 5354 877 5415 puto
924 5342 1067 5413 quod
1120 5343 1227 5397 nisi
1255 5341 1501 5403 exiisset.
1530 5356 1627 5395 nec
1658 5341 1923 5412 litigasset
1948 5341 2046 5395 ad-

464 5451 681 5492 versum
719 5449 909 5491 verum
960 5433 1284 5500 lsraelitam,
1342 5448 1443 5489 nec
1480 5432 1766 5490 nominans
1816 5432 2046 5488 maledi-

532 5600 578 5631 δο
603 5599 788 5653 Matth.
812 5615 865 5662 ν,
889 5598 941 5653 3.
1054 5600 1095 5631 ιι
1121 5599 1278 5654 Joan.
1307 5614 1416 5661 xiv,
1441 5598 1497 5652 2.
1611 5597 1657 5631 “
1686 5596 1853 5654 lCor.
1880 5613 1964 5665 tn,
1994 5596 2084 5653 12.

461 5668 507 5701 ⁸⁵
531 5668 633 5723 lsa.
664 5685 756 5735 LII,
780 5670 866 5722 11.
938 5670 983 5701 ⁵⁷
1012 5669 1185 5724 Levit.
1213 5685 1362 5733 xxiv,
1393 5669 1477 5722 15.

535 5783 645 5855 (29,)
673 5785 851 5855 codex
882 5786 1191 5855 Sangerm.,
1229 5805 1246 5836 ι
1273 5785 1560 5855 concessit.
1598 5803 1616 5835 ι

538 5854 647 5927 (25)
709 5854 864 5912 Erat.

2154 4621 2482 4683 quaerentes,
2534 4625 2637 4663 non
2688 4606 2857 4661 multa
2891 4602 3165 4671 explicare
3197 4603 3512 4668 potuerunt.
3552 4591 3657 4648 Sed
3689 4592 3734 4646 si

2153 4702 2349 4758 vestris
2384 4716 2470 4755 me
2510 4696 2855 4755 orationibus
2884 4690 3167 4764 iuvet-itis,
3209 4685 3543 4742 tentabimus
3569 4684 3735 4737 etiam

2152 4809 2253 4851 nos
2301 4793 2354 4846 in
2412 4789 2648 4844 medium
2699 4785 2967 4854 proferre,
3023 4797 3144 4852 quae
3191 4778 3455 4834 Dominus
3502 4775 3734 4831 dederit.

2156 4902 2172 4933 ι
2200 4880 2396 4947 Homo,
2444 4875 2709 4946 inquit",
2758 4876 2801 4929 sl
2835 4872 3179 4928 maledixerit
3205 4870 3400 4933 Deum,
3450 4877 3733 4938 peecatmn

2151 4972 2404 5043 accipiet.
2446 4968 2548 5036 Qui
2592 4976 2773 5022 autem
2799 4966 3259 5020 nominatnomen
3297 4961 3530 5024 Domini,
3563 4970 3739 5016 morte

2150 5064 2434 5118 moriatur.
2466 5078 2486 5113 ι
2552 5056 2691 5125 Quid
2726 5063 2809 5110 est
2846 5054 2982 5109 hoc?
3038 5052 3140 5118 Qui
3188 5050 3532 5105 maledixerit
3567 5050 3735 5104 Deum

2148 5169 2256 5208 non
2288 5151 2454 5206 habet
2484 5165 2699 5220 pinnam
2728 5146 2943 5207 mortis,
2978 5143 3071 5199 sed
3103 5143 3192 5211 qui
3238 5141 3600 5196 nominaverit
3637 5154 3732 5193 nov

2149 5261 2272 5301 men
2306 5242 2564 5299 Domini?
2615 5241 2808 5297 Nonne
2834 5236 3004 5292 multo
3034 5236 3255 5306 gravius
3295 5242 3378 5288 est
3407 5231 3729 5287 maledicere

2150 5338 2339 5402 Deum,
2372 5352 2533 5407 quam
2585 5335 2889 5395 nominare,
2925 5327 3176 5398 quamvis
3219 5326 3272 5380 in
3326 5328 3519 5379 vanam
3554 5312 3729 5367 nomi-

2148 5445 2308 5486 nasse
2339 5425 2593 5483 dicatur?
2636 5424 2704 5480 Et
2752 5423 3024 5494 quomodo
3068 5420 3159 5491 qui
3206 5408 3498 5472 maledicit.
3535 5417 3727 5473 Pecca-

2198 5592 2245 5624 δ³
2268 5590 2373 5644 lsa.
2398 5601 2474 5651 vr,
2499 5584 2551 5637 5.
2667 5582 2713 5613 δι
2730 5581 2869 5634 Gen.
2895 5590 2971 5644 tv,
2998 5571 3087 5629 16.
3174 5568 3219 5601 “
3246 5568 3414 5623 Exod.
3446 5580 3641 5630 xxxm,
3665 5564 3721 5623 7.

968 5833 1214 5914 ii’e'ééi'ii.
1234 5833 1560 5932 animai;
1585 5833 1767 5921 editis,
1801 5854 1897 5909 sed
1921 5847 2199 5921 suppletur
2227 5859 2257 5899 e
2295 5833 2704 5905 manuscriptls.
