4124 6414
526 395 631 450 55!

1662 386 1727 439 IN
1770 382 2143 439 LEVlTlCUM
2185 381 2473 438 HOMILIA
2510 382 2626 438 XV.

3692 384 3795 438 ΒΓΗ

529 526 641 570 tum
688 512 912 583 suscipit
962 521 1202 577 tantum;
1244 510 1332 578 qui
1386 518 1565 562 autem
1616 508 1883 572 nominat,
1936 516 2108 560 morte
2138 508 2181 564 Α
2215 505 2324 558 vita
2366 504 2499 558 nihil
2536 505 2818 573 patiuntur
2850 502 3086 567 adversi,
3122 504 3213 558 sed
3247 514 3438 558 cuncta
3489 503 3570 560 eis
3636 520 3794 574 pros--

531 606 827 662 multatur?
878 604 1004 659 limo
1036 619 1167 674 ergo
1212 613 1358 668 sunt,
1406 618 1525 671 qua:
1558 601 1610 655 in
1644 601 1747 655 hoc
1779 600 1897 654 loco
1928 599 2108 655 solent

531 699 882 766 qua‘stionem
947 710 1185 761 movere,
1250 709 1371 764 qua:
1433 693 1813 763 ignorantibus
1885 707 2106 747 sensum

534 790 969 859 Scripturarum,
1025 789 1485 855 inconsequentcr
1545 786 1687 840 dicta
1741 785 1993 839 videntur
2057 793 2112 838 et

532 878 844 949 incongrue.
884 877 1085 932 Putant
1118 877 1261 932 enim
1297 877 1439 947 quod
1490 876 1578 930 ille
1628 874 1719 944 qui
1770 891 1967 930 nomen
2017 876 2107 930 Dei

536 971 827 1036 maledicit,
878 971 1060 1025 statim
1118 970 1292 1040 puniri
1330 969 1555 1034 debeat;
1592 968 1680 1022 ille
1727 982 1855 1022 vero
1888 968 1978 1037 qui
2010 983 2108 1022 no-

537 1065 847 1130 minaverit,
898 1063 1125 1119 sufﬁciat
1170 1061 1445 1130 accepisse
1492 1071 1793 1130 peccatum.
1857 1061 1965 1115 Sed
2013 1075 2110 1114 nos

534 1156 981 1225 consequentiam
1031 1157 1299 1209 sermonis
1348 1155 1438 1209 tali
1476 1155 1710 1224 quodam
1742 1168 1903 1208 sensu
1940 1163 2111 1207 tente-

530 1263 649 1302 mus
675 1248 910 1316 aperire.
953 1247 1125 1317 Maius
1160 1262 1280 1302 esse
1325 1254 1605 1316 peccatum
1654 1246 1706 1300 in
1741 1261 1849 1316 quo
1881 1245 2107 1300 maledi-

532 1339 672 1392 citur
699 1339 860 1404 Deus,
913 1356 1075 1410 quam
1124 1341 1177 1395 in
1214 1356 1320 1410 quo
1357 1339 1692 1405 nominatur,
1725 1339 1974 1394 dubitare
2002 1356 2106 1394 non

534 1443 841 1497 possumus.
902 1431 1093 1487 Restat
1121 1441 1180 1486 ut
1229 1430 1580 1487 ostendamus
1630 1431 1799 1485 multo
1835 1444 1956 1487 esse
1986 1448 2111 1501 gra-

534 1520 654 1574 vius
697 1521 945 1589 accipere
998 1531 1300 1590 peccatum,
1354 1531 1406 1576 et
1443 1522 1646 1577 habere
1689 1536 1895 1584 secum,
1947 1538 2110 1592 quam

531 1620 707 1668 morte
754 1614 990 1669 multari.
1053 1612 1195 1668 Mors
1251 1629 1372 1682 qutc
1418 1629 1593 1684 pinna:
1661 1630 1825 1669 causa
1882 1613 2113 1668 infertur

529 1725 629 1779 pro
661 1715 905 1779 peccato,
937 1706 1189 1777 purgatio
1210 1715 1291 1761 est
1317 1707 1525 1776 peccati
1561 1704 1730 1775 ipsius
1761 1720 1857 1776 pro
1896 1720 2004 1774 quo
2027 1705 2113 1773 ju-

532 1803 691 1858 betur
726 1799 940 1856 inferri.
982 1800 1295 1854 Absolvitur
1329 1812 1460 1868 ergo
1517 1806 1798 1867 peccatum
1846 1813 1943 1867 per
1993 1812 2110 1867 pte-

532 1908 656 1947 nam
708 1891 920 1955 mortis,
981 1904 1080 1944 nec
1129 1896 1380 1959 superest
1432 1886 1659 1956 aliquid,
1710 1887 1853 1957 quod
1882 1902 1979 1956 pro
2006 1885 2109 1941 hoe

530 1986 759 2039 crimine
802 1981 992 2054 iudicii
1026 1982 1142 2036 dies
1174 1990 1230 2036 et
1256 1994 1416 2049 ptena
1456 1979 1642 2035 aeterni
1675 1980 1813 2049 ignis
1840 1980 2106 2034 inveniat.

532 2076 634 2132 Ubi
661 2091 790 2133 vero
822 2075 944 2145 quis
973 2074 1173 2145 accipit
1198 2084 1501 2145 peccatum,
1537 2072 1701 2129 habet
1730 2073 1860 2127 illud
1899 2088 2106 2142 secum,

532 2187 596 2226 ac
626 2179 910 2242 permanet
960 2185 1083 2225 cum
1115 2170 1252 2240 ipso,
1293 2183 1395 2223 nec
1421 2166 1604 2238 aliquo
1655 2166 1920 2236 supplicio
1946 2182 2108 2237 pteua

529 2278 651 2335 qua:
680 2264 902 2319 diluitur
932 2261 1148 2327 transit,
1179 2276 1302 2316 cum
1350 2261 1465 2331 ipso
1492 2274 1577 2315 est
1605 2260 1768 2315 etiam
1815 2269 1935 2331 post
1966 2273 2111 2313 mor-

534 2366 640 2411 tem
672 2374 685 2411 :
715 2365 771 2412 et
797 2355 924 2426 quia
973 2355 1289 2423 temporalia
1336 2354 1426 2409 hic
1458 2368 1562 2408 non
1594 2352 1874 2423 persolvit,
1910 2352 1982 2407 ibi
2014 2366 2111 2407 ex-

530 2448 718 2519 pendit
748 2457 949 2503 aeterna
984 2446 1267 2517 supplicia.
1309 2445 1470 2502 Vides
1498 2460 1629 2517 ergo
1657 2457 1860 2516 quanto
1888 2445 2109 2517 gravius

531 2542 605 2595 sit
636 2540 885 2612 accipere
929 2550 1236 2610 peccatum,
1276 2555 1438 2610 quam
1472 2550 1646 2594 morte
1695 2539 1967 2594 mulctari.
2011 2539 2111 2595 llic

530 2634 675 2689 enim
713 2649 859 2688 mors
886 2646 985 2703 pro
1011 2632 1245 2687 vindicta
1277 2632 1456 2701 datur,
1485 2640 1541 2687 et
1565 2631 1708 2700 apud
1732 2632 1939 2700 justum
1958 2630 2108 2702 judi-

529 2739 649 2778 cem
681 2723 966 2777 Dominum
998 2739 1104 2777 non
1134 2724 1442 2778 vindicatur
1482 2725 1567 2779 bis
1600 2725 1650 2778 in
1687 2725 1941 2794 idipsum,
1969 2725 2110 2780 sicut

532 2816 791 2885 propheta
814 2815 951 2869 dixit
972 2812 1040 2867 ⁸⁸.
1085 2812 1185 2869 Ubi
1211 2823 1389 2869 autem
1416 2830 1521 2870 non
1546 2815 1819 2871 estsoluta
1846 2816 2108 2883 vindicta,

532 2920 808 2976 peccatum
850 2918 1036 2963 manet
1077 2908 1184 2962 illis
1225 2909 1445 2964 aeternis
1494 2910 1709 2981 ignibus
1760 2913 2111 2981 exstinguen—

532 3004 679 3055 dum.
731 3001 882 3066 Quod
922 3009 1098 3053 autem
1124 3000 1235 3071 (94)
1266 3000 1379 3054 haec
1417 3002 1487 3054 ita
1514 3017 1572 3057 se
1596 3003 1849 3066 habeant,
1888 3020 2111 3072 possunt

528 3095 626 3148 tibi
654 3104 821 3150 testes
843 3111 908 3149 ex
932 3094 1131 3150 divinis
1156 3095 1523 3150 voluminibus
1553 3096 1812 3152 adhibere
1836 3098 2029 3153 Ruben
2057 3107 2112 3154 et

525 3191 551 3250 J
561 3194 719 3249 udam
743 3193 1078 3263 patriarchas
1099 3193 1383 3263 loquentes
1405 3194 1473 3249 ad
1508 3202 1715 3264 patrem
1740 3210 1896 3249 suum
1917 3196 2105 3263 Jacob,
2136 3200 2181 3257 C

526 3305 650 3344 cum
674 3291 876 3346 vellent
895 3306 1174 3346 assumere
1194 3307 1377 3346 secum
1401 3291 1703 3361 Beniamin,
1730 3302 1784 3347 et
1818 3294 2019 3349 ducere
2040 3297 2108 3351 ad

525 3382 682 3453 26],
742 3383 1072 3455 Egyptum,
1122 3394 1346 3455 propter
1383 3386 1732 3454 sponsionem
1772 3402 1933 3455 quam
1982 3403 2107 3442 cum

514 3460 733 3543 ‘Joscph
761 3474 931 3529 l'ratre
966 3476 1300 3545 pepigerant.
1334 3474 1408 3530 lbi
1444 3490 1578 3546 ergo
1632 3475 1823 3532 Ruben
1858 3479 1931 3534 ita
1978 3479 2112 3535 dicit

532 3565 599 3615 ad
629 3573 837 3632 patrem
868 3564 912 3596 ⁸⁸
953 3586 964 3620 :
996 3583 1015 3617 ι
1052 3565 1257 3619 Ambos
1291 3564 1431 3621 ﬁlios
1471 3582 1619 3622 meos
1647 3569 1854 3633 occide,
1889 3570 1992 3626 nisi
2026 3587 2110 3626 re-

532 3657 737 3713 duxero
773 3656 839 3711 ad
873 3665 923 3712 te
958 3657 1261 3725 Beniamin.
1304 3677 1323 3710 ι
1356 3657 1524 3714 ludas
1549 3675 1680 3714 vero
1707 3661 1783 3714 ait
1812 3662 1859 3695 ⁸ο
1892 3679 1906 3716 :
1946 3663 2110 3718 «Pec-

531 3755 685 3802 cator
707 3762 803 3802 ero
834 3747 887 3802 in
925 3758 977 3804 te
1035 3748 1137 3803 nisi
1191 3752 1461 3805 reduxero
1516 3768 1638 3806 emn
1697 3753 1814 3808 tibi.
1862 3773 1881 3806 ι
1943 3754 2110 3812 Jacob

533 3855 663 3910 ergo
687 3850 847 3911 pater
875 3841 1116 3911 ipsorum
1147 3842 1328 3898 sciens
1365 3843 1533 3899 multo
1570 3859 1691 3900 esse
1719 3848 1937 3916 gravius
1964 3849 2108 3918 quod

535 3932 861 3998 promiserat
893 3933 1083 4003 Judas,
1115 3935 1205 4005 qtti
1260 3937 1496 4000 dixerat,
1540 3954 1559 3988 ι
1594 3935 1859 3993 Peccator
1904 3955 2000 3993 ero
2053 3941 2110 3994 in

535 4034 607 4089 te,
646 4045 666 4078 ι
706 4027 774 4080 ab
800 4043 865 4082 eo
887 4030 978 4096 qui
1003 4028 1235 4093 dixerat,
1274 4046 1293 4079 ε
1334 4028 1532 4086 Occide
1561 4031 1905 4109 ﬁliosmeos,
1940 4052 1959 4086 ι
2001 4034 2111 4088 Ru-

538 4116 638 4172 ben
668 4117 886 4186 quidem
920 4134 1027 4172 non
1056 4119 1287 4174 credidit
1322 4120 1492 4175 lilium
1526 4131 1781 4191 tanquam
1812 4124 1902 4193 qni
1944 4124 2112 4179 levioo

536 4227 645 4265 rem
677 4211 901 4279 elegerit
928 4210 1331 4281 pmuamJudte
1366 4229 1493 4269 vero
1517 4216 1758 4285 tradidit,
1792 4217 1970 4272 svicns
1995 4232 2113 4286 gra-

534 4307 654 4361 vius
682 4322 805 4362 esse
842 4308 983 4376 quod
1011 4305 1272 4376 elegerat.
1329 4306 1446 4363 lloc
1506 4323 1638 4378 ergo
1693 4309 1858 4365 modo
1911 4324 2112 4364 conve-

536 4396 752 4449 nienter
776 4398 987 4464 aptavit
1022 4396 1301 4465 Scriptura
1353 4397 1534 4452 divina
1580 4397 1630 4452 ei
1682 4399 1773 4466 qui
1832 4398 2113 4453 maledixit

538 4485 727 4551 Deum,
765 4496 823 4540 ut
862 4496 1146 4556 peccatum
1178 4496 1401 4553 sumat;
1437 4487 1487 4541 ei
1518 4502 1649 4542 vero
1687 4489 1777 4556 qui
1814 4487 1984 4543 levius
2014 4490 2110 4542 de-

537 4577 712 4645 liquit,
737 4579 878 4644 quod
907 4589 1083 4633 morte
1119 4580 1407 4634 moriatur.
1432 4579 1524 4634 Vis
1560 4589 1739 4635 autem
1768 4583 1906 4636 etde
1937 4580 2109 4635 Evan-

535 4669 691 4736 geliis
718 4685 944 4724 noscere
974 4671 1121 4739 quod
1151 4671 1243 4740 qtti
1276 4671 1545 4741 receperit
1592 4672 1642 4726 in
1696 4672 1803 4726 hac
1824 4672 1934 4726 vita
1965 4674 2104 4727 mala

534 4773 653 4825 sua,
685 4761 756 4814 ibi
777 4761 889 4829 jam
923 4777 1028 4815 non
1060 4763 1319 4832 recipiat:
1347 4764 1441 4833 qui
1472 4774 1654 4819 autem
1694 4764 1783 4819 hic
1814 4780 1921 4820 non
1955 4779 2109 4821 rece-

533 4853 694 4919 perit,
729 4854 799 4906 ibi
832 4852 1128 4908 serventur
1165 4854 1215 4908 ei
1262 4854 1489 4909 omnia?
1549 4853 1718 4909 Docet
1774 4870 1870 4910 nos
1922 4870 2112 4910 exem-

534 4946 680 5011 plum
708 4944 900 4999 Lazarl
934 4947 1209 5016 pauperis,
1233 4958 1289 5001 et
1317 4947 1463 5001 illius
1487 4947 1695 5013 divitis,
1726 4947 1793 5002 ad
1827 4963 1986 5017 quem
2028 4948 2112 5001 di-

533 5038 676 5091 citur
709 5038 765 5092 in
798 5037 1025 5094 infernis
1048 5054 1076 5092 a
1108 5039 1422 5108 patriarcha
1456 5039 1731 5094 Abraham
1766 5041 1809 5073 ⁸¹
1844 5058 1857 5094 :
1919 5058 1937 5091 ι
1998 5040 2108 5096 Meo

533 5139 736 5193 mento,
770 5127 867 5192 illi,
897 5128 1156 5197 quoniam
1199 5138 1254 5181 ttt
1281 5129 1536 5198 recepisti
1569 5131 1706 5185 bona
1739 5131 1791 5184 in
1848 5130 1954 5185 vita
1997 5142 2109 5196 ttta,

535 5226 583 5265 et
618 5216 861 5273 Lazarus
888 5218 1138 5273 similiter
1161 5218 1327 5271 mala.
1362 5218 1517 5275 Nunc
1563 5229 1743 5274 autem
1783 5230 1837 5273 tu
1888 5222 2108 5291 quidem

536 5307 817 5374 cruciaris,
847 5308 937 5363 hic
960 5323 1089 5363 vero
1129 5307 1442 5378 requiescit.
1492 5327 1511 5361 ι
1569 5309 1633 5363 Ει
1661 5310 1837 5363 solent
1865 5308 2112 5364 homines

535 5392 846 5463 ignorantes
880 5398 1085 5463 iudicia
1128 5399 1244 5460 Dei.
1282 5414 1401 5468 qua:
1453 5408 1582 5454 sunt
1632 5399 1867 5469 abyssus
1915 5400 2109 5463 multa,

514 5486 796 5563 conqueri
826 5486 1113 5543 adversum
1156 5490 1344 5555 Deum,
1373 5501 1429 5545 et
1450 5491 1635 5547 dicere
1671 5508 1684 5544 :
1716 5490 1828 5545 Cur
1861 5492 2111 5548 homines

535 5577 727 5647 iniqui,
756 5577 1016 5648 etinjusﬁ
1052 5591 1316 5651 raptores,
1367 5584 1542 5653 impii,
1584 5583 1828 5647 scelesti,
1887 5585 1940 5639 in
2009 5587 2112 5642 hac

603 5716 648 5749 ⁸³
671 5716 899 5785 Nahum,
925 5735 963 5787 ι,
988 5721 1039 5789 8,
1067 5722 1120 5776 9.
1216 5722 1259 5754 "
1290 5723 1424 5779 Gen.
1460 5740 1592 5793 xui,
1622 5726 1712 5782 '57.

1805 5728 1850 5759 ⁸⁰
1879 5726 2014 5783 Gen.
2045 5741 2207 5795 mn,
2230 5727 2285 5782 9.

2214 598 2362 667 peris
2394 596 2738 651 successibus
2767 598 2984 660 cedunt,
3015 598 3271 662 honores,
3320 598 3545 663 divitiae,
3601 610 3795 669 poten-

2212 689 2544 750 tia,sanitas
2569 705 2785 758 quoque
2811 690 2890 744 eis
2943 692 3056 758 ipsa
3112 700 3168 745 et
3224 692 3467 759 corporis
3528 692 3791 748 habitudo

2214 780 2598 835 famulantur?
2632 781 2868 836 Econtra
2897 782 3301 847 innocentibus,
3331 799 3395 838 ae
3427 785 3556 852 piis,
3603 793 3656 839 et
3694 801 3791 840 co-

2214 872 2447 928 lentibus
2501 874 2668 927 Deum
2731 874 3154 928 innumerabiles
3209 889 3467 930 aerumna
3526 891 3791 946 superve-

2210 965 2608 1033 niunt,abjecti
2635 976 2687 1021 et
2716 965 2983 1028 humiles,
3018 968 3315 1035 cantempti
3372 976 3427 1020 et
3487 970 3587 1023 sub
3638 971 3790 1022 cola-

2212 1059 2336 1127 phis
2366 1060 2664 1129 potentium
2698 1060 2909 1127 vivunt,
2944 1075 3330 1129 nonnunquam
3384 1061 3549 1114 etiam
3593 1062 3793 1116 saevius

2212 1149 2293 1202 eis
2321 1149 2493 1203 morbi
2526 1165 2742 1219 quoque
2770 1152 2940 1219 ipsius
2975 1152 3225 1220 corporis
3269 1153 3649 1208 dominantur.
3685 1151 3792 1207 Sed

2215 1242 2351 1306 haec,
2379 1249 2438 1295 ut
2486 1242 2615 1306 dixi,
2671 1254 3075 1312 conqueruntnr
3121 1246 3435 1313 ignorantes
3463 1244 3555 1311 qui
3586 1245 3659 1297 sit
3703 1259 3793 1295 or-

2214 1334 2283 1385 do
2318 1331 2370 1385 in
2404 1333 2604 1387 divinis
2637 1332 2880 1402 judiciis.
2937 1334 3154 1401 Quanto
3213 1335 3358 1389 enim
3419 1336 3639 1405 gravius
3698 1351 3792 1389 eos

2215 1424 2396 1491 puniri
2438 1424 2644 1489 volunt,
2679 1425 2746 1479 de
2766 1439 2997 1494 quorum
3033 1427 3273 1495 potentia
3309 1434 3365 1480 et
3411 1424 3792 1494 iniquitatibus

2218 1516 2603 1585 ingemiscant,
2631 1526 2781 1571 tanto
2813 1519 3182 1573 necessarium
3218 1527 3302 1573 est
3338 1517 3543 1572 diil‘erri
3575 1532 3791 1586 pinnas,

2215 1623 2334 1677 quae
2361 1608 2405 1662 si
2441 1624 2545 1663 non
2574 1607 2948 1678 dill‘errentur,
2973 1610 3299 1679 temporales
3331 1611 3517 1680 utique
3535 1620 3592 1665 et
3618 1610 3791 1665 levio-

2217 1712 2305 1754 res
2328 1710 2531 1765 essent,
2561 1704 2685 1770 quia
2718 1700 2878 1754 ﬁnem
2913 1716 3037 1756 cum
3063 1711 3239 1757 morte
3269 1704 3611 1770 reciperent;
3645 1718 3790 1755 nunc

2215 1803 2344 1843 vero
2401 1789 2525 1858 quia
2577 1790 2901 1845 diﬂeruntur
2928 1830 2943 1856 ,
2990 1801 3201 1846 certum
3261 1801 3345 1846 cst
3391 1794 3537 1862 quod
3575 1803 3794 1848 teternze

2214 1889 2374 1934 erunt
2404 1892 2606 1935 etcum
2632 1881 2847 1936 saeculis
2873 1884 3258 1937 emendentur.
3286 1882 3521 1938 Eeontra
3550 1884 3716 1954 igitur
3744 1887 3792 1938 si

2214 1971 2380 2025 velint
2419 1971 2584 2041 justis
2645 1981 2702 2027 et
2755 1974 3140 2030 innocentibus
3182 1974 3236 2029 in
3288 1978 3541 2044 praesenti
3593 1978 3795 2033 saeculo

2213 2064 2351 2119 bona
2378 2065 2551 2130 reddi,
2589 2074 2774 2121 essent
2805 2066 2975 2121 etiam
3008 2067 3121 2136 ipsa
3170 2068 3308 2121 bona
3369 2069 3685 2138 temporalia
3739 2082 3794 2125 et

2211 2155 2375 2210 celeri
2407 2157 2642 2211 termino
2667 2157 3064 2212 concludenda.
3099 2155 3325 2223 Quanto
3383 2168 3568 2213 autem
3619 2160 3795 2228 magis

2213 2246 2543 2302 did‘eruntur
2576 2248 2628 2301 in
2656 2247 2919 2315 futurum,
2954 2258 3103 2303 tanto
3134 2249 3305 2318 magis
3330 2260 3486 2304 erunt
3527 2262 3790 2320 perpetua

2213 2350 2269 2395 et
2293 2340 2542 2395 nescient
2576 2337 2762 2395 tinem.
2791 2339 2903 2394 Hoc
2931 2349 3015 2397 est
3049 2353 3203 2410 ergo,
3235 2342 3378 2410 quod
3421 2358 3521 2397 nos
3542 2343 3793 2412 Scriptu-

2214 2452 2288 2491 ra:
2321 2435 2484 2504 hujus
2516 2436 2667 2491 locus
2724 2436 2915 2506 paucis
2957 2438 3306 2492 sermonibus
3367 2438 3795 2507 comprehensus

2211 2523 2451 2587 edocuit,
2496 2531 2554 2577 ut
2583 2522 2823 2578 sciamus
2860 2524 3043 2595 multo,
3082 2540 3205 2580 esse
3257 2527 3479 2596 gravius
3539 2528 3791 2595 accipere

2212 2624 2517 2687 peccatmn,
2554 2624 2607 2670 et
2632 2616 2859 2682 habere,
2894 2628 2959 2671 ac
2984 2631 3168 2671 secum
3199 2619 3266 2671 ad
3311 2619 3519 2673 inferna
3552 2620 3791 2687 deferre,

2213 2723 2374 2777 quam
2408 2708 2459 2760 in
2500 2708 2752 2775 praesenti
2783 2721 3001 2776 poenam
3038 2710 3168 2764 dare
3196 2712 3497 2764 commissi.
3547 2712 3613 2766 Et
3669 2714 3789 2768 ideo

2213 2800 2331 2855 haec
2353 2800 2536 2854 sciens
2563 2799 2822 2868 expedire
2875 2800 3123 2853 ﬁdelibus
3167 2803 3443 2869 apostolus
3480 2803 3678 2860 Paulus
3706 2807 3792 2859 di-

2213 2890 2378 2945 citde
2410 2904 2478 2943 eo
2501 2889 2592 2958 qui
2624 2898 2947 2958 peccaverat
2976 2905 2990 2942 :
3022 2909 3041 2942 ι
3075 2889 3247 2956 Quem
3279 2894 3498 2961 tradidi,
3532 2895 3792 2964 inquit".

2220 2974 2438 3029 Satanas
2504 2976 2554 3029 in
2622 2975 2899 3029 interitum
2977 2980 3184 3042 carnis,
3245 2998 3265 3033 ο
3316 2981 3418 3036 hoc
3470 2991 3558 3036 est
3617 2997 3793 3041 morte

2217 3064 2501 3119 niultasse.
2572 3064 2676 3131 Qui
2721 3074 2903 3118 autem
2964 3066 3036 3121 sit
3098 3065 3312 3127 fructus
3364 3073 3557 3129 mortis
3608 3076 3790 3144 hujus,

2215 3159 2456 3214 ostendit
2490 3160 2541 3213 in
2579 3160 2953 3228 sequentibus,
2980 3160 3169 3217 dicens
3196 3178 3211 3214 :
3237 3182 3256 3215 ι
3297 3163 3362 3219 Ut
3417 3168 3641 3235 spiritus
3679 3171 3790 3222 sal-

2214 3268 2314 3308 vus
2346 3253 2438 3306 ﬁat
2467 3252 2517 3305 in
2552 3253 2637 3304 die
2677 3252 2886 3305 Domini
2932 3253 3105 3307 nostri
3136 3251 3270 3309 Jesu
3301 3256 3526 3313 Christi.
3567 3278 3584 3311 ι
3632 3259 3793 3316 Vides

2212 3361 2342 3416 ergo
2373 3344 2643 3414 quomodo
2676 3354 2860 3414 aperte
2909 3347 3202 3415 Apostolus
3254 3350 3542 3405 utilitatem
3602 3358 3793 3409 muttis

2214 3436 2373 3505 hujus
2402 3434 2671 3505 exposuit.
2707 3432 2860 3500 Quod
2897 3437 3041 3489 enim
3070 3438 3224 3500 dicit,
3259 3437 3479 3495 Tradidi
3515 3443 3565 3496 in
3600 3445 3792 3500 interi~

2216 3536 2329 3582 tum
2359 3526 2564 3592 carnis,
2594 3524 2698 3581 hoc
2727 3534 2834 3590 est,
2873 3526 2929 3579 in
2962 3524 3311 3584 atilictiouem
3349 3534 3618 3602 Corporis,
3670 3551 3793 3604 qua:

2213 3618 2349 3674 solet
2369 3632 2398 3671 a
2434 3615 2821 3686 paenitentibus
2847 3617 3102 3684 expendi,
3129 3632 3362 3687 eumque
3408 3622 3594 3679 carnis
3613 3623 3786 3681 inter-

2208 3710 2344 3766 itum
2419 3709 2742 3774 nominarit,
2775 3708 2863 3777 qui
2897 3717 3076 3762 tamen
3109 3710 3293 3767 carnis
3319 3710 3593 3777 interitus,
3626 3714 3791 3769 vitam

2212 3802 2424 3872 spiritui
2450 3802 2715 3857 conferat.
2743 3800 2896 3856 Unde
2924 3812 2978 3857 et
3002 3818 3146 3856 nunc
3174 3803 3219 3857 si
3238 3804 3361 3873 quis
3385 3803 3526 3860 lorte
3543 3817 3791 3862 nostrum

2214 3895 2532 3950 recordatur
2577 3895 2628 3948 in
2677 3896 2970 3964 semetipso
3002 3894 3235 3964 alicujus
3270 3897 3480 3966 peccati
3513 3899 3796 3954 conscien-

2214 3987 2366 4049 tiam,
2395 3987 2438 4040 si
2475 3986 2600 4055 quis
2626 3999 2687 4039 se
2710 3986 3009 4041 obnoxium
3042 3988 3192 4042 novit
3221 4002 3346 4042 esse
3376 3984 3572 4044 delicto
3597 4030 3614 4054 ,
3661 4005 3791 4045 con-

2213 4080 2385 4149 fugiat
2412 4068 2488 4133 ad
2548 4079 2928 4148 paenitentiam
2957 4117 2975 4144 ,
3024 4088 3079 4135 et
3117 4091 3477 4149 spontaneum
3531 4084 3796 4153 suscipiat

2211 4173 2394 4226 carnis
2417 4172 2723 4237 interitum,
2774 4179 2833 4225 ut
2883 4180 3221 4243 expurgatus
3263 4174 3317 4227 in
3367 4177 3626 4243 praesenti
3677 4177 3789 4230 vita

2214 4264 2441 4332 spiritus
2479 4272 2686 4328 noster,
2723 4264 2959 4318 mundus
3009 4274 3066 4317 et
3096 4279 3263 4332 purus
3296 4276 3480 4334 pergat
3518 4268 3583 4321 ad
3632 4267 3793 4323 Chri-

2212 4366 2355 4410 stum
2388 4355 2673 4409 Dominutn
2706 4365 2973 4419 nostrum,
3008 4356 3095 4409 cui
3120 4367 3200 4412 est
3228 4358 3398 4428 gloria
3426 4361 3788 4429 etimperiom

2214 4448 2266 4502 in
2297 4448 2493 4502 sarcula
2517 4447 2858 4501 saeculorum.
2888 4449 3081 4501 Anien.

2782 4624 3058 4683 llOMlLIA
3101 4625 3212 4682 XV.

2286 4760 2359 4815 De
2402 4760 2792 4816 venditionibus
2836 4762 3112 4817 domorum
3154 4774 3204 4818 et
3247 4765 3717 4836 redemptionibus.

2285 4855 2337 4908 1.
2371 4855 2507 4909 Tres
2534 4856 2779 4910 diversas
2816 4855 2963 4923 leges
3012 4858 3080 4911 de
3130 4858 3418 4914 domorum
3464 4862 3798 4918 venditioni-

2215 4947 2316 5001 bus
2334 4955 2391 5002 et
2426 4947 2887 5017 redemptionibus
2912 4964 3008 5018 per
3030 4948 3248 5021 Moysen
3283 4952 3332 5004 in
3363 4951 3607 5009 Levitico
3637 4956 3801 5012 datas

2218 5037 2493 5102 videmus,
2528 5052 2758 5105 quarutn
2816 5038 3211 5099 continentiam
3267 5043 3441 5109 primo
3494 5048 3799 5100 secundum

2217 5130 2501 5184 historiam
2531 5139 2956 5199 pertractemus,
2987 5140 3048 5185 ut
3079 5142 3203 5200 post
3227 5132 3328 5187 hoc
3351 5135 3514 5190 etiam
3538 5136 3606 5190 ad
3628 5137 3800 5206 spiri-

2218 5222 2383 5275 talem
2413 5237 2632 5277 sensum
2663 5224 2938 5292 possimus
2979 5225 3296 5281 ascendere.
3332 5226 3623 5282 Domorum
3646 5243 3799 5296 quic-

2219 5312 2339 5366 dam
2376 5314 2589 5368 suntin
2650 5315 2877 5369 urbibus
2912 5315 3173 5380 muratis,
3222 5316 3467 5385 quaedam
3524 5317 3577 5371 itt
3632 5318 3794 5381 vicis,

2219 5404 2301 5457 vel
2330 5404 2476 5472 agris
2505 5419 2611 5459 non
2642 5404 2970 5460 habentibus
3000 5421 3209 5460 muros.
3237 5406 3326 5459 Ait
3345 5419 3499 5475 ergo,
3541 5415 3602 5460 ut
3645 5406 3690 5460 si
3738 5407 3791 5460 in

2216 5495 2437 5548 civitate
2468 5505 2681 5548 murata
2721 5495 3027 5550 vendiderit
3046 5498 3168 5564 quis
3192 5497 3433 5561 domum,
3460 5510 3558 5566 per
3586 5510 3789 5552 annum

2221 5586 2493 5656 integrum
2525 5586 2724 5641 habeat
2775 5586 2989 5656 copiam
3034 5585 3357 5650 redimendi,
3413 5599 3535 5657 post
3588 5601 3792 5642 annum

2376 5728 2420 5759 ³³
2458 5726 2592 5781 Luc.
2618 5741 2730 5789 xvi,
2755 5724 2845 5778 25.
2924 5724 2970 5755 ⁸²
3008 5721 3170 5777 lCor.
3198 5735 3251 5784 v,
3276 5722 3328 5776 5.

605 5839 716 5911 (24)
748 5840 838 5899 Sic
873 5846 1044 5900 codex
1080 5845 1563 5915 Sangcrmancnsis
1591 5866 1605 5915 ;
1640 5848 1760 5904 libri
1795 5864 1923 5906 vero
1952 5849 2133 5917 editi,t
2155 5849 2503 5921 exigendum.
2536 5828 2682 5914 Quia
2723 5853 2925 5909 autem,
2953 5859 2971 5892 ι
3006 5849 3113 5896 etc.

3810 5794 3824 5839 ι

3816 5844 3824 5863 ι
