4124 6456
386 367 492 423 550

1839 366 2158 423 ORIGENIS

3543 380 3649 434 56ft

388 504 519 542 vero
560 493 804 557 potestas
838 485 1192 556 recuperandi
1229 484 1373 539 nulla
1408 485 1744 541 conceditur.
1794 504 1811 536 ι
1849 486 1965 540 Erit
1994 491 2039 546 Α
2070 489 2329 556 scriptum
2366 497 2449 541 est
2478 488 2603 558 quia
2630 488 2979 545 ardificarcrit
3012 491 3114 546 sibi
3148 493 3389 560 domum,
3422 498 3508 564 qui
3544 516 3649 551 non

385 583 557 646 enim,
587 578 855 649 inquit",
882 580 1073 635 domus
1101 579 1271 647 ipsius
1319 578 1583 648 emptoris
1635 588 1785 632 certa
1841 595 1964 648 pos-

393 678 584 738 sessio,
616 674 659 729 si
687 674 826 728 intra
850 688 1051 726 annum
1082 672 1319 726 liberare
1347 686 1464 725 eam
1530 686 1634 725 non
1700 672 1961 740 potuerit,

388 771 480 836 qui
511 767 791 822 distraxit.
832 784 853 817 ι
890 764 1137 821 Secunda
1170 764 1248 819 lex
1278 772 1379 829 est,
1424 773 1482 817 ut
1518 764 1563 817 si
1605 764 1797 817 domus
1846 780 1966 833 quae

387 862 647 913 distracta
676 856 847 920 est,in
879 856 1000 911 vico
1037 855 1203 908 fuerit
1232 854 1323 923 qui
1368 870 1577 907 nmrmn
1612 869 1716 907 non
1776 855 1961 919 habet,

388 952 474 1005 cui
505 962 685 1006 tamen
728 951 853 1004 vico
888 964 1023 1018 ager
1077 949 1342 1017 adjaceat,
1387 946 1549 1001 liceat
1601 947 1867 1001 venditori
1911 957 1967 1002 et

387 1054 508 1114 post
541 1058 764 1107 annum,
795 1051 849 1096 et
881 1041 1313 1112 quandocunque
1347 1040 1615 1108 potuerit,
1678 1039 1964 1096 restituere

388 1137 646 1203 pretium,
675 1144 730 1189 et
755 1148 1080 1202 recuperare
1114 1147 1277 1202 quam
1328 1132 1656 1185 distraxerat
1720 1133 1960 1186 domum.

384 1228 567 1282 Tertia
596 1227 679 1281 lex
706 1236 810 1293 est,
839 1236 899 1281 ut
928 1225 972 1281 si
1004 1227 1146 1281 forte
1172 1225 1364 1278 domus
1386 1225 1453 1277 sit
1479 1223 1697 1290 Levitze,
1733 1224 1815 1277 vel
1869 1240 1961 1279 sa-

382 1319 644 1383 cerdotis,
677 1318 984 1386 ubicunque
1012 1314 1176 1370 fuerit
1204 1314 1333 1368 talis
1366 1315 1578 1379 domus,
1611 1315 1725 1369 sive
1753 1315 1805 1368 in
1831 1315 1964 1368 civi-

384 1421 493 1465 tate
528 1420 765 1474 morata,
800 1408 918 1463 sive
950 1408 1003 1462 in
1029 1407 1149 1461 vico
1177 1406 1263 1458 cui
1301 1420 1489 1460 murus
1515 1422 1619 1459 non
1653 1417 1757 1470 est,
1806 1406 1965 1462 liceat

381 1517 595 1572 semper
616 1510 667 1557 et
702 1501 755 1555 in
804 1500 950 1557 omni
982 1510 1242 1568 tempore,
1293 1510 1349 1551 ut
1380 1501 1811 1568 quandocnnque
1868 1515 1963 1568 po-

385 1597 549 1650 tuerit
579 1594 762 1650 Levita
789 1593 874 1649 vel
906 1593 1161 1648 sacerdos
1190 1593 1424 1645 redimat
1474 1594 1695 1647 domum
1760 1610 1912 1647 suam
1943 1610 1957 1647 :

382 1702 489 1743 nec
508 1701 745 1755 unquam
786 1684 871 1739 vel
917 1683 1318 1739 sacerdotalem
1362 1682 1445 1735 vel
1484 1682 1787 1739 Leviticam
1842 1700 1963 1753 pos-

380 1779 682 1834 sessionem
701 1776 1017 1832 conlirmari
1050 1776 1103 1831 in
1132 1775 1298 1829 alium
1330 1777 1420 1845 qui
1459 1792 1562 1829 non
1594 1777 1667 1830 sit
1714 1778 1960 1845 ejusdem

376 1872 609 1935 ordinis.
634 1871 816 1926 divina
835 1868 957 1937 jura
980 1868 1322 1938 permittunt.
1350 1869 1467 1923 Ista:
1490 1877 1615 1922 sunt
1635 1883 1765 1935 ergo
1788 1867 1956 1936 leges,

378 1964 575 2033 quibus
605 1964 861 2019 utebatur
890 1960 1120 2031 populus
1145 1958 1233 2015 ille
1265 1960 1431 2029 prior,
1467 1961 1633 2013 etiam
1659 1960 1956 2013 secundum

378 2057 480 2111 hoc
507 2056 684 2124 ipsum
709 2052 853 2124 quod
884 2068 980 2123 per
1011 2052 1297 2106 historiam
1333 2051 1670 2119 designatur,
1712 2049 1960 2119 religiose

376 2150 513 2205 satis
539 2158 596 2204 et
622 2149 713 2220 pie
754 2146 1194 2204 sacerdotalibus
1234 2144 1318 2201 vel
1368 2143 1625 2199 Leviticis
1671 2144 1957 2200 ordinibus

374 2243 744 2299 consulentes.

443 2336 500 2392 2.
532 2334 639 2390 Sed
669 2333 835 2388 citius
868 2332 984 2387 hzec
1015 2331 1319 2387 referamus
1346 2329 1412 2385 ad
1459 2346 1579 2397 nos,
1615 2330 1814 2400 quibus
1869 2329 1954 2383 lex

375 2426 605 2490 Christi,
641 2423 686 2479 si
748 2438 868 2477 eam
925 2438 1261 2492 sequamur,
1311 2436 1411 2477 uec
1473 2422 1848 2490 possessiones
1902 2423 1953 2476 in

378 2531 544 2581 terra,
583 2531 682 2571 nec
741 2516 795 2569 in
835 2513 1063 2568 urbibus
1094 2514 1283 2569 domos
1317 2512 1516 2567 habere
1574 2514 1862 2583 permittit.
1893 2513 1957 2567 Et

376 2611 506 2683 quid
538 2611 659 2665 dico
688 2608 926 2663 domos?
958 2607 1069 2662 Nec
1099 2608 1283 2677 plures
1326 2608 1559 2671 tunicas,
1588 2622 1686 2660 nec
1729 2606 1951 2660 multam

376 2702 633 2759 concedit
686 2700 970 2771 possidere
1003 2700 1287 2769 pecuniam
1327 2718 1340 2753 :
1398 2717 1415 2750 ι
1458 2697 1734 2752 Habentes
1783 2698 1951 2765 enim,

378 2798 553 2867 inquit
583 2795 652 2857 “,
692 2795 890 2848 victum
914 2803 969 2848 et
998 2792 1274 2858 vestitum,
1311 2791 1398 2847 his
1429 2792 1671 2845 contenti
1708 2794 1896 2847 simus.
1929 2808 1949 2843 ι

377 2886 662 2954 Quomodo
687 2900 819 2956 ergo
854 2900 953 2940 nos
982 2885 1136 2939 datas
1163 2885 1228 2938 de
1250 2884 1522 2949 domibus,
1555 2884 1669 2939 sive
1702 2884 1842 2938 intra
1884 2884 1958 2938 ci-

377 2983 597 3035 vitatem
630 2986 897 3033 moratam
933 2978 1150 3049 positis,
1187 2979 1300 3030 sive
1324 2978 1377 3031 iti
1411 2978 1546 3034 vicis
1587 2978 1786 3047 quibus
1814 2977 1952 3031 inuri

373 3088 483 3130 non
512 3073 673 3145 262
700 3080 848 3137 sunt,
881 3070 1295 3125 observabimu<
1330 3069 1514 3139 leges?
1572 3072 1875 3125 invenimus
1902 3070 1952 3123 in

372 3164 498 3218 aliis
524 3163 821 3233 Scriptura:
853 3160 1012 3227 locis,
1058 3160 1201 3230 quod
1234 3176 1416 3216 sermo
1475 3162 1691 3215 divinus
1753 3165 1955 3231 majore
1981 3189 2023 3248 ε

373 3258 606 3326 quodam
637 3267 988 3311 sacramento
1026 3255 1271 3310 nominet
1292 3256 1536 3317 domum,
1562 3265 1618 3309 ut
1648 3270 1774 3310 cum
1820 3257 1953 3310 dicit

372 3350 440 3403 de
471 3346 663 3411 Jacob,
692 3357 747 3403 et
769 3346 924 3416 quasi
973 3361 1073 3414 pro
1119 3345 1277 3401 laude
1310 3344 1427 3414 ejus
1486 3348 1687 3415 ponit:
1748 3364 1767 3397 ε
1822 3348 1954 3403 Erat

372 3442 539 3505 enim,
567 3439 827 3508 inquit",
858 3438 1028 3494 Jacob
1056 3438 1218 3493 houto
1266 3439 1491 3508 simplex
1552 3439 1804 3495 habitans
1856 3442 1954 3493 do-

375 3548 545 3589 mum.
583 3550 604 3585 ι
646 3531 713 3585 Et
740 3532 935 3587 iterum
1000 3531 1221 3587 invenio
1276 3530 1345 3586 de
1403 3532 1793 3587 obstetricibus
1842 3532 1953 3586 lle-

374 3630 642 3682 bracorum
671 3627 933 3696 scriptum
971 3643 984 3679 :
1035 3645 1053 3677 ‹
1100 3627 1163 3681 Et
1198 3626 1343 3695 quia,
1380 3626 1644 3695 inquit“,
1689 3628 1952 3681 timebant

375 3717 545 3771 Deum
582 3717 927 3781 obstetrices,
965 3716 1211 3770 fecerunt
1236 3717 1340 3771 sibi
1385 3719 1598 3772 domos.
1642 3735 1659 3769 ι
1695 3717 1954 3772 Videmus

372 3824 504 3877 ergo
534 3810 674 3877 quod
706 3807 1086 3863 obstetricibus
1115 3809 1331 3876 quidem
1363 3808 1737 3862 faciendarum
1769 3810 1954 3863 domo-

376 3918 495 3955 rum
541 3916 704 3955 eausa
741 3900 906 3954 fuerit
938 3901 1096 3955 timor
1128 3901 1255 3965 Dei;
1282 3900 1451 3955 Jacob
1475 3916 1605 3955 vero
1631 3901 1955 3971 simplicitas

371 4004 429 4046 et
480 3991 787 4045 innocentia
818 4006 1037 4045 causam
1068 3990 1298 4055 dederit,
1327 4004 1383 4045 ut
1410 3992 1680 4046 habitaret
1708 3994 1952 4045 domum.

372 4085 614 4154 Denique
640 4083 806 4149 Esau,
838 4086 965 4154 quia
1001 4086 1177 4139 malus
1210 4083 1332 4149 ftiit,
1382 4100 1488 4138 non
1549 4094 1635 4139 est
1687 4084 1952 4154 scriptum

369 4181 438 4233 de
471 4193 535 4233 eo
570 4178 695 4247 quia
731 4176 1057 4232 habitaverit
1089 4178 1332 4240 domum,
1364 4192 1463 4233 nec
1514 4178 1580 4233 de
1609 4178 1715 4232 alio
1773 4178 1955 4247 aliquo

440 4332 485 4362 ⁵³
513 4331 687 4385 Levit.
720 4346 846 4391 xxv,
870 4330 957 4383 '50.
1038 4328 1081 4359 5*
1113 4327 1126 4380 Ι
1163 4327 1306 4385 Τίιιι.
1335 4344 1404 4390 \‘l,
1432 4330 1483 4384 8.

368 4401 458 4455 "’I
498 4403 629 4456 Cor.
661 4416 742 4467 ιιι,
770 4401 823 4455 9.
873 4400 918 4431 "°
951 4399 1137 4452 Matth.
1168 4414 1218 4460 ι’,
1255 4402 1307 4450 4.

442 4514 555 4583 (25)
594 4513 751 4566 Lihh.
784 4513 935 4577 editi,
964 4512 1132 4565 thanc
1154 4512 1531 4567 crudelissimo
1592 4514 1942 4578 fenerator-Li

370 4590 465 4640 sed
500 4602 630 4636 mss.
665 4593 723 4635 ut
756 4585 806 4636 in
843 4593 1030 4636 nostro
1071 4594 1243 4635 textu.

443 4653 556 4725 (26)
590 4652 649 4705 Si
682 4669 772 4704 nos
797 4652 1172 4725 aliquauculpq
1210 4653 1749 4725 mortalisinvenerit
1772 4692 1786 4717 ,
1832 4663 1942 4725 etc.

368 4720 639 4780 Antonius
670 4724 937 4775 Arnaldus
971 4722 1106 4775 libro
1134 4720 1340 4776 Gallice
1368 4723 1573 4791 scripto
1604 4724 1689 4775 cui
1739 4723 1947 4788 titulus,

370 4798 446 4849 De
473 4794 729 4863 frequenti
753 4807 1139 4854 communione,
1171 4807 1291 4863 cap.
1320 4791 1376 4852 4,
1409 4793 1711 4845 scribarum
1758 4794 1945 4846 vitium

369 4868 599 4918 ascribit
632 4866 757 4917 huic
786 4864 1026 4925 lectioni,
1058 4872 1114 4915 et
1170 4862 1310 4925 loco,
1341 4880 1359 4912 ι
1394 4863 1556 4930 culpa
1620 4863 1883 4928 mortalis,
1923 4881 1942 4914 ι

370 4938 383 4989 l
424 4936 655 5003 gendum
687 4948 855 5003 esset
897 4932 1053 5001 culpa
1077 4931 1319 5003 moralis,
1350 4953 1368 4984 ι
1405 4931 1686 4987 contendit
1724 4948 1737 4984 :
1775 4934 1946 4987 i°l£r--

373 5001 483 5071 τοι,
514 5005 710 5071 inquit,
742 5001 898 5056 facile
953 5001 1164 5055 admitti
1206 5004 1379 5071 putttit
1415 5006 1575 5055 unius
1642 5002 1947 5069 adjectione

368 5077 589 5130 litterae.
624 5075 681 5127 2'
705 5072 936 5125 Evidens
964 5081 1067 5137 est,
1099 5088 1220 5126 cum
1280 5072 1563 5127 manifeste
1599 5087 1782 5126 secum
1843 5089 1946 5141 pu-

368 5156 535 5216 gnent
565 5147 678 5198 haec
720 5160 798 5216 εν(
829 5143 987 5212 culpa
1024 5144 1422 5216 mortalisque
1468 5160 1575 5199 non
1626 5143 1947 5216 incrimine

371 5212 919 5277 mortaliconsistat;
952 5232 972 5266 ι
1010 5227 1108 5267 nec
1160 5212 1301 5280 apud
1356 5223 1569 5268 veteres
1630 5212 1796 5266 ullmn
1847 5230 1948 5266 un-

368 5302 529 5356 quam
570 5284 875 5355 reperiatur
907 5284 1138 5351 positum
1175 5283 1642 5356 discrimen__inter
1676 5300 1695 5334 ε
1730 5283 1945 5351 culpant

372 5353 649 5410 mortalem
681 5374 700 5407 ι
739 5364 792 5407 et
825 5370 845 5405 ι
883 5356 1090 5407 crimen
1122 5354 1371 5407 mortale.
1412 5372 1432 5405 ι
1466 5353 1701 5408 Econtra
1722 5362 1945 5421 apertus

367 5437 453 5480 est
480 5441 693 5489 sensus,
730 5428 772 5477 si
802 5424 1037 5493 legatur,
1075 5440 1093 5473 ι
1132 5423 1287 5491 culpa
1324 5427 1545 5478 moralis
1570 5440 1691 5492 qua:
1733 5439 1838 5476 nou
1889 5424 1942 5477 in

369 5498 598 5551 crimine
642 5497 883 5552 mortali.
915 5513 932 5545 ι
970 5495 1028 5548 ’5ο
1068 5494 1260 5549 Verbis
1306 5496 1658 5563 sequentibus
1707 5494 1946 5561 explicat

370 5565 486 5634 ipse
521 5568 779 5635 Origenes
811 5567 939 5635 qttid
964 5566 1131 5634 culpa:
1157 5566 1374 5617 moralis
1415 5566 1633 5619 nomine
1657 5566 1941 5633 intelligat,

372 5653 491 5701 qum
526 5652 716 5703 nempe
754 5654 771 5686 ι
810 5637 892 5690 vel
927 5638 980 5690 in
1010 5636 1277 5690 sermonis
1312 5636 1393 5688 vel
1453 5638 1503 5689 in
1557 5652 1765 5689 morum
1814 5636 1944 5687 νιιίο

373 5706 661 5779 consistat.
702 5726 718 5758 ι
757 5707 812 5759 4ο
836 5706 1033 5775 (iulpas
1071 5722 1212 5779 ‘quas
1252 5708 1941 5779 criminibusmortalibus

372 5777 616 5841 opponit,
650 5778 908 5841 veniales,
939 5793 1039 5829 non
1077 5776 1342 5830 mortales
1384 5778 1547 5829 fuisse
1598 5776 1721 5829 inde
1773 5783 1939 5842 patet,

375 5847 589 5912 quodin
616 5848 717 5900 lino
747 5848 902 5917 hujus
922 5849 1024 5902 loci
1056 5860 1313 5903 vocentur
1359 5864 1377 5897 ι
1416 5847 1723 5903 communia
1748 5861 1938 5916 pecca-

1589 4331 1633 4360 ⁸³
1665 4328 1801 4384 Gen.
1835 4346 1961 4395 xxv,
1984 4330 2077 4387 27.

2070 581 2322 635 habuerit
2358 583 2605 637 timorem
2648 585 2765 638 Dei.
2810 585 2941 650 Qua:
2994 596 3076 640 est
3108 603 3238 655 ergo
3281 588 3382 642 ista
3431 591 3647 655 domus,

2068 679 2119 725 et
2149 672 2306 740 quale
2338 672 2623 727 mdificium
2655 682 2762 739 est,
2788 674 2985 731 Paulus
3015 680 3493 748 exponitapcrtius
3526 698 3649 736 cum

2068 763 2313 818 dicit":
2383 783 2401 816 ι
2444 766 2670 820 Domum
2730 767 2995 823 habemus
3048 786 3155 824 non
3207 788 3366 825 manu
3425 773 3648 839 factam,

2068 864 2330 909 aeternam
2360 856 2411 910 in
2437 856 2610 911 melis.
2657 876 2675 910 ι
2716 857 2839 913 ΙΙκο
2888 875 3020 929 ergo
3069 874 3153 916 est
3212 864 3427 927 domus,
3485 882 3644 934 quam

2067 945 2337 999 nidificare
2363 962 2525 1001 nemo
2561 958 2742 1016 potest
2786 951 2885 1003 nisi
2924 954 3112 1007 timeat
3157 953 3345 1009 Detnn.
3404 955 3528 1010 llwc
3565 969 3649 1012 est

2068 1039 2259 1092 domus
2284 1054 2442 1108 quam
2472 1053 2776 1109 exstruere,
2810 1044 2892 1097 vel
2931 1045 3182 1101 habitare
3232 1064 3392 1103 nemo
3440 1062 3644 1119 potest,

2069 1127 2169 1181 nisi
2199 1128 2249 1182 in
2279 1129 2630 1199 simplicitate
2661 1135 2861 1189 mentis
2916 1146 2971 1190 et
3009 1138 3241 1204 puritate
3271 1140 3471 1193 cordis.
3536 1141 3641 1194 Sed

2066 1220 2318 1287 quoniam
2352 1222 2603 1278 accidere
2632 1226 2794 1286 solet.
2822 1236 2880 1280 ut
2912 1228 3077 1281 etiam
3105 1229 3197 1296 qui
3228 1230 3364 1283 bene
3403 1232 3642 1285 aedifica-

2067 1311 2222 1372 verit,
2246 1322 2299 1365 et
2322 1313 2539 1368 domum
2576 1314 2679 1370 sibi
2706 1316 2986 1371 cazlestem
3022 1318 3157 1374 bene
3192 1324 3397 1389 agendo
3425 1334 3471 1376 et
3505 1327 3644 1379 bene

2065 1402 2317 1469 vivendo,
2355 1421 2421 1460 ac
2452 1417 2598 1463 recte
2628 1410 2902 1463 credendo
2948 1416 3339 1479 construxerit,
3402 1417 3645 1470 incurrat

2065 1492 2293 1562 alicujus
2330 1498 2537 1564 peccati
2590 1500 2857 1565 debitum,
2917 1512 2969 1556 et
3007 1504 3145 1557 hanc
3179 1523 3206 1555 a
3265 1507 3645 1561 crudelissimo

2066 1584 2378 1642 feneratore
2441 1590 2554 1659 (25)
2610 1599 2920 1648 venundare
2988 1609 3250 1665 cogatur,
3309 1614 3372 1651 ac
3428 1600 3645 1654 labores

2066 1694 2194 1734 suos
2229 1682 2611 1737 transfundere
2669 1686 2719 1737 in
2774 1687 2962 1751 alimn,
3019 1688 3190 1758 pictas
3240 1700 3294 1743 et
3354 1691 3641 1746 clementia

2066 1770 2392 1842 legislatoris
2428 1778 2724 1841 succurrit,
2759 1788 2815 1830 ut
2871 1778 3014 1831 intra
3045 1791 3253 1833 certum
3297 1790 3507 1849 tempus
3558 1798 3645 1835 rc-

2064 1864 2191 1916 ditni
2224 1866 2413 1933 possit.
2456 1884 2472 1917 ι
2502 1865 2558 1921 Si
2593 1876 2769 1922 tamen
2830 1869 3119 1933 invenerit,
3146 1870 3315 1939 inquit
3347 1870 3416 1936 ⁵³,
3452 1889 3644 1926 manus

2066 1963 2152 2008 tua
2188 1958 2416 2024 pretium
2459 1960 2602 2028 quod
2637 1960 2920 2015 restituas.
2954 1979 2972 2013 ι
3007 1961 3178 2027 Quale
3216 1964 3492 2032 pretium?
3524 1966 3646 2019 Ρω-

2062 2046 2308 2099 nitentia:
2341 2046 2459 2101 sine
2485 2048 2647 2103 dubio
2690 2048 2944 2120 Iacrymis
2980 2065 3393 2124 congregatum,
3439 2066 3492 2109 ct
3529 2073 3645 2108 nn.-

2060 2136 2242 2200 nibus,
2305 2138 2355 2191 id
2390 2149 2466 2193 est
2524 2139 2712 2194 labore
2741 2141 2866 2196 boui
2912 2144 3092 2212 operis
3128 2145 3420 2199 inventum.
3458 2149 3643 2201 Annus

2058 2238 2237 2282 autem
2274 2230 2374 2284 istc
2405 2229 2629 2301 intelligi
2667 2242 2841 2301 potest
2867 2249 3027 2303 quem
3054 2235 3197 2288 venit
3225 2252 3420 2291 voeare
3453 2237 3635 2291 Domi-

2060 2338 2390 2376 nusanuum
2430 2334 2734 2392 acceptum,
2794 2341 2901 2393 quo
2942 2327 3184 2381 dimittat
3228 2330 3538 2385 confractus
3585 2333 3637 2385 in

2061 2415 2467 2480 remissionem,
2496 2424 2549 2469 et
2577 2417 2806 2471 salutem
2846 2417 3039 2472 delicta
3102 2435 3197 2473 sua
3250 2422 3638 2479 confitentibus

2058 2510 2315 2577 praebeat.
2347 2505 2501 2572 Quod
2524 2517 2704 2562 autem
2737 2508 2868 2563 dicit
2903 2509 3123 2563 domum
3164 2513 3215 2565 iu
3258 2514 3477 2569 civitate
3523 2532 3639 2568 mu-

2064 2607 2222 2653 rata:
2261 2608 2426 2663 recte,
2456 2608 2512 2652 ut
2547 2614 2647 2668 ego
2684 2600 2944 2665 arbitror,
2976 2602 3169 2657 domus
3218 2620 3337 2673 qua:
3385 2607 3437 2659 in
3496 2608 3637 2662 (εωιυ

2059 2705 2179 2743 esse
2234 2690 2454 2755 dicitur,
2487 2691 2537 2745 in
2586 2691 2807 2746 civitate
2855 2706 3067 2749 murata
3113 2712 3234 2751 esse
3296 2700 3637 2771 intelligitur.

2058 2778 2363 2836 Mururest
2385 2784 2527 2836 enim
2554 2782 2864 2851 hujusmodi
2900 2785 3151 2840 domibus
3184 2789 3358 2858 ipsum
3387 2793 3508 2845 cteli
3546 2792 3638 2844 fir—

2060 2881 2416 2926 mamentum.
2445 2872 2550 2927 Sed
2597 2874 2758 2929 talem
2795 2876 3012 2930 domum
3049 2882 3155 2933 rari
3196 2883 3396 2953 quique
3437 2884 3638 2940 habere

2060 2974 2304 3034 possunt,
2334 2965 2410 3019 illi
2449 2966 2698 3022 fortassis
2723 2970 2813 3038 qui
2856 2986 3020 3039 super
3063 2981 3261 3026 terram
3293 2976 3639 3031 ambulantes

2058 3058 2528 3112 conversationem
2558 3059 2757 3116 habent
2785 3062 2835 3115 in
2865 3064 3038 3125 ctelis,
3073 3075 3127 3119 et
3163 3066 3227 3120 de
3272 3067 3470 3135 quibus
3509 3071 3638 3125 dicit

2058 3147 2348 3218 Apostolus
2387 3148 2469 3200 "z
2509 3166 2527 3200 ι
2565 3148 2656 3203 Dei
2682 3150 2967 3207 aedificatio
2995 3154 3145 3210 estis.
3179 3173 3198 3208 ι
3231 3155 3420 3212 Caeteri
3454 3170 3638 3214 autem

2060 3238 2150 3310 qui
2191 3240 2243 3293 in
2277 3238 2412 3293 vicis
2440 3237 2637 3294 habent
2665 3241 2879 3308 domos,
2916 3243 3111 3313 quibus
3159 3261 3268 3300 non
3299 3258 3382 3302 est
3422 3265 3635 3316 murus,

2053 3343 2139 3388 est
2172 3342 2351 3388 tamen
2386 3334 2465 3389 eis
2500 3335 2753 3404 adjaccns
2787 3350 2915 3405 ager
2958 3334 3242 3401 fecundus,
3278 3335 3353 3390 illi
3392 3337 3638 3393 fortassis

2052 3430 2141 3501 qui
2173 3448 2198 3485 s
2224 3432 2273 3484 bi
2306 3433 2669 3486 habitaculum
2716 3443 3023 3502 prteparant
3051 3434 3104 3487 in
3137 3444 3278 3488 terra
3309 3434 3633 3503 viventium,

2053 3538 2108 3583 et
2139 3528 2190 3582 in
2223 3530 2307 3582 illa
2339 3540 2479 3584 terra
2510 3548 2669 3600 quam
2707 3533 3007 3586 mansuetis
3037 3532 3297 3587 Dominus
3341 3538 3629 3603 promittit,

2052 3626 2241 3681 dicens
2267 3628 2352 3680 “2
2394 3649 2411 3680 ι
2448 3627 2596 3683 Beati
2641 3629 2831 3692 mites,
2878 3631 3134 3699 qttoniam
3184 3632 3283 3701 ipsi
3318 3634 3633 3689 haereditate

2051 3720 2407 3790 possidebunt
2460 3731 2677 3774 terrain.
2727 3740 2744 3770 ι
2792 3722 2927 3775 Istas
2964 3740 3093 3793 ergo
3141 3724 3362 3787 domos,
3406 3727 3447 3779 si
3494 3727 3631 3781 forte

2061 3814 2245 3881 alicui,
2281 3814 2425 3869 sicut
2483 3830 2648 3885 supra
2705 3816 3079 3885 exposuimus,
3132 3814 3315 3884 lapsus
3356 3816 3638 3878 acciderit,

2057 3919 2271 3975 Semper
2294 3917 2374 3961 est
2404 3909 2761 3976 recuperandi
2793 3907 3046 3975 facultas,
3077 3918 3133 3962 tit
3160 3908 3306 3961 verbi
3352 3909 3526 3976 gratia
3557 3909 3640 3961 di-

2059 4013 2271 4065 camus,
2304 4000 2349 4054 si
2381 4015 2478 4054 nos
2511 4000 2688 4069 aliqua
2722 4000 2875 4070 culpa
2911 4001 3159 4055 mortalis
3201 4000 3467 4054 invenerit
3501 4000 3636 4073 (£6),

2060 4105 2180 4157 qua)
2234 4106 2341 4144 non
2392 4092 2444 4145 in
2487 4093 2715 4145 crimine
2764 4091 3006 4157 mortali,
3039 4109 3141 4147 non
3196 4092 3248 4146 in
3306 4093 3639 4163 blasphemia

2062 4182 2208 4248 fidei,
2241 4197 2361 4250 qua:
2412 4198 2567 4238 muro
2597 4183 2954 4239 ecclesiastici
2988 4192 3044 4237 et
3095 4184 3376 4254 apostolici
3413 4186 3639 4254 dogma-

2655 4331 2699 4363 ⁵⁸⁸
2723 4331 2761 4386 ll
2785 4333 2974 4398 Cor.v,
2996 4332 3046 4388 l.
3122 4330 3170 4362 ⁸⁸
3194 4330 3368 4385 Levit.
3395 4347 3522 4397 xxv,
3544 4333 3636 4387 28.

2157 4332 2203 4363 ⁵⁸
2227 4332 2401 4387 ΕιυιΙ.
2437 4332 2581 4397 κει.

2054 4522 2103 4566 ta
2129 4531 2248 4583 qua:
2284 4516 2599 4584 frequenter
2621 4516 2975 4579 incurrimus,
3002 4527 3219 4584 semper
3250 4513 3628 4581 paenitentiam

1982 4576 2023 4629 D
2056 4576 2347 4654 recipiunt,
2381 4576 2436 4639 et
2466 4588 2582 4641 sine
2638 4576 3042 4654 intermissione
3097 4576 3457 4636 redimuntur.
3495 4604 3515 4635 ι
3568 4588 3638 4638 At

2056 4652 2185 4708 vero
2208 4657 2328 4725 quis
2369 4656 2633 4708 tantillum
2664 4656 2715 4709 in
2755 4656 2987 4725 lectione
3026 4652 3246 4725 Patrum
3279 4666 3527 4709 versatus
3582 4671 3634 4708 ιιι

2052 4724 2294 4777 animum
2331 4726 2432 4779 sibi
2482 4726 2699 4777 inducat
2761 4725 2924 4778 tertio
2976 4724 3229 4776 Ecclesia:
3277 4725 3474 4778 Sa-ciilo
3526 4737 3633 4778 tam

2052 4794 2266 4847 facilem
2305 4796 2472 4848 fuisse
2502 4806 2847 4863 peceatorum
2881 4794 3162 4847 letbalium
3208 4796 3581 4846 remissionem
3613 4795 3637 4849 ἲ

2048 4863 2107 4917 5ο
2136 4866 2353 4919 Addere
2378 4874 2589 4932 p0terat
2619 4864 2915 4927 Arnaldus,
2961 4866 3014 4916 in
3044 4863 3285 4916 editione
3312 4864 3633 4927 Basili-ensi,

2049 4946 2103 4988 et
2132 4936 2181 4987 in
2209 4935 2380 4988 altera
2412 4935 2611 4989 Grintei
2646 4937 2822 4989 locum
2864 4950 2985 4987 esse
3016 4936 3199 4987 datum
3236 4934 3358 4986 huic
3390 4934 3631 4997 lectioni,

2063 5020 2082 5054 ι
2118 5004 2162 5058 si
2189 5020 2288 5058 nos
2310 5004 2489 5072 aliqua
2535 5006 2691 5071 culpa
2723 5005 2944 5058 moralis
2973 5003 3263 5063 invenerit,
3304 5021 3323 5054 ι
3354 5013 3463 5057 etc.
3533 5003 3633 5058 Ve-

2050 5089 2166 5127 rum
2207 5074 2335 5129 licet
2370 5076 2501 5128 mihi
2540 5076 2767 5128 multum
2797 5076 3037 5127 arrident
3061 5073 3356 5125 Arnaldina
3416 5089 3635 5129 correc-

2049 5145 2147 5209 tio,
2182 5146 2471 5212 quOminus
2532 5156 2715 5198 tamen
2746 5160 2867 5197 eam
2928 5159 3149 5212 sequar,
3212 5143 3380 5197 multa
3449 5146 3635 5197 deter-

2050 5225 2174 5267 rent
2202 5230 2216 5265 :
2254 5216 2306 5268 1ο
2329 5214 2485 5268 Nulla
2517 5217 3012 5283 manuscriptorum
3059 5215 3386 5268 auctoritate
3414 5215 3627 5283 nititur.

2048 5283 2107 5336 2ο
2140 5285 2199 5356 Si
2228 5285 2389 5341 lectio
2415 5301 2536 5356 quae
2564 5281 2814 5340 Arnaldo
2839 5284 3165 5353 displicebat
3202 5283 3499 5353 rejicienda
3546 5281 3627 5331 l'o-

2051 5366 2154 5417 ret,
2191 5355 2465 5410 lubentius
2524 5356 2890 5421 amplecterer
2918 5356 3144 5408 alteram
3176 5370 3346 5424 quam
3385 5361 3629 5417 quatuor

2045 5439 2183 5492 quos
2200 5427 2470 5488 consului,
2501 5418 2857 5494 man—ascripti
2896 5425 3132 5490 codices,
3156 5418 3294 5494 tinus
3313 5418 3625 5483 Beccensis,

2047 5491 2189 5549 alter
2235 5494 2653 5562 Gemeticcnsis,
2715 5491 2909 5550 tertius
2967 5491 3343 5562 tladomensis,
3393 5498 3623 5562 quartus

2047 5565 2538 5640 Sa_nget_'m:mens_is
2567 5560 2649 5640 sat
2680 5582 2889 5630 recens,
2924 5563 3180 5640 exhibent
3231 5560 3552 5640 bis.verbis
3604 5576 3621 5615 :

2051 5651 2069 5683 ι
2104 5631 2378 5704 διίειΙισιιιιι
2412 5638 2564 5704 culpa
2602 5638 2894 5697 invenitur,
2940 5651 3043 5688 non
3089 5633 3141 5684 in
3188 5631 3422 5704 crimine
3476 5645 3623 5704 mor-

2049 5708 2161 5759 tali.
2199 5724 2217 5757 ι
2249 5699 2320 5758 Ilii
2352 5722 2450 5759 nec
2489 5699 2727 5767 iiioruls,
2758 5723 2857 5758 nec
2898 5704 3137 5756 mortalis
3196 5699 3352 5768 culpa
3384 5701 3619 5767 Opponi-

2043 5780 2132 5828 tttr
2157 5777 2363 5829 crimini
2410 5779 2638 5829 mortali.
2674 5780 2743 5830 At
2792 5775 3124 5843 suspicionis
3174 5782 3353 5824 notam
3403 5786 3510 5843 pra;
3556 5786 3616 5823 se

2044 5846 2148 5902 fert
2177 5847 2443 5917 ejusmodi
2478 5848 2637 5903 lectio
2694 5862 2723 5903 c
2763 5841 2996 5915 quatuor
3054 5843 3178 5897 licet
3228 5841 3615 5910 manuscriptis
