4124 6416
516 416 614 471 501

1651 407 1718 461 ΙΝ
1758 402 2131 461 LEV’lTlCUM
2176 399 2460 457 ll0.\l’ll.l.\
2496 400 2635 456 XVI.

3670 400 3777 461 562

519 540 590 593 tis
619 540 792 593 cincta
823 547 924 598 est,
956 536 1053 591 sed
1086 536 1168 590 vel
1212 536 1265 589 iit
1296 531 1565 589 sermonis
1597 530 1736 602 (97),
1772 531 1854 586 vel
1888 531 1938 584 iu
1976 546 2094 584 mos
2127 536 2172 593 Α
2203 542 2379 580 rerum
2417 526 2721 578 futurarum
2747 523 2811 586 ⁸⁸,
2834 539 2939 577 non
2971 524 3165 592 quibus
3192 530 3549 593 arguerentur
3573 522 3773 578 delicta

520 649 640 687 rum
666 633 798 685 vitio
822 633 1136 687 consistat:
1195 632 1296 683 hoc
1347 637 1429 681 est
1485 627 1791 680 vendidisse
1848 625 2090 687 domum,

520 739 639 792 quae
671 724 721 776 in
758 739 890 791 agro
924 733 1028 787 est,
1065 722 1149 774 vel
1179 722 1230 774 in
1262 720 1381 774 vico
1429 720 1517 773 cui
1584 734 1772 772 murus
1832 733 1938 771 non
1987 725 2091 769 est.

522 810 645 865 llmc
704 826 834 881 ergo
872 812 1115 864 venditio
1154 818 1205 863 et
1258 808 1633 875 hujuscemodi
1672 807 1827 871 culpa
1880 821 2096 875 semper

522 904 771 969 reparari
800 912 999 972 potest,
1034 919 1131 956 nec
1156 901 1449 971 aliquando
1491 901 1586 954 tibi
1635 899 1978 953 interdicitur
2028 898 2097 952 de

514 997 826 1051 commissis
854 995 1163 1067 lmjusmodi
1202 994 1596 1060 paenitudinem
1634 1007 1816 1061 agere.
1870 994 1921 1044 in
1964 1007 2091 1060 gra-

515 1086 762 1140 vioribus
799 1086 945 1140 enim
982 1084 1305 1139 criminibus
1330 1082 1503 1139 semel
1547 1092 1755 1137 tantum
1824 1082 2093 1153 poeniten-

516 1178 602 1231 tiae
639 1177 754 1247 (28)
805 1177 1131 1232 conceditur
1177 1176 1377 1241 locus;
1427 1176 1526 1229 ista
1574 1191 1701 1229 vero
1761 1175 2086 1237 communia,

511 1284 633 1337 quae
662 1269 976 1337 frequenter
1031 1268 1404 1332 incurrimus,
1449 1280 1663 1334 semper
1717 1266 2089 1335 poniitentiam

514 1360 806 1427 recipiunt,
837 1369 891 1414 et
938 1361 1054 1414 sine
1084 1357 1483 1412 intermissione
1516 1357 1876 1411 redimuntur.

581 1452 635 1505 5.
662 1470 679 1503 ι
695 1452 845 1518 Quod
860 1451 904 1505 si
922 1450 1276 1505 sacerdotalis
1291 1448 1473 1513 fuerit,
1504 1448 1759 1519 inquit“,
1780 1450 1877 1503 ista
1898 1449 2091 1504 domus

512 1545 594 1596 vel
619 1544 878 1609 Levitica,
918 1545 1227 1613 ubicunque
1256 1543 1445 1611 fuerit,
1479 1546 1597 1601 sive
1632 1545 1685 1599 in
1707 1544 1949 1607 civitate,
1976 1544 2091 1597 sive

510 1640 564 1691 in
598 1655 747 1708 agro,
781 1655 997 1709 semper
1023 1640 1189 1694 habet
1222 1642 1705 1713 redemptioneum
1733 1641 1788 1695 In
1831 1642 1933 1697 hoc
1972 1642 2090 1697 loco

508 1732 906 1786 sacerdotalem
964 1747 1180 1786 sensqu
1209 1743 1263 1788 et
1314 1734 1610 1789 Leviticam
1672 1734 2086 1803 intelligentiam

506 1843 709 1897 quaero.
745 1826 858 1882 Non
897 1829 1039 1882 enim
1080 1828 1306 1885 inferior
1331 1845 1449 1886 esse
1474 1830 1633 1885 debet
1663 1831 1877 1884 auditor
1893 1830 2085 1885 borum

505 1921 642 1992 (29),
674 1922 856 1975 silieri
899 1930 1123 1989 potest,
1178 1923 1268 1978 illo
1300 1925 1416 1992 ipso
1450 1925 1541 1994 qui
1593 1924 1706 1979 haec
1756 1924 1976 1992 scripsit
2026 1935 2083 1978 et

509 2014 713 2067 sanxit.
740 2012 876 2079 Quid
912 2023 993 2066 est
1032 2028 1161 2083 ergo
1197 2018 1339 2083 quod
1377 2018 1638 2073 sacerdos
1671 2026 1725 2071 et
1771 2017 1955 2071 Levita
1989 2019 2083 2072 do-

508 2119 628 2156 mus
665 2120 775 2157 sua:
805 2118 1041 2174 semper,
1080 2114 1135 2158 et
1186 2107 1494 2176 ubicunque
1544 2106 1729 2171 fuerit,
1777 2108 1940 2163 habet
1998 2125 2085 2165 re-

508 2192 927 2263 demptionem?
1010 2191 1321 2248 Secundum
1392 2196 1694 2265 spiritalem
1780 2197 2085 2270 intelligen-

508 2283 635 2336 tiam
692 2285 949 2339 sacerdos
1004 2299 1157 2339 mens
1212 2285 1321 2339 Deo
1379 2298 1702 2343 consecrata
1756 2289 1977 2355 dicitttr,
2029 2301 2081 2347 et

503 2374 667 2446 263
717 2374 842 2430 Levi
899 2376 1198 2446 appellatur
1237 2377 1281 2431 is
1314 2379 1404 2448 qui
1468 2380 1836 2437 indesinenter
1875 2383 2085 2440 assistit

506 2466 616 2520 Deo
653 2475 707 2520 et
738 2467 999 2522 voluntati
1044 2469 1159 2538 ejus
1192 2470 1486 2525 ministrat.
1532 2470 1803 2528 Perfectio
1850 2488 1980 2545 ergo
2027 2478 2081 2532 in

503 2557 780 2611 intellectu
832 2568 886 2611 et
932 2576 1121 2629 opere,
1162 2562 1215 2615 in
1250 2562 1351 2616 fide
1379 2572 1434 2617 et
1467 2564 1681 2620 actibus
1724 2568 1981 2623 sacerdos
2030 2578 2084 2624 et

504 2648 685 2706 Levita
721 2649 1075 2720 accipiendos
1110 2661 1216 2708 est.
1253 2652 1388 2707 lluie
1421 2654 1603 2724 itaque
1632 2654 1887 2723 perfectae
1910 2660 2079 2714 menti

500 2742 544 2796 si
570 2742 833 2796 acciderit
862 2741 1153 2811 aliquando
1186 2742 1428 2809 domum,
1454 2760 1614 2814 qttam
1642 2744 1804 2800 habet
1828 2762 1936 2803 non
1968 2764 2084 2803 ma-

499 2848 570 2885 nu
607 2818 804 2886 factam
839 2844 1097 2886 aeternam
1135 2834 1186 2887 in
1238 2834 1415 2900 emlis,
1452 2836 1687 2891 vendere
1720 2845 1774 2891 et
1802 2837 1854 2891 iit
1890 2854 2082 2895 manus

498 2924 721 2979 alterius
760 2926 888 2978 dare
918 2940 933 2980 :
982 2925 1119 2979 sicut
1171 2927 1398 2993 contigit
1433 2926 1725 2996 aliquando
1760 2945 1955 2999 magno
1982 2947 2081 3000 pa-

502 3016 753 3067 triarcha:
798 3014 986 3075 D.t\’iti,
1020 3031 1141 3066 eunt
1177 3016 1241 3067 de
1270 3024 1411 3068 tecto
1454 3031 1550 3069 suo
1592 3015 1733 3071 Uria:
1767 3017 1969 3071 Cctbtei
1998 3034 2076 3073 as-

499 3106 646 3173 pexit
672 3121 896 3159 uxorem
933 3123 945 3157 :
988 3107 1172 3159 statim
1204 3122 1321 3158 eam
1364 3109 1597 3170 redimit,
1632 3109 1814 3162 statim
1842 3122 2078 3177 rep-irai,

498 3198 679 3251 statim
722 3199 865 3251 enim
904 3198 1038 3253 dixit
1072 3200 1155 3255 ⁶¹ε
1192 3218 1209 3251 ι
1242 3198 1497 3254 Peccavi.
1528 3220 1547 3253 ι
1588 3201 1698 3257 Ιιιιο
1728 3218 1854 3258 vero
1879 3205 2078 3274 aliquid

502 3290 673 3342 adhuc
713 3289 1001 3344 sublimius
1052 3291 1104 3344 i‘n
1139 3292 1240 3345 hoc
1273 3306 1433 3345 sensu
1467 3290 1575 3363 (δυ)
1607 3294 1861 3349 debemus
1911 3296 2079 3365 inspi-

497 3396 644 3445 cere,
676 3383 952 3450 quomodo
980 3382 1172 3435 domus
1210 3383 1551 3436 sacerdotum
1580 3394 1631 3437 et
1660 3383 1993 3448 chitarum,
2025 3387 2075 3440 i.l

495 3481 599 3535 ρει,
630 3472 997 3539 perfecturum
1023 3474 1310 3534 mentium,
1345 3489 1560 3541 semper
1576 3473 1768 3527 delicta
1806 3475 2079 3529 rediman-

497 3571 597 3624 tur,
651 3578 980 3631 semperque
1037 3574 1351 3633 purgentur.
1405 3564 1460 3617 Si
1504 3564 1722 3634 quando
1756 3566 2074 3635 Scripturas

494 3655 705 3709 divinas
734 3654 987 3724 legimus,
1018 3666 1071 3709 ct
1102 3664 1413 3710 sanctorum
1448 3654 1669 3711 Patrum
1702 3659 1753 3710 in
1782 3658 1850 3712 iis
1877 3659 2073 3715 delicta

493 3745 671 3814 aliqua
706 3761 1051 3801 reretisetuus
1084 3765 1097 3801 :
1129 3747 1172 3801 si
1198 3748 1492 3801 secundum
1518 3747 1745 3815 apostoli
1772 3747 1921 3803 Pauli
1947 3765 2072 3805 seu-

495 3836 716 3888 tentiam
741 3834 971 3890 dicimus
995 3835 1060 3899 ⁸³,
1096 3834 1221 3903 quia
1256 3853 1273 3885 ι
1312 3834 1425 3889 hzcc
1450 3836 1630 3889 omnia
1666 3835 1716 3889 in
1746 3835 1915 3905 figura
1942 3852 2076 3892 cou-

494 3926 774 3995 tingebant
807 3926 932 3992 illis,
976 3926 1177 3996 scripta
1204 3934 1332 3980 sunt
1365 3935 1547 3980 autem
1578 3937 1799 3997 propter
1825 3942 2075 3982 commo-

491 4018 752 4071 nitionem
779 4028 1049 4083 nostram;
1078 4036 1096 4069 ι
1131 4018 1235 4073 hoc
1253 4018 1412 4073 modo
1440 4033 1659 4088 semper
1679 4019 1871 4074 domus
1888 4034 2076 4073 eorum

492 4107 800 4172 redimitur,
831 4110 956 4177 quia
1006 4123 1221 4175 semper
1262 4123 1358 4176 pro
1389 4109 1563 4178 culpis
1597 4125 1787 4163 eorum
1820 4110 2077 4179 purgatio

492 4206 546 4250 et
585 4198 885 4253 satisfactio
916 4216 944 4252 a
977 4200 1291 4254 doctoribus
1320 4200 1629 4265 adhibetur,
1658 4200 2075 4255 ostendentibus

492 4304 560 4346 ex
588 4291 786 4347 divinis
822 4293 1124 4364 Scripturis
1151 4294 1352 4350 formas
1384 4292 1552 4349 fuisse
1579 4294 1694 4349 haec
1725 4305 1779 4349 et
1809 4294 2073 4365 imagines

563 4406 603 4441 ⁶¹
647 4405 822 4459 Levit.
859 4421 987 4468 xxv,
1018 4404 1107 4458 52,
1188 4406 1231 4437 ει
1257 4405 1293 4459 ||
1324 4405 1441 4468 Reg

563 4406 603 4441 ει
647 4405 822 4459 Levit.
859 4421 987 4468 m,
1018 4405 1107 4458 52.
1188 4406 1231 4437 ει
1257 4405 1293 4459 ιι
1324 4405 1459 4459 Re".
1498 4421 1594 4472 xu,
1627 4405 1713 4460 ιδ.

492 4491 551 4543 ιι,
581 4476 670 4530 so.
749 4476 836 4530 στι
867 4477 995 4530 Cor.
1030 4492 1112 4541 ιιι,
1146 4477 1230 4543 to,
1259 4476 1351 4543 ιι,
1374 4449 1464 4536 ti.

1816 4405 1865 4437 "
1907 4404 2079 4461 iCor.
2109 4421 2165 4472 ι,
2195 4407 2283 4462 Η.

2196 624 2530 679 sanctorum,
2581 616 2672 669 sed
2702 616 2899 684 quibus
2937 617 3313 670 ostenderetur
3356 626 3670 685 peccatores
3719 624 3775 668 et

2195 711 2387 779 impios
2404 711 2454 763 in
2482 721 2687 781 partem
2709 719 3018 764 sanctormn
3038 711 3463 780 societatemque
3478 710 3771 764 conscisci.

2195 798 2477 869 Nunquam
2520 815 2649 869 ergo
2698 800 3052 856 sacerdotalis
3078 801 3349 871 possessio
3400 814 3428 852 a
3484 800 3773 854 sacerdote

2192 902 2497 957 Separatur,
2527 891 2739 945 etiamsi
2773 892 2839 944 ad
2877 901 3086 961 tempus
3128 892 3291 946 fuerit.
3316 891 3519 955 ablata,
3555 891 3769 945 etiamsi

2194 982 2359 1038 fuerit
2396 983 2680 1049 distracta,
2709 997 2924 1052 semper
2950 982 3255 1047 redimitur,
3288 998 3503 1052 semper
3550 996 3772 1050 repara-

2195 1082 2297 1135 tur,
2321 1073 2463 1127 velut
2485 1074 2529 1127 si
2563 1075 2799 1129 diceret:
2828 1074 3146 1143 «Charitas,
3177 1092 3196 1126 ι
3238 1089 3361 1144 quas
3392 1074 3629 1145 perfecta
3664 1082 3769 1137 cst,

2198 1184 2217 1217 ι
2252 1167 2432 1219 omnia
2470 1166 2693 1237 patitur,
2738 1167 2919 1221 omnia
2949 1175 3131 1236 sperat
3163 1166 3298 1238 (51),
3337 1165 3517 1219 omnia
3547 1166 3771 1227 tolerat,

2192 1256 2429 1313 cbaritas
2475 1272 2747 1327 nunquam
2779 1258 2926 1312 cadit
2965 1258 3029 1311 “.
3072 1278 3094 1311 ι
3134 1257 3225 1312 Sic
3263 1271 3393 1326 ergo
3418 1264 3472 1310 et
3500 1256 3771 1324 possessio

2191 1364 2255 1402 ac
2285 1351 2476 1404 doums
2508 1360 2825 1405 sanctorum
2856 1366 3131 1419 nunquam
3164 1350 3335 1415 cadit,
3374 1363 3652 1418 nunquam
3681 1362 3772 1399 au-

2192 1443 2384 1507 fertur,
2413 1460 2683 1512 nunquam
2709 1444 2776 1499 ab
2797 1460 2983 1500 eormn
3011 1445 3132 1514 jure
3155 1452 3457 1513 separatur.
3486 1442 3771 1510 Quomodo

2190 1534 2444 1605 separari
2468 1550 2496 1588 a
2521 1536 2896 1591 sacerdotibus
2928 1546 3103 1606 potest
3133 1537 3325 1591 domus
3354 1550 3473 1605 qua:
3498 1535 3765 1589 :edificata

2189 1636 2273 1681 est
2313 1641 2481 1696 supra
2530 1628 2936 1682 fundamentum
2984 1628 3358 1697 apostolorum
3391 1636 3445 1682 et
3472 1629 3768 1697 propheta-

2190 1733 2334 1782 rum,
2362 1720 2413 1773 in
2427 1736 2530 1790 qua
2553 1722 2668 1789 ipse
2692 1729 2774 1775 est
2799 1720 2991 1791 angula
3002 1722 3075 1775 ris
3100 1721 3232 1790 lapis
3249 1718 3405 1775 Iesus
3422 1719 3669 1775 Christus
3688 1718 3771 1771 '3?

2190 1811 2342 1878 Quod
2373 1823 2549 1865 autem
2596 1814 2765 1882 possit
2796 1811 3087 1882 aliquando
3129 1813 3325 1865 domus
3358 1812 3462 1865 ista
3513 1810 3766 1873 distrahi,

2120 1900 2160 1954 Β
2192 1902 2290 1956 hoc
2319 1913 2420 1969 est,
2453 1903 2753 1971 hujusutodi
2786 1904 3077 1958 aedificatio
3108 1903 3348 1958 incidere
3375 1902 3426 1955 iit
3455 1910 3765 1971 peccatum,

2188 1997 2308 2049 audi
2345 1997 2618 2066 apostolus
2667 1996 2864 2051 Paulus
2915 1998 3199 2062 quomodo
3229 1996 3295 2051 de
3349 1994 3551 2051 talibus
3588 1995 3766 2049 dicit:

2192 2106 2209 2139 ι
2255 2088 2322 2142 Ut
2368 2089 2586 2158 sapiens
2625 2089 2955 2142 architectus
2993 2086 3423 2149 fundamentum,
3466 2086 3642 2155 inquit
3691 2084 3765 2149 ⁸⁷,

2186 2180 2358 2249 posui.
2386 2181 2525 2234 alius
2542 2178 2958 2249 superaedilicat,
2986 2180 3360 2249 unusquisque
3383 2186 3563 2231 autem
3584 2177 3769 2230 videat

2186 2272 2461 2341 quomodo
2498 2272 2914 2340 stipertedifieet.
2963 2270 3393 2326 Fundamentum
3432 2270 3578 2325 enim
3622 2268 3767 2322 aliud

2186 2372 2533 2432 nemopotcst
2552 2378 2750 2433 ponere
2781 2374 2978 2434 praeter
3002 2364 3052 2417 id
3076 2364 3217 2433 quod
3242 2364 3473 2433 positum
3492 2372 3599 2426 est,
3624 2361 3769 2431 quod

2184 2463 2266 2507 est
2303 2453 2553 2506 Christus
2582 2451 2761 2507 Jesus.
2806 2451 2860 2506 Si
2886 2454 3006 2523 quis
3038 2464 3215 2507 autem
3244 2468 3406 2522 supra
3442 2452 3765 2505 fundamen-

2188 2553 2296 2595 tum
2334 2544 2433 2597 hoc
2452 2544 2687 2598 :edilicat
2717 2561 2932 2611 aurum,
2971 2556 3282 2614 argentum,
3314 2545 3521 2612 lapides
3556 2543 3762 2612 pretio-

2185 2652 2295 2700 sos,
2329 2636 2493 2707 ligna,
2519 2636 2723 2705 fenum,
2751 2638 3024 2707 stipulam.
3060 2658 3093 2690 ι·
3114 2638 3273 2692 Vides
3300 2653 3428 2709 ergo
3451 2638 3574 2706 quia
3604 2646 3766 2705 potes

2186 2745 2347 2799 supra
2378 2730 2788 2787 fundamentum
2814 2733 3013 2786 Christi
3044 2733 3319 2789 tedilicare
3360 2732 3527 2801 ligna,
3553 2730 3763 2795 fenum,

2185 2824 2460 2894 stipulam,
2487 2824 2588 2879 hoc
2609 2836 2714 2886 ρει.
2733 2840 2896 2894 opera
2928 2825 3167 2895 peccati:
3199 2839 3318 2895 qua:
3344 2823 3569 2879 aedificat
3592 2823 3755 2894 (δι’),

2186 2916 2302 2969 sine
2353 2915 2516 2969 dubio
2546 2915 2786 2969 vendidit
2817 2917 3034 2971 domum
3080 2931 3231 2970 suam
3262 2915 3492 2984 emptori
3531 2914 3770 2984 pessimo

2186 3006 2421 3069 diabolo,
2447 3023 2474 3059 a
2509 3024 2615 3075 quo
2652 3007 3022 3077 unusquisque
3042 3008 3382 3078 peccantium
3417 3008 3767 3077 peccatiprc-

2185 3099 2317 3151 tium
2368 3098 2479 3169 (3'2)
2521 3099 2874 3167 consequitur
2908 3100 3334 3153 satisfactionem
3374 3098 3624 3153 desiderii
3658 3100 3764 3154 sui.

2187 3188 2299 3243 Hoc
2331 3190 2373 3242 si
2407 3190 2545 3244 forte
2574 3189 2870 3243 incurrerit
2896 3189 3112 3258 aliquis,
3146 3190 3289 3259 quod
3321 3190 3639 3245 absitl’eito
3680 3206 3768 3246 re-

2182 3281 2373 3345 dimat,
2399 3283 2508 3337 cito
2536 3292 2770 3351 reparet,
2795 3283 2919 3336 dttnt
2954 3292 3161 3352 tempus
3187 3293 3265 3337 est
3291 3285 3599 3353 reparandi,
3634 3285 3763 3339 dum

2185 3374 2518 3444 paenitentiae
2554 3374 2699 3429 locus
2721 3384 2823 3441 est,
2869 3376 3222 3444 deprecantes
3252 3377 3304 3430 in
3340 3392 3649 3439 commune,
3699 3392 3768 3431 ne

2182 3477 2396 3521 aeterna:
2413 3466 2603 3521 domus
2626 3467 2960 3522 habitatione
2992 3467 3333 3535 fraudentur,
3368 3470 3462 3523 scd
3490 3468 3633 3540 digni
3671 3470 3769 3522 ba-
3836 3468 3845 3477 “

2184 3561 2410 3615 beatnur
2442 3560 2605 3631 recipi
2636 3561 2688 3616 in
2734 3572 2934 3615 aeterna
2967 3561 3336 3625 tabernacula,
3367 3574 3463 3632 per
3487 3564 3763 3617 Christum

2181 3651 2469 3706 Dominum
2515 3662 2778 3714 nostrum,
2810 3652 2897 3708 cui
2939 3662 3021 3707 est.
3042 3653 3212 3723 gloria
3247 3667 3301 3710 et
3326 3656 3614 3724 imperium
3649 3654 3766 3727 (53)

2184 3743 2238 3799 in
2268 3744 2463 3800 saecula
2497 3745 2843 3799 srectdorum.
2881 3746 3074 3799 Amen.

2745 3834 3026 3889 llUM‘lLIA
3060 3835 3199 3891 XVI.

2545 3925 2619 3979 De
2676 3927 3123 3980 benedictionibus
3169 3925 3411 3980 Leritiei.

2258 4018 2309 4073 l.
2364 4016 2418 4070 lu
2473 4018 2736 4084 agonibus
2781 4018 3156 4087 corporalibus
3200 4020 3401 4087 gmdns
3432 4020 3653 4086 quidam
3711 4028 3768 4071 et

2182 4107 2506 4165 diﬁcrenlirc
2538 4110 2876 4180 singulorum
2921 4125 3263 4181 quorumque
3291 4111 3583 4166 observari
3614 4112 3730 4164 ordi
3752 4143 3764 4153 -

2181 4218 2311 4257 num
2338 4201 2538 4267 solent,
2572 4212 2630 4256 ut
2658 4219 2756 4273 pro
2790 4202 3055 4274 qualitate
3108 4204 3494 4268 certaminum,
3537 4206 3762 4273 praemio

2181 4296 2957 4366 remunereturunusquisque
2985 4296 3247 4351 victoriae.
3287 4295 3682 4365 Verbi'gratia,
3714 4295 3762 4350 si

2365 4407 2411 4439 “
2436 4405 2601 4461 Hebr.
2627 4423 2684 4472 κ,
2724 4407 2774 4461 1.
2852 4406 2897 4440 ⁸⁸
2928 4406 2944 4462 Ι
2976 4407 3102 4463 Cor.
3133 4424 3254 4477 xui,
3281 4409 3333 4474 7,
3355 4412 3406 4464 8.
3488 4409 3531 4440 “
3554 4407 3757 4480 Ephes.

488 4588 839 4657 consignata;
879 4602 1002 4640 nam
1049 4587 1102 4640 in
1137 4589 1310 4641 locum
1347 4587 1545 4640 veteris
1591 4585 1746 4656 cujus
1798 4586 2072 4657 scriptura
2104 4595 2149 4650 D
2181 4595 2264 4641 est
2292 4585 2557 4653 ejusmodi
2588 4584 2908 4657 particulam
2962 4585 3226 4654 adjectum
3279 4589 3447 4646 fuisse
3510 4608 3538 4644 a
3600 4592 3765 4647 Scuto

486 4674 643 4712 erasa
680 4666 780 4722 est,
822 4657 1135 4712 obtruditur
1174 4657 1450 4727 inicodice
1483 4672 1604 4711 mox
1628 4659 1796 4711 citato
1832 4658 2073 4727 Sanger-

489 4727 755 4783 manensi.
786 4730 845 4782 5°
875 4727 1060 4783 Lectio
1102 4745 1115 4780 :
1159 4747 1176 4780 ι
1225 4726 1281 4780 Si
1316 4743 1415 4781 nos
1452 4728 1630 4797 aliqua
1668 4729 1826 4793 culpa
1865 4726 2075 4783 morta-

489 4800 553 4853 lis
592 4802 881 4863 invenerit,
902 4816 1020 4868 quae
1057 4815 1163 4853 non
1196 4799 1249 4852 in
1301 4798 1536 4868 crimine
1568 4800 1809 4861 mortali,
1858 4818 1878 4868 ν»
1941 4810 2072 4864 etc.,

489 4882 848 4937 pratterquam
893 4866 1034 4937 quod
1063 4871 1264 4923 citatur
1298 4866 1492 4922 iisdem
1526 4870 1712 4924 verbis
1745 4884 1773 4921 a
1817 4867 2075 4938 Magistro

491 4941 888 4995 sententiarum
911 4941 1003 4994 lib.
1037 4956 1113 5003 tv,
1136 4940 1378 4992 distinct.
1423 4939 1508 4999 M,
1541 4940 1813 5008 reperitur
1852 4940 2077 5007 insuper

490 5010 541 5063 in
581 5012 836 5065 omnibus
870 5011 1265 5065 vetustioribus
1311 5011 1722 5079 manuscriptis,
1760 5011 1911 5063 verbi
1947 5027 2077 5080 gra-

492 5082 564 5134 tia
594 5081 1054 5149 Sangcrmanensi
1087 5080 1178 5150 qui
1214 5096 1278 5133 ex
1313 5080 1637 5135 charactere
1681 5080 1879 5134 unciali
1917 5091 2075 5135 sexto

488 5151 571 5204 vel
603 5153 835 5220 septimo
864 5151 1123 5205 Ecclesia:
1154 5150 1356 5205 sacculo
1388 5151 1627 5218 scriptus
1657 5151 1901 5217 videtur,
1935 5161 1990 5203 et
2020 5151 2073 5205 in

487 5221 662 5275 altero
696 5221 1031 5284 Fossatettsi,
1073 5237 1217 5274 nunc
1250 5221 1719 5289 Saugermancnsi
1768 5222 1857 5289 qui
1904 5222 2071 5275 etiam

485 5300 719 5361 aetatem
740 5292 846 5346 800
871 5308 1140 5345 annorum
1177 5290 1378 5361 arguit.

556 5360 900 5430 (27).Omues
937 5379 1097 5425 mss.,
1128 5381 1147 5413 ι
1178 5360 1510 5415 sermonis.)
1547 5360 1701 5415 Libb.
1731 5360 1888 5426 editi,
1926 5377 2075 5416 (scr-

487 5429 759 5501 tuouibtts.
807 5450 826 5483 ι
884 5429 1025 5485 Infra
1084 5448 1238 5496 mss.,
1302 5449 1320 5482 ι
1386 5432 1781 5501 pwnitudinem
1832 5448 2013 5501 agi-re.
2050 5452 2068 5484 ι

484 5499 830 5573 Lil;b.editi,
866 5520 883 5573 ι
924 5501 1316 5570 ραξιιίιιιιιίιιοιιι
1347 5499 1556 5573 gerere.
1604 5520 1622 5553 ι

559 5572 675 5640 (9.8)
710 5570 885 5625 Semel
913 5582 1115 5624 tantum
1169 5570 1489 5637 pauitantia:
1518 5612 1531 5633 ,
1571 5584 1677 5624 etc.
1725 5572 1880 5627 Libb.
1942 5575 2071 5628 editi

487 5641 713 5702 habent,
744 5660 762 5692 ι
803 5642 969 5696 semel
1005 5652 1212 5695 tantum
1248 5642 1328 5695 vel
1374 5658 1496 5696 raro
1529 5644 1917 5711 pmnitentite,»
1964 5654 2069 5698 etc.

485 5713 592 5764 Sed
623 5714 765 5765 istud
822 5730 839 5761 ι
878 5712 959 5765 vel
1008 5728 1131 5765 raro
1174 5731 1191 5761 ›
1240 5712 1397 5766 abest
1460 5715 1525 5765 ab
1572 5714 1827 5767 omnibus
1878 5731 2072 5767 manu-

485 5784 712 5848 scriptis
741 5784 1023 5837 codicibus
1055 5800 1154 5834 nee
1193 5785 1507 5851 agnoscitur
1549 5798 1576 5835 a
1624 5784 1882 5851 Magistro
1940 5800 2072 5838 sen-

488 5856 780 5907 tentiarum
818 5854 912 5906 lib.
946 5869 1018 5921 tv,
1054 5853 1250 5908 distJ.
1285 5852 1438 5908 Unde
1494 5859 1776 5907 nonnullis
1826 5858 2072 5925 suspicio

2178 4658 2270 4739 qui
2301 4658 2502 4739 veteris
2518 4656 2772 4739 Ecclesia:
2794 4657 3049 4739 ignorans
3072 4659 3412 4739 disciplinain
3446 4679 3551 4739 qua
3585 4664 3762 4718 letha-

2180 4727 2635 4801 liumcriminttm
2667 4728 2781 4781 rcis
2804 4728 2974 4801 semel
3013 4727 3223 4783 tantum
3258 4727 3578 4801 pmnitcntia
3635 4752 3764 4789 cou-

2177 4798 2495 4861 cedebatur,
2526 4797 2779 4867 Origenis
2803 4799 2977 4853 locum
3008 4800 3075 4852 ad
3109 4797 3453 4857 eonttiitttietu
3480 4806 3562 4857 Siti
3625 4815 3764 4859 tem-

2179 4870 2326 4936 poris
2353 4870 2806 4942 scholasticorum
2841 4869 3150 4942 opinionem
3190 4876 3376 4940 paucis
3414 4875 3643 4942 adjectis
3679 4894 3743 4930 re-

2180 4954 2373 5013 vocare
2406 4940 2653 5013 tentavit.
2682 4938 2852 5013 Porro
2874 4940 3116 5013 quioliin
3144 4938 3262 5010 post
3282 4955 3457 4997 actam
3482 4938 3765 5013 'pmnitcu-

2181 5010 2393 5083 tiatuian
2427 5011 2616 5083 eadem
2666 5020 2759 5083 aut
2811 5010 3012 5083 similia
3068 5011 3390 5066 labebantur
3429 5010 3651 5083 flagitia,
3694 5020 3762 5069 ab

2178 5081 2324 5152 omni
2356 5080 2621 5152 deinceps
2660 5081 2777 5135 sive
2815 5082 3031 5152 publica
3070 5083 3185 5136 sive
3225 5086 3435 5152 privata
3499 5080 3765 5152 praeniten-

2180 5151 2251 5203 tia
2307 5151 2548 5218 repulsos
2601 5150 2769 5203 fuisse
2830 5151 3044 5206 abunde
3086 5150 3467 5209 demonstrant
3501 5150 3761 5209 Motibus

2179 5220 2273 5273 lib.
2308 5237 2358 5282 ν,
2391 5235 2513 5287 cap.
2539 5220 2630 5287 27,
2665 5232 2713 5274 et
2739 5221 2997 5275 Petavius
3026 5226 3077 5276 iu
3144 5227 3257 5280 suis
3307 5227 3758 5281 Adnotationibus

2178 5290 2247 5342 ad
2290 5288 2670 5356 Epiphaniam,
2707 5290 2895 5345 haeres.
2948 5309 3058 5348 L~IX'.

2251 5361 2362 5431 (29)
2389 5363 2571 5414 Codex
2604 5364 2922 5430 Sangcrm.,
2959 5384 2976 5415 ι
3021 5374 3210 5419 auctor
3236 5380 3452 5429 aurum,
3492 5384 3508 5416 ι
3546 5378 3653 5418 etc.

2248 5433 2359 5499 (ἴου)
2395 5431 2587 5487 Sensit.
2624 5433 2782 5505 Deest
2826 5435 2877 5486 in
2913 5435 3041 5488 libb.
3081 5447 3240 5489 antea
3282 5437 3465 5497 editis,
3496 5441 3591 5489 sed
3630 5454 3759 5505 sup-

2178 5502 2359 5572 pletur
2387 5518 2415 5555 e
2440 5504 2846 5572 tnanuseriptis.

2247 5571 2360 5643 (3|)
2382 5572 2569 5645 M_ss.,r
2589 5571 2773 5645 omnia
2791 5583 2997 5645 sperat.
3024 5574 3204 5631 iLibb.
3229 5573 3563 5637 ed.,comnia
3583 5591 3701 5645 ευρ.
3734 5599 3752 5629 ι

2250 5641 2387 5715 (ὃν)
2408 5641 2540 5715 Fort
2560 5644 2718 5715 leg,.t
2746 5644 2843 5708 Qui
2882 5644 2993 5715 lucc
3020 5645 3312 5698 aedificat.)

2251 5714 2366 5784 (32)
2404 5714 2550 5784 illss.,
2573 5732 2590 5763 ι
2618 5716 2867 5784 pretium.
2913 5732 2929 5762 ι
2964 5714 3115 5766 Libb.
3149 5715 3301 5775 editi,
3334 5734 3352 5765 ι
3389 5717 3685 5781 praemium.
3730 5736 3747 5766 ι

2249 5778 2361 5853 (33)
2396 5778 2463 5835 Et
2489 5778 2784 5851 imperium.
2825 5782 2982 5835 Deest
3022 5785 3071 5834 ιιι
3112 5785 3264 5837 libris
3298 5778 3479 5851 editis,
3509 5793 3753 5853 sedsttp-

2176 5856 2351 5925 pletur
2377 5870 2405 5909 e
2430 5870 2529 5909 ms.
2558 5854 2748 5908 codice
2778 5854 3258 5922 Saugermanenst.
