4124 6400
354 352 458 407 5‘33

1806 359 1962 417 ORlG
1972 360 2125 415 ΕΝΙὸ

3514 364 3620 419 εει

357 468 499 520 inter
537 484 736 537 pueros
756 471 879 540 quis
918 472 1107 528 habeat
1154 491 1406 544 agonem,
1434 478 1477 531 si
1522 480 1660 533 inter
1683 479 1931 549 juvenes,
1964 485 2008 541 Α
2042 495 2146 533 non
2194 487 2392 544 tamen,
2424 490 2477 533 ut
2509 480 2832 550 quibusdam
2862 481 3098 548 videtur,
3147 480 3218 536 ita
3254 482 3308 537 in
3334 479 3455 536 illos
3472 483 3620 538 solos

357 562 402 614 si
435 561 577 614 inter
624 564 791 628 viros,
823 580 942 634 qua:
968 581 1065 635 per
1106 568 1354 637 singulos
1378 571 1599 625 ordines
1625 572 1934 627 observatio

358 651 543 705 haberi
590 657 807 717 debeat,
840 657 970 725 qttid
1019 659 1132 713 lieri
1162 659 1342 727 liceat,
1373 663 1572 731 quidve
1599 679 1706 717 non
1749 663 1934 729 liceat,

356 755 411 795 et
440 760 560 812 qua!
584 750 906 804 certaminis
938 751 1120 820 regula
1159 754 1447 819 custodiri,
1472 756 1603 825 quid
1625 756 1788 810 etiam
1815 763 1937 825 post

359 836 472 888 hare
498 842 957 897 remunerationis
995 855 1267 899 mereatur
1292 846 1467 915 palma
1494 848 1780 912 vincentis,
1805 848 1937 917 ipsis

357 926 713 982 nihilominus
774 933 1019 1001 agonicis
1069 934 1277 1006 legibus
1330 947 1545 993 cautum
1590 949 1694 995 est.
1750 938 1826 993 lta
1879 950 1935 995 et

358 1032 501 1071 nunc
516 1021 859 1088 omnipotens
892 1022 1033 1079 Deus
1059 1026 1413 1084 observanda
1441 1028 1578 1099 legis
1600 1045 1711 1086 sua:
1747 1031 1799 1085 in
1834 1032 1937 1089 hoc

358 1111 558 1163 mundo
575 1126 804 1182 agonem
841 1118 1161 1173 mortalibus
1184 1137 1411 1189 ponens,
1438 1132 1787 1194 posteaquam
1825 1136 1935 1179 tra-

356 1200 493 1252 didit
523 1204 862 1260 observanda
885 1211 1306 1280 quamplurima,
1342 1224 1395 1269 et
1427 1215 1556 1284 quid
1595 1218 1712 1271 lieri
1736 1219 1937 1288 quidve

356 1306 463 1345 non
484 1293 597 1348 ﬁeri
616 1296 833 1363 debeat,
861 1302 1117 1372 ascripsit
1149 1307 1573 1371 ;convenienter
1590 1310 1657 1363 ad
1687 1310 1934 1365 ultimum

351 1380 468 1449 jam
505 1385 733 1443 Levitici
782 1391 1003 1459 librum,
1038 1396 1089 1449 in
1120 1413 1228 1465 quo
1257 1399 1327 1454 de
1361 1400 1590 1471 singulis
1632 1404 1937 1474 quibusque

354 1474 831 1536 observationibus
872 1486 1226 1542 constitutum
1251 1499 1355 1553 est,
1389 1491 1520 1559 quid
1571 1494 1813 1548 muneris
1852 1508 1943 1548 rea

357 1576 536 1630 portet
558 1570 649 1637 qui
679 1571 1001 1640 impleverit,
1044 1587 1099 1630 et
1129 1580 1260 1647 quid
1280 1595 1453 1648 pinna:
1483 1583 1677 1637 subeat
1707 1584 1797 1653 qui
1830 1601 1933 1639 non

355 1656 753 1726 observaverit,
779 1667 1044 1721 enuntiat.
1078 1666 1186 1723 Sed
1233 1672 1277 1724 si
1312 1670 1397 1725 lex
1443 1676 1740 1729 secundum
1789 1680 1934 1746 quod

353 1746 519 1801 Judaei
548 1751 753 1818 volunt,
785 1766 838 1809 et
875 1758 928 1811 hi
967 1760 1057 1828 qui
1085 1776 1274 1817 eorum
1312 1778 1474 1818 sensu
1508 1764 1820 1836 Scripturas
1854 1769 1936 1822 itt-

2036 570 2370 641 diriguntur,
2413 582 2473 626 ut
2503 572 2643 628 alius
2673 588 2738 627 ex
2767 572 2853 629 his
2893 574 3225 645 participare
3259 590 3364 628 non
3405 574 3617 642 possit:

2037 664 2243 720 idcirco
2278 679 2371 719 cas
2409 664 2685 734 spiritales
2728 665 3017 735 Apostolus
3054 665 3374 728 nominavit,
3409 674 3465 718 ut
3498 666 3620 734 qui-

2036 770 2249 824 cunque
2301 755 2440 811 cllici
2496 756 2734 825 potuerit
2765 757 2817 811 in
2863 757 3067 811 virtute
3098 766 3152 810 et
3195 756 3409 826 spiritu,
3467 757 3616 812 verbi

2034 847 2233 916 gratia,
2276 846 2427 913 Sem,
2460 847 2541 900 vel
2572 846 2788 916 Japhet,
2829 846 2912 901 vel
2948 847 3171 917 Ioseph,
3201 856 3293 901 aut
3320 845 3489 910 Isaac,
3524 857 3618 900 aut

2032 938 2223 1006 Jacob,
2271 941 2414 995 sicut
2461 950 2516 994 et
2542 938 2779 995 Joannes
2826 938 2927 994 fuit
2976 940 3028 995 in
3081 940 3275 1009 Spiritu
3329 950 3383 993 et
3418 939 3618 993 virtute

2036 1033 2185 1097 Elize,
2213 1033 2382 1102 possit
2403 1032 2569 1086 etiam
2605 1033 2723 1103 ipse
2752 1032 3147 1087 benedictionis
3174 1031 3317 1085 illius
3346 1031 3617 1099 particeps

2044 1124 2182 1188 ﬁeri,
2212 1126 2367 1193 cujus
2403 1125 2659 1178 virtutem
2690 1132 2744 1179 et
2779 1124 3029 1194 spiritum
3065 1123 3310 1194 gesserit.

2106 1216 2162 1269 2.
2190 1216 2295 1272 Sed
2323 1216 2605 1269 videamus
2645 1231 2789 1270 nunc
2817 1216 2867 1269 in
2900 1214 3145 1270 Levitico
3176 1215 3613 1270 benedictionum

2034 1308 2178 1377 quod
2199 1308 2269 1362 sit
2293 1306 2596 1361 exordium.
2626 1323 2644 1356 ι
2674 1305 2755 1370 Si,
2787 1306 2963 1376 inquit
2986 1306 3053 1372 ",
3082 1306 3136 1360 in
3170 1307 3453 1375 praeceptis
3480 1306 3617 1360 meis

2036 1398 2472 1462 ambulaveritis,
2502 1405 2556 1452 et
2585 1398 2839 1451 mandata
2876 1412 2991 1452 mea
3037 1398 3410 1452 custodit-ritis
3446 1407 3500 1451 et
3534 1397 3614 1451 fe-

2036 1493 2221 1547 ceritis
2253 1508 2338 1549 ea.
2369 1512 2387 1545 ι
2428 1490 2553 1546 Tria
2578 1499 2702 1546 sunt
2735 1505 2855 1559 qua:
2881 1488 3014 1544 dicit
3044 1508 3058 1544 :
3089 1491 3140 1543 in
3178 1490 3465 1560 praeceptis
3499 1505 3616 1543 am-

2036 1584 2350 1644 bulandum,
2393 1584 2643 1637 mandata
2675 1581 3053 1644 custodienda,
3100 1590 3153 1634 et
3207 1580 3451 1634 facienda
3495 1596 3615 1648 quae

2036 1675 2287 1729 mandata
2331 1684 2476 1729 sunt.
2523 1674 2676 1729 Unde
2701 1673 2915 1727 videtur
2942 1671 3071 1725 mihi
3114 1682 3442 1741 pneceptum
3471 1685 3613 1736 esse,

2036 1768 2184 1822 verbi
2211 1768 2407 1835 gratia,
2440 1781 2563 1821 cum
2590 1765 2812 1834 iubetur
2842 1772 2900 1819 ut
2932 1766 3021 1819 ille
3047 1766 3137 1833 qui
3171 1764 3473 1818 Sabbatum
3504 1778 3611 1815 non

358 1839 674 1909 telligendas
708 1856 921 1914 putant,
963 1867 1069 1907 non
1121 1864 1207 1909 cst
1238 1856 1518 1926 Spiritalis,
1549 1829 1647 1913 sed
1674 1862 1931 1929 carnalis,
1966 1829 2007 1883 Β
2037 1829 2301 1922 servavit,
2330 1829 2402 1913 ab
2424 1858 2569 1912 omni
2591 1829 2871 1929 synagoga
2910 1829 3178 1927 lapidetur
3206 1872 3220 1909 :
3256 1866 3347 1909 aut
3378 1855 3469 1924 qui
3502 1872 3615 1907 ma-

354 1935 572 1988 c’ubium
610 1953 714 1992 non
746 1951 830 1995 est
862 1942 992 2011 quin
1027 1946 1313 2003 observata
1349 1950 1668 2018 carnaliter,
1711 1952 1934 2008 benedi-

352 2027 560 2082 eliottes
592 2044 809 2103 quoque
851 2036 1102 2093 carnales
1130 2039 1555 2098 observantibus
1597 2046 1822 2100 tribuat.
1875 2046 1932 2102 Si

352 2131 502 2183 vero,
534 2130 593 2174 tit
620 2121 789 2178 Paulo
827 2126 1045 2181 videtur
1080 2130 1345 2199 apostolo,
1386 2133 1472 2187 lex
1506 2135 1767 2205 spiritalis
1825 2150 1933 2205 est,

353 2210 471 2266 sine
490 2212 656 2268 dubio
689 2223 744 2268 et
777 2218 1098 2287 spiritaliter
1125 2221 1464 2280 observanda
1490 2238 1596 2290 est,
1626 2237 1684 2282 et
1711 2230 1933 2298 spirita-

355 2302 420 2353 lis
451 2317 515 2355 ex
544 2320 607 2356 ea
634 2305 1068 2364 benetliiztionum
1107 2318 1377 2383 speranda
1410 2321 1791 2375 remuneratio.
1821 2321 1930 2374 Tn-

356 2393 462 2446 tius
516 2412 752 2464 namque
802 2406 1216 2472 consequentiae
1267 2418 1374 2472 est,
1421 2410 1723 2479 Spiritalcm
1760 2413 1929 2483 legem

353 2484 763 2545 benedictioues
794 2494 927 2550 dare
960 2497 1256 2567 spiritales,
1305 2510 1361 2556 et
1389 2502 1627 2570 ejusdem
1659 2506 1933 2561 nihilomi-

352 2593 454 2632 nus
507 2587 910 2651 conseqnentize
941 2598 1045 2655 est,
1091 2592 1259 2647 etiam
1299 2595 1587 2650 maledicta
1631 2607 1684 2651 et
1727 2600 1932 2655 conde-

353 2670 655 2726 initiationes
682 2674 813 2743 legis
830 2678 1095 2747 spiritalis
1122 2698 1229 2737 non
1249 2698 1375 2738 esse
1394 2701 1714 2754 corporeas.
1739 2688 1845 2742 Sed
1875 2699 1934 2743 ut

353 2757 715 2818 indubitatum
756 2768 827 2821 sit
852 2772 992 2838 quod
1021 2772 1277 2837 dicimus,
1308 2774 1480 2844 ipsius
1507 2776 1661 2832 Pauli
1699 2780 1930 2849 apostoli

351 2864 485 2941 voce
517 2862 755 2921 utamur,
786 2875 889 2928 qua
920 2862 987 2915 ad
1020 2863 1282 2932 Ephesios
1304 2868 1549 2923 scribens
1585 2870 1650 2925 de
1678 2871 1932 2941 spiritua-

354 2939 491 2996 libus
524 2942 988 3006 benedictionibus
1012 2952 1114 3008 hoc
1133 2956 1291 3011 modo
1316 2960 1663 3026 pronuntiat:
1706 2939 1725 3012 ἆ
1757 2960 1928 3016 Bene-

350 3031 752 3109 dictus,-inquit
778 3041 843 3107 ⁸⁸,
884 3042 1027 3099 Deus
1063 3054 1117 3099 et
1156 3046 1319 3102 Pater
1344 3050 1556 3105 Domini
1610 3054 1778 3108 nostri
1803 3052 1926 3109 Jesu

2037 1954 2225 2007 ledixit
2266 1952 2549 2005 Dominum
2590 1961 2646 2003 ut
2671 1951 2940 2021 lapidibus
2980 1951 3306 2020 perimatur,
3343 1958 3396 2003 et
3426 1948 3473 2003 si
3507 1964 3611 2017 qua

2030 2042 2291 2112 jnbentur
2343 2041 2677 2111 hujusmodi.
2735 2040 2987 2094 Mandata
3033 2055 3165 2095 vero
3210 2054 3353 2102 esse,
3418 2040 3615 2108 quibus

2030 2134 2272 2202 jubetur,
2323 2134 2471 2187 verbi
2527 2148 2715 2199 causa,
2759 2132 3000 2186 decimas
3037 2129 3222 2187 olferri
3252 2129 3476 2195 Levitis,
3530 2130 3613 2181 vel

2039 2225 2190 2279 terin
2220 2240 2362 2279 anno
2392 2239 2658 2294 apparere
2688 2225 2941 2289 Domino,
2975 2224 3059 2278 vel
3091 2240 3195 2278 non
3226 2239 3493 2293 apparere
3520 2239 3614 2274 va-

2034 2331 2192 2368 cuum
2250 2316 2302 2366 in
2360 2324 2653 2385 conspectu
2716 2313 2949 2368 Domini.
3010 2314 3298 2367 Custodire
3352 2322 3437 2367 est
3484 2326 3615 2379 ergo

2037 2409 2376 2472 mandatum,
2406 2408 2711 2476 intelligere
2744 2406 2825 2459 vel
2857 2408 3141 2461 advertere
3174 2422 3293 2476 qua:
3324 2407 3611 2475 jllllelillll'.

2034 2497 2235 2553 Facere
2264 2510 2438 2551 autem
2466 2499 2802 2565 mandatum,
2831 2509 2913 2552 est
2942 2498 3169 2567 implere
3195 2498 3612 2567 quarjubcntur.

2036 2589 2127 2643 Sic
2176 2605 2306 2658 ergo
2336 2590 2743 2660 intelligendum
2789 2600 2919 2658 puto
2961 2590 3103 2659 quod
3148 2591 3333 2642 dixit:
3379 2607 3398 2640 ι
3448 2587 3505 2641 Si
3562 2588 3612 2639 iit

2034 2682 2316 2752 przrceptis
2355 2681 2490 2735 meis
2531 2680 2965 2744 ambulaveritis,
2998 2692 3053 2736 et
3082 2682 3335 2734 mandata
3374 2695 3489 2735 mea
3519 2697 3615 2731 cu-

2036 2775 2355 2839 stodieritis,
2390 2786 2443 2827 et
2480 2774 2726 2828 feceritis
2760 2790 2845 2828 ea.
2886 2793 2905 2827 ι
2943 2774 3046 2827 Sed
3079 2775 3361 2827 videamus
3395 2787 3515 2840 quze
3544 2772 3614 2823 sit

2034 2868 2209 2937 prima
2245 2866 2549 2921 benedictio
2590 2866 2656 2919 iis
2682 2868 2772 2935 qui
2806 2882 2869 2921 ea
2906 2883 3029 2937 qua:
3063 2867 3389 2919 tnnttilattlur
3420 2863 3607 2933 imple-

2033 2960 2232 3014 vcrint.
2255 2978 2272 3010 ε
2307 2959 2475 3024 Dabo,
2514 2959 2685 3029 inquit
2712 2960 2779 3022 7°,
2810 2958 3047 3029 pluviam
3081 2957 3235 3012 vobis
3268 2958 3322 3010 in
3363 2967 3611 3024 tempore

2035 3066 2154 3105 suo.
2192 3068 2210 3102 ι
2255 3047 2421 3119 Igitur
2450 3049 2624 3118 primo
2653 3048 2718 3102 ad
2750 3046 2964 3102 Iudaeos
3008 3046 3275 3111 dicamus,
3318 3055 3373 3099 et
3399 3059 3495 3099 eos
3520 3045 3612 3113 qui

351 3124 575 3221 Christi,
600 3133 689 3200 qui
725 3133 995 3190 benedixit
1027 3154 1124 3194 nos
1156 3139 1207 3192 in
1241 3143 1389 3196 omni
1416 3144 1794 3201 benedictione
1820 3147 1931 3216 spis
1958 3164 2000 3221 α
2034 3142 2354 3212 simpliciter
2400 3140 2482 3194 vel
2519 3139 2877 3211 corporaliter
2932 3140 3047 3193 haec
3096 3138 3452 3209 intelligenda
3496 3136 3608 3205 Opi-

354 3219 495 3273 ritali
534 3221 585 3275 in
614 3226 928 3283 cmlestibus
970 3229 1021 3282 in
1061 3230 1303 3289 Christo.
1356 3253 1372 3287 ι
1411 3235 1678 3302 Quoniam
1709 3240 1927 3309 quidem

350 3310 557 3367 sciebat
579 3317 868 3373 nonnullos
897 3319 1139 3390 legentes
1166 3325 1232 3379 de
1258 3326 1727 3386 benedictionibus
1772 3348 1931 3400 posse

352 3400 408 3452 in
441 3400 491 3453 id
525 3405 757 3472 prolabi,
780 3417 840 3461 ut
863 3424 955 3462 eas
973 3412 1561 3482 corporalesputarent
1585 3428 1637 3471 et
1662 3429 1927 3484 terrenas,

352 3492 523 3548 voluit
551 3495 964 3555 cisevidentius
999 3503 1215 3574 aperire
1247 3521 1368 3575 quae
1394 3507 1463 3561 sit
1497 3509 1804 3564 divinarum
1838 3511 1927 3566 be-

353 3587 720 3642 nedictionqu
756 3603 970 3661 natura,
1000 3596 1081 3649 vel
1110 3596 1196 3651 tibi
1234 3601 1546 3665 qumrenda,
1572 3611 1628 3655 et
1656 3601 1776 3655 ideo
1807 3603 1883 3657 ait
1915 3622 1927 3657 :

357 3694 375 3724 4
406 3674 506 3741 Qui
540 3678 814 3736 benedixit
843 3697 940 3737 nos
964 3684 1017 3739 in
1059 3685 1206 3740 omni
1229 3685 1609 3744 benedictione
1633 3689 1799 3763 264
1821 3691 1933 3760 spi-

352 3766 497 3821 ritali
534 3770 584 3823 in
624 3772 940 3829 ctelestibus
976 3777 1029 3830 in
1058 3775 1299 3831 Christo.
1332 3795 1353 3830 ι
1395 3776 1501 3833 Sed
1538 3789 1595 3835 et
1625 3781 1727 3835 hoc
1784 3781 1930 3850 quod

352 3861 581 3928 addidit,
626 3883 644 3916 ι
688 3865 737 3919 in
772 3868 920 3922 omni
956 3870 1333 3927 benedictione
1362 3871 1619 3942 spiritali,
1654 3892 1673 3926 ι
1715 3890 1824 3930 nou
1848 3886 1933 3930 est

350 3951 608 4017 otiosum,
642 3958 734 4012 sed
767 3960 1081 4027 apostolica:
1112 3962 1472 4019 vehementia:
1516 3966 1757 4034 plenum.
1793 3965 1928 4021 Nam

348 4042 475 4112 quia
507 4046 717 4101 sciebat
746 4049 909 4104 multa
951 4066 1076 4107 esse
1107 4052 1400 4124 implenda,
1438 4070 1558 4125 qua:
1602 4057 1932 4113 mandantur

350 4133 402 4186 in
430 4134 566 4206 lege,
592 4148 646 4192 et
673 4138 727 4193 in
763 4156 1086 4213 unoquoque
1120 4146 1375 4200 mandato
1398 4147 1647 4217 proprios
1662 4150 1930 4206 exsistam

347 4243 570 4296 agones,
604 4230 658 4285 in
708 4234 909 4304 quibus
955 4252 1053 4305 per
1087 4238 1300 4305 singula
1340 4239 1777 4297 benedictionem
1835 4244 1928 4314 qui

346 4326 592 4374 vinceret
627 4336 946 4391 mereretur,
980 4326 1100 4381 ideo
1129 4327 1264 4380 dixit
1293 4342 1303 4376 τ
1339 4352 1357 4379 ι
1392 4327 1491 4395 Qui
1531 4329 1808 4387 benedixit
1830 4348 1928 4390 nos

346 4408 400 4463 iii
436 4413 583 4465 omni
641 4414 1019 4472 benedictione
1053 4419 1319 4488 spiritali;
1360 4439 1378 4472 ι
1432 4430 1567 4476 utet
1600 4424 1785 4492 plures
1834 4442 1927 4481 eas

344 4506 664 4558 ostenderet
699 4521 841 4571 esse,
890 4517 946 4562 et
978 4510 1274 4579 spiritales.
1305 4510 1489 4569 Potest
1532 4525 1713 4570 autem
1743 4518 1794 4571 in
1824 4519 1925 4574 hoc
1960 4501 2003 4556 D

344 4606 596 4648 sermone
621 4612 730 4664 quo
764 4598 838 4651 ait
874 4618 892 4649 α
934 4601 985 4653 ἰιι
1014 4602 1160 4655 omni
1196 4603 1571 4661 benedictione
1606 4609 1860 4679 spiritali,
1897 4630 1917 4663 ι

343 4691 398 4736 et
430 4682 558 4738 illud
598 4685 861 4759 intelligi,
894 4700 974 4757 ut,
1018 4695 1164 4749 Verbi
1210 4696 1404 4765 gratia,
1428 4697 1611 4767 justus
1642 4703 1844 4772 quique
1868 4713 1924 4758 et

344 4774 622 4839 perfectus
675 4782 858 4849 capiat
884 4783 1292 4840 benediCtiones
1338 4785 1586 4855 Levitiei,
1625 4793 1691 4846 de
1727 4796 1925 4861 quibus

344 4882 488 4921 nunc
513 4884 693 4925 sermo
720 4884 802 4927 est
832 4894 844 4928 :
879 4878 1056 4945 capiat
1097 4889 1149 4933 et
1188 4896 1424 4951 easqua:
1461 4883 1510 4935 iu
1557 4883 1693 4937 libro
1726 4884 1922 4940 Nume-

344 4974 526 5013 rorum
553 4963 770 5031 scriptm
795 4978 942 5031 sunt,
984 4970 1077 5023 sed
1106 4983 1159 5025 et
1191 4972 1308 5028 illas
1333 4989 1453 5042 qua:
1486 4976 1536 5028 in
1572 4975 1709 5030 libro
1746 4977 1922 5032 Gene-

338 5052 416 5107 sis
438 5055 793 5109 continentur
822 5061 1221 5117 benedictiones
1242 5064 1352 5119 Noe
1383 5067 1447 5118 ad
1468 5067 1591 5119 Sent
1622 5078 1675 5120 et
1702 5066 1919 5137 Japhet,

335 5154 391 5199 ct
418 5145 826 5205 benedictioncs
856 5148 1008 5207 Isaac
1036 5155 1101 5207 ad
1134 5154 1321 5221 .lacob,
1371 5169 1424 5210 et
1452 5157 1578 5212 item
1611 5158 1779 5216 Jacob
1829 5161 1921 5215 be-

338 5239 676 5294 nedictiones
699 5243 763 5295 ad
791 5239 1012 5313 Joseph,
1046 5254 1099 5299 ct
1129 5247 1381 5315 Ephrem,
1420 5260 1473 5302 et
1508 5250 1831 5317 Manasseni,
1865 5263 1920 5307 et

337 5332 590 5398 posthaec
612 5336 678 5387 ad
705 5336 991 5390 duodecim
1016 5341 1380 5407 patriarchas.
1404 5343 1538 5409 Quia
1567 5360 1697 5416 ergo
1736 5346 1917 5399 multa:

336 5424 882 5485 suntbenedictiones
914 5434 1100 5499 posita:
1132 5432 1183 5485 iu
1219 5436 1415 5491 divinis
1449 5437 1769 5508 Scripturis,
1794 5457 1916 5509 qute

339 5520 586 5574 videntur
614 5525 828 5591 quidem
860 5530 927 5580 ad
950 5544 1391 5601 unumquemque
1423 5543 1759 5598 sanctorum,
1790 5550 1913 5587 ver-

339 5609 388 5661 bi
441 5614 637 5676 gratia,
686 5616 753 5667 ad
792 5618 940 5680 Scin,
979 5618 1057 5671 vel
1098 5618 1313 5688 Japhet,
1344 5631 1439 5674 aut
1488 5620 1685 5692 Ioseph
1731 5625 1911 5694 dirigi,

408 5786 449 5813 "
478 5793 673 5862 Eplics.
712 5814 748 5864 ι,
787 5800 839 5851 5.

927 5805 964 5833 ⁷³
1014 5804 1185 5859 Levit.
1219 5822 1361 5871 xxvi,
1402 5806 1454 5860 ’5.
1534 5808 1577 5840 ⁷⁰
1614 5809 1741 5863 ibid.
1779 5810 1828 5864 4.

1909 5812 1947 5840 τ’
1986 5810 2171 5865 Matth.
2226 5827 2273 5873 γ,
2320 5809 2407 5865 Η.

2036 3243 2275 3289 nantur:
2327 3234 2370 3287 si
2405 3231 2583 3302 pluvia
2630 3234 2744 3288 haec
2796 3243 3055 3301 tanquam
3098 3229 3470 3285 remuneratio
3517 3243 3613 3298 pro

2032 3325 2308 3379 laboribus
2347 3323 2508 3376 datur
2547 3322 2613 3377 iis
2647 3322 2738 3391 qui
2788 3320 3046 3375 mandata
3103 3319 3438 3383 custodiunt,
3473 3332 3612 3385 quo-

2034 3420 2193 3473 modo
2224 3427 2278 3471 et
2325 3417 2391 3471 iis
2426 3416 2517 3485 qui
2553 3419 2805 3469 mandata
2850 3430 2959 3468 non
2992 3422 3237 3477 servant,
3288 3426 3395 3465 una
3449 3419 3617 3478 atque

2031 3508 2219 3563 eadem
2250 3509 2411 3561 datur
2446 3506 2628 3576 pluvia
2674 3505 3009 3574 temporibus
3048 3503 3180 3565 suis,
3222 3511 3276 3556 et
3325 3501 3616 3554 universus

2034 3596 2266 3653 mundus
2300 3596 2680 3650 communibus
2733 3580 2903 3647 utitur
2952 3592 3148 3662 pluviis
3193 3607 3222 3645 a
3274 3590 3385 3644 Deo
3436 3589 3615 3641 datis?

2031 3690 2178 3745 Pluit
2206 3690 2349 3744 enim
2382 3703 2546 3757 super
2568 3687 2814 3756 justoset
2843 3684 3076 3754 injustos
3100 3684 3168 3738 ".
3204 3682 3357 3751 Quod
3384 3682 3428 3736 si
3447 3678 3553 3749 just
3568 3682 3615 3735 is

2031 3794 2086 3841 ct
2117 3782 2331 3853 injustis
2358 3783 2520 3837 datur
2548 3781 2754 3853 pluvia,
2786 3795 2891 3834 non
2918 3777 3025 3832 erit
3052 3777 3251 3832 eximia
3290 3790 3611 3829 remuneras-

2036 3875 2109 3930 tio
2149 3876 2215 3931 iis
2268 3874 2359 3945 qui
2399 3874 2652 3928 mandata
2703 3873 3066 3929 servaverint.
3122 3870 3255 3925 Vide
3304 3882 3435 3940 ergo
3483 3866 3611 3937 quia

2030 3968 2242 4024 etiamsi
2288 3966 2457 4021 Judaei
2498 3982 2603 4022 non
2636 3966 2992 4035 acquiescunt
3019 3964 3200 4019 verbis
3236 3961 3365 4017 .lesu
3396 3960 3611 4015 Βοιιιίιιί

2032 4061 2223 4125 nostri,
2267 4070 2319 4115 ιιι
2352 4068 2531 4114 tamen
2554 4058 2647 4129 qui
2674 4057 2895 4113 nomine
2921 4057 3039 4129 ejus
3068 4056 3336 4119 censeris,
3369 4064 3424 4109 et
3454 4054 3613 4107 Chri-

2030 4152 2242 4207 stianus
2292 4150 2604 4221 appellaris,
2640 4149 2811 4204 debes
2848 4149 2897 4203 ei
2928 4149 3155 4203 credere
3209 4145 3435 4211 dicenti,
3487 4145 3611 4213 quia

2031 4242 2186 4298 Pater
2213 4259 2342 4299 suus
2375 4242 2620 4298 ccelestis
2646 4256 2993 4297 communem
3033 4243 3175 4297 hanc
3203 4240 3442 4311 pluviam
3477 4237 3611 4305 ρΙυίι

2030 4352 2193 4408 super
2209 4336 2387 4407 justos
2415 4344 2468 4390 et
2501 4333 2728 4405 iniustos
2758 4350 2774 4391 :
2812 4344 2869 4390 et
2917 4350 3024 4388 non
3053 4334 3217 4387 debes
3248 4340 3459 4401 putare,
3485 4329 3610 4397 quia

2026 4430 2187 4499 justis
2214 4430 2467 4484 eximiam
2526 4426 2865 4497 separaverit
2905 4426 3211 4496 portionem
3249 4423 3389 4476 hanc
3448 4436 3610 4491 quam

2032 4538 2376 4578 communem
2418 4524 2600 4593 posuit
2638 4523 2801 4577 etiam
2840 4534 2963 4573 cum
3005 4516 3245 4587 injustis.
3288 4514 3612 4581 Quarramus

2032 4631 2161 4685 ergo
2188 4617 2239 4669 in
2282 4615 2585 4684 Scripturis
2609 4626 2728 4683 qua:
2755 4612 2825 4667 sit
2862 4610 3073 4680 pluvia,
3105 4624 3225 4678 qua?
3256 4607 3462 4662 sanctis
3491 4615 3612 4659 tan-

2031 4707 2311 4762 tummodo
2338 4707 2521 4771 datur,
2564 4713 2621 4759 et
2671 4705 2737 4759 de
2788 4718 2893 4773 qua
2942 4702 3233 4757 mandatur
3265 4698 3496 4753 nubibus
3545 4712 3612 4750 ne

2032 4800 2219 4869 pluant
2264 4800 2501 4870 pluviam
2541 4800 2699 4857 istam
2736 4813 2899 4867 super
2946 4794 3194 4866 iniustos.
3228 4794 3357 4861 Qua:
3384 4807 3515 4862 ergo
3541 4793 3611 4845 sit

2031 4896 2132 4947 ista
2166 4892 2366 4963 pluvia,
2410 4893 2525 4961 ipse
2561 4906 2659 4946 nos
2705 4890 2915 4961 Moyses
2941 4889 3133 4944 horum
3180 4888 3457 4959 legislator
3482 4888 3609 4939 edo-

2029 4994 2169 5040 cent.
2208 4985 2324 5054 Ipse
2352 4984 2497 5038 enim
2531 4983 2663 5037 dicit
2713 4984 2766 5037 in
2796 4981 3220 5036 Deuteronomio
3241 4982 3286 5011 "
3314 4996 3327 5032 :
3370 4998 3387 5031 ι
3419 4981 3609 5033 Atten-

2028 5077 2113 5139 de,
2146 5077 2368 5143 cmlum,
2396 5086 2449 5129 et
2482 5074 2690 5143 loquar,
2734 5084 2789 5129 et
2820 5075 3005 5127 audiat
3039 5081 3185 5125 terra
3221 5071 3381 5126 verba
3410 5086 3477 5123 ex
3513 5086 3609 5123 ore

2030 5182 2169 5232 meo,
2204 5174 2551 5235 exspectetur
2596 5166 2737 5220 sicut
2784 5165 2960 5234 pluvia
3008 5164 3281 5231 eloquium
3329 5178 3535 5216 meum.
3582 5180 3601 5213 ι

2029 5259 2279 5329 Nunquid
2317 5274 2434 5313 mea
2482 5260 2644 5312 verba
2686 5268 2816 5312 sunt
2855 5257 2998 5311 ista?
3032 5255 3281 5324 Nunquid
3317 5253 3605 5308 rhetoricis

2028 5352 2358 5421 argumentis
2390 5365 2608 5404 sensum
2646 5350 2845 5403 divina:
2893 5349 3027 5417 legis
3055 5348 3328 5403 violenter
3373 5342 3603 5399 inﬂecti-

2025 5444 2182 5497 mus?
2214 5441 2404 5496 Nonne
2428 5440 2637 5511 Moyses
2665 5449 2747 5495 est
2778 5442 2867 5509 qui
2900 5440 3029 5493 dicit
3057 5440 3294 5507 pluviam
3325 5450 3446 5490 esse
3460 5431 3602 5502 quod

2025 5535 2297 5601 loquitur?
2327 5553 2345 5585 ι
2384 5532 2763 5602 Exspectctur,
2797 5532 2972 5601 inquit
3003 5532 3068 5598 ⁷³,
3108 5531 3254 5585 sicut
3283 5529 3465 5596 pluvia
3488 5525 3603 5579 clo--

2023 5628 2211 5695 quiqu
2253 5642 2457 5691 meum,
2497 5635 2549 5679 et
2591 5624 2924 5681 descendant
2955 5624 3098 5679 sicut
3128 5638 3216 5677 ros
3256 5620 3417 5677 verba
3456 5630 3600 5684 mea,

2488 5811 2531 5841 ⁷³
2568 5811 2721 5864 Deut.
2774 5823 2947 5873 xxxii,
2982 5806 3089 5870 1,2.
3168 5805 3213 5837 ⁷³
3246 5805 3374 5859 ibitl.
