4124 6422
460 421 566 477 δεῖξ’)

1600 416 1666 471 IN
1703 410 2077 469 LEVlTlCUM
2117 410 2399 468 HOMILIA
2441 413 2578 470 XVI.

3614 425 3719 478 5ϋῦ

462 542 604 596 sicut
642 540 818 594 imber
851 553 1014 608 super
1043 552 1292 606 gramen,
1335 547 1391 592 et
1440 538 1586 593 sicut
1627 538 1717 591 nix
1755 552 1918 605 super
1954 536 2035 590 fe-
2068 538 2110 593 A
2142 533 2193 586 in
2222 532 2506 603 tempore:
2545 538 2686 590 sicut
2712 543 2763 589 et
2794 534 2955 589 tritici
2987 552 3297 595 mensuram
3330 553 3520 596 servus
3549 542 3722 598 ﬁdelis

464 649 615 686 num.
645 650 666 683 ο
692 632 910 685 Intende
936 632 1244 699 diligenter,
1265 630 1501 694 auditor,
1531 644 1600 683 ne
1622 639 1777 697 putes
1806 644 1904 682 nos
1930 628 2036 682 vim

464 724 647 778 facere
678 723 975 792 Scriptura:
1018 723 1237 785 divirne,
1277 736 1400 775 cum
1431 721 1691 777 docentes
1732 720 2035 775 Ecclesiarn

466 816 696 869 dicimus
722 815 801 869 vel
822 815 1100 883 aquas,vel
1119 815 1339 883 imbres,
1362 816 1446 868 vel
1478 814 1579 869 alia
1605 829 1725 885 quae
1747 814 2039 882 corporali-

463 916 547 961 ter
561 907 667 960 dici
688 909 961 969 videntur,
980 909 1307 978 spiritaliter
1324 908 1631 963 sentiendo.
1651 909 1787 963 Audi
1817 908 2037 978 Moysen

457 1000 734 1066 quomodo
752 1000 976 1053 verbum
1006 1000 1138 1070 legis
1162 1016 1304 1055 nunc
1331 1001 1567 1071 pluviam
1606 1001 1867 1065 nominat,
1895 1016 2039 1055 nunc

456 1104 641 1144 rorem
678 1101 857 1155 vocat,
880 1107 1022 1146 nunc
1048 1092 1299 1159 imbrem,
1333 1094 1657 1149 nuncetiam
1680 1093 1857 1148 nivem
1883 1093 2035 1149 dicit.

458 1181 530 1235 Et
556 1182 699 1236 sicut
729 1183 941 1253 Moyses
975 1185 1124 1238 varia
1162 1196 1217 1239 et
1266 1186 1478 1241 diversa
1531 1186 1877 1257 proloquitur
1914 1194 2037 1240 tan-

457 1287 621 1341 quam
653 1289 720 1330 ex
758 1276 933 1345 gratia
994 1276 1344 1333 multiformis
1395 1278 1491 1333 Dei
1537 1279 1819 1347 sapientiae
1863 1280 2041 1349 prolo-

459 1379 661 1433 quens,
707 1367 779 1421 ita
807 1378 857 1421 et
892 1368 1063 1424 lsaias
1103 1383 1225 1423 cum
1259 1370 1390 1425 dicit
1412 1371 1459 1404 ⁷⁸
1493 1388 1508 1426 :
1554 1388 1574 1423 ‹
1621 1372 1781 1438 Audi,
1814 1371 2036 1436 coelum,

452 1466 513 1509 ct
546 1459 762 1528 percipe
793 1461 1030 1525 auribus,
1059 1470 1222 1527 terra,
1251 1464 1505 1533 quoniam
1536 1464 1797 1521 Dominus
1832 1467 2039 1523 locutus

455 1560 562 1603 est.
608 1568 629 1601 ι
676 1551 779 1604 Sed
820 1563 872 1606 et
914 1557 1290 1624 unusquisque
1318 1559 1705 1626 prophetarum
1750 1574 1875 1613 cum
1912 1576 2040 1629 ape-

456 1645 631 1695 ruerit
677 1658 761 1709 os,
801 1645 1001 1701 imbres
1032 1650 1252 1703 deducit
1280 1664 1447 1718 super
1482 1650 1673 1704 faciem
1721 1660 1901 1713 terrae,
1937 1654 2040 1708 hoc

452 1740 540 1785 est
584 1735 813 1789 auribus
853 1748 909 1790 et
938 1740 1199 1794 cordibus
1227 1741 1561 1797 auditorum.
1596 1741 1709 1798 Hoc
1752 1744 1933 1799 sciens
1981 1755 2036 1800 et

453 1824 730 1890 apostolus
762 1825 960 1883 Paulus
994 1830 1209 1885 dicebat
1232 1833 1277 1864 ⁷⁸
1308 1850 1323 1887 ε
1367 1850 1385 1884 t
1416 1833 1583 1888 Terra
1618 1837 1764 1890 enim
1804 1838 2027 1891 venien-

2137 636 2193 679 et
2222 630 2457 696 prudens
2490 631 2541 683 in
2575 630 2866 700 Evangelio
2910 634 3189 688 conservis
3230 634 3358 687 dare
3400 634 3622 700 jnbetur
3669 638 3721 691 in

2142 726 2400 787 tempore.
2431 718 2536 774 Sed
2563 731 2618 775 et
2650 722 2757 777 alio
2780 723 2938 776 modo
2972 737 3258 791 possumus
3288 724 3588 794 intelligere
3621 728 3724 781 hoc

2137 810 2283 878 quod
2317 811 2605 865 mandatur
2636 813 2811 867 imber
2847 814 3057 867 dandus
3085 815 3137 867 in
3168 823 3430 884 tempore.
3465 818 3607 872 Puer
3643 830 3721 872 est

2138 900 2353 969 aliquis,
2374 910 2427 956 et
2460 902 2714 967 parvulus
2742 904 2793 956 in
2819 902 2950 968 (ide;
2977 904 3186 973 indiget
3214 904 3412 973 pluvia,
3436 910 3529 962 sed
3563 908 3726 962 laetis

2138 994 2341 1065 pluvia.
2374 995 2466 1051 Sic
2510 998 2652 1051 enim
2703 996 2831 1051 dicit
2885 998 2996 1061 ille,
3030 997 3118 1066 qui
3170 998 3372 1052 sciebat
3413 999 3621 1068 pluvias
3672 1000 3725 1053 ir.

2141 1094 2386 1156 tempore
2430 1088 2781 1159 dispensare:
2815 1107 2836 1142 ς
2866 1090 2975 1145 Lac
3008 1090 3160 1146 vobis
3196 1101 3380 1160 potum
3429 1094 3576 1157 dedi,
3610 1109 3715 1147 non

2136 1192 2358 1245 eseam,
2407 1182 2644 1236 nondum
2695 1183 2839 1237 enim
2885 1184 3232 1253 poteratis".
3273 1202 3292 1235 ι
3330 1182 3563 1238 Profecit
3598 1198 3720 1253 post

2139 1269 2255 1325 hinc
2295 1272 2346 1325 in
2387 1272 2509 1337 title,
2544 1274 2712 1328 crevit
2748 1284 2905 1330 actate
2948 1285 3005 1328 et
3056 1276 3342 1345 sapientia.
3388 1278 3559 1347 Aptus
3603 1280 3721 1333 sine

2139 1361 2301 1415 dubio
2344 1362 2516 1415 lactus
2558 1372 2663 1427 est,
2704 1363 2794 1432 qui
2842 1362 3150 1418 solidiorem
3202 1364 3467 1434 percipiat
3511 1367 3717 1420 cibum.

2138 1449 2447 1505 lnlirtnatur
2469 1453 2683 1521 aliquis,
2712 1465 2766 1507 et
2797 1470 2900 1509 non
2948 1469 3046 1523 pro
3078 1467 3343 1526 tempore,
3379 1456 3473 1510 sed
3507 1472 3603 1525 pro
3636 1457 3721 1509 in-

2141 1544 2397 1599 ﬁrmitate
2423 1562 2619 1616 capere
2641 1563 2747 1601 non
2777 1559 2956 1616 potest
2977 1563 3098 1616 qua:
3130 1550 3345 1603 robusta
3373 1560 3535 1603 sunt:
3569 1550 3717 1603 verbi

2138 1652 2440 1703 causa,non
2487 1648 2662 1704 potest
2704 1640 2859 1709 plene
2911 1641 2977 1695 de
3011 1640 3260 1695 castitate
3288 1655 3483 1710 capere
3508 1656 3719 1695 sermo-

2141 1740 2535 1801 nem;oportet
2566 1733 2802 1805 compati
2844 1742 2898 1787 et
2930 1733 3107 1786 metiri
3150 1734 3453 1789 doctrinam
3498 1752 3595 1805 pro
3634 1736 3720 1790 vi-

2140 1827 2278 1880 rium
2309 1827 2595 1896 qualitate,
2630 1837 2684 1882 et
2713 1829 2932 1882 concedi
2982 1828 3177 1881 talibus
3225 1827 3461 1895 nuptias.
3497 1826 3607 1881 Hoc
3635 1838 3721 1881 est

453 1925 563 1968 tctn
615 1918 811 1986 swpins
858 1937 1023 1991 super
1072 1938 1131 1979 se
1182 1926 1374 1981 bibens
1433 1928 1686 1993 imbrem,
1735 1939 1790 1983 ει
1834 1933 2032 1999 εει-ηιξ.
2069 1898 2111 1954 Β
2139 1917 2376 1974 oleribus
2404 1935 2631 1990 pascere
2669 1920 2969 1985 inﬁrmum,
3004 1930 3056 1974 et
3096 1920 3162 1972 ad
3205 1918 3508 1986 hnjusmodi
3566 1936 3719 1973 men-

454 2021 592 2060 naus
616 2007 728 2079 (54)
760 2011 982 2066 herbam
1023 2027 1388 2085 opportunam
1420 2019 1486 2073 iis
1518 2036 1545 2072 a
1579 2020 1778 2089 quibus
1808 2022 2030 2090 colitur,

452 2100 653 2168 accipit
690 2102 1093 2161 benedictiones
1122 2124 1152 2162 a
1189 2108 1336 2177 Deo;
1371 2127 1494 2181 quae
1530 2123 1709 2167 autem
1749 2116 2033 2183 protulerit

450 2192 638 2260 spinas
666 2204 721 2248 et
748 2195 995 2266 tribulos,
1026 2201 1255 2270 reproba
1288 2213 1393 2267 est,
1420 2212 1476 2258 et
1518 2205 1806 2261 maledicto
1840 2210 2032 2277 proxi-

452 2299 559 2348 ma,
584 2284 737 2352 cujus
760 2288 883 2342 linis
914 2292 980 2343 ad
1006 2293 1376 2357 exustionem.
1409 2313 1428 2346 ι
1463 2293 1715 2365 Nunquid
1746 2298 1860 2351 haec
1887 2299 2033 2369 Apo-

448 2376 701 2432 stolnsde
727 2390 868 2433 terra
902 2383 1002 2437 hac
1033 2383 1209 2438 dixit?
1239 2384 1345 2441 Sed
1375 2401 1476 2442 nec
1512 2388 1711 2457 accipit
1744 2398 1885 2443 terra
1916 2391 2033 2446 haec.

449 2467 855 2527 benedictiones
876 2489 904 2526 a
938 2475 1069 2539 Deo,
1094 2492 1214 2531 cum
1242 2478 1445 2534 imbres
1467 2480 1683 2543 biberit,
1714 2491 1768 2534 et
1794 2481 2028 2537 fructum

449 2565 785 2629 produxerit.
814 2566 918 2619 Sed
940 2582 1111 2637 neque
1142 2573 1184 2623 si
1205 2572 1389 2639 spinas
1406 2586 1469 2625 ac
1503 2573 1729 2629 tribulos
1756 2586 1877 2644 post
1909 2576 2029 2644 plu-

448 2657 590 2707 viam
636 2659 949 2727 protulerit,
980 2674 1345 2731 consequetur
1368 2665 1805 2720 maledictionem
1837 2684 1865 2719 a
1899 2670 2026 2723 Deo.

448 2744 553 2799 Sed
587 2758 768 2801 nostra
816 2757 985 2814 terra,
1028 2752 1077 2804 id
1116 2762 1223 2817 est,
1260 2762 1507 2808 nostrum
1534 2770 1651 2818 cor,
1690 2756 1734 2809 si
1768 2759 2029 2829 suscipiat

446 2836 760 2908 frequenter
776 2841 1079 2895 venientem
1095 2859 1256 2913 super
1268 2860 1327 2898 se
1342 2847 1577 2913 pluviam
1597 2848 1858 2902 doctrina:
1876 2853 2025 2919 legis,

442 2940 497 2981 et
527 2930 770 2983 attulerit
796 2929 1031 2985 fructum
1062 2948 1308 3000 operum,
1335 2938 1535 3005 accipit
1571 2938 1977 2995 benedictiones
1998 2959 2027 2996 a

444 3023 573 3075 Deo.
601 3022 655 3074 Si
674 3036 803 3074 vero
818 3037 923 3075 non
946 3039 1084 3090 opus
1100 3026 1366 3093 spiritale,
1383 3030 1478 3081 sed
1500 3031 1684 3099 spinas
1698 3042 1749 3085 et
1776 3034 2026 3102 tribulos,

442 3114 603 3165 idest
646 3112 1042 3168 sollicitudines
1086 3117 1273 3170 saeculi
1317 3118 1535 3186 habent,
1565 3131 1660 3175 aut
1702 3123 2026 3192 voluptates,

440 3214 497 3257 et
538 3204 850 3256 divitiarum
882 3206 1231 3274 cupiditates,
1282 3216 1509 3276 reproba
1532 3223 1611 3267 est
1642 3223 1698 3268 et
1739 3215 2028 3272 maledicto

440 3295 602 3368 265
633 3294 898 3364 proxima,
931 3296 1086 3366 cujus
1120 3300 1244 3353 linis
1274 3302 1379 3356 erit
1411 3305 1477 3357 ad
1500 3306 1860 3361 exustionem.
1888 3306 2024 3362 Pro~

442 3402 623 3456 pterea
682 3393 1052 3461 unusquisque
1100 3393 1406 3447 auditorum
1461 3411 1583 3449 cum
1649 3399 1901 3452 convenit
1957 3400 2023 3451 ad

438 3482 786 3544 audiendum,
809 3483 1035 3552 suscipit
1058 3482 1284 3537 imbrem
1317 3482 1462 3537 verbi
1499 3484 1628 3539 Dei:
1662 3496 1715 3540 et
1737 3488 1783 3541 si
1808 3490 2024 3557 quidem

439 3574 673 3630 fructum
720 3575 960 3630 attulerit
996 3574 1178 3645 operis
1217 3576 1342 3629 boni
1369 3615 1385 3639 ,
1428 3578 1856 3634 lteiiedictionein
1895 3598 2026 3636 con-

437 3679 717 3736 sequetur.
763 3666 821 3722 Si
863 3682 990 3722 vero
1033 3676 1347 3737 susceptum
1396 3669 1620 3724 verbum
1664 3672 1756 3727 Dei
1786 3683 2026 3729 contem-

437 3759 629 3829 pserit,
652 3768 707 3813 et
737 3758 1051 3829 frequenter
1089 3759 1273 3814 audita
1318 3760 1639 3831 neglexerit,
1666 3778 1731 3818 ac
1757 3764 2026 3820 sollicita.

436 3852 547 3907 dini
598 3868 656 3907 se
703 3868 883 3907 rerum
927 3852 1290 3919 saecularium,
1331 3852 1653 3925 libidinique
1710 3858 2024 3928 subjecerit,

438 3954 695 4014 tanquam
725 3945 814 4012 qui
845 3944 1017 4013 spinis
1045 3943 1392 4000 suﬂocaverit
1422 3946 1670 4013 verbum,
1695 3949 2029 4006 maledictio-

435 4052 558 4091 nem
595 4052 694 4106 pro
716 4036 1093 4093 benedictione
1125 4037 1422 4107 conquirit,
1445 4047 1501 4092 et
1530 4053 1630 4110 pro
1675 4040 2025 4099 beatitudinis

436 4131 543 4187 ﬁne
592 4128 727 4203 (55),
776 4130 939 4185 linem
984 4130 1290 4185 exustionis
1318 4131 1578 4189 inveniet.
1618 4149 1638 4185 ο
1677 4134 1822 4190 Dabo
1869 4153 2021 4206 ergo,

436 4224 613 4292 inquit
642 4224 710 4288 ",
736 4222 891 4278 vobis
942 4222 1176 4292 pluviam
1231 4221 1286 4277 in
1344 4232 1604 4294 tempore.
1649 4244 1669 4278 ι
1705 4226 2025 4284 Νεοε›ε;ινίο

435 4315 643 4369 addidit
685 4324 741 4370 et
769 4333 786 4367 ι
826 4316 877 4370 in
935 4323 1201 4385 tempore.
1242 4334 1261 4367 r
1293 4316 1449 4371 Sicut
1500 4317 1659 4371 enim.
1698 4318 1875 4374 imber
1923 4321 2024 4377 iste

438 4418 691 4463 terrenus
737 4410 780 4465 si
831 4409 1136 4478 importune
1183 4407 1383 4474 veniat,
1423 4409 1474 4464 id
1514 4420 1617 4477 est,
1653 4427 1778 4468 cum
1830 4416 2023 4469 messis

433 4499 725 4572 colligitur,
767 4514 889 4558 cum
928 4501 1200 4557 frumenta
1246 4510 1496 4557 teruntur
1536 4501 1588 4555 in
1633 4503 1796 4569 areis,
1830 4505 2022 4561 obesse

2134 2026 2290 2066 suras
2315 2022 2503 2077 aptare
2545 2012 2691 2067 velut
2724 2022 2939 2066 tenuent
2978 2021 3030 2064 et
3081 2011 3189 2065 rori
3222 2010 3452 2065 similem
3483 2010 3717 2080 pluviam

2133 2103 2303 2157 verbi.
2336 2103 2430 2157 Est
2452 2113 2633 2158 autem
2682 2104 2788 2158 alia
2839 2112 3008 2167 terra,
3042 2119 3163 2173 qua:
3215 2113 3391 2173 potest
3440 2104 3721 2173 suscipere

2134 2192 2342 2247 validos
2382 2195 2603 2257 imbres,
2644 2192 2787 2248 ferre
2828 2194 2989 2247 etiam
3026 2192 3249 2245 tlumiua
3284 2192 3433 2246 verbi
3482 2192 3597 2257 Dei,
3633 2209 3721 2245 ra-

2133 2284 2285 2348 pidos
2333 2296 2547 2353 portare
2596 2285 2708 2355 (56)
2736 2294 3025 2339 torrentes.
3080 2282 3157 2338 De
3209 2284 3276 2338 iis
3321 2286 3464 2339 enim
3517 2285 3718 2341 talibus

2132 2375 2399 2447 l’r0pheta
2440 2378 2573 2433 dicit
2615 2378 2667 2431 in
2707 2377 3045 2434 Psalmis“:
3082 2395 3100 2429 ι
3130 2376 3194 2431 Et
3228 2385 3523 2433 torrentem
3564 2379 3720 2434 volu-

2131 2471 2299 2540 ptatis
2336 2484 2439 2523 tua!
2460 2482 2643 2539 potum
2673 2473 2828 2526 dabis
2863 2473 2989 2527 illis.
3020 2492 3037 2523 ι

2200 2562 2254 2616 5.
2287 2582 2304 2613 ι
2347 2563 2492 2617 Dabo
2513 2578 2632 2633 ego,
2662 2565 2837 2633 inquit
2858 2566 2924 2629 ⁷⁸,
2947 2566 3096 2620 vobis
3127 2564 3361 2634 pluviam
3392 2564 3444 2618 in
3475 2572 3718 2633 tempore

2131 2668 2251 2720 suo,
2279 2665 2335 2708 et
2367 2655 2518 2709 dabit
2560 2665 2701 2710 terra
2746 2657 3057 2712 nativitates
3082 2673 3229 2713 suas.
3260 2673 3279 2708 ι
3318 2654 3445 2711 Post
3486 2656 3717 2721 primam

2133 2750 2561 2804 benedictionem
2586 2750 2799 2820 pluviar,
2832 2751 2934 2805 ista
2964 2752 3203 2806 secunda
3246 2759 3330 2806 est
3372 2766 3478 2820 qua
3519 2749 3721 2805 dicitur

2134 2852 2569 2912 terra,suscepta
2600 2842 2799 2911 pluvia,
2826 2844 2956 2897 dare
2983 2844 3297 2897 nativitates
3331 2855 3479 2898 suas.
3510 2841 3722 2895 Inveni-

2131 2951 2251 2989 mus
2277 2935 2399 3002 quia
2424 2946 2475 2988 et
2508 2935 2657 2988 Isaac
2682 2936 3009 2991 benedicens
3030 2935 3200 2991 Jacob
3223 2934 3485 2991 dixerit”
3515 2951 3529 2989 :
3562 2953 3581 2986 ι
3620 2935 3721 2989 Det

2132 3026 2226 3079 tibi
2260 3024 2517 3080 Dominus
2551 3041 2581 3079 a
2616 3041 2736 3079 rore
2763 3026 2905 3091 cmli,
2936 3039 2991 3081 et
3029 3028 3097 3080 ab
3129 3028 3379 3082 ubertate
3417 3036 3580 3081 terrze
3606 3026 3721 3096 ple-

2130 3115 2429 3170 nitudinem
2463 3114 2719 3171 frumenti
2752 3126 2806 3169 et
2840 3117 2969 3170 viui.
3002 3136 3020 3169 ι
3049 3118 3288 3172 Putasne
3325 3117 3433 3171 tale
3473 3117 3718 3171 frumen-

2054 3246 2101 3308 ρ
2134 3216 2246 3261 tum
2307 3208 2358 3262 in
2413 3209 2790 3263 benedictione
2829 3209 2991 3264 dabat
3040 3209 3188 3265 Isaac
3237 3209 3346 3263 lilio
3388 3224 3486 3264 suo
3526 3207 3697 3263 Jacob

2130 3296 2292 3367 quale
2319 3296 2519 3352 habent
2544 3308 2596 3352 et
2631 3308 2949 3368 peccatores
2975 3299 3245 3365 homines,
3279 3308 3335 3354 et
3360 3300 3502 3369 quali
3543 3302 3719 3353 abun-

2128 3392 2292 3447 dabat
2354 3391 2520 3445 etiam
2568 3391 2767 3461 impius
2826 3391 3076 3446 Pharao?
3127 3392 3375 3448 llazccine
3415 3400 3535 3445 erat
3584 3392 3716 3445 tanti

2128 3482 2454 3553 patriarchae
2512 3483 2860 3539 benedictio?
2909 3482 2998 3539 Vis
3057 3483 3150 3539 tibi
3199 3486 3377 3540 adhuc
3432 3485 3719 3540 ostendam

2128 3575 2401 3646 quomodo
2427 3588 2483 3631 et
2523 3575 2615 3630 alii
2652 3576 2827 3646 iniqui
2877 3577 3108 3632 habeant
3160 3578 3557 3633 multitudinem
3607 3579 3721 3631 fru-

2130 3669 2336 3724 menti?
2360 3668 2572 3723 lutnere
2601 3668 2748 3724 illum
2783 3670 2834 3724 in
2856 3669 3168 3741 Evangelio,
3189 3671 3344 3742 cujus
3364 3686 3494 3742 ager
3521 3673 3720 3727 multos

2128 3762 2306 3817 attulit
2344 3762 2574 3830 fructus,
2594 3764 2686 3834 qui
2715 3763 2854 3818 dixit
2872 3762 2952 3817 8|:
2984 3782 3002 3815 ι
3033 3762 3319 3819 Destruam
3353 3763 3550 3818 horrea
3574 3777 3715 3826 mea,

2125 3863 2183 3910 et
2213 3855 2417 3926 majora
2460 3856 2821 3921 recedilicabo,
2854 3864 2911 3911 et
2938 3855 3117 3911 dicam
3152 3856 3353 3911 auitnai
3383 3870 3515 3910 mea
3540 3872 3566 3910 ι
3588 3855 3721 3909 Ani-

2128 3963 2239 4011 ma,
2272 3948 2440 4005 habes
2486 3950 2654 4005 multa
2686 3950 2828 4006 bona
2882 3949 3119 4019 reposita
3162 3949 3215 4003 in
3262 3963 3435 4003 annos
3474 3948 3714 4010 multos;

2128 4043 2410 4106 manduca,
2434 4041 2560 4097 bibe
2579 4083 2595 4109 ,
2620 4051 2673 4097 et
2699 4043 2900 4096 laetare.
2924 4058 2949 4093 ι
2968 4040 3119 4096 Talia
3149 4055 3278 4111 ergo
3301 4039 3577 4096 credimus
3596 4054 3719 4095 esse

2128 4134 2289 4199 bona,
2316 4150 2438 4205 qua
2462 4134 2660 4189 divinis
2692 4124 3163 4190 benedictionibus
3183 4132 3388 4188 sanctis
3413 4131 3720 4202 quibusque

2126 4234 2182 4281 et
2206 4225 2455 4281 ﬁdelibus
2496 4225 2897 4281 tradebanturi.
2931 4223 3082 4277 Alios
3130 4237 3261 4293 ergo
3304 4231 3463 4277 terra:
3506 4222 3718 4276 [ructus

2126 4317 2353 4386 aspicio,
2381 4328 2436 4371 et
2459 4316 2619 4372 aliter
2641 4317 3040 4372 multitudinem
3067 4314 3368 4369 nativitatis
3391 4314 3629 4370 intueor.
3659 4313 3716 4368 Si

2125 4409 2271 4462 enim
2316 4420 2459 4463 terra
2492 4424 2613 4464 mea
2651 4408 2847 4463 atterat
2874 4409 3135 4476 fructum,
3160 4408 3207 4464 si
3245 4407 3560 4463 nativitates
3586 4423 3718 4462 suas

2124 4512 2189 4553 ex
2225 4499 2437 4554 Domini
2473 4500 2851 4555 benedictione
2893 4499 3178 4569 producat,
3215 4499 3480 4569 intelliget
3523 4516 3719 4557 sensus

433 4592 607 4663 magis
640 4607 801 4663 quam
851 4593 1110 4661 prodesse
1148 4592 1450 4657 videbitur;
1500 4591 1577 4646 ita
1629 4604 1685 4647 et
1739 4593 1773 4646 ii
1825 4596 2021 4663 quibus
2054 4585 2101 4644 Ι)
2128 4602 2301 4655 meus,
2329 4600 2385 4645 et
2432 4590 2711 4659 explicare
2756 4589 2953 4659 poterit
3000 4601 3120 4657 mue
3160 4588 3446 4659 qualisque
3488 4591 3563 4645 sit
3606 4592 3714 4646 iSta

432 4685 611 4754 pluvia
666 4685 817 4739 verbi
871 4686 962 4739 Dei
1015 4683 1372 4739 ministranda
1421 4685 1798 4749 committitur,
1834 4688 2021 4741 obser-

432 4790 561 4832 vare
584 4778 784 4833 debent
812 4779 913 4832 hoc
940 4778 1086 4848 quod
1115 4778 1249 4830 dicit
1271 4777 1574 4846 Scriptura,
1606 4785 1663 4830 ut
1695 4778 1747 4830 in
1778 4790 2018 4847 tempore

431 4869 731 4935 praebeant,
762 4871 813 4926 id
841 4881 945 4935 est,
978 4886 1044 4924 ne
1072 4871 1352 4941 crapulato
1384 4882 1437 4924 et
1458 4871 1616 4926 ebrio
1653 4873 1875 4924 verbum
1925 4871 2014 4927 Dei

433 4959 703 5030 ingerant,
734 4978 835 5017 nec
866 4974 1131 5031 occupato
1179 4963 1230 5015 in
1276 4962 1399 5016 aliis
1432 4963 1635 5025 animo,
1664 4977 1786 5016 cum
1836 4973 2016 5018 atten-

433 5064 519 5110 tus
546 5071 667 5111 esse
693 5072 799 5112 non
830 5065 1007 5126 potest
1033 5072 1047 5109 :
1075 5056 1155 5112 vel
1185 5072 1307 5111 eum
1355 5057 1584 5126 alicujus
1616 5057 1730 5111 vitii
1762 5060 2019 5127 languore

430 5150 760 5203 constrictus
799 5158 902 5213 est,
934 5157 987 5205 et
1021 5164 1125 5204 non
1165 5150 1394 5215 doctori,
1420 5150 1515 5203 sed
1565 5151 1755 5204 morbo
1796 5151 2018 5219 proprio

432 5242 655 5297 interior
681 5253 968 5312 praestatur
990 5243 1226 5299 auditus.
1260 5241 1563 5297 Prudenter
1584 5257 1715 5312 ergo
1737 5245 2012 5311 conjiciat,

431 5336 519 5388 ubi
553 5345 731 5404 potest
775 5348 969 5391 vacare
1020 5352 1193 5404 mens,
1242 5336 1329 5389 ubi
1373 5336 1609 5401 sobrius,
1637 5336 1725 5391 ubi
1764 5337 2016 5407 vigilans,

430 5426 519 5481 ubi
570 5429 809 5482 intentus
856 5428 1070 5482 auditor
1108 5440 1210 5493 est,
1248 5443 1302 5485 et
1350 5430 1420 5484 ibi
1465 5431 1701 5500 pluviam
1745 5432 2018 5489 ministret

517 5566 566 5643 1‘
596 5569 698 5623 lsa.
737 5585 775 5631 ι,
807 5569 881 5643 2.⁸
908 5641 916 5643 _
939 5569 985 5600 ⁷⁸
1011 5566 1171 5643 Hebr.
1200 5585 1272 5635 vr,
1310 5571 1361 5627 7.
1438 5573 1505 5643 7"
1534 5573 1706 5631 Levit.
1734 5591 1881 5643 xxvi,
1908 5578 1959 5631 4.

429 5636 476 5668 ⁸ο
505 5638 643 5694 Gen.
693 5655 825 5705 xvn,
853 5639 945 5695 28.
1018 5638 1061 5670 ⁸¹
1096 5640 1227 5694 Luc.
1263 5658 1359 5706 xit,
1392 5642 1480 5697 18.
1553 5646 1598 5675 δ’
1626 5646 1815 5701 Matth.
1843 5636 1965 5703 x'itt.

502 5751 618 5825 (ξᾷ)
644 5752 823 5825 (_‘.odcx
854 5753 1166 5825 Sangerin.,
1204 5772 1222 5804 ι
1259 5770 1543 5823 generatis.
1575 5777 1593 5808 ι

505 5821 617 5890 (55)
651 5821 805 5876 Libh.
857 5824 1008 5881 editi,
1048 5840 1066 5873 ι
1100 5834 1154 5875 ct
1190 5821 1583 5881 benedictionis
1630 5830 1807 5883 linem.
1852 5848 1869 5881 ι
1906 5831 2013 5885 Co-

440 5894 535 5947 dex
591 5896 901 5962 5.ιιιευιίιι.,
937 5911 956 5945 t
993 5906 1046 5947 et
1092 5910 1188 5963 pro
1236 5896 1590 5952 beatitudinis
1646 5904 1769 5957 line.
1822 5920 1841 5953 ›
1884 5904 2013 5969 Alii,

2036 5579 2081 5611 ⁷⁷
2114 5577 2155 5632 ll
2187 5579 2314 5631 (lor.
2346 5589 2399 5627 ut
2424 5615 2438 5639 ,
2464 5574 2519 5627 ‘2.

2128 4689 2295 4747 terra,
2323 4697 2442 4751 qua:
2475 4691 2697 4750 accepta
2730 4681 2940 4735 caelesti
2969 4681 3146 4747 pluvia
3188 4682 3502 4737 nativitates
3538 4684 3714 4754 profe-

2126 4783 2213 4828 rat
2245 4773 2649 4827 ratiouabilium
2682 4774 2918 4841 frugum.
2950 4771 3339 4831 Testimonium
3375 4775 3442 4831 de
3478 4776 3715 4847 Evange-

2126 4867 2213 4920 liis
2240 4866 2482 4931 sume“,
2512 4869 2783 4935 quomodo
2820 4867 2949 4920 exiit
2993 4868 3083 4936 qui
3137 4870 3380 4922 seminat
3416 4870 3713 4938 seminare,

2126 4968 2182 5014 et
2226 4959 2372 5015 aliud
2407 4959 2627 5028 quidem
2675 4960 2873 5014 cecidit
2919 4975 3077 5014 secus
3126 4961 3296 5027 viain,
3338 4964 3487 5017 aliud
3533 4974 3714 5019 autem

2126 5066 2291 5121 super
2323 5062 2553 5119 petram,
2586 5052 2731 5105 aliud
2776 5067 2939 5122 super
2977 5054 3183 5122 spinas,
3221 5056 3366 5111 aliud
3405 5068 3587 5112 autem
3624 5076 3709 5111 su-

2127 5156 2223 5209 per
2255 5152 2456 5196 terram
2485 5143 2700 5197 bonam.
2733 5146 2788 5197 Si
2818 5159 2948 5214 ergo
2977 5164 3039 5201 ea
3072 5165 3195 5219 qua:
3226 5151 3524 5205 ceciderint
3554 5168 3716 5221 super

2129 5245 2330 5289 terrain
2369 5234 2567 5290 bonam
2598 5238 2879 5292 attulerint
2927 5239 3185 5307 fructum,
3213 5243 3358 5296 dedit
3410 5252 3551 5297 terra
3597 5245 3713 5295 l'ruc

2126 5342 2272 5385 ctum
2323 5346 2504 5396 suum,
2537 5341 2592 5386 et
2634 5333 2952 5390 nativitates
2999 5352 3127 5391 suas
3160 5336 3436 5407 produxit,
3470 5336 3710 5389 centesi-

2127 5444 2298 5491 mum,
2330 5437 2387 5481 et
2421 5428 2842 5497 sexagesimum,
2872 5439 2927 5482 et
2963 5430 3319 5483 tricesimum.

2597 5574 2644 5605 ⁷⁸
2676 5573 2815 5627 l’sal.
2846 5589 3030 5633 xxxvi,
3059 5574 3112 5623 8.
3188 5571 3233 5601 7’
3256 5571 3430 5624 Lerit.
3474 5587 3621 5637 xxvi,
3665 5573 3714 5629 ι.

2132 5780 2148 5811 t
2186 5770 2236 5811 ct
2266 5776 2365 5828 pro
2395 5758 2748 5812 beatitudinis
2786 5756 3238 5828 remuneratione.
3284 5773 3301 5803 ι

2196 5826 2306 5900 (.36)
2340 5829 2491 5883 Libb.
2525 5830 2678 5890 editi,
2712 5847 2729 5878 ς
2767 5836 2973 5896 potare.
3009 5845 3027 5877 ι
3058 5826 3154 5879 Ms.
3185 5827 3492 5891 Sangcrin.,
3526 5845 3545 5878 ς
3582 5842 3705 5893 per-

2126 5911 2258 5955 tare.
2306 5920 2323 5950 ι
