4124 6434
422 418 528 474 567

1880 411 2203 469 OlilGENIS

3588 398 3691 454 568

490 538 525 589 4
583 555 599 586 ι
638 534 745 588 Sed
789 546 843 589 et
894 534 1060 604 ligna,
1102 532 1276 601 inquit
1322 532 1389 598 ⁸³,
1434 546 1749 602 camporum
1800 532 2005 586 dabunt
2038 540 2081 595 Α
2117 533 2186 587 tis
2240 532 2548 600 suscepisse
2600 530 2899 585 vocabula:
2934 548 2952 580 ι
2992 528 3157 599 Ligna
3196 541 3325 597 ergo
3375 522 3548 592 campi
3599 522 3693 573 da~

418 626 651 680 fructum
695 640 870 678 suum.
920 642 939 675 ι
975 623 1247 678 llabemus
1284 624 1423 678 intra
1459 624 1821 691 nosmetipsos
1850 633 1904 676 et
1940 623 2002 675 li-

418 732 519 783 gna
552 729 890 784 camporum,
921 729 1041 783 qua:
1070 728 1225 767 suum
1258 712 1492 768 fructum
1522 714 1843 783 producunt.
1873 711 2003 778 Qua:

414 817 541 861 sunt
573 807 673 861 ista
711 807 856 878 ligna
882 820 1221 876 camporum,
1261 822 1385 876 quae
1424 805 1659 860 fructum
1692 821 1846 859 suum
1879 823 2003 879 pro-

416 901 657 955 ducunt?
684 900 815 967 Quae
842 909 969 954 sunt
1004 900 1106 954 ista
1136 898 1278 971 ligna
1310 901 1668 970 camporum?
1707 902 1861 958 Dicet
1894 901 2003 957 for-

415 989 577 1043 tassis
632 988 893 1042 auditor:
946 988 1087 1054 Quid
1137 988 1330 1043 iterum
1377 990 1463 1043 hic
1512 991 1837 1062 eurisilogus
1887 992 2000 1064 (57)

414 1081 560 1148 agit?
596 1080 735 1147 Quid
786 1080 1146 1149 undecunque
1190 1080 1354 1135 verba
1397 1083 1691 1152 conquirit,
1721 1092 1777 1137 ut
1817 1084 2002 1155 expla-

415 1173 693 1226 nationem
729 1173 977 1228 lectionis
1010 1173 1270 1244 effugiat?
1296 1176 1565 1243 quomodo
1588 1176 1728 1231 intra
1757 1192 1854 1232 nos
1879 1192 2002 1233 esse

416 1265 559 1335 ligna
587 1267 803 1321 docebit
832 1276 887 1321 et
924 1266 1185 1322 arbores?
1225 1268 1282 1323 Si
1317 1282 1422 1322 non
1467 1277 1670 1323 temere
1702 1270 2000 1337 obtrectes,

409 1361 522 1427 jam
576 1375 717 1414 nunc
766 1358 975 1423 audies,
1021 1360 1148 1429 quia
1195 1378 1214 1412 ι
1266 1374 1373 1414 non
1430 1368 1609 1429 potest
1652 1362 1815 1415 arbor
1862 1364 1999 1417 bona

416 1452 589 1505 malos
632 1450 843 1506 fructus
892 1452 1107 1516 facere,
1156 1468 1331 1523 neque
1385 1456 1549 1509 arbor
1604 1454 1743 1508 mala
1794 1457 2001 1509 fructus

413 1542 588 1597 bonos
622 1541 805 1596 facere
833 1541 898 1594 ⁸³.
943 1560 961 1594 ι
998 1542 1269 1597 llabcmus
1291 1558 1421 1613 ergo
1463 1545 1686 1598 arbores
1731 1544 1871 1597 intra
1904 1557 2001 1598 nos

411 1636 529 1687 sive
562 1636 752 1692 bonas.
780 1634 894 1689 sive
924 1635 1130 1699 malas;
1168 1644 1221 1689 et
1257 1650 1377 1703 qua:
1412 1636 1565 1689 bona!
1610 1643 1757 1699 sunt,
1796 1634 2001 1689 fructus

412 1727 585 1780 malos
627 1724 821 1781 aﬂ‘erre
868 1741 971 1781 non
1023 1736 1264 1794 possunt,
1299 1727 1439 1781 sicut
1485 1742 1606 1796 quzc
1646 1727 1799 1781 mala:
1846 1735 1996 1791 sunt,

410 1822 618 1875 fructus
673 1834 777 1871 non
830 1816 1060 1873 afferent
1102 1819 1293 1875 bonos.
1346 1819 1437 1873 Vis
1490 1818 1581 1872 tibi
1637 1829 1693 1873 et
1741 1819 1996 1872 arborum

411 1915 651 1982 ipsarum
677 1930 796 1982 qure
832 1915 971 1967 intra
1009 1928 1108 1967 nos
1141 1922 1266 1967 sunt
1293 1911 1552 1965 vocabula
1595 1923 1649 1965 et
1679 1910 1999 1980 appellatio-

411 2021 505 2058 nes
535 2006 857 2073 expediam?
891 2005 1002 2059 Non
1036 2014 1117 2059 est
1148 2004 1303 2069 licus,
1340 2017 1514 2072 neque
1551 2002 1746 2065 malus,
1780 2018 1877 2056 nec
1920 2003 1999 2055 vi-

411 2099 500 2163 tis,
531 2099 623 2152 sed
658 2114 762 2150 una
808 2096 973 2149 arbor
1015 2096 1227 2163 justit'a
1262 2103 1509 2158 vocatur,
1543 2095 1644 2147 alia
1692 2096 1997 2164 prudentia,

406 2189 511 2242 alia
563 2188 844 2255 fortitudo,
892 2188 993 2241 alia
1050 2186 1405 2255 temperantia
1459 2188 1785 2242 nOminatur.
1842 2188 1903 2241 Et
1952 2190 1995 2242 si

408 2284 511 2343 vis,
542 2281 802 2350 majorem
850 2282 1032 2335 adhuc
1076 2281 1331 2336 arbormn
1385 2279 1783 2334 multitudinem
1829 2282 1995 2346 disce,

406 2375 607 2443 quibus
660 2370 908 2427 fortassis
960 2374 1175 2443 dignius
1221 2377 1500 2442 potabitur
1554 2378 1800 2430 consitus
1833 2376 1995 2428 etiam

407 2461 695 2527 paradisus
726 2460 843 2515 Dei.
892 2461 985 2516 Est
1029 2463 1173 2517 cnim
1210 2465 1280 2519 ibi
1325 2467 1487 2520 arbor
1536 2468 1776 2536 pietatis,
1815 2475 1895 2521 e‘t
1944 2476 1998 2521 et

406 2554 511 2606 alia
544 2552 708 2608 arbor
739 2554 1039 2623 sapientiae,
1073 2566 1155 2611 est
1191 2568 1245 2612 et
1291 2558 1396 2611 alia
1447 2558 1765 2627 disciplima,
1811 2569 1896 2613 est
1944 2569 1995 2613 et

406 2647 512 2699 alia
559 2649 802 2702 scientia:
846 2650 974 2705 boni
1018 2662 1073 2706 et
1122 2651 1269 2705 mali.
1306 2650 1481 2720 Super
1527 2653 1709 2706 omnia
1739 2666 1868 2705 vero
1912 2660 1996 2706 est

408 2741 571 2794 arbor
598 2742 739 2796 vita).
768 2741 883 2797 Non
918 2744 1009 2799 tibi
1060 2746 1232 2815 magis
1262 2746 1477 2801 videtur
1509 2748 1651 2815 quod
1690 2747 1850 2800 Pater
1884 2761 1997 2801 ra:-

408 2831 559 2887 lestis
588 2834 824 2904 agricola
865 2836 1172 2906 hujusmodi
1206 2839 1429 2895 arbores
1473 2839 1524 2894 in
1568 2840 1746 2893 anima
1779 2851 1867 2893 tua
1899 2854 1997 2893 ex-

405 2928 566 2990 rolat,
598 2934 652 2980 et
698 2927 1191 2998 266lmjusmodi
1243 2930 1509 3000 plantaria
1562 2931 1615 2985 in
1672 2942 1761 2985 tua
1815 2942 1997 2986 mente

406 3018 719 3072 coristituat.
764 3019 855 3075 Sic
908 3036 1039 3089 ergo
1082 3021 1213 3075 dicit
1258 3021 1546 3077 SaIVator:
1596 3041 1613 3073 ι
1655 3020 1769 3075 Non
1818 3032 1997 3091 potest

405 3110 568 3162 arbor
611 3110 747 3163 mala
785 3112 953 3166 bonos
1003 3111 1215 3168 fructus
1251 3112 1452 3178 facere,
1484 3130 1659 3184 neque
1693 3116 1831 3169 bona
1877 3115 1991 3169 fruo

2054 640 2058 645 ‘
2105 626 2240 679 bunt
2273 625 2508 678 lruetum
2559 639 2715 678 suum
2746 624 2813 677 “.
2847 642 2865 674 ι
2924 621 3038 677 lloc
3063 621 3227 676 credo
3250 620 3316 673 de
3337 632 3395 672 se
3425 616 3689 671 sentiebat

2105 720 2159 772 et
2203 716 2395 770 beatus
2438 712 2605 769 David
2637 730 2760 769 cum
2789 714 3059 769 dicebat“l
3089 732 3103 768 :
3130 731 3149 766 ι
3189 712 3298 781 Ego
3335 718 3515 764 autent
3546 708 3692 759 sicut

2103 808 2246 865 oliva
2284 808 2562 863 fructifera
2593 809 2646 863 in
2680 810 2838 864 domo
2871 809 2992 864 Dei.
3044 826 3063 861 ι
3119 807 3198 861 Ex
3247 820 3355 875 quo
3398 800 3690 857 manifeste

2103 902 2342 957 ostendit
2369 901 2570 973 lignum
2597 902 2756 957 oliva:
2794 900 3003 971 justum
3033 908 3089 955 et
3125 907 3377 955 sanctum
3413 893 3687 950 hominem

2105 996 2235 1051 dici.

2174 1087 2227 1142 5.
2240 1110 2255 1135 ι
2270 1087 2335 1142 Ει
2350 1086 2775 1158 comprehendet
2790 1084 2945 1141 vobis
2958 1084 3229 1139 trituratio
3245 1081 3569 1136 vindemiam
3582 1078 3649 1133 ⁸⁸.
3661 1098 3681 1131 ι

2105 1182 2162 1237 Si
2198 1182 2523 1237 seminatum
2559 1190 2643 1236 est
2680 1180 2731 1235 in
2771 1179 2950 1233 anima
2984 1191 3169 1232 semen
3214 1175 3436 1240 bonum,
3465 1182 3519 1228 et
3564 1187 3688 1227 sus-

2103 1282 2257 1344 cepta
2296 1290 2325 1329 a
2361 1276 2469 1330 Deo
2503 1274 2684 1345 pluvia
2716 1274 2912 1336 crevit,
2944 1282 2995 1327 et
3042 1270 3193 1325 venit
3220 1268 3287 1323 ad
3335 1268 3562 1335 spicam,
3590 1281 3683 1319 ne~

2103 1367 2344 1422 cessario
2370 1376 2738 1434 consequetur
2766 1373 2823 1419 et
2858 1362 3088 1417 messis:
3121 1371 3175 1416 et
3216 1360 3261 1415 si
3306 1359 3526 1423 messis,
3553 1373 3686 1411 con-

2102 1468 2361 1528 sequetur
2386 1460 2549 1513 etiam
2588 1457 2884 1519 tritttratio,
2916 1456 2968 1509 in
2997 1469 3105 1523 qua
3150 1453 3418 1507 frumenta
3455 1464 3685 1520 purgen-

2104 1560 2212 1606 tur.
2243 1550 2454 1606 Etenim
2498 1551 2679 1604 anima
2718 1566 2838 1620 qua:
2876 1549 3167 1621 germinat,
3202 1562 3270 1601 ex
3302 1546 3465 1599 verbo
3506 1544 3599 1597 Dei
3628 1554 3685 1598 et

2103 1644 2312 1699 caelesti
2343 1642 2520 1713 pluvia
2560 1644 2730 1713 rigata
2770 1656 2994 1713 germen
3025 1638 3273 1708 producit
3315 1637 3382 1690 ad
3427 1649 3681 1699 messem,

2104 1748 2327 1788 necesse
2371 1745 2455 1789 est
2497 1743 2556 1788 ut
2586 1734 2697 1803 ipsa
2744 1732 2936 1787 messis
2976 1746 3138 1799 quam
3184 1729 3392 1799 profert
3429 1734 3686 1794 purgetur

2105 1823 2158 1876 in
2190 1838 2337 1891 area,
2371 1823 2420 1877 id
2452 1834 2555 1889 est,
2588 1833 2645 1877 ut
2689 1837 2881 1877 sensus
2931 1837 3069 1891 quos
3100 1821 3350 1888 genuerit
3405 1819 3584 1871 anima
3630 1817 3680 1869 in

2103 1917 2339 1970 medium
2378 1915 2643 1983 proferat,
2676 1926 2728 1969 et
2773 1915 2888 1969 sive
2936 1929 3059 1969 cum
3094 1914 3302 1966 caeteris
3346 1910 3682 1971 doctoribus,

2102 2009 2218 2062 sive
2242 2010 2403 2063 etiam
2438 2024 2560 2062 eum
2589 2008 2718 2077 ipsis
2747 2022 2867 2077 quze
2896 2009 3068 2061 sentit
3095 2006 3291 2061 divinis
3319 2002 3681 2057 voluminibus

2102 2100 2388 2153 conferat:
2427 2111 2483 2153 ut
2511 2100 2554 2154 si
2590 2100 2720 2169 quid
2758 2100 2811 2153 in
2853 2100 2934 2154 eis
2970 2098 3127 2153 inane
3158 2108 3214 2152 et
3255 2094 3605 2164 superﬂuum,
3636 2094 3680 2146 si

2101 2191 2229 2260 quid
2281 2194 2447 2259 paleas
2488 2191 2667 2247 simile
2716 2190 2880 2245 fuerit
2925 2200 3020 2245 aut
3064 2188 3283 2253 aristis,
3323 2186 3487 2240 ﬂatile
3532 2186 3584 2239 in
3624 2198 3682 2238 se

2099 2284 2291 2351 spiritu
2350 2285 2694 2339 discretionis
2720 2284 2981 2351 excutiat,
3013 2291 3070 2337 et
3113 2297 3305 2351 purum
3351 2279 3678 2333 frmnentum

2099 2390 2206 2444 quo
2254 2375 2369 2429 solo
2415 2385 2581 2444 queat
2636 2376 2847 2429 nutrire
2902 2388 3217 2438 conservos,
3263 2381 3318 2425 et
3369 2386 3678 2424 mensuram

2102 2469 2264 2522 tritici
2315 2467 2367 2521 in
2415 2476 2661 2536 tempore
2711 2469 3045 2536 dispensare.
3092 2466 3343 2519 retineat.
3378 2480 3397 2513 ι
3432 2461 3496 2516 Et
3550 2478 3681 2514 con-

2098 2571 2380 2630 sequetur,
2414 2560 2611 2630 inquit,
2658 2559 2934 2615 trituratio
2978 2559 3328 2613 vindemiam.
3363 2574 3385 2609 ›
3418 2554 3554 2621 Quia
3588 2570 3680 2621 pa-

2100 2651 2207 2717 nis,
2249 2660 2307 2706 ut
2361 2651 2646 2720 Scriptura
2687 2650 2820 2705 dicit
2864 2650 2934 2715 ⁸³,
2973 2647 3245 2703 coniortat
3280 2662 3373 2700 cor
3425 2644 3677 2707 hominis,

2098 2755 2152 2800 et
2202 2745 2387 2799 vinum
2433 2744 2695 2808 lwtilicat,
2728 2754 3066 2812 quaecunque
3111 2742 3177 2794 de
3223 2738 3577 2799 continentia,
3615 2735 3681 2787 de

2096 2840 2463 2895 observantiis
2496 2848 2551 2894 et
2576 2837 2824 2893 custodia
2847 2836 3223 2891 mandatorum
3270 2834 3363 2888 Dei
3398 2833 3676 2892 dicuntur,

2097 2935 2213 2989 haec
2241 2942 2468 3004 possunt
2504 2932 2672 2988 videri
2705 2931 3062 2995 frumentum,
3091 2946 3155 2984 ex
3193 2943 3299 2996 quo
3328 2926 3482 2996 panis
3507 2924 3677 2979 edici--

2101 3037 2206 3091 tur,
2228 3036 2283 3080 et
2319 3025 2623 3079 auditormn
2659 3024 2823 3079 corda
2868 3023 3160 3079 confortat.
3196 3023 3265 3075 Ea
3302 3037 3428 3075 vero
3457 3036 3575 3087 quae
3611 3018 3679 3071 ad

2096 3118 2378 3173 scientiam
2438 3118 2745 3186 pertinent,
2803 3126 2857 3171 et
2923 3114 3258 3170 occultorum
3300 3110 3681 3181 explanatione

402 3213 525 3256 ctus
558 3202 729 3257 malos
760 3202 961 3260 facere.
998 3224 1017 3257 ι
1054 3204 1167 3261 lloc
1204 3218 1287 3261 cst
1318 3208 1456 3276 quod
1484 3207 1668 3262 docet:
1690 3207 1867 3261 Arbor
1894 3224 1995 3278 pu-
2024 3234 2065 3291 ε
2100 3216 2309 3262 mentes
2341 3206 2621 3261 lmtiiicant
2648 3204 3005 3269 audientium,
3036 3204 3162 3258 vino
3194 3219 3258 3257 ac
3285 3201 3570 3255 vindemi.e
3599 3200 3683 3253 vi-

405 3296 604 3351 dicitiae
632 3297 771 3351 bona
804 3308 912 3363 est,
948 3312 1055 3351 non
1090 3306 1266 3366 potest
1297 3298 1496 3354 allerre
1527 3298 1736 3352 fructus
1761 3297 1994 3366 impudi-

405 3391 566 3443 ritim.
619 3390 796 3445 Arbor
831 3389 1061 3459 iustitiae
1108 3391 1245 3445 bona
1292 3401 1394 3457 est,
1447 3402 1502 3445 et
1540 3390 1735 3445 all'erre
1784 3389 1994 3445 fructus

411 3480 691 3547 injustitia:
728 3498 831 3536 non
878 3493 1073 3552 potest.
1120 3484 1210 3538 Sic
1258 3493 1312 3537 et
1357 3484 1665 3539 ccontrario
1706 3484 1750 3537 si
1796 3484 1995 3537 habeas

411 3573 564 3625 mala:
592 3574 805 3629 arboris
844 3576 1081 3630 radicem
1118 3575 1171 3628 in
1206 3587 1295 3630 tua
1328 3586 1510 3631 mente
1537 3575 1857 3645 plantatam,
1891 3573 1991 3628 bo-

408 3680 507 3715 nos
539 3665 762 3718 reddere
786 3682 890 3718 non
923 3674 1100 3735 potest
1125 3666 1348 3722 fructus.
1386 3666 1443 3720 Si
1466 3666 1610 3720 enim
1642 3666 1711 3720 sit
1737 3666 1788 3718 in
1825 3675 1874 3717 te
1902 3680 1990 3716 ra—

409 3755 498 3807 dix
534 3756 770 3822 malitizc,
819 3757 1029 3813 fruetus
1068 3775 1174 3813 non
1204 3759 1357 3815 dabit
1394 3759 1585 3815 bonos.
1623 3757 1679 3812 Si
1731 3759 1801 3810 sit
1850 3758 1991 3809 intra

405 3866 502 3903 cor
538 3861 685 3903 tuum
732 3851 975 3904 stultitia:
1020 3852 1200 3920 planta
1228 3891 1243 3915 ,
1290 3868 1564 3920 nunquam
1619 3851 1857 3922 proferet
1906 3864 1995 3902 sa-

408 3943 626 4008 pientia:
673 3944 882 3997 liorem.
935 3942 990 3998 Si
1043 3944 1340 4014 iujnstitiaa,
1376 3945 1422 4000 si
1475 3946 1783 4016 iniquitatis
1830 3947 1995 4001 arbor

405 4036 498 4100 sit,
533 4052 811 4103 ltltlt.]tl:l|ll
838 4035 1149 4103 hujusmodi
1178 4037 1319 4106 ligna
1352 4040 1587 4107 gaudere
1613 4039 1771 4093 bonis
1801 4038 1994 4093 fructi-

408 4130 507 4181 bns
542 4143 785 4197 possunt.
821 4129 876 4182 Si
904 4145 1035 4199 ergo
1073 4143 1353 4185 servemus
1385 4131 1634 4185 mandata
1670 4130 1782 4197 Dei,
1812 4116 1993 4186 susce-

405 4230 491 4286 pta
523 4219 698 4287 pluvia
727 4219 875 4275 verbi
908 4220 1027 4285 Dei,
1054 4220 1120 4274 de
1145 4235 1249 4289 qua
1275 4222 1525 4289 superius
1544 4221 1800 4283 diximus,
1826 4222 1991 4275 etiam

406 4314 629 4367 arbores
684 4328 805 4383 qua:
850 4313 903 4366 in
946 4314 1155 4383 campis
1197 4315 1396 4368 animae
1450 4324 1649 4369 nostra:
1704 4324 1758 4367 et
1810 4318 1990 4369 cordis

407 4407 575 4460 nostri
612 4406 893 4461 latitudine
922 4407 1181 4475 plantat-.13
1202 4417 1349 4475 sunt,
1384 4406 1561 4461 laetum
1593 4416 1648 4460 et
1688 4408 1842 4462 bona:
1866 4423 1988 4462 sua-

404 4499 590 4552 vitatis
621 4498 847 4553 all‘ercnt
880 4497 1138 4553 fructum.
1174 4498 1266 4553 Vis
1296 4508 1478 4553 autem
1510 4497 1605 4552 tibi
1644 4498 1712 4552 de
1743 4497 1988 4567 Scriptu-

2098 3300 2366 3355 debunlur
2411 3301 2664 3369 aptanda.
2707 3297 2868 3353 Cordi
2917 3297 3123 3351 etenim
3177 3295 3361 3349 laetitia
3404 3292 3678 3357 tribuitur,

2096 3406 2217 3444 cum
2250 3406 2312 3444 ea
2347 3405 2468 3459 quae
2517 3389 2732 3444 occulta
2782 3396 2837 3442 et
2879 3388 3110 3443 obscura
3152 3396 3279 3443 sunt
3318 3385 3677 3454 explicantur.

2101 3501 2119 3533 ι
2158 3483 2223 3536 Ει
2259 3482 2564 3544 vindemia,
2612 3481 2808 3550 inquit,
2857 3480 3287 3551 comprehendet
3325 3482 3613 3535 sationem.
3656 3498 3674 3530 ι

2103 3573 2166 3628 Ut
2200 3574 2245 3628 si
2296 3574 2539 3627 dicamus
2574 3591 2589 3628 :
2625 3572 2808 3628 Primo
2858 3573 3143 3628 seminavit
3190 3587 3309 3641 qum
3355 3572 3485 3639 lepis
3530 3580 3679 3634 sunt,

2096 3676 2151 3719 et
2184 3675 2531 3734 posteaquam
2580 3664 2907 3719 seminatum
2943 3674 3045 3729 est,
3081 3664 3233 3720 oravi
3290 3672 3346 3717 ut
3388 3664 3535 3716 daret
3576 3663 3668 3714 Do-

2098 3757 2274 3810 minus
2303 3756 2537 3825 pluviam
2567 3757 2619 3811 in
2659 3768 2921 3828 tempore,
2955 3768 3009 3812 et
3033 3759 3170 3811 facta
3195 3767 3277 3812 est
3311 3757 3521 3810 messis.
3556 3754 3683 3809 Post

2097 3850 2214 3903 ιιωο
2241 3863 2348 3903 non
2378 3864 2569 3905 maneo
2596 3850 2825 3915 otiosus,
2859 3850 2953 3905 sed
2988 3849 3185 3905 iterum
3219 3848 3448 3911 semine,
3474 3849 3682 3915 accipio

2097 3939 2437 4008 Scripturam
2486 3941 2889 4010 propheticam,
2938 3949 2994 3997 et
3038 3956 3105 3994 ex
3147 3955 3212 3995 ea
3253 3939 3463 3995 scmino
3508 3948 3682 3992 terras

2097 4044 2155 4089 et
2196 4034 2402 4088 novalia
2441 4036 2777 4090 auditorum.
2813 4034 2942 4089 Post
2986 4034 3102 4088 haec
3145 4033 3355 4087 semino
3381 4042 3433 4085 et
3474 4031 3578 4083 alia
3613 4032 3680 4085 de

2094 4128 2427 4196 evangelicis
2460 4130 2823 4182 sermonibus.
2862 4127 3083 4181 Diversa
3107 4134 3233 4179 sunt
3257 4140 3377 4193 qua:
3408 4124 3681 4177 seminan-

2094 4230 2204 4284 tur,
2242 4236 2338 4290 per
2374 4230 2545 4275 totum
2580 4237 2782 4275 annum
2814 4235 3102 4290 possumus
3140 4218 3437 4271 seminare.
3478 4213 3676 4268 Possu-

2094 4331 2213 4369 mus
2261 4315 2405 4368 enim
2451 4323 2508 4370 et
2553 4314 2621 4369 de
2661 4313 2976 4383 apostolicis
3018 4311 3213 4366 litteris
3251 4309 3421 4363 multa
3468 4308 3676 4363 semina

2089 4408 2295 4476 jacere.
2334 4406 2562 4477 Semper
2607 4415 2691 4461 est
2739 4406 2881 4477 quod
2930 4404 3250 4466 seminelur,
3283 4401 3336 4454 in
3383 4400 3529 4455 omni
3570 4400 3678 4453 vita

2095 4508 2281 4554 nostra
2319 4498 2415 4554 otii
2469 4498 2676 4552 nullum
2726 4507 2938 4566 tempus
2986 4504 3114 4551 est:
3150 4492 3388 4562 quandiu
3441 4492 3676 4560 respira-

408 4591 485 4643 ris
526 4591 809 4643 ostendam
857 4591 1082 4645 arbores
1108 4589 1191 4643 vel
1225 4591 1367 4661 ligna
1400 4590 1657 4659 appellari
1686 4591 1784 4644 bas
1808 4591 1992 4661 singn-
2025 4576 2069 4631 Ῑ)
2101 4608 2244 4657 mus,
2272 4591 2621 4645 semincmus.
2660 4589 2895 4644 Tantum
2927 4597 3032 4652 est,
3074 4596 3133 4641 ut
3179 4586 3231 4639 in
3277 4586 3470 4654 spiritu
3510 4584 3676 4638 semi-

406 4682 486 4735 Ias
517 4694 763 4750 quasque
792 4672 1040 4747 virtutes,
1068 4696 1204 4751 quas
1241 4684 1491 4751 superius
1523 4680 1991 4736 memoravimus?

406 4773 651 4826 Adhibeo
690 4780 883 4825 testem
932 4772 1392 4841 sapientissimum
1434 4774 1780 4827 Salomonem
1807 4758 1993 4829 dicen-

409 4876 515 4915 tem
566 4864 632 4917 de
684 4864 950 4933 sapientia
988 4882 1001 4918 :
1042 4882 1060 4915 ι
1098 4863 1323 4935 Lignum
1372 4866 1497 4919 vita:
1542 4874 1646 4929 est,
1696 4865 1871 4935 inquit
1916 4867 1985 4933 ⁸⁸,

404 4956 658 5010 onmibus
687 4957 779 5026 qui
808 4957 1208 5025 amplectuntur
1243 4972 1384 5011 eam.
1422 4974 1439 5010 ι
1475 4956 1533 5011 Si
1559 4972 1691 5026 ergo
1723 4958 1987 5026 sapientia

406 5050 609 5115 lignmn
661 5049 788 5103 vita:
833 5061 937 5112 est,
994 5051 1113 5104 sine
1162 5049 1325 5102 dubio
1377 5058 1431 5103 et
1473 5048 1617 5102 aliud
1661 5049 1863 5118 lignum
1906 5059 1989 5105 est

407 5142 730 5209 prudentize,
753 5151 804 5194 et
830 5140 973 5193 aliud
999 5140 1259 5203 scientiae,
1284 5151 1338 5194 et
1360 5141 1505 5194 aliud
1530 5140 1776 5208 jllSlili'JE.
1805 5139 1989 5210 Neque

403 5236 547 5285 enim
604 5241 1003 5299 consequenter
1034 5232 1234 5285 dicitur
1274 5248 1339 5285 ex
1395 5232 1649 5287 omnibus
1700 5232 1989 5288 virtutibus

405 5325 571 5379 solztttt
604 5326 924 5393 sapientiam
959 5325 1245 5388 meruisse,
1284 5339 1402 5393 qua:
1446 5324 1652 5393 lignum
1683 5326 1803 5379 vita:
1839 5326 1989 5380 dica-

409 5427 513 5476 tur.
542 5430 767 5472 caeteras
796 5425 979 5471 autem
1008 5417 1237 5472 virtutes
1277 5430 1617 5486 nequaquam
1650 5416 1843 5472 similis
1871 5434 1986 5473 sor-

472 5553 515 5579 κ³
546 5552 721 5606 Levii.
745 5569 895 5613 xxvt.
928 5553 981 5605 4.
1087 5554 1134 5585 ⁸³
1170 5553 1359 5607 Matth.
1398 5570 1495 5617 vit,
1529 5554 1615 5608 l8.

406 5638 558 5686 mm,
605 5625 660 5681 5.
735 5627 780 5655 ’⁸³
824 5625 966 5679 Psal.
1016 5624 1233 5690 crv,15.

480 5735 589 5807 (57)
621 5734 773 5789 Libb.
806 5736 957 5799 editi,
1004 5756 1021 5786 ι
1070 5736 1397 5807 verbilogus.
1432 5756 1446 5789 ι
1487 5737 1590 5792 Sed
1643 5753 1796 5803 mss,
1832 5756 1848 5787 ι
1888 5755 1984 5791 en~

411 5806 691 5882 risilogus,
717 5825 733 5854 ι
768 5810 909 5871 quod
939 5823 1155 5882 merum
1203 5819 1294 5882 est
1332 5808 1579 5863 Gt'zncum
1628 5808 1985 5882 ειῖορεσιλὸτος⁸

416 5894 433 5926 ι
478 5876 646 5929 solcrs
684 5878 733 5927 in
776 5876 1111 5930 ttn'enicndis
1152 5878 1347 5933 verbis.
1388 5898 1404 5928 θ

1308 5625 1352 5656 ⁹⁰
1380 5623 1553 5680 Levit.
1583 5626 1789 5687 uvl,5.

1694 5555 1740 5586 ⁸⁸
1770 5554 1929 5610 Prov.
1986 5573 2069 5621 ιιι,
2118 5559 2204 5614 ‘18.

1894 5629 1933 5658 ⁸³
1970 5626 2127 5685 Joan.
2162 5647 2234 5696 vt,
2267 5631 2356 5684 51.

2100 4698 2312 4746 nemus,
2340 4693 2398 4736 ut
2426 4682 2491 4737 de
2525 4680 2717 4751 Spiritu
2748 4690 3018 4735 metamus
3052 4679 3215 4733 vitam
3250 4688 3529 4732 aeternam.
3560 4692 3579 4726 ι
3613 4674 3679 4728 Et

2101 4773 2499 4829 manducabitis
2526 4788 2719 4843 panem
2745 4783 2986 4827 vestrum
3016 4772 3069 4825 in
3099 4770 3387 4825 saturitate
3412 4768 3479 4821 ⁸⁸.
3516 4787 3535 4821 ι
3572 4766 3679 4821 Nec

2097 4867 2201 4920 hoc
2231 4881 2333 4936 ego
2362 4865 2663 4935 corporalis
2697 4878 2819 4919 esse
2862 4861 3257 4919 benedictionis
3298 4860 3415 4931 (58)
3450 4858 3678 4928 accipio,

2096 4960 2252 5030 quasi
2295 4961 2385 5033 qui
2423 4960 2691 5015 custodiat
2736 4957 2912 5027 legem
2949 4956 3064 5020 Dei,
3099 4970 3292 5024 panem
3332 4954 3493 5007 istum
3524 4968 3679 5007 com-

2098 5068 2318 5107 munem
2378 5052 2431 5106 in
2486 5051 2817 5106 abundantia
2872 5056 3259 5117 consequatur.
3314 5045 3454 5112 Quid
3502 5040 3683 5098 enim?

2096 5144 2288 5200 Nonne
2321 5144 2472 5215 impii
2503 5154 2558 5199 et
2591 5141 2805 5199 scelesti
2837 5154 3030 5209 panem
3059 5153 3165 5191 non
3208 5136 3380 5193 solum
3414 5136 3466 5190 in
3504 5136 3679 5189 abun-

2098 5239 2279 5293 dantia
2308 5277 2323 5302 ,
2372 5237 2466 5292 sed
2509 5246 2565 5291 et
2614 5237 2666 5290 in
2691 5234 2926 5305 .deliciis
2968 5230 3291 5286 comedunt?
3335 5229 3504 5299 Magis
3551 5241 3681 5295 ergo

2097 5332 2141 5387 si
2191 5330 2551 5401 respiciamus
2609 5330 2675 5383 ad
2725 5344 2847 5383 eum
2895 5326 2989 5397 qui
3044 5326 3183 5381 dixit
3203 5326 3246 5358 "
3284 5343 3299 5381 :
3342 5342 3362 5375 ι
3408 5324 3517 5393 Ego
3558 5337 3679 5375 sum

2096 5424 2252 5496 panis
2284 5423 2434 5477 vivus
2464 5423 2558 5491 qui
2606 5422 2674 5477 de
2705 5420 2846 5477 Ctelo
2893 5420 3185 5485 descendi,
3225 5428 3280 5473 et
3312 5418 3404 5486 qui
3455 5416 3677 5470 mandu-

2281 5560 2327 5590 ⁸⁸
2361 5557 2536 5614 Levil.
2568 5573 2719 5626 χχιιι,
2746 5558 2797 5613 4.
2874 5558 2918 5591 ⁸⁷
2954 5557 3096 5613 Psal.
3136 5571 3231 5621 ιιι,
3268 5553 3351 5610 l0.
3427 5554 3473 5585 ⁸⁵
3502 5549 3677 5608 chit.

2156 5743 2281 5822 ⁴(38)
2310 5742 2490 5797 lecx
2540 5745 2848 5815 Sangerm.,
2886 5762 2903 5794 ι
2942 5738 3255 5811 corporales
3305 5752 3422 5795 esse
3460 5738 3677 5797 benedi-

2097 5823 2322 5869 ctlones.
2370 5835 2387 5864 ι
