4124 6442
440 424 542 481 560

1568 427 1631 481 IN
1675 427 2047 483 LEVITICUM
2095 428 2378 484 llOMlLIA
2412 428 2551 484 XVI.

3591 430 3692 487 570

438 545 646 600 caverit
677 544 820 601 hunc
852 562 1043 615 panem
1088 547 1230 599 vivet
1271 547 1322 600 in
1351 556 1651 614 retentum;
1689 568 1706 599 ι
1741 558 1794 601 et
1826 550 2018 602 adver-
2048 541 2091 608 Α
2126 559 2271 614 tem,
2302 550 2575 604 custodiat
2609 549 2771 602 corda
2823 556 2999 601 vestra
3029 587 3043 611 ,
3072 557 3126 601 et
3169 561 3361 602 sensus
3406 557 3634 600 vestros.
3673 564 3692 597 ι

440 653 615 692 tamus
636 639 760 708 quia
785 641 876 708 qui
907 641 1019 695 haec
1048 642 1282 703 dicebat,
1311 642 1530 693 verbum
1556 648 1674 696 erat
1696 657 1802 710 quo
1824 643 2016 696 anima:

442 743 771 798 pascuntur:
809 733 1160 802 intelligimus
1195 736 1258 788 de
1290 750 1396 802 quo
1434 751 1573 804 pane
1605 737 1810 790 dictum
1860 738 1931 790 sil
1963 738 2014 790 in

441 825 906 880 benedictionibus
956 843 984 881 a
1039 828 1168 891 Deo,
1208 846 1225 878 ι
1269 827 1333 879 Et
1369 828 1771 883 tnanducabitis
1823 846 2014 898 panem

443 925 678 968 vestrmn
708 917 759 969 itt
794 919 1107 973 saturitate.
1145 940 1163 971 ι
1200 920 1407 975 Similia
1466 921 1537 975 iis
1555 923 1721 979 etiam
1761 922 2015 977 Salomon

443 1007 495 1061 in
528 1007 830 1064 Proverbiis
855 1012 1168 1081 pronuntiat
1191 1014 1256 1067 de
1281 1014 1431 1083 justo
1462 1014 1652 1070 dicens
1671 1018 1715 1049 ”
1743 1035 1755 1070 :
1789 1035 1807 1067 ι
1831 1015 2018 1072 Justus

445 1100 777 1157 manducans
826 1104 1054 1172 replebit
1098 1107 1335 1161 animam
1382 1122 1533 1161 suam
1562 1125 1576 1160 :
1609 1109 1804 1163 anima:
1835 1120 2015 1164 autem

443 1193 731 1261 impiorum
764 1196 815 1249 iu
843 1208 1083 1266 egestate
1105 1209 1286 1254 erunt.
1326 1220 1345 1254 ι
1380 1200 1492 1257 Hoc
1525 1202 1569 1256 si
1599 1205 1899 1257 secundum
1934 1204 2019 1257 lit-

444 1292 616 1337 teram
670 1287 941 1355 accipias,
988 1289 1113 1359 quia
1165 1309 1184 1343 ι
1236 1290 1416 1358 justus
1472 1295 1801 1350 manducans
1849 1294 2019 1363 replet

440 1375 677 1430 animam
722 1393 901 1445 suam,
941 1383 1139 1436 anima:
1174 1398 1301 1443 vero
1349 1384 1636 1453 impiortttn
1684 1387 1736 1440 in
1780 1396 2020 1457 egestate

440 1477 627 1531 erunt,
652 1488 669 1519 ι
695 1470 891 1525 falsum
924 1473 1211 1528 videbitur.
1243 1475 1415 1546 Magis
1432 1478 1575 1531 enim
1603 1479 1799 1533 anima:
1824 1479 2017 1547 impio-

441 1571 559 1610 rum
591 1573 712 1612 cum
744 1561 1005 1617 aviditate
1033 1563 1212 1618 cibum
1241 1575 1487 1631 sumunt,
1517 1578 1572 1622 et
1597 1568 1871 1622 saturitali
1907 1577 2021 1623 stu-

440 1650 586 1703 dent.
626 1650 766 1705 Justi
800 1664 978 1709 autem
1034 1657 1309 1713 interdum
1351 1669 1407 1713 et
1457 1661 1723 1715 esuriunl.
1775 1661 2019 1729 Denique

440 1738 637 1795 Paulus
669 1740 848 1806 justus
876 1757 1017 1811 erat,
1050 1757 1103 1801 et
1133 1750 1348 1804 dicebat
1381 1751 1469 1805 9’:
1501 1768 1519 1802 ι
1555 1752 1734 1821 Usque
1770 1754 1837 1806 ad
1881 1754 2019 1809 hanc

412 1831 628 1885 .lioram
658 1836 952 1899 esurimus,
980 1847 1033 1891 et
1064 1841 1308 1906 sitimus,
1330 1850 1382 1895 cl
1422 1841 1548 1894 nudi
1583 1856 1794 1908 sumus,
1835 1852 1889 1896 et
1924 1858 2018 1897 co-

442 1921 614 1990 laphis
641 1927 921 1981 caedimur.
959 1950 975 1980 I
1013 1930 1075 1983 Et
1114 1931 1309 1985 iterum
1342 1933 1471 1986 dicit
1500 1933 1586 1987 ’δε
1626 1951 1644 1982 ι
1680 1934 1735 1987 lu
1786 1933 1932 1989 fame
1963 1947 2019 1991 et

439 2014 552 2077 siti,
598 2014 649 2067 in
685 2016 909 2083 jejuniis
951 2021 1156 2077 multis.
1202 2041 1222 2074 ι
1253 2024 1320 2077 ΕΙ.
1366 2026 1638 2092 quomodo
1686 2025 1821 2079 dicit
1866 2028 2019 2081 Salo-

441 2122 562 2160 mcu
610 2106 677 2170 ",
722 2111 848 2179 quia
898 2130 915 2163 ι
955 2112 1134 2180 justus
1188 2115 1521 2171 manducans
1569 2117 1731 2171 Satial
1782 2121 2015 2173 animam

439 2200 625 2252 suam?
662 2221 680 2252 ι
713 2201 818 2255 Sed
850 2203 894 2257 si
935 2204 1192 2260 intuearis
1217 2210 1488 2276 quomodo
1508 2210 1691 2281 justus
1721 2228 1933 2281 semper
1964 2225 2019 2269 et

439 2293 559 2344 sine
604 2293 1005 2351 intermissione
1044 2299 1333 2354 manducet
1378 2301 1444 2354 de
1491 2316 1630 2371 pane
1670 2304 1814 2367 vivo,
1844 2316 1899 2359 et
1932 2323 2018 2360 re-

439 2383 585 2452 pleat
622 2389 857 2442 animant
912 2406 1089 2456 suam,
1137 2408 1200 2448 ac
1248 2394 1409 2449 saliet
1455 2410 1572 2450 eam
1620 2396 1744 2450 cibo
1784 2400 2016 2463 cmlesli,

436 2478 529 2544 qui
583 2488 667 2533 est
720 2479 952 2557 Verbum
1005 2486 1096 2540 Dci
1156 2496 1211 2541 et
1256 2489 1522 2558 sapientia
1573 2492 1691 2562 ejus
1724 2533 1739 2557 ,
1774 2493 2018 2547 invenies

438 2572 708 2634 quomodo
732 2589 794 2626 ex
830 2574 1204 2635 benedictione
1246 2581 1337 2636 Dei
1387 2586 1675 2639 manducet
1707 2586 1886 2653 justus
1920 2603 2016 2656 pa-

441 2673 560 2710 nem
603 2676 760 2715 suum
798 2663 848 2716 in
884 2667 1151 2723 satietate.
1198 2687 1214 2721 ι
1254 2672 1322 2726 Ει
1360 2673 1677 2730 habitabilis
1719 2679 1815 2730 luti
1857 2694 2022 2745 super

442 2760 638 2806 terram
684 2765 919 2811 vestram
948 2761 1015 2815 ³⁸.
1056 2780 1075 2813 ι
1114 2762 1335 2833 Iniquus
1382 2783 1657 2837 nunquam
1717 2781 1863 2825 tutus
1914 2782 2017 2840 est,

438 2842 531 2893 sed
579 2857 795 2910 semper
838 2860 1086 2904 movetur
1135 2863 1190 2906 et
1244 2855 1495 2922 ﬂuctuat,
1538 2868 1591 2912 el
1637 2861 2022 2917 circumfertur

437 2934 582 2987 onmi
632 2945 791 2991 vento
835 2941 1095 2995 doctrina:
1146 2944 1198 2996 in
1226 2944 1436 3001 fallacia
1486 2950 1762 3005 hominum
1818 2953 1884 3004 ad
1933 2955 2022 3007 de-

438 3027 742 3094 Ct‘ptiunent
797 3034 1020 3086 erroris.
1073 3033 1260 3089 Justus
1316 3052 1485 3103 vero,
1555 3042 1645 3109 qui
1695 3041 1867 3110 legem
1928 3044 2033 3111 Dei,

437 3120 694 3182 custodit,
734 3130 880 3175 tutus
927 3125 1136 3178 habitat
1173 3143 1337 3194 super
1382 3138 1580 3184 terram
1614 3148 1789 3186 suam.
1818 3134 2023 3189 Sensus

2122 646 2245 699 llaec
2270 654 2352 698 est
2382 659 2512 714 ergo
2539 658 2664 711 pax,
2690 657 2852 710 quam
2886 641 2977 694 dat
3007 641 3147 694 Deus
3177 655 3341 709 super
3369 650 3568 695 terram
3601 655 3699 692 no—

2118 747 2308 793 stram.

2191 830 2246 887 6.
2276 848 2294 880 t
2322 830 2385 883 Et
2411 827 2710 890 tlormietis,
2730 836 2780 879 et
2812 842 2914 879 non
2943 826 3045 879 erit
3071 826 3160 893 qui
3191 841 3283 878 vos
3309 822 3642 878 cxterreat'.
3671 841 3689 875 ι

2120 921 2186 976 Ει
2219 921 2475 974 Salomon
2514 920 2566 972 iu
2613 918 2921 972 Proverbiis
2963 918 3095 970 dixit
3122 936 3135 969 :
3167 936 3185 967 t
3216 916 3269 969 Si
3300 918 3440 969 cnim
3468 916 3696 976 sederis,

2120 1014 2239 1069 sine
2271 1012 2463 1066 timore
2497 1012 2606 1065 eris
2637 1027 2650 1075 ;
2683 1023 2736 1064 el
2767 1010 2810 1063 si
2840 1009 3158 1072 dormieris,
3190 1008 3419 1062 libenter
3446 1024 3693 1060 somnu-u

2120 1105 2431 1172 capies,et
2484 1119 2587 1157 non
2645 1102 2861 1155 timetis
2911 1110 3174 1155 terrorem
3222 1100 3694 1168 stlpervrttienlt-ut

2124 1198 2221 1251 tibi
2247 1236 2263 1259 ,
2317 1212 2489 1265 neque
2537 1196 2774 1263 impetus
2811 1196 3098 1264 impiorum
3131 1190 3631 1261 supervenientes‘.
3674 1211 3692 1242 ι

2123 1290 2247 1345 llaec
2278 1289 2367 1343 ille
2392 1289 2527 1342 dixit
2558 1291 2621 1342 de
2646 1289 2796 1357 justo
2824 1298 2875 1342 el
2901 1288 3148 1356 sapiente
3182 1288 3298 1340 viro
3326 1327 3341 1350 ,
3392 1295 3443 1340 et
3480 1286 3593 1339 hate
3643 1284 3695 1336 in

2120 1380 2499 1437 benedictione
2524 1381 2775 1434 dicuntur
2806 1398 2819 1433 :
2857 1399 2873 1430 ι
2914 1378 3224 1441 Dormielis,
3257 1388 3309 1432 et
3342 1393 3443 1431 non
3472 1376 3577 1430 erit
3606 1381 3697 1444 qui

2120 1488 2216 1527 vos
2253 1481 2547 1529 exterreat.
2586 1491 2605 1523 ›
2648 1471 2702 1524 Si
2735 1472 2875 1525 enim
2914 1470 3094 1538 justus
3121 1471 3327 1525 ellielar
3351 1511 3367 1535 ,
3424 1483 3582 1522 nemo
3612 1483 3699 1520 me

2121 1574 2397 1618 exterrere
2442 1565 2640 1632 poterit
2680 1578 2694 1617 :
2744 1563 2873 1616 nihil
2923 1565 3085 1617 timeo
3130 1563 3314 1626 aliud,
3359 1563 3402 1616 si
3438 1562 3602 1616 Deum
3634 1559 3703 1612 li-

2121 1672 2294 1711 meam
2327 1675 2339 1711 :
2375 1675 2392 1707 ι
2431 1656 2620 1710 .lusens
2652 1656 2792 1709 enim
2816 1698 2831 1721 ,
2870 1655 3045 1724 inquit
3074 1655 3129 1716 ⁵,
3159 1655 3384 1708 conlidit
3419 1662 3478 1707 ut
3518 1652 3625 1716 lco,
3675 1669 3693 1701 ι

2120 1761 2174 1806 et
2200 1752 2321 1805 ideo
2352 1767 2455 1805 non
2493 1751 2646 1804 timet
2691 1750 2900 1802 leonem
2936 1749 3207 1805 diabolum
3231 1788 3244 1808 ,
3278 1762 3376 1801 nec
3402 1747 3697 1800 draconem

2123 1843 2403 1905 Satanam,
2441 1858 2538 1896 nec
2565 1842 2785 1911 angelos
2812 1842 2951 1910 ejus,
2976 1842 3069 1895 sed
3108 1840 3239 1893 dicit
3265 1838 3561 1892 secundum
3591 1834 3698 1886 Da-

2123 1937 2210 1990 vid
2240 1936 2296 1988 “:
2334 1953 2353 1986 ι
2391 1932 2508 1987 Νοιι
2544 1933 2743 1987 timebo
2776 1948 2806 1985 a
2854 1931 3047 1985 timore
3095 1939 3367 1982 nocturno
3393 1966 3407 1989 ,
3442 1939 3473 1977 a
3516 1922 3703 1990 jaculo

2122 2030 2336 2085 volante
2366 2042 2461 2096 per
2494 2028 2668 2092 diem,
2706 2041 2734 2079 a
2768 2024 2984 2095 negotio
3029 2020 3436 2091 perambulante
3472 2018 3521 2071 in
3551 2027 3701 2070 lene-

2122 2122 2255 2185 bris,
2286 2136 2313 2171 a
2358 2117 2530 2180 ruina,
2565 2127 2611 2171 el
2646 2116 2913 2169 daemonio
2947 2114 3268 2167 meridiano.
3306 2131 3323 2163 ι
3354 2111 3517 2164 Addit
3548 2119 3601 2161 et
3635 2109 3701 2160 il-

2122 2213 2211 2267 lud
2248 2213 2267 2243 ⁷
2312 2229 2327 2265 :
2388 2230 2406 2261 ι
2458 2210 2715 2263 Dominus
2758 2207 3084 2261 illuminatio
3139 2221 3296 2267 mea,
3346 2214 3399 2256 et
3451 2202 3705 2255 Salvator

2124 2322 2275 2360 meus
2312 2302 2459 2377 (40),
2496 2317 2654 2372 quem
2704 2299 2952 2353 timebo?
2990 2298 3249 2351 Dominus
3287 2294 3541 2348 defensor
3580 2293 3702 2344 vita:

2124 2412 2277 2457 mem,
2310 2410 2471 2463 aquo
2512 2392 2838 2462 trepidabo?
2873 2410 2891 2442 ι
2942 2390 3007 2443 Ει
3041 2390 3234 2442 iterum
3262 2386 3284 2418 ⁸
3328 2404 3339 2441 :
3376 2408 3392 2436 ι
3434 2385 3489 2437 Si
3525 2384 3703 2437 consi-

2124 2499 2273 2545 stant
2301 2490 2589 2543 adversum
2624 2502 2707 2539 me
2732 2495 2931 2548 castra,
2954 2498 3058 2536 non
3092 2481 3301 2535 timebit
3324 2496 3420 2533 cor
3443 2494 3641 2531 mctnn.
3681 2495 3699 2527 ι

2125 2582 2287 2635 Vides
2330 2577 2692 2633 constantiam
2738 2586 2790 2628 et
2836 2574 3087 2629 virtutem
3121 2572 3314 2625 anima:
3346 2570 3705 2625 custodientis

2124 2675 2377 2729 niandata
2411 2670 2529 2734 Dei,
2561 2680 2613 2723 et
2656 2668 2908 2723 habentis
2944 2667 3195 2721 liduciam
3249 2663 3518 2717 libertatis
3552 2662 3707 2730 inge~

2124 2785 2263 2824 nitas.
2291 2768 2417 2821 Post
2448 2767 2562 2820 haec
2587 2806 2602 2827 ,
2636 2784 2653 2816 ι
2688 2763 3078 2817 Exterminabo
3104 2804 3119 2827 ,
3170 2759 3348 2831 inquit
3381 2754 3400 2783 ⁹
3427 2797 3442 2821 ,
3500 2755 3706 2809 bestias

2126 2860 2296 2915 malas
2326 2860 2390 2912 de
2420 2867 2562 2911 terra
2598 2866 2801 2909 vestra.
2834 2872 2851 2905 ι
2885 2852 3100 2916 Bestiae,
3136 2851 3331 2920 inquit,
3365 2849 3479 2901 ista-
3508 2864 3705 2915 corpo-

2128 2953 2308 3015 rales,
2339 2966 2445 3004 non
2491 2960 2616 3003 sunt
2657 2947 2848 3011 malae,
2886 2960 3061 3011 neque
3107 2944 3295 3005 bonae,
3339 2942 3432 2995 sed
3468 2940 3703 2993 medium

2125 3045 2401 3113 quiddam.
2442 3042 2579 3095 Sunt
2611 3041 2753 3094 enim
2783 3047 2928 3092 mnta
2957 3035 3234 3088 animalia.
3262 3034 3366 3086 Sed
3398 3031 3497 3084 ιιιςι-
3520 3028 3707 3084 bestia:

2129 3136 2284 3190 mal:e
2319 3142 2443 3187 sunt
2474 3132 2783 3201 spiritales,
2817 3146 2952 3198 quas
2983 3126 3275 3196 Apostolus
3304 3123 3435 3175 dicit
3465 3124 3506 3153 ¹⁰
3544 3138 3560 3170 ι
3598 3121 3707 3187 spi-

440 3210 581 3261 enim
605 3211 721 3277 ejus
746 3214 933 3267 firmus
956 3216 1289 3274 cstdicentis
1312 3220 1375 3273 ad
1409 3222 1574 3274 Deum
1598 3225 1642 3273 9"
1666 3242 1678 3277 :
1704 3244 1721 3275 ί
1745 3227 2018 3279 Coulirma
2052 3246 2091 3301 ο
2131 3226 2311 3280 νῆιίιιος
2346 3224 2617 3293 nequitias
2654 3223 2704 3274 in
2754 3221 3099 3282 cmicstibus,
3127 3238 3146 3270 ι
3200 3217 3262 3269 Et
3317 3216 3401 3268 illa
3432 3226 3516 3269 est
3565 3216 3703 3266 tnala

444 3319 546 3366 me,
586 3305 831 3371 Domine,
873 3309 923 3361 in
957 3310 1137 3363 verbis
1177 3313 1304 3366 luis.
1333 3331 1351 3363 ι
1382 3314 1747 3371 Conlirmalus
1786 3333 1935 3385 ergo,
1970 3331 2025 3373 el

440 3396 601 3466 267
628 3408 772 3451 tutus
804 3410 854 3452 el
885 3403 1155 3456 radicatus
1194 3403 1401 3457 habitat
1435 3420 1599 3475 super
1632 3415 1856 3471 terram,
1894 3410 2021 3462 lun-

438 3490 599 3542 datus
634 3492 689 3557 in.
722 3491 823 3545 ﬁde
848 3534 863 3559 ,
896 3493 1023 3562 quia
1076 3494 1369 3548 atdilicium
1409 3495 1525 3562 ejus
1578 3513 1684 3551 non
1730 3509 1811 3553 est
1860 3515 2025 3569 super

440 3597 657 3635 arenam
688 3584 945 3651 positum,
1004 3600 1181 3654 neque
1228 3587 1383 3641 radix
1433 3586 1553 3655 ejus
1602 3605 1766 3660 super
1809 3603 2031 3661 petram

441 3685 562 3741 est;
598 3678 690 3731 sed
723 3678 917 3732 domus
941 3679 1158 3748 quidem
1188 3679 1305 3750 ejus
1335 3681 1561 3737 fundata
1598 3700 1761 3753 super
1796 3694 2020 3754 terram,

445 3767 623 3838 planta
669 3785 800 3825 vero
844 3771 959 3839 ejus
1014 3773 1254 3827 radicala
1302 3784 1386 3828 est
1434 3775 1485 3828 in
1537 3776 1807 3843 profundo
1843 3790 2020 3843 teme,

445 3860 545 3914 hoc
577 3869 683 3925 est,
718 3862 770 3915 in
807 3862 1159 3919 interioribus
1192 3864 1386 3920 anima:
1421 3865 1561 3935 ejus.
1596 3868 1763 3925 Recte
1793 3887 1924 3941 ergo
1955 3874 2021 3928 ad

445 3952 811 4021 hujuscemodi
856 3955 1092 4011 animam
1142 3957 1344 4012 dicitur
1407 3958 1459 4013 in
1503 3961 2019 4019 benedictionibus:

448 4064 467 4096 ι
504 4047 567 4101 Et
595 4046 909 4102 habitabilis
953 4049 1052 4103 tuti
1084 4050 1198 4119 (59)
1230 4066 1396 4121 super
1428 4062 1632 4109 terram
1670 4067 1940 4123 vestram,
1969 4067 2022 4113 et

445 4141 584 4194 dabo
636 4153 822 4207 pacem
874 4154 1038 4209 super
1088 4150 1292 4196 terram
1322 4143 1389 4197 ³⁸.
1437 4162 1456 4195 ι
1490 4144 1661 4211 Quam
1711 4162 1899 4213 pacem
1930 4149 2024 4202 dat

450 4232 587 4285 Deus
614 4231 638 4284 ’ἰ
668 4230 826 4283 lslain
861 4246 1023 4299 quam
1057 4231 1219 4286 habet
1254 4235 1484 4288 mundus
1525 4234 1549 4287 ?
1580 4234 1751 4305 Negat
1780 4251 1837 4291 se
1863 4237 2021 4291 istam

448 4325 576 4376 dare
601 4323 871 4379 Christus.
906 4323 1045 4377 Dicit
1068 4324 1211 4378 enim
1237 4324 1281 4356 ⁸ο
1307 4340 1321 4377 :
1359 4345 1377 4377 ι
1410 4325 1582 4380 Meam
1614 4344 1800 4396 pacem
1827 4328 1897 4383 d0
1928 4345 2023 4382 vo-

448 4415 568 4483 bis,
613 4432 785 4469 meam
830 4431 1020 4484 pacem
1063 4417 1313 4487 relinquo
1361 4417 1513 4473 vobis
1558 4434 1573 4483 ;
1620 4435 1726 4473 non
1759 4420 1901 4476 sicut
1937 4420 2025 4475 hic

454 4509 684 4561 mundus
720 4509 809 4562 dat
841 4523 1030 4579 pacem
1053 4548 1068 4574 ,
1105 4524 1209 4579 ego
1236 4510 1305 4563 do
1332 4510 1513 4565 vobis.
1550 4530 1568 4563 ι
1601 4509 1775 4579 Negat
1803 4527 1935 4580 ergo
1964 4528 2024 4567 se

2129 3318 2322 3379 bestia,
2359 3317 2425 3369 de
2454 3332 2557 3383 qua
2595 3315 2723 3368 dicit
2762 3313 3043 3380 Scriptura
3071 3310 3151 3363 ‘1:
3194 3326 3213 3359 ι
3254 3309 3491 3376 Serpens
3524 3317 3703 3358 autem

2124 3419 2243 3463 erat
2279 3408 2576 3473 sapientior
2616 3404 2857 3456 omnium
2904 3401 3197 3454 bestiarum
3240 3414 3358 3467 (pne
3391 3407 3517 3450 sunt
3546 3412 3709 3464 Super

2129 3510 2348 3554 terram.
2392 3517 2411 3550 ι
2449 3497 2565 3565 Ipsa
2614 3511 2743 3563 ergo
2788 3503 2871 3549 est
2926 3494 3039 3548 htec
3088 3492 3225 3545 mala
3279 3492 3488 3555 bestia,
3542 3504 3705 3559 quatn

2127 3588 2394 3658 promittit
2434 3589 2573 3641 Dens
2603 3585 3091 3639 exlcrtninaturum
3136 3597 3195 3636 se
3226 3580 3293 3634 de
3322 3590 3464 3633 terra
3494 3587 3703 3641 nostra,

2124 3682 2168 3735 si
2201 3681 2316 3749 ejus
2346 3679 2595 3733 mandata
2631 3691 2934 3732 servemus.
2966 3675 3059 3729 \‘is
3094 3674 3279 3728 videre
3321 3681 3375 3725 et
3419 3670 3576 3723 aliain
3612 3673 3706 3723 bc-

2125 3773 2284 3827 Sliam
2323 3769 2569 3824 malam?
2602 3788 2619 3821 ι
2660 3768 3024 3825 Adversarius
3053 3777 3255 3833 vester,
3292 3767 3467 3836 inquit
3494 3766 3557 3828 ¹²,
3593 3762 3710 3818 dia-

2127 3865 2282 3919 bolus
2307 3866 2450 3919 sicut
2476 3863 2558 3917 leo
2591 3862 2809 3933 rugiens
2829 3861 3023 3915 circuit
3058 3873 3304 3927 qurercns
3336 3872 3495 3927 quem
3529 3866 3708 3909 trans-

2126 3966 2280 4011 vorel
2321 3955 2467 4029 (ll),
2520 3957 2609 4008 cui
2662 3954 2895 4008 resistite
2944 3952 3112 4007 fortes
3159 3952 3212 4006 in
3257 3951 3379 4005 ﬁde.
3424 3968 3443 4003 ι
3480 3949 3631 4017 Quod
3663 3951 3707 4003 si

2125 4050 2303 4104 adhuc
2344 4049 2525 4117 plures
2564 4046 2770 4099 bestias
2802 4045 2880 4099 vis
2914 4044 3156 4108 discere,
3199 4044 3414 4096 docebit
3444 4051 3494 4095 le
3527 4039 3697 4096 lsaias

2126 4142 2411 4210 propheta,
2439 4140 2529 4209 qui
2557 4140 2656 4194 sub
2688 4139 2895 4194 visione
2923 4150 3090 4205 quam
3140 4133 3435 4188 attitulavit
3466 4135 3710 4202 quadru-

2128 4235 2321 4304 pedum
2356 4235 2408 4287 in
2436 4235 2672 4296 deserto,
2705 4231 2831 4285 talia
2860 4229 3108 4299 qumdatn
3146 4230 3464 4300 prophetico
3513 4228 3706 4296 spiritu

2129 4329 2195 4381 de
2227 4326 2415 4380 bestiis
2444 4325 2719 4393 loquitur:
2744 4340 2779 4375 η(
2820 4322 2877 4376 In
2915 4321 3263 4376 tribulatione
3286 4360 3302 4386 ,
3339 4321 3509 4389 inquit
3543 4321 3585 4350 ¹³
3606 4360 3621 4385 ,
3654 4328 3711 4372 et

2128 4416 2381 4487 angustia
2417 4416 2519 4479 leo,
2556 4426 2613 4470 et.
2661 4415 2871 4470 catulus
2911 4414 3124 4478 leonis;
3161 4414 3286 4468 inde
3328 4424 3384 4466 et
3416 4411 3526 4465 nati
3562 4411 3711 4478 aspi-

2133 4510 2259 4563 dum
2297 4509 2627 4574 volantium,
2663 4508 2753 4575 qui
2795 4505 3087 4575 portabant
3129 4520 3292 4573 super
3318 4503 3500 4559 asinos
3534 4511 3590 4557 et
3620 4517 3712 4556 ca-

455 4613 640 4669 pacem
672 4600 856 4655 mundi
892 4599 1027 4656 dare
1065 4600 1346 4671 discipulis
1380 4602 1512 4669 suis,
1546 4604 1673 4672 quia
1708 4613 1761 4658 et
1791 4603 1919 4658 alibi
1947 4605 2023 4660 di.
2061 4599 2103 4653 D
2135 4601 2301 4656 melos
2346 4600 2565 4654 divitias
2617 4615 2745 4655 suas
2790 4599 2855 4653 ad
2906 4608 3119 4668 gentem
3154 4612 3275 4667 quae
3326 4610 3432 4650 non
3463 4593 3712 4665 proderit

453 4692 528 4745 cit
566 4691 582 4721 ¹
629 4706 644 4744 :
679 4710 696 4742 ι
731 4691 869 4758 Quid
913 4692 1117 4762 putatis
1149 4695 1275 4761 quia
1314 4709 1502 4762 pacem
1544 4694 1663 4749 veni
1711 4695 1927 4749 mittere
1970 4695 2023 4750 in

452 4794 653 4838 terram
687 4785 711 4838 ἲ
745 4800 850 4839 non
882 4785 1005 4838 veni
1044 4800 1234 4855 pacem
1269 4784 1485 4839 mittere
1510 4823 1525 4848 ,
1554 4786 1650 4840 sed
1694 4785 1956 4855 gladium.
2001 4807 2020 4837 ι

451 4872 548 4929 Vis
571 4890 700 4944 ergo
727 4875 909 4929 videre
930 4890 1089 4944 quam
1117 4890 1305 4942 pacem
1335 4876 1428 4929 dat
1461 4875 1604 4929 Deus
1634 4891 1801 4944 super
1825 4886 2025 4931 terram

453 4977 693 5022 nostram
719 4966 742 5019 ?
775 4966 830 5021 Si
860 4975 1006 5021 terra
1032 4966 1104 5020 sit
1134 4967 1295 5030 bona,
1335 4966 1423 5021 illa
1457 4982 1577 5037 qua:
1607 4966 1766 5022 aﬂ'ert
1787 4969 2024 5023 fructum

451 5058 806 5113 centesimum
832 5098 847 5123 ,
898 5066 993 5113 aut
1037 5059 1481 5133 sexagesimum,
1530 5071 1625 5114 aut
1664 5060 2023 5127 tricesimum,

450 5146 595 5200 illam
637 5162 825 5217 pacem
866 5148 1130 5218 suscipiet
1163 5164 1192 5202 a
1237 5148 1369 5216 Deo,
1412 5164 1573 5218 quam
1619 5149 1751 5205 dicit
1788 5151 2023 5220 Aposto-

449 5237 532 5293 lus
558 5240 579 5269 ²
614 5256 628 5293 :
660 5256 678 5290 ι
715 5237 827 5293 Pax
852 5248 1034 5295 autem
1060 5239 1189 5307 Dei,
1225 5255 1345 5311 qua)
1375 5249 1596 5312 superat
1632 5257 1851 5298 omnem
1877 5259 2029 5299 men-

519 5407 563 5437 θ’
599 5404 756 5461 Prov.
784 5405 996 5470 ιιιιιᾶὅ.

448 5475 540 5530 28.
593 5475 640 5506 ’⁸
671 5473 843 5545 Levit.
881 5492 1026 5535 xxvu.
1063 5475 1115 5538 5,
1147 5478 1200 5534 6.
1285 5479 1329 5511 ’⁸
1354 5478 1510 5533 Joan.
1543 5480 1761 5545 xiv,27.

449 5546 544 5613 t,6
620 5545 641 5577 ‘
675 5543 837 5599 Prov.
870 5562 954 5608 ιιι,
984 5546 1078 5613 24,
1106 5547 1196 5603 25.
1273 5549 1294 5580 ⁸
1325 5548 1487 5606 Prov.
1523 5543 1713 5615 xxvtn,
1747 5551 1797 5603 1.

451 5617 496 5651 ω
537 5615 735 5684 Epltes.
780 5631 830 5669 Vl
858 5657 873 5683 ,
924 5617 1011 5670 1-2.
1084 5618 1125 5648 “
1152 5616 1290 5672 Gen.
1328 5635 1408 5685 ιιι,
1449 5621 1500 5673 1.
1580 5623 1622 5654 ³³
1658 5621 1672 5674 Ι
1706 5620 1820 5675 Pet.
1858 5636 1927 5686 ν,
1960 5624 2013 5675 8.

521 5716 637 5787 (39)
672 5713 815 5768 Tuti.
852 5713 1013 5769 Deest
1049 5711 1103 5767 in
1135 5714 1363 5785 vulgatis
1387 5715 1735 5778 editionibus.
1769 5715 1863 5773 sed
1894 5733 2020 5787 snp-

449 5786 626 5859 plelur
659 5802 688 5841 e
725 5800 853 5839 mss.
1964 5786 1971 5787 ’

521 5857 636 5927 (40)
670 5855 825 5913 Libb.
858 5854 1015 5920 editi,
1050 5872 1068 5906 ε
1105 5853 1250 5911 salus
1284 5869 1422 5913 mea.
1460 5877 1479 5911 ι
1513 5857 1674 5924 Mss,
1717 5876 1735 5911 ι
1772 5857 2020 5914 Salvator

2133 4694 2234 4749 eis.
2275 4713 2293 4745 ι
2334 4691 2584 4761 Nunquid
2623 4691 2732 4747 ullo
2779 4691 2937 4746 modo
2980 4690 3154 4745 videri
3209 4698 3437 4759 possunt
3482 4687 3598 4742 inec
3644 4686 3713 4740 de

2134 4786 2512 4855 cvrporalibns
2536 4785 2726 4841 bestiis
2753 4784 2897 4840 dicta
2926 4785 3089 4839 etiam
3125 4783 3212 4846 iis,
3242 4782 3334 4852 qui
3367 4782 3521 4836 valde
3548 4778 3711 4834 amici

2133 4890 2263 4932 sunt
2291 4878 2527 4934 litterae?
2560 4877 2839 4945 Quomodo
2870 4876 3014 4932 enim
3049 4876 3164 4941 leo,
3193 4884 3249 4931 et
3279 4874 3490 4930 catulus
3520 4873 3710 4938 leonis,

2135 4972 2218 5027 vel
2242 4972 2455 5042 aspides
2470 4970 2714 5026 volantes
2741 4979 2969 5040 possunt
2991 4984 3157 5039 super
3183 4967 3424 5023 camelos
3444 4975 3501 5021 et
3527 4966 3714 5021 asinos

2134 5072 2350 5131 portare
2376 5061 2595 5116 divitias
2640 5075 2768 5115 suas
2789 5060 2813 5114 ‘i
2838 5058 2942 5115 Sed
2968 5057 3250 5114 evidenter
3281 5057 3584 5112 contrarias
3616 5069 3706 5125 po-

2138 5163 2361 5210 testates
2408 5156 2712 5209 daemonum
2765 5153 3126 5224 pessimorum
3196 5152 3461 5220 prepheta
3505 5148 3711 5218 Spiritu

2135 5258 2328 5304 sancto
2357 5247 2594 5318 repletus
2621 5256 2940 5313 enumerat,
2972 5260 3175 5316 eosque
3198 5244 3467 5298 collocare
3497 5241 3714 5295 divitias

1076 5407 1123 5440 ⁹⁸
1154 5407 1169 5460 Ι
1202 5406 1328 5473 Cor,
1356 5424 1431 5474 tv,
1464 5410 1550 5463 ll.
1620 5409 1667 5441 9"
1698 5408 1735 5462 ΙΙ
1762 5410 1890 5465 Cor.
1920 5426 1995 5474 xt,
2026 5412 2117 5473 27,
2190 5410 2236 5441 9⁸
2271 5409 2550 5471 Prov.vut,
2580 5407 2667 5462 25.
2739 5408 2786 5439 ³⁸
2816 5406 2989 5460 Levit.
3020 5420 3167 5468 xxvi,
3200 5402 3252 5474 5.
3313 5402 3357 5474 "_
3390 5398 3532 5474 Psal.
3564 5412 3711 5457 CXIX.

1839 5482 1853 5511 ¹
1890 5481 2017 5533 an.
2042 5481 2247 5547 Mt,5l;
2281 5492 2332 5532 et
2356 5479 2547 5533 Matth.
2581 5494 2635 5540 ι,
2664 5477 2754 5532 54.

1869 5552 1890 5581 ⁸
1916 5550 2059 5604 Psal.
2082 5567 2195 5608 etx.

2831 5477 2852 5507 ³
2874 5474 3069 5542 Philip.
3105 5488 3179 5539 tv,
3209 5472 3286 5542 7._
3340 5471 3361 5501 ³
3388 5469 3557 5522 Levit.
3582 5483 3710 5542 xxv,

2303 5551 2321 5579 "
2372 5550 2511 5604 l’sal.
2539 5539 2685 5602 χχιιι
2711 5550 2797 5611 ,1.
2870 5546 2893 5579 ⁸
2915 5539 3045 5600 ibid.
3075 5543 3128 5597 '5.
3224 5542 3246 5574 '
3269 5540 3440 5596 Levit.
3468 5553 3589 5592 nvi
3611 5577 3626 5602 ,
3658 5539 3710 5591 6.

2099 5622 2141 5652 ¹²
2171 5623 2270 5675 lsa.
2309 5636 2437 5686 xxx,
2466 5620 2519 5674 6.

2131 5732 2311 5855 lli‘iiist')
2335 5735 2503 5841 ,Libb.
2553 5782 2685 5839 editi
2724 5819 2739 5846 ,
2777 5798 2797 5835 ι
2836 5780 3079 5838 devoret.
3110 5794 3131 5832 ι
3169 5774 3297 5832 Mss.
3324 5812 3343 5841 ,
3390 5789 3413 5827 ι
3454 5784 3703 5830 transvo-

2128 5865 2228 5914 let.
2266 5878 2281 5909 ι
