4124 6424
446 412 546 466 571

1901 415 2226 474 ORIGENIS

3600 423 3710 481 572

442 529 828 602 deceptionum
860 547 1081 588 suarum
1114 548 1277 603 super
1304 533 1517 590 animas
1558 535 1785 591 stolidas
1815 550 2035 607 pervcr-
2061 545 2111 602 Α
2136 528 2399 593 numerus
2428 543 2496 593 ad
2531 542 2822 608 utramque
2846 546 3056 610 partem
3089 537 3260 609 accipi
3295 546 3494 609 potest.
3522 537 3581 594 Si
3612 540 3711 595 ita-

442 637 664 694 sasque,
694 639 832 693 quas
864 626 1095 682 camelis
1130 638 1185 681 et
1211 626 1383 681 asinis
1416 642 1513 698 per
1544 630 1771 699 ﬁguram
1800 649 2020 705 compa-

444 722 566 778 rat,
600 716 922 785 designavit.
958 717 1021 771 Et
1055 717 1120 772 iis
1159 718 1354 773 bestiis
1398 735 1464 773 ne
1498 722 1810 779 traderetur
1840 728 2023 782 anima

440 805 607 859 Deum
635 807 831 861 timens
856 810 1045 863 orabat
1065 812 1327 880 propheta
1352 812 1518 867 David
1538 815 1724 872 dicens
1745 816 1789 849 ¹⁶
1813 835 1827 871 :
1858 835 1877 869 ‹
1902 817 2021 873 Νοη

436 896 623 952 tradas
672 899 861 955 bestiis
889 901 1122 956 animum
1159 904 1507 960 conﬁtentem
1542 907 1662 963 tibi.
1747 910 1815 965 Et
1841 922 2023 966 exter-

439 995 681 1059 tniuabo,
704 995 886 1063 inquit
911 997 976 1063 ι’,
1002 998 1207 1054 bestias
1238 1002 1506 1071 malignas
1537 1004 1604 1058 de
1636 1013 1781 1059 terra
1813 1017 2018 1075 vestra,

435 1092 491 1136 ct
526 1098 700 1152 pugna
735 1101 841 1141 non
876 1088 1124 1143 transibit
1167 1105 1267 1160 per
1300 1100 1505 1148 terram
1536 1102 1796 1151 vestram.
1830 1115 1850 1150 ι
1881 1097 2020 1153 Mul-

434 1182 503 1227 ῑὶιὲ
535 1188 659 1229 sunt
697 1191 891 1247 pugna:
922 1192 1043 1248 quae
1080 1192 1367 1240 transeunt
1408 1201 1507 1256 per
1540 1196 1743 1244 terram
1774 1200 2015 1247 nostram

431 1265 478 1318 si
509 1265 680 1336 legem
710 1268 801 1323 Dei
828 1286 932 1327 non
960 1274 1321 1343 cuStodimus,
1351 1292 1451 1333 nec
1479 1290 1741 1351 praecepta
1766 1282 1885 1352 ejus
1904 1299 2020 1340 ser-

430 1368 645 1413 vannus.
687 1358 896 1418 Redeat
938 1367 1313 1437 unusquisque
1362 1370 1430 1423 ad
1473 1372 1709 1427 animam
1742 1388 1920 1441 suam,
1962 1384 2019 1432 et

430 1446 548 1517 ipse
595 1466 655 1506 se
703 1454 915 1509 interna
968 1460 1345 1515 recordatione
1397 1460 1697 1530 discutiat,
1730 1473 1784 1521 et
1834 1467 2018 1524 videat

427 1547 703 1611 quomodo
740 1557 881 1603 terra
916 1560 1099 1606 nostra
1125 1591 1141 1617 ,
1178 1552 1231 1607 id
1265 1562 1348 1610 est
1374 1594 1389 1621 ,
1423 1568 1554 1611 caro
1592 1568 1775 1614 nostra
1804 1601 1818 1626 ,
1870 1574 2016 1617 nunc

429 1634 622 1701 spiritu
694 1636 1115 1708 fornicationis,
1181 1658 1331 1698 nunc
1391 1645 1487 1701 irae
1540 1656 1596 1702 et
1661 1648 1862 1706 furoris
1920 1668 2014 1706 ur-

431 1737 625 1794 getur,
666 1744 809 1784 nunc
843 1732 1085 1787 avaritia:
1137 1734 1337 1802 jaculis
1370 1736 1649 1806 agitatur,
1691 1756 1837 1797 nunc
1891 1745 2013 1800 telis

427 1819 679 1887 pulsatur
732 1820 989 1890 invidia},
1051 1842 1195 1881 nunc
1268 1830 1493 1899 spiculis
1551 1833 1796 1890 libidinis
1851 1846 2009 1894 tere-

2124 642 2230 699 que
2261 644 2357 683 nos
2393 629 2565 685 simus
2612 644 2679 683 ex
2709 629 2957 700 quinque
3004 631 3397 697 laudabilibus,
3444 632 3496 687 id
3531 641 3614 687 est
3644 648 3707 685 ex

2125 721 2365 792 quinque
2399 722 2737 791 sapientibus
2765 762 2779 786 ,
2813 737 3205 792 persequemur
3236 723 3554 792 insipientes
3579 738 3709 778 cen-

2125 822 2262 869 tum.
2296 813 2350 868 Si
2375 814 2519 869 enim
2550 814 2829 882 sapienter
2860 823 2913 869 et
2943 814 3300 883 probabiliter
3324 831 3624 886 pugnemus
3651 818 3704 870 in

2124 904 2294 962 verbo
2326 907 2443 967 Dei.
2470 906 2515 961 si
2543 907 2836 975 prudenter
2871 907 2935 961 de
2963 907 3080 976 lege
3106 907 3315 962 Domini
3349 909 3703 976 disseramus,

2124 998 2496 1053 convincimus
2536 1008 2591 1053 et
2636 997 2883 1068 fugamus
2938 999 3236 1053 inﬁdelium
3280 1003 3700 1061 multitudinem.

2126 1087 2279 1143 Sicut
2310 1091 2455 1144 enim
2488 1092 2727 1159 quinque
2753 1106 3029 1157 numerus,
3062 1104 3116 1148 et
3151 1095 3423 1162 sapientes
3474 1097 3701 1164 indicat,

2120 1190 2176 1235 et
2203 1181 2554 1251 insipientes;
2589 1185 2659 1237 ita
2688 1194 2743 1238 et
2784 1196 3047 1241 centenus
3094 1205 3375 1259 numerus,
3420 1202 3470 1246 et
3511 1193 3700 1249 fideles

2118 1272 2361 1338 indicat,
2397 1283 2450 1330 et
2482 1274 2747 1330 inﬁdeles.
2778 1276 2909 1331 Nam
2944 1290 3000 1333 et
3031 1280 3131 1334 sub
3157 1285 3476 1338 centenario
3525 1300 3699 1339 anno-

2119 1375 2241 1415 rum
2268 1377 2497 1418 numero
2522 1365 2800 1421 Abraham
2838 1368 2947 1423 Deo
2978 1373 3309 1439 credidisse,
3348 1385 3402 1429 et
3433 1376 3698 1445 justitica-

2117 1460 2209 1510 tus
2235 1469 2358 1509 esse
2389 1456 2739 1524 describitur,
2766 1469 2843 1527 et,
2867 1479 2887 1511 s
2918 1474 3171 1530 peccator
3194 1468 3287 1535 qui
3316 1468 3545 1521 moritur
3568 1483 3697 1523 cen-

2122 1553 2235 1601 tum
2267 1562 2534 1603 annorum
2584 1550 2907 1608 maledictus
2954 1557 3148 1613 erit".
3191 1577 3207 1609 I
3263 1560 3326 1614 Et
3359 1561 3447 1615 hic
3475 1566 3692 1616 centum

2116 1637 2359 1695 inﬁdeles
2386 1656 2415 1695 a
2443 1641 2686 1711 quinque
2717 1645 3053 1714 sapientibus
3104 1650 3415 1721 eﬁ’ugantur
3438 1693 3454 1717 ,
3487 1662 3538 1707 et
3571 1669 3691 1707 rur-

2118 1745 2235 1785 sum
2269 1742 2483 1786 centum
2510 1734 2715 1802 ﬁdeles,
2747 1751 2851 1790 non
2883 1746 2990 1791 tam
3021 1755 3245 1796 numero
3277 1753 3492 1797 centum
3529 1760 3688 1814 quant

2117 1823 2451 1893 perfectione
2482 1827 2698 1897 signati,
2744 1828 2913 1883 multa
2948 1831 3117 1886 millia
3165 1832 3461 1888 inﬁdelium
3512 1850 3692 1904 perse-

424 1911 652 1978 bralur,
697 1924 752 1970 et
796 1916 847 1971 in
894 1918 1313 1992 quibuscunque
1358 1929 1700 1997 concupiscit
1743 1945 1870 1985 caro
1911 1934 2007 1985 ad-
2043 1912 2085 1968 Β
2117 1926 2370 1983 queatur.
2419 1912 2632 1990 Fugat’it
2677 1923 2822 1977 enim
2868 1923 3053 1979 ﬁdcles
3084 1925 3336 1982 doctores
3375 1929 3692 1985 innumeros

424 2017 648 2061 versum
685 2009 970 2079 spiritum,
998 2022 1052 2068 et
1081 2016 1309 2083 spiritus
1350 2020 1611 2080 adversus
1641 2038 1888 2089 carnem,
1923 2026 2008 2079 in-

423 2098 593 2154 ternis
628 2102 830 2170 prmliis
869 2119 1085 2177 semper
1133 2109 1390 2179 agitatur.
1439 2113 1579 2181 Quid
1621 2125 1803 2171 autem
1831 2120 2006 2173 dicant

419 2191 489 2242 de
519 2192 907 2261 cogitationum
942 2199 1139 2267 pugnis
1165 2240 1181 2266 ,
1212 2217 1349 2270 quas
1399 2208 1549 2261 cordi
1586 2219 1771 2263 nostro
1804 2226 2006 2282 sugge-

423 2280 495 2332 rit
521 2280 771 2338 inimicus
793 2327 807 2351 ,
846 2296 902 2338 ut
934 2301 1031 2343 nos
1070 2301 1237 2346 exuat
1266 2308 1294 2347 a
1335 2294 1438 2349 ﬁde
1466 2294 1667 2352 Christi
1688 2338 1705 2364 ,
1740 2308 1793 2355 ct
1819 2301 1887 2355 ab
1913 2280 2007 2371 spe

420 2372 727 2428 vocationis
757 2379 1003 2433 nostrte?
1038 2379 1172 2436 Cum
1204 2386 1349 2440 enim
1387 2386 1705 2446 afflictiones
1753 2395 2006 2449 tentatio—

421 2476 573 2528 num,
612 2472 666 2518 et
714 2465 988 2524 molestias
1022 2470 1135 2542 (42)
1185 2474 1371 2530 saeculi
1420 2480 1774 2537 suscitaverit
1822 2487 2002 2552 nobis,

418 2566 815 2623 consequenter
846 2559 957 2627 jam
996 2565 1241 2634 suggerit
1279 2568 1590 2639 cogitationi
1614 2613 1629 2636 ,
1670 2576 2000 2644 superfluum

416 2651 471 2695 et
506 2642 745 2712 ineptum
778 2660 901 2702 esse
947 2649 1062 2706 bare
1104 2653 1340 2711 tolerare
1377 2673 1476 2727 pro
1520 2642 1778 2729 Christo,
1831 2664 2002 2720 multo

414 2748 540 2787 esse
571 2735 760 2790 melius
789 2752 1042 2796 securam
1071 2752 1125 2798 et
1155 2746 1276 2801 sine
1319 2754 1798 2817 persecutionibus
1836 2757 1999 2813 vitam

415 2824 637 2880 ducere.
675 2824 797 2882 Haec
823 2831 1004 2888 sciens
1032 2843 1086 2889 et
1115 2839 1396 2906 apostolus
1431 2840 1629 2899 Paulus
1674 2846 1889 2902 diccbat
1912 2850 1995 2904 “:

420 2931 439 2965 ε
477 2917 838 2986 Cogitationes
865 2924 1248 2995 destruentes,
1296 2939 1351 2986 et
1389 2947 1603 2988 omnem
1653 2937 1995 2994 altitudinem

414 3009 757 3066 extollentem
799 3030 857 3069 se
888 3019 1173 3074 adversum
1224 3023 1510 3079 scientiam
1560 3027 1781 3085 Christi.
1824 3049 1844 3083 ι
1894 3031 1997 3099 Qui

413 3115 545 3168 ergo
574 3104 755 3158 divina
795 3121 1060 3179 prtecepta
1109 3117 1438 3184 servaverit,
1488 3128 1545 3172 et
1594 3122 1848 3176 mandata
1877 3126 1997 3194 ejus

2116 2009 2428 2077 daemones,
2482 2026 2547 2067 ne
2593 2014 2804 2070 animas
2845 2016 3180 2073 credentium
3231 2023 3451 2092 antiqua
3502 2022 3691 2079 fraude

2111 2099 2406 2168 decipiant.
2445 2121 2464 2154 ‹
2506 2104 2567 2157 Et
2601 2107 2795 2160 cadent
2842 2107 3046 2163 inimici
3083 2113 3246 2166 vestri
3290 2114 3340 2166 in
3387 2126 3686 2184 conspectu

2110 2200 2292 2245 vestro
2320 2192 2498 2262 gladio
2522 2196 2586 2251 ".
2624 2216 2642 2248 ι
2679 2198 2779 2264 Qui
2812 2199 2922 2253 sint
2960 2200 3163 2255 inimici
3206 2219 3367 2271 supra
3413 2208 3685 2274 diximus,

2110 2297 2219 2351 quo
2263 2295 2441 2340 autem
2492 2288 2670 2358 gladio
2717 2291 2974 2345 dicantur
3034 2294 3268 2359 cadere,
3324 2301 3684 2366 requiramus.

2108 2371 2404 2442 Apostolus
2446 2375 2645 2433 Paulus
2696 2393 2796 2434 nos
2841 2380 3002 2435 docet
3052 2385 3176 2452 quis
3219 2385 3291 2438 sit
3329 2386 3417 2441 bic
3451 2386 3684 2453 gladius,

2104 2479 2231 2519 cum
2258 2465 2391 2520 dicit
2414 2467 2459 2499 ’³
2484 2481 2497 2517 :
2531 2488 2551 2521 ε
2585 2470 2751 2527 Vivus
2769 2475 2909 2527 cnim
2935 2485 3018 2529 est
3047 2491 3227 2530 sermo
3255 2477 3369 2544 Dei,
3391 2488 3439 2530 et
3472 2478 3684 2545 eliimx,

2106 2563 2161 2609 et
2192 2558 2584 2624 penetrabilior
2605 2561 2750 2614 omni
2780 2562 2960 2631 gladio
2987 2566 3240 2635 utrinque
3270 2580 3451 2634 acuto,
3479 2572 3686 2638 pertin-

2104 2660 2239 2716 gens
2270 2662 2485 2717 quoque
2518 2666 2692 2720 usque
2728 2654 2795 2706 ad
2822 2669 3136 2726 oontpagcm
3167 2659 3360 2715 animze
3404 2678 3467 2715 ac
3520 2664 3683 2731 spiri-

2108 2747 2214 2802 tus,
2247 2741 2613 2797 membrorum
2641 2760 2855 2816 quoque
2885 2759 2939 2802 et
2974 2750 3355 2821 medullarum,
3381 2765 3435 2809 et
3463 2766 3539 2811 est
3571 2757 3682 2812 dis-

2102 2839 2283 2885 cretor
2311 2834 2735 2903 cogitationum,
2769 2849 2821 2893 et
2868 2840 3225 2899 intentionum
3261 2848 3462 2902 cordis.
3504 2869 3521 2901 ι
3578 2848 3675 2904 Hic

2101 2930 2185 2977 est
2228 2921 2437 2993 gladius
2458 2965 2473 2989 ,
2527 2928 2685 2997 cujus
2713 2931 2828 2986 acie
2857 2930 2969 3003 (44)
3008 2936 3210 2991 cadunt
3239 2938 3440 2994 inimici
3476 2943 3673 2997 nostri.

2102 3014 2298 3071 Sermo
2332 3034 2567 3088 namque
2619 3022 2710 3077 Dei
2757 3036 2842 3079 est
2882 3027 2971 3095 qui
3033 3032 3323 3095 prosternit
3364 3048 3553 3087 omnes
3584 3035 3679 3086 ini-

2105 3103 2308 3169 micos,
2345 3114 2401 3160 et
2432 3106 2584 3176 ponit
2613 3123 2708 3163 eos
2749 3111 2852 3165 sub
2896 3113 3128 3182 pedibus
3170 3118 3316 3183 suis,
3352 3129 3411 3173 ut
3438 3122 3686 3176 subditus

412 3198 749 3265 eustntlierit,
788 3209 841 3254 et
888 3200 1083 3257 fecerit
1129 3219 1191 3257 ea
1221 3245 1235 3269 ,
1285 3208 1427 3262 hanc
1472 3224 1707 3278 pugnam
1735 3253 1750 3279 ,
1782 3225 1836 3267 et
1884 3215 1996 3272 haec
2022 3249 2066 3309 ο
2108 3201 2199 3258 “at
2233 3206 2413 3261 omnis
2443 3209 2679 3266 mundus
2708 3211 2837 3267 θθο·
2874 3212 2966 3267 Vis
3006 3216 3185 3272 adhuc
3214 3230 3269 3274 οἱ
3307 3221 3374 3275 de
3414 3222 3514 3276 alia
3553 3223 3686 3291 Ενί-

414 3287 545 3309 ,φηᾼ
1056 3296 1068 3309 .
1100 3297 1135 3309 ..
1346 3299 1366 3309 -
1590 3303 1602 3309 -
1885 3306 1895 3309 -
2191 3300 2204 3309 -
2290 3303 2321 3309 ι
2405 3305 2435 3309 --
2506 3307 2535 3309 η

412 3287 551 3342 bella
582 3306 687 3345 non
720 3294 941 3361 patitur,
975 3296 1069 3349 sed
1099 3297 1241 3353 Deus
1270 3299 1449 3353 aufert
1470 3316 1535 3355 ea
1572 3303 1640 3357 de
1674 3314 1817 3358 terra
1849 3306 1988 3375 ejus,

411 3388 465 3433 ct
500 3398 602 3436 non
639 3383 771 3438 sinit
805 3400 865 3439 ea
899 3388 1134 3443 transire
1160 3404 1258 3459 per
1286 3392 1698 3460 animamjusti.
1732 3415 1748 3447 t
1781 3397 1848 3452 Et
1876 3414 1995 3467 per-

412 3475 711 3540 sequamini
746 3477 994 3532 inimicos
1029 3489 1239 3536 vestros
1266 3482 1331 3536 ".
1355 3476 1532 3544 tQuos
1555 3482 1840 3554 inimicos,
1887 3491 1990 3545 nisi

408 3561 587 3629 ipsum
619 3565 894 3621 diabolum
937 3580 989 3623 et
1019 3571 1241 3642 angelos
1282 3571 1430 3641 ejus,
1463 3584 1518 3627 et
1562 3574 1791 3644 spiritus
1834 3581 1991 3635 mali-

408 3667 566 3719 gnos,
598 3665 647 3710 et
696 3658 957 3713 daemonia
990 3661 1314 3718 immunda?
1357 3665 1758 3738 Persequemur
1790 3686 1855 3726 ea
1884 3688 1989 3728 non

410 3745 583 3799 solmn
618 3755 734 3801 uta
790 3751 947 3805 nobis
987 3751 1120 3821 ipsis
1148 3753 1470 3824 elfugemus,
1519 3760 1613 3814 sed
1662 3770 1717 3817 et
1750 3763 1818 3819 ab
1868 3764 1991 3823 aliis

410 3851 549 3903 quos
578 3839 882 3908 incursant,
906 3844 950 3898 si
970 3844 1152 3901 divina
1173 3858 1442 3919 praecepta
1474 3865 1774 3912 servemus.
1816 3874 1837 3910 t
1865 3858 1990 3914 Per-

408 3931 731 3999 sequemini,
770 3933 946 4004 inquit
977 3936 1044 4000 ⁸⁸,
1078 3937 1330 3996 inimicos
1356 3952 1588 4008 vestros,
1624 3957 1679 4000 et
1706 3950 1902 4004 cadent
1933 3952 1986 4005 in

406 4032 704 4088 conspectu
751 4035 934 4081 vestro
988 4037 1191 4085 morte.
1234 4048 1254 4083 ι
1311 4031 1370 4088 Si
1421 4046 1672 4090 conterat
1728 4037 1986 4095 Satanam

405 4109 572 4181 268
612 4116 714 4169 sub
757 4116 989 4185 pedibus
1024 4121 1231 4177 nostris
1261 4124 1525 4183 velociter
1578 4127 1719 4183 Deus
1745 4168 1760 4195 ,
1790 4131 1989 4186 cadent

406 4199 610 4256 inimici
660 4202 714 4258 in
758 4216 1052 4278 conspectu
1107 4220 1295 4267 nostro
1332 4224 1528 4273 morte.
1565 4217 1733 4284 Cujus
1767 4223 1987 4277 morte?

405 4291 516 4362 Ego
543 4295 777 4351 arbitror
802 4301 949 4368 quod
983 4310 1171 4356 nostra
1218 4319 1232 4357 :
1283 4306 1331 4359 si
1382 4307 1528 4363 enim
1561 4324 1660 4365 nos
1687 4312 1987 4368 mortiﬁce-

404 4398 526 4440 mus
552 4389 791 4444 membra
819 4401 1007 4446 nostra
1037 4407 1161 4463 qua:
1186 4404 1313 4450 sunt
1340 4411 1505 4468 super
1538 4406 1772 4467 terram,
1819 4404 1987 4459 forni-

404 4476 696 4545 cationem,
724 4480 1149 4549 immunditiam,
1176 4484 1223 4539 si
1254 4486 1394 4541 hanc
1428 4499 1660 4545 mortem
1691 4492 1987 4551 inferamus

2102 3300 2239 3356 stola
2288 3303 2436 3358 Pauli
2486 3307 2726 3373 discere,
2778 3313 2901 3380 qu'a
2950 3315 3157 3383 gladius
3206 3334 3386 3373 sermo
3438 3321 3531 3375 Dei
3576 3323 3684 3377 sit?

2101 3394 2242 3453 Audi
2285 3416 2409 3457 eum
2458 3420 2581 3460 cum
2624 3423 2771 3461 arma
2823 3424 3090 3481 pneparat
3138 3417 3398 3472 militibus
3446 3420 3679 3490 Christi,

2095 3498 2366 3561 quomodo
2394 3499 2524 3552 dicit
2549 3500 2636 3553 ἐς
2676 3518 2695 3550 ι
2731 3500 2796 3554 Ει
2824 3502 3031 3570 galeam
3079 3506 3274 3561 salutis
3317 3510 3576 3576 acm'pite.
3620 3521 3677 3563 et

2094 3585 2329 3653 gladium
2359 3588 2586 3657 Spiritus
2623 3592 2766 3657 quod
2798 3602 2880 3645 est
2914 3593 3136 3648 verbum
3186 3596 3280 3650 Dei
3331 3613 3428 3666 per
3458 3614 3672 3653 omnem

2089 3677 2397 3729 orationem
2425 3716 2440 3742 ,
2473 3688 2527 3732 et
2560 3680 3001 3735 obsecrationem
3028 3722 3043 3742 .
3084 3700 3105 3734 ι
3142 3684 3545 3741 cvitlcntissitne
3578 3702 3677 3755 per

2095 3764 2209 3819 btrc
2243 3768 2605 3834 pronuntians
2631 3811 2647 3833 ,
2681 3771 2811 3840 quia
2855 3784 2953 3840 per
2977 3772 3206 3827 verbum
3254 3774 3346 3829 Dei
3373 3816 3387 3840 ,
3418 3777 3561 3844 quod
3591 3787 3675 3831 est

2091 3856 2308 3926 gladius
2352 3859 2609 3929 utrinque
2636 3871 2869 3926 acutus,
2920 3864 3114 3917 cadent
3158 3863 3364 3921 inimici
3414 3869 3584 3922 nostri
3620 3870 3672 3925 in

2087 3960 2383 4016 conspectu
2419 3962 2628 4005 nostro.
2663 3971 2682 4004 ς
2724 3950 2789 4006 Ει
2832 3954 3115 4021 respiciam
3148 3970 3313 4024 super
3347 3972 3463 4021 vos,
3494 3968 3547 4012 et
3578 3975 3675 4012 au-

2086 4039 2229 4106 gebo
2257 4055 2353 4095 vos
2381 4042 2449 4097 ".
2485 4060 2504 4094 ο
2545 4042 2768 4098 Plenum
2807 4046 3164 4102 beatitudinis
3196 4059 3278 4102 est
3319 4049 3421 4104 hoc
3469 4051 3669 4119 ipsum,

2088 4132 2134 4186 si
2188 4147 2350 4203 quem
2406 4136 2669 4205 respiciat
2728 4137 2889 4193 Deus.
2934 4138 3026 4193 Vis
3068 4141 3254 4195 videre
3316 4142 3359 4197 si
3413 4144 3673 4213 respiciat

2094 4222 2233 4277 Deus
2272 4224 2337 4277 ad
2379 4224 2653 4281 hominem
2678 4268 2691 4293 ,
2733 4237 2934 4298 quanta
2986 4232 3059 4284 sit
3098 4231 3244 4285 salus
3283 4231 3309 4285 ἲ
3348 4230 3537 4288 Petrus
3572 4233 3673 4289 ali-

2088 4315 2305 4383 quando
2345 4333 2481 4386 pene
2520 4321 2778 4388 perierat,
2802 4330 2859 4376 et
2896 4336 2962 4376 ex
3003 4323 3415 4379 consecratione
3454 4337 3672 4395 aposto-

2088 4403 2175 4458 lici
2219 4407 2429 4461 numeri
2469 4407 2685 4463 diabolo
2725 4425 2822 4479 per
2854 4426 2919 4466 os
2954 4413 3164 4468 ancillae
3191 4415 3462 4484 pontiﬁcis
3498 4416 3673 4484 inspi-

2091 4505 2246 4551 rante
2283 4496 2459 4551 fuerat
2494 4509 2760 4569 ereptus:
2803 4503 2897 4557 sed
2939 4503 3028 4557 ubi
3075 4506 3311 4575 respexit
3341 4506 3406 4560 ad
3434 4520 3554 4561 eum
3579 4505 3671 4563 Je-

406 4566 664 4622 tnembris
691 4572 936 4639 nostris,
981 4574 1057 4629 illi
1085 4577 1282 4631 cadent
1323 4580 1375 4633 in
1424 4595 1722 4652 conspectu
1775 4597 1981 4643 nostro.
2019 4582 2063 4639 θ
2088 4602 2179 4642 sus
2236 4596 2445 4644 tantum
2473 4631 2488 4656 ,
2532 4566 2621 4647 ubi
2662 4592 2729 4645 ad
2784 4608 2906 4649 eum
2948 4597 3144 4665 placidi
3186 4598 3365 4652 vultus
3402 4614 3499 4653 ora
3541 4616 3670 4654 con-

404 4654 686 4720 Quemodo
709 4662 905 4716 cadent
942 4664 996 4718 in
1022 4677 1312 4736 conspectu
1345 4681 1534 4726 nostro
1561 4676 1586 4728 τ
1631 4675 1689 4729 Si
1720 4684 1772 4729 tu
1798 4675 1984 4745 justus

403 4746 501 4809 sis,
520 4749 712 4802 cecidit
726 4750 982 4817 iniustitia
1000 4754 1350 4828 inconspectu
1369 4772 1489 4830 tuo;
1507 4765 1552 4819 si
1572 4777 1776 4832 castus,
1790 4770 1984 4825 cecidit

406 4835 599 4905 libido;
630 4841 674 4893 si
710 4843 851 4911 pius,
876 4846 1040 4900 etiam
1083 4847 1196 4919 ipsa
1227 4852 1478 4921 impietas
1520 4858 1728 4913 corruit
1753 4868 1880 4916 ante
1907 4869 1980 4916 te.

473 4928 526 4982 7.
558 4948 577 4980 ι
620 4930 686 4985 Et
735 4946 1132 5006 persequentur
1157 4956 1223 4995 ex
1250 4944 1407 5001 vobis
1452 4947 1695 5017 quinque
1739 4960 1979 5017 centum,

392 5028 452 5071 et
484 5034 700 5074 centum
731 5039 796 5078 es
833 5029 987 5082 vobis
1031 5044 1430 5102 persequentur
1457 5039 1624 5092 multa
1659 5040 1826 5094 millia
1857 5043 1921 5095 ⁸⁸.
1961 5062 1979 5094 ι

398 5108 498 5173 Qui
528 5122 655 5165 sunt
682 5113 767 5167 isti
800 5117 1044 5185 quinque
1072 5122 1159 5187 qui
1187 5135 1415 5191 pos-sunt
1450 5132 1699 5197 persequi
1725 5132 1985 5185 centum?

398 5202 651 5274 Quinque
702 5222 963 5264 numerus
995 5213 1109 5283 (45)
1144 5227 1198 5270 et
1242 5217 1295 5271 in
1340 5219 1701 5277 laudabilibus
1740 5227 1977 5293 ponitur,

399 5303 454 5345 et
486 5294 537 5346 in
568 5296 944 5367 culpabilibns.
978 5302 1228 5373 Quinque
1249 5318 1378 5361 sunt
1404 5311 1685 5379 sapientes
1715 5314 1973 5384 virgines,

396 5395 452 5438 et
480 5388 720 5457 quinque
765 5389 1082 5461 insipientes
1107 5396 1173 5453 ²⁰.
1221 5395 1312 5452 Sic
1358 5414 1486 5470 ergo
1520 5412 1576 5457 et
1620 5407 1973 5460 ccutenarius

542 5478 683 5561 Psal.
717 5498 905 5561 mtan
940 5487 1025 5561 l9.
1078 5491 1147 5561 _"
1175 5492 1344 5546 Levit.
1375 5510 1526 5559 xxvi,
1557 5495 1610 5561 5,
1633 5496 1687 5553 6.

401 5630 528 5671 xxw
553 5659 567 5683 ,
590 5619 644 5673 9.
751 5621 798 5653 ⁸⁸
821 5623 1011 5683 Matth.
1044 5645 1194 5693 xxvr,
1233 5633 1322 5688 75.

405 5711 782 5836 su2:2).Libb.
810 5718 972 5790 editi,
1012 5739 1031 5775 t
1063 5726 1462 5785 molestiarum.
1498 5748 1516 5782 ι
1560 5729 1713 5800 Mss,
1750 5748 1770 5783 ι
1808 5734 1980 5787 mole-

473 5852 587 5924 (45)
619 5853 772 5911 Libb.
806 5858 934 5913 editi
964 5860 1050 5917 ltic
1076 5874 1129 5919 ct
1158 5865 1318 5935 infra,
1350 5887 1370 5924 ς
1409 5871 1753 5941 quinqucnus
1785 5890 1974 5929 nume—

1766 5499 1807 5528 ¹⁶
1835 5497 1877 5551 ΙΙ
1910 5500 2035 5553 Cur.
2069 5520 2124 5566 Χ,
2156 5506 2212 5559 5.

398 5547 446 5579 ³ο
476 5547 667 5639 Mattnh.
692 5556 908 5639 xv_v.__2.
956 5557 1028 5639 I“
1077 5558 1155 5614 lsa
1210 5578 1352 5639 t._x_v,
1409 5547 1526 5620 20..
1563 5547 2038 5639 -θιξθνίιί-κξέίίξ

2088 4682 2289 4747 vertit,
2326 4685 2512 4739 statim
2557 4703 2810 4746 reversus
2851 4691 2907 4745 in
2950 4691 3338 4759 semetipsum,
3382 4700 3437 4745 et
3484 4693 3669 4761 prola-

2087 4788 2243 4842 psum
2279 4777 2344 4829 de
2383 4778 2681 4847 praecipitio
2721 4797 2985 4836 revocans
3039 4783 3259 4852 pedem,
3308 4800 3326 4832 t
3367 4781 3543 4845 ﬂevit,
3589 4784 3672 4837 in-

2088 4864 2203 4933 quit
2224 4866 2289 4931 ",
2331 4871 2671 4926 amarissime
2697 4913 2711 4936 ,
2762 4893 2780 4925 ι
2828 4884 2991 4945 atque
3041 4877 3110 4927 ita
3149 4883 3432 4942 respectus
3462 4890 3491 4927 a
3533 4875 3664 4939 Deo,

2091 4954 2266 5009 locum
2298 4973 2456 5011 suum
2504 4960 2686 5016 flendo
2723 4966 2961 5033 recepit,
2999 4981 3159 5031 quem
3207 4967 3451 5033 negando
3490 4967 3667 5035 pcrdi-

2081 5048 2254 5101 derat.
2288 5067 2306 5100 ε
2346 5050 2651 5119 liespiciam
2683 5070 2846 5125 ergo,
2886 5057 3094 5124 inquit,
3125 5071 3290 5123 super
3321 5072 3445 5123 vos,
3472 5067 3527 5110 et
3559 5072 3659 5110 au-

2084 5137 2222 5203 gebo
2259 5153 2371 5191 vos.
2415 5158 2433 5191 ι
2481 5138 2760 5211 Tanquam
2810 5146 2853 5198 si
2904 5145 2981 5199 sol
3038 5148 3296 5213 reSpit-iat
3333 5156 3567 5215 segetem
3608 5159 3663 5205 et

2082 5228 2273 5283 allerat
2311 5231 2562 5297 fructus,
2595 5249 2755 5303 quam
2812 5236 3003 5305 utique
3053 5238 3097 5291 si
3152 5253 3257 5291 non
3314 5238 3667 5307 respexisset,

2081 5321 2416 5377 infructuosa
2468 5327 2814 5381 mansisset:
2872 5329 2943 5382 ita
3003 5330 3144 5384 Deus
3195 5340 3434 5400 segetem
3486 5332 3668 5386 cordis

2078 5414 2247 5466 nostri
2290 5417 2604 5483 respiciens,
2636 5428 2689 5472 et
2721 5421 2887 5473 radiis
2918 5437 3016 5478 nos
3041 5423 3190 5478 verbi
3223 5423 3308 5477 sui
3334 5423 3662 5489 illuminans,

2285 5509 2326 5577 ‘77
2358 5509 2529 5563 Levii.
2560 5512 2781 5575 xxn,7.
2852 5514 3045 5568 mIbid.
3128 5516 3170 5545 ”
3196 5514 3367 5568 Levit.
3395 5530 3519 5567 XXVI
3545 5555 3558 5577 ,
3607 5515 3660 5567 8.

2210 5577 2254 5608 ³³
2295 5576 2423 5633 llrb.
2461 5595 2547 5645 tv,
2595 5581 2673 5634 l2.
2777 5582 2821 5613 ”
2857 5584 3053 5653 Epltes.
3101 5602 3173 5651 vt,
3208 5585 3293 5640 t7.
3392 5585 3437 5616 "
3486 5584 3664 5642 Levit.

2094 5755 2205 5797 tus.
2243 5761 2259 5793 ι
2292 5744 2383 5795 sed
2416 5761 2541 5797 mss.
2574 5762 2783 5806 omnes,
2820 5766 2837 5797 ι
2873 5749 3111 5816 quinque
3144 5764 3422 5805 numerus.
3463 5769 3480 5801 ι

2160 5813 2270 5881 (Η)
2306 5815 2483 5869 (Iudex
2518 5817 2777 5885 Sangcmt
2812 5858 2823 5881 ,
2867 5813 2903 5869 (⁷
2929 5838 2953 5871 a
2985 5813 3144 5882 facie,
3183 5840 3199 5870 ι
