4124 6460
413 422 518 478 573

1641 421 1952 478 δειεετλ
1997 422 2059 475 lN
2103 420 2454 475 NUMl‘Jl’tOS.

3573 409 3677 465 574

413 548 574 611 auget
609 556 710 598 nos
751 549 807 596 et
844 542 1203 612 multiplicat,
1246 554 1305 599 ut
1355 546 1493 599 ultra
1531 544 1644 612 jam
1686 561 1790 598 non
1830 544 2000 598 simus
2029 547 2074 603 Α
2106 541 2219 596 Non
2272 522 2371 595 nos
2419 535 2823 593 abominabitur
2856 532 3035 587 anima
3070 532 3163 587 Dei
3190 573 3207 598 ,
3241 531 3284 587 si
3328 531 3683 587 observemus

412 632 659 701 parvuli,
689 634 784 687 sed
814 632 993 703 magni
1020 635 1343 699 elliciamur,
1377 637 1519 691 sicut
1566 651 1793 706 magnus
1822 636 1996 689 factus

411 734 496 777 est
538 723 684 778 Isaac
712 763 727 789 ,
769 736 821 777 et
863 740 1089 794 magnus
1137 725 1309 780 lactus
1349 726 1601 798 Moyses,
1654 737 1711 782 et
1771 740 1997 797 magnus

411 813 667 871 Joannes.
718 834 736 867 ι
782 815 846 870 Et
871 825 1106 871 statuam
1164 827 1549 874 testamentum
1586 834 1762 873 meum
1801 818 1995 872 vobis-

412 922 532 961 cum
561 910 628 958 ε’.
668 926 688 960 ›
727 908 859 962 Vide
902 917 1120 978 quantae
1167 912 1551 978 promissiones
1588 912 1994 981 promittuntur,

412 1000 457 1053 si
491 1001 738 1054 mandata
772 1015 1073 1055 servemus.
1112 1020 1131 1053 ι
1161 1002 1435 1067 Statuam,
1468 1004 1665 1073 inquit,
1703 1012 1998 1058 testamen-

414 1099 526 1143 tum
560 1106 734 1145 tueum
766 1091 1083 1157 vobiscum,
1130 1104 1185 1146 et
1240 1094 1636 1149 manducahitis
1684 1103 1866 1148 vetera
1891 1134 1906 1159 ,
1942 1101 1997 1146 et

415 1191 593 1235 vetera
626 1193 905 1247 veterum,
937 1193 990 1237 et
1021 1182 1254 1251 ejicietis
1282 1198 1467 1241 vetera
1496 1202 1528 1240 a
1570 1193 1862 1255 conspectu
1900 1198 1998 1237 uo-

416 1286 625 1327 verum.
663 1290 682 1324 ι
719 1272 1002 1339 Quomodo
1028 1274 1275 1341 ejiciinus
1298 1288 1477 1332 vetera
1508 1293 1534 1330 a
1565 1287 1858 1345 conspectu
1896 1292 1995 1331 no-

413 1379 603 1419 vorum
627 1365 653 1419 ἓ
682 1366 868 1420 Vetera
907 1367 1193 1421 habuimus
1235 1368 1404 1439 legem
1448 1379 1503 1424 ct
1543 1370 1856 1438 prophetas,
1902 1384 1998 1424 ve-

416 1465 531 1511 tera
559 1466 738 1510 autem
769 1467 1046 1524 veterum,
1076 1475 1138 1513 ea
1168 1475 1287 1529 qua:
1318 1470 1445 1516 ante
1477 1461 1648 1532 legem
1680 1462 1897 1515 luerunt
1930 1463 1997 1518 ab

414 1546 590 1612 initio,
620 1563 738 1601 cum
778 1550 1009 1603 mundus
1038 1548 1213 1604 factus
1247 1560 1349 1605 est.
1389 1551 1661 1605 Venerunt
1707 1553 1994 1622 Evangelia

411 1653 572 1704 nova,
608 1649 873 1693 venerunt
901 1647 957 1694 et
992 1641 1247 1709 apostoli.
1278 1644 1319 1695 A
1355 1653 1648 1712 conspectu
1680 1643 1871 1697 horum
1898 1644 1995 1709 eji-

408 1732 584 1785 cimus
614 1724 820 1786 vetera.
846 1731 1130 1799 Quomodo
1158 1749 1219 1788 ea
1253 1735 1545 1805 ejicimus?
1574 1734 1769 1805 Legem
1805 1751 1998 1789 secun-

411 1823 534 1876 dum
579 1822 814 1878 litteram
849 1825 1121 1894 ejiciunts,
1153 1835 1213 1879 ut
1251 1837 1555 1882 statuamus
1581 1828 1752 1897 legem
1795 1842 1996 1881 secun-

2094 648 2158 686 ea
2198 648 2324 702 quae
2369 632 2569 699 scripta
2606 638 2753 683 sunt.
2788 628 3168 682 Verumtamen
3198 625 3357 680 velim
3401 624 3680 693 requirere

2098 725 2226 794 quid
2264 734 2348 778 est
2392 723 2571 777 anima
2616 721 2731 778 Dei.
2777 720 3163 788 Nunquiduam
3209 717 3521 785 putabimus
3565 711 3681 784 (55)

2097 816 2225 884 quia
2265 816 2405 868 Deus
2439 813 2634 868 habeat
2664 811 2903 865 animam
2949 810 3092 863 sicut
3132 807 3336 863 homo?
3367 805 3679 860 Absurduu.

2096 917 2181 962 est
2228 908 2333 960 hoc
2378 907 2585 959 sentire
2634 904 2701 957 de
2730 902 2860 955 Deo.
2892 902 3005 970 Ego
3048 912 3226 953 autem
3256 899 3433 952 audeo
3459 907 3514 951 et
3556 899 3682 950 dico

2098 1001 2223 1069 quia
2276 1000 2455 1053 anima
2506 998 2596 1051 Dei
2637 995 2894 1050 Christus
2942 1001 3045 1046 est.
3080 989 3236 1044 Sicut
3266 991 3410 1043 enim
3442 988 3677 1042 Verbum

2101 1093 2192 1148 Dei
2224 1102 2307 1146 est
2333 1091 2600 1153 Christus,
2635 1096 2691 1143 et
2719 1084 2983 1154 sapientia
3018 1083 3135 1147 Dei,
3165 1094 3219 1137 et
3250 1083 3421 1135 virtus
3452 1082 3563 1145 Dei,
3606 1082 3678 1134 ita

2097 1197 2151 1240 et
2183 1186 2362 1239 anima
2398 1184 2488 1238 Dei
2521 1193 2626 1239 est.
2660 1183 2727 1235 Et
2752 1181 2853 1234 hoc
2886 1178 3043 1231 modo
3072 1178 3303 1242 dicitur,
3336 1177 3461 1245 quia
3510 1194 3530 1227 s
3570 1188 3681 1229 non

2098 1292 2193 1332 vos
2222 1276 2629 1331 abominabitur
2657 1278 2837 1331 anima
2868 1290 2988 1330 mea
3011 1317 3027 1342 ,
3066 1293 3085 1327 ι
3137 1275 3191 1328 id
3212 1274 3484 1331 estFilius
3505 1287 3677 1334 meus.

2105 1369 2199 1423 sed
2236 1387 2255 1420 ι
2291 1368 2580 1423 ambulabo
2612 1369 2754 1424 inter
2800 1385 2897 1426 vos
2935 1371 3002 1426 ³ο.
3054 1389 3073 1422 ι
3123 1369 3240 1423 Non
3289 1367 3421 1421 mihi
3471 1367 3682 1420 videtur

2094 1462 2262 1533 269
2290 1464 2430 1531 quod
2461 1464 2562 1515 hoc
2588 1465 2873 1533 promittat
2906 1464 3067 1531 Deus,
3112 1463 3236 1532 quia
3283 1464 3336 1516 in
3387 1471 3532 1515 terra
3581 1458 3680 1515 Ju-

2093 1557 2337 1607 da-orum
2373 1555 2749 1609 atulmlaturus
2779 1557 2850 1611 sit
2885 1576 2899 1612 :
2931 1557 3051 1621 sed,
3089 1556 3214 1626 quia
3244 1554 3289 1609 si
3318 1556 3440 1624 quis
3468 1569 3683 1608 merue-

2064 1706 2069 1707 ,
2102 1647 2170 1700 rit
2196 1648 2267 1699 ita
2298 1647 2415 1714 puri
2450 1662 2571 1700 esse
2599 1648 2810 1712 cordis,
2846 1657 2906 1700 ttt
2935 1648 3025 1701 Dei
3057 1663 3228 1716 capax
3274 1647 3384 1710 sit,
3427 1646 3478 1699 in
3525 1660 3595 1700 eo
3623 1659 3684 1700 so

2100 1738 2229 1791 dicit
2262 1737 2543 1791 ambulate
2578 1738 2739 1792 Deus.
2779 1757 2797 1790 s
2832 1739 2897 1792 Et
2928 1753 3022 1793 vos
3057 1739 3212 1792 eritis
3252 1738 3382 1792 tnihi
3427 1738 3683 1807 populus,

2097 1840 2149 1881 et
2178 1844 2276 1897 ego
2312 1828 2569 1883 Dominus
2601 1831 2740 1883 Deus
2772 1839 2972 1893 vester,
3002 1829 3094 1898 qui
3126 1830 3285 1883 eduxi
3318 1844 3410 1883 vos
3437 1830 3501 1882 de
3536 1837 3683 1881 terra

408 1913 536 1968 dum
563 1916 834 1984 spiritum.
860 1916 1156 1972 Possumus
1182 1928 1239 1972 et
1262 1918 1364 1973 hoc
1398 1919 1557 1972 modo
1580 1921 1783 1973 dicere:
1818 1919 1991 1973 Aute-
2028 1898 2071 1955 Β
2100 1919 2340 1991 Ᾱεεγριί,
2364 1938 2485 1975 cum
2516 1923 2715 1977 essetis
2739 1923 2906 1987 servi,
2932 1933 2985 1977 et
3007 1922 3237 1978 contrivi
3263 1927 3449 1992 jugum
3477 1921 3680 1976 vinculi

408 2020 569 2075 quam
598 2006 809 2062 veniret
841 2010 1001 2063 homo
1049 2009 1116 2063 de
1162 2010 1301 2064 cmlo
1326 2049 1343 2075 ,
1372 2019 1428 2064 et
1473 2020 1791 2064 nasceretur
1832 2012 1994 2062 homo

412 2098 681 2165 itmlestis,
728 2116 947 2156 eramus
1005 2117 1197 2156 omnes
1252 2104 1495 2166 terreni,
1536 2114 1589 2156 et
1640 2104 1997 2173 portabamus

412 2188 697 2260 imaginem
732 2192 932 2246 terreni
968 2208 982 2259 ;
1015 2194 1110 2248 sed
1144 2193 1233 2248 ubi
1263 2194 1410 2248 venit
1460 2195 1621 2248 homo
1662 2210 1864 2249 novus.
1901 2194 1993 2263 qui

410 2284 706 2336 secundum
738 2285 902 2339 Deum
928 2294 1147 2341 creatus
1189 2294 1271 2340 est
1293 2326 1307 2350 ,
1340 2286 1592 2354 ejicimus
1634 2303 1661 2339 a
1693 2297 1988 2355 conspectu

409 2372 526 2440 ejus
551 2386 735 2431 vetera
758 2418 773 2442 ,
801 2380 1134 2448 deponcntes
1173 2387 1413 2433 veterem
1450 2380 1722 2434 hominem
1743 2420 1758 2443 ,
1811 2388 1865 2432 et
1909 2379 1996 2433 in-

411 2466 640 2523 duentes
665 2485 884 2536 novum,
917 2471 1007 2540 qui
1038 2472 1334 2526 secundum
1365 2472 1680 2527 interiorem
1713 2470 1992 2524 hominem

416 2569 711 2614 renovatur
737 2562 802 2615 de
827 2562 912 2616 die
944 2562 994 2616 in
1022 2564 1186 2617 diem.
1216 2580 1233 2613 ι
1268 2563 1330 2615 Et
1358 2579 1553 2633 ponam
1581 2562 1991 2617 tabernaculum

417 2666 590 2704 meum
625 2652 678 2706 in
708 2654 860 2707 vobis
884 2655 949 2708 ’⁸.
990 2674 1008 2707 ι
1048 2655 1104 2710 Si
1141 2655 1254 2711 lucc
1279 2656 1544 2710 habemus
1570 2655 1623 2708 in
1662 2654 1841 2720 nobis,
1874 2668 1995 2720 qua:

412 2754 572 2809 supra
599 2744 738 2800 dicta
766 2756 913 2811 sunt,
932 2746 974 2802 si
1001 2747 1211 2813 abjecto
1235 2759 1417 2802 vetere
1438 2747 1658 2801 homine
1678 2747 1991 2801 innovatum

413 2845 495 2887 est
532 2850 625 2889 cor
668 2847 909 2891 nostrum
936 2879 950 2901 ,
982 2839 1126 2892 venit
1155 2840 1223 2893 ad
1265 2855 1360 2892 nos
1393 2838 1552 2901 Deus,
1590 2847 1646 2891 et
1681 2838 1888 2892 habitat
1937 2838 1988 2890 iu

414 2928 588 2991 nohis,
613 2930 703 2998 qui
730 2931 862 2984 dixit
887 2933 930 2964 "
959 2951 971 2986 :
1009 2950 1028 2983 ‹
1067 2932 1130 2986 Et
1156 2948 1350 3003 ponam
1380 2929 1784 2985 tabernaculum
1812 2946 1988 2983 meum

417 3018 471 3071 in
500 3020 687 3083 vobis,
726 3028 782 3072 et
822 3036 928 3075 non
971 3022 1377 3077 abominabitur
1410 3038 1505 3076 vos
1554 3022 1736 3075 anima
1781 3037 1920 3075 mea.
1968 3040 1987 3071 ι

486 3132 530 3163 ³⁷
561 3130 731 3186 Levit.
760 3148 916 3200 sxw,
939 3134 993 3188 9.
1066 3135 1111 3165 ²⁸
1132 3133 1304 3188 Levit.
1331 3148 1479 3198 xxvi,
1512 3133 1599 3189 ll.
1674 3135 1717 3166 ”
1739 3132 1868 3187 ibid.

1948 3131 1993 3164 ³⁸
2025 3130 2151 3185 ibid.
2186 3131 2272 3185 12.

2102 2014 2266 2064 vestri
2292 2012 2357 2064 ³³.
2400 2030 2420 2064 ι
2461 2010 2601 2067 Vere
2630 2012 2818 2065 eduxit
2864 2026 2962 2067 nos
3002 2012 3141 2066 Deus
3170 2013 3234 2066 de
3259 2012 3419 2066 domo
3441 2011 3681 2065 servitu-

2101 2103 2170 2156 tis
2208 2125 2219 2157 :
2257 2103 2399 2158 servi
2432 2106 2575 2158 enim
2620 2118 2837 2157 eramus
2868 2104 3108 2171 peccati,
3140 2105 3266 2173 quia
3325 2121 3344 2155 ι
3385 2105 3561 2156 omnis
3587 2101 3681 2170 qui

2103 2204 2327 2265 peccat,
2360 2210 2553 2249 servus
2594 2206 2680 2250 est
2714 2195 2921 2264 peccati
2948 2195 3012 2247 ³².
3054 2213 3074 2246 ι
3114 2195 3173 2249 Et
3206 2194 3462 2249 contrivit
3495 2194 3684 2246 vincu-

2102 2287 2212 2341 lum
2238 2287 2351 2357 jugi
2374 2288 2563 2355 nostri,
2587 2288 2702 2359 jugi
2727 2291 2870 2360 quod
2897 2289 3235 2358 imposuerat
3258 2301 3419 2355 supra
3441 2284 3684 2339 cervices

2094 2385 2316 2431 nostras
2347 2376 2435 2432 ille
2457 2378 2547 2445 qui
2576 2392 2677 2433 nos
2707 2380 2759 2431 in
2793 2378 3168 2448 captivitatem
3201 2376 3451 2437 duxerat,
3479 2382 3530 2427 et
3558 2387 3683 2442 pec»

2097 2481 2341 2524 catorttm
2374 2469 2604 2524 vinculis
2649 2469 2954 2541 colligarat.
2990 2468 3266 2525 Contrivit
3293 2482 3422 2537 ergo
3468 2465 3682 2535 pet-cati

2099 2561 2411 2624 vinculum,
2461 2571 2516 2616 et
2555 2560 2743 2631 jugum
2793 2570 2994 2614 nostra:
3050 2558 3388 2629 captivitatis
3439 2555 3684 2610 excussit

2101 2653 2364 2709 Dominus
2394 2662 2577 2708 uoster
2593 2653 2753 2708 Jesus
2774 2654 3047 2720 Christus,
3072 2658 3126 2707 et
3148 2666 3302 2706 suum
3330 2649 3487 2704 nobis
3518 2662 3685 2703 suave

2093 2746 2280 2815 jugum
2318 2745 2439 2800 ﬁdei
2462 2755 2517 2801 et
2532 2745 2841 2812 charitatis,
2860 2758 2917 2803 et
2940 2748 3054 2817 spei
3082 2787 3096 2811 ,
3129 2760 3194 2799 ac
3225 2744 3387 2798 totius
3416 2742 3685 2796 sanctita-

2102 2840 2168 2891 tis
2198 2841 2473 2909 imposuit.
2502 2840 2606 2910 Ipsi
2627 2839 2794 2910 gloria
2815 2840 2869 2895 in
2892 2849 3097 2895 asterna
3119 2835 3315 2893 saecula
3339 2832 3683 2890 saeculorum.

2098 2932 2138 2983 A
2150 2947 2291 2986 men.

2347 3132 2389 3163 ³¹
2418 3129 2593 3185 Levit.
2619 3144 2770 3196 sxw,
2798 3129 2939 3185 l2ct
2964 3130 3046 3184 l3.
3127 3130 3172 3161 ³¹
3190 3128 3349 3185 Joan.
3370 3141 3490 3194 vut,
3523 3125 3621 3182 34.

488 3243 598 3315 (l5)
623 3244 801 3299 Codex
830 3246 1139 3316 Sangerm.,
1169 3264 1187 3297 t
1216 3245 1550 3315 putabimus.
1589 3263 1607 3296 ι
1643 3244 1798 3299 Lihh.
1835 3244 2018 3309 cditi,s
2052 3250 2326 3312 putamus.
2370 3261 2389 3294 ι

579 3383 3637 3418 mm

418 3398 1395 3427 m

1407 3414 1710 3424 ⁸--σ-------

1718 3589 2397 3705 MONITUM

796 3828 947 3916 AD
1016 3822 1598 3917 ORIGENIS
1670 3823 2359 3916 EXEGETICA
2441 3825 2602 3915 ΙΝ
2650 3823 3275 3921 NUMEROS.

479 4154 1000 4241 Triginta-Origenis
1040 4156 1094 4241 in
1126 4156 1393 4241 Numeros
1419 4158 1670 4213 homilias
1698 4160 2074 4241 commemorat
2099 4157 2451 4241 Cassiodorus
2480 4157 2945 4240 lllsliltll..cap.l.
2988 4155 3180 4241 Verum
3213 4168 3335 4240 octo
3371 4164 3578 4241 tantum
3614 4164 3677 4209 et

404 4226 589 4293 viginti
610 4228 769 4299 hodie
794 4236 1093 4299 supersunt,
1118 4245 1346 4296 quarum
1375 4229 1712 4299 interpretem
1738 4246 1850 4283 esse
1885 4229 2138 4299 Ruﬁnum
2168 4231 2326 4297 liquet
2359 4246 2387 4282 e
2424 4230 2655 4298 sequenti
2695 4227 2809 4294 ejus
2888 4227 3141 4299 prologo,
3173 4227 3268 4299 qui
3280 4296 3291 4299 _
3316 4226 3372 4279 in
3404 4227 3676 4299 plerisque

408 4294 978 4367 manuscriptisfronti
1002 4294 1218 4367 illarum
1242 4294 1620 4367 prmﬁxuscst.
1650 4298 1850 4352 Nullus
1881 4294 2005 4367 ergo
2036 4294 2501 4367 dubita-adiﬁciis
2522 4307 2621 4358 est,
2661 4299 2789 4365 quin
2824 4312 2939 4350 vere
2968 4294 3213 4365 Origenis
3246 4296 3377 4357 sint,
3413 4305 3468 4367 et
3491 4296 3673 4367 inanis

404 4368 469 4417 sit
506 4367 732 4421 Andreas
795 4363 959 4420 Riveti
1011 4363 1323 4432 observatio,
1353 4363 1620 4421 auctorem
1658 4363 2003 4423 homiliarum
2048 4370 2270 4422 istarum
2320 4366 2573 4421 Latinum
2610 4363 2721 4420 esse
2764 4382 2829 4421 ea:
2861 4382 2921 4419 eo
2951 4363 3240 4433 arguentis,
3280 4366 3421 4427 quod
3449 4363 3676 4416 homilia

407 4438 723 4514 duodecima
766 4437 1095 4514 diﬂerentia_
1123 4447 1338 4514 notetur
1393 4440 1533 4514 inter
1563 4455 1582 4489 t
1620 4438 1879 4514 excudere
1908 4457 1926 4489 ι
1966 4447 2032 4514 ξι.
2066 4456 2085 4489 s
2125 4438 2360 4514 accidere
2387 4455 2404 4501 ,-
2433 4455 2451 4487 ι
2499 4452 2642 4514 ante,
2698 4436 2925 4514 Ill-865M
2966 4432 3308 4514 ai’tnﬂuetius
3351 4433 3675 4514 Origeniau.

405 4506 611 4577 libittt,
646 4516 773 4577 sect.
801 4508 855 4570 ὅ,
890 4523 1035 4577 num.
1069 4505 1120 4562 4.
1154 4508 1254 4561 soli
1292 4507 1472 4577 [iu/ini
1506 4508 1805 4571 interpretis
1847 4507 2220 4577 munificentiae
2269 4516 2481 4575 accepta
2513 4504 3004 4577 ire,'erendaﬂsunt.
3046 4504 3201 4577 Quod
3233 4504 3276 4577 si
3307 4504 3425 4577 quis
3452 4504 3673 4577 insuper

404 4575 618 4645 objiciet
644 4574 921 4645 Origenem
957 4576 1174 4630 humilia
1207 4578 1262 4630 in
1299 4574 1582 4631 Jerentiam
1628 4579 1937 4631 duodecima
1995 4574 2302 4645 promittere
2330 4574 2483 4631 sede
2520 4576 2939 4629 sacerdotalibus
2989 4574 3435 4645 benedictionibus
3462 4588 3584 4645 qua:
3609 4574 3667 4625 in

410 4642 660 4699 Nttmeris
684 4642 1043 4716 confinentur,
1080 4646 1409 4711 locuturum,
1432 4648 1568 4700 nihil
1592 4664 1711 4701 vero
1741 4649 1895 4701 hodie
1924 4642 2183 4716 ejusmodi
2215 4648 2270 4701 in
2316 4645 2605 4715 Rufiniana
2656 4645 2962 4699 collectione
3003 4659 3327 4716 comparere,
3382 4642 3558 4716 facilis
3589 4651 3665 4695 est

404 4717 700 4786 responsio,
733 4731 913 4784 nempe
947 4715 1024 4770 uel
1076 4716 1321 4771 homilias
1364 4718 1495 4770 istas
1542 4733 1638 4786 pro
1671 4711 2050 4772 consuetudine
2088 4733 2188 4770 sua
2230 4711 2535 4770 decuriasse
2565 4724 2614 4786 et
2644 4716 2990 4786 interpolasse
3023 4712 3311 4786 Ruﬁnum;
3344 4712 3419 4786 uel
3453 4711 3687 4786 aliquos.

402 4782 514 4855 jam
538 4786 702 4848 ipsius
735 4782 891 4838 artata
924 4785 1218 4850 excidisse;
1246 4786 1344 4848 vel,
1380 4787 1519 4855 quod
1542 4782 1889 4840 uerisimilius
1913 4797 2008 4849 est,
2050 4788 2114 4839 de
2141 4786 2559 4840 sacerdotalibus
2599 4783 3051 4855 benedictionibus
3081 4783 3667 4855 Adamantiunrdisse-

409 4854 576 4972 {luisse
602 4855 951 4972 indalterutra
982 4873 1007 4909 e
1036 4857 1242 4910 duabus
1272 4851 1504 4911 hom'iliis
1534 4857 1842 4926 deperditis,
1876 4872 1995 4927 qua:
2022 4871 2298 4911 numerum
2337 4856 2610 4925 explebant
2645 4855 2863 4924 triginta
2904 4852 3246 4907 homiliarum
3281 4868 3413 4922 quas
3448 4851 3665 4905 Cassio-

447 4938 569 4972 οἴω
602 4940 648 4972 vi
692 4936 751 4972 ιι.

447 4938 569 4975 orus
602 4925 751 4977 uidit.

484 4990 684 5047 Prteter
706 4994 976 5056 hornilias,
1010 4995 1210 5048 scholia
1243 4997 1401 5049 etiam
1434 5012 1527 5050 seu
1565 5005 1814 5064 excerpta
1861 4996 1915 5049 in
1943 4995 2206 5049 Numeros
2231 4994 2399 5048 edidit
2430 4992 2704 5064 Origenes,
2750 4994 2839 5047 sed
2883 4994 2937 5046 in
2969 5009 3130 5045 unum
3162 4994 3236 5045 ita
3276 5007 3394 5044 cum
3419 4990 3666 5064 ⁸Ιιοηιξιὶἰε

406 5065 654 5130 permista
685 5073 806 5116 sunt
844 5066 927 5135 ab‘
943 5065 1228 5131 interprete
1258 5064 1473 5133 Ruﬁno,
1513 5082 1635 5119 cum
1668 5061 1856 5119 Latine
1885 5076 2107 5135 utraque
2139 5074 2378 5129 verteret,
2405 5073 2459 5115 ut
2485 5061 2579 5130 pro
2619 5064 2801 5116 eodem
2841 5063 3020 5116 haberi
3070 5065 3291 5135 possint.
3340 5078 3357 5110 ι
3403 5061 3667 5135 Quaecun-

404 5147 523 5199 que,
553 5136 753 5204 inquit,
788 5135 843 5187 in
872 5130 1229 5189 Numerarum
1261 5130 1419 5200 libro,
1444 5137 1550 5189 sive
1582 5137 1881 5189 homiletico
1907 5130 2064 5204 stylo,
2110 5136 2218 5189 sive
2252 5136 2415 5187 etiam
2456 5150 2521 5187 ea:
2560 5135 2640 5186 his
2671 5149 2787 5202 qua:
2810 5142 3052 5204 excerpta
3080 5130 3436 5204 appellantur,
3466 5132 3663 5204 scripta

405 5199 718 5274 reperimus,
738 5203 870 5269 haec,
900 5216 1208 5273 perurgente
1237 5218 1310 5271 te,
1336 5199 1596 5268 Romana,
1622 5216 1677 5258 ut
1725 5199 2012 5274 potuimus,
2036 5221 2158 5259 voce
2194 5221 2257 5258 ex
2290 5204 2512 5257 diversis
2551 5205 2606 5256 in
2634 5199 2801 5257 unum
2829 5199 3047 5274 collecta
3078 5199 3415 5274 digessimus.
3458 5220 3477 5253 ι
3514 5199 3661 5274 Illud

406 5270 538 5345 forte
568 5274 622 5345 ia
651 5290 812 5325 causa
836 5270 911 5328 est
939 5291 1034 5328 cur
1054 5270 1108 5328 in
1136 5270 1660 5345 eiusmodiihomiliis
1691 5270 1933 5345 quwdam
1982 5291 2048 5329 ex
2095 5285 2325 5345 tempore
2354 5274 2735 5345 pronuntiata,
2776 5272 3037 5345 nonnulla
3076 5270 3194 5325 vero
3222 5287 3288 5345 ea;
3325 5273 3438 5345 otio
3463 5271 3660 5336 scripta

404 5348 455 5392 et
479 5341 652 5407 fusius
678 5352 1000 5409 pertractata
1029 5341 1327 5399 videantur.
1373 5344 1513 5399 Hinc
1546 5341 1714 5399 etiam
1745 5346 1964 5409 accidit,
2003 5355 2059 5398 ut
2106 5341 2561 5411 neutrius’operis
2596 5355 2799 5412 tempus
2831 5354 2971 5396 certo
3026 5341 3131 5395 'am
3174 5342 3439 5407 assignari
3478 5346 3658 5407 queat.

408 5408 474 5463 In
499 5411 716 5465 nroloao
755 5413 966 5465 quidem
1005 5426 1263 5465 tantorum
1286 5413 1496 5465 Cantici
1525 5416 1877 5465 canticorum.
1914 5430 2044 5465 auos
2070 5414 2209 5465 inter
2245 5427 2446 5465 annum
2477 5412 2583 5465 258
2608 5424 2652 5465 et
2686 5428 2882 5465 annum
2918 5357 3048 5465 2441.
3085 5412 3182 5464 sub
3218 5408 3489 5462 Gordiano
3522 5406 3658 5458 scri—

408 5408 716 5485 ln_pt:ol_ogo
755 5413 966 5485 quidem
1005 5426 1263 5485 tomorum
1284 5413 1496 5485 Cantici
1525 5416 1877 5478 canticorum,
1914 5408 2044 5485 quos
2070 5414 2209 5467 inter
2245 5408 2446 5485 annum
2477 5412 2583 5485 258
2608 5424 2652 5466 et
2686 5408 2882 5465 annum
2918 5408 3048 5485 24;,
3085 5408 3489 5485 sub‘Cordiano
3522 5408 3659 5485 scri—

404 5482 505 5556 psit
534 5479 808 5556 Origenes,
821 5483 968 5556 citat
994 5483 1301 5555 ὲξηγητικά
1332 5502 1431 5538 sua
1463 5485 1517 5538 in
1539 5486 1799 5539 Numeros
1831 5500 1851 5539 :
1883 5504 1900 5556 ᾳ
1926 5479 2229 5549 Quomodo,
2261 5484 2449 5556 inquit,
2477 5483 2729 5556 (li/[erant
2766 5497 2922 5556 opera
2955 5482 3020 5556 ab
3067 5480 3310 5556 operibus
3352 5479 3659 5556 operantutin

403 5545 765 5625 Numerorum
792 5551 925 5605 libro
955 5545 1325 5625 traciatltibus,
1346 5565 1499 5621 prout
1529 5556 1819 5624 potuimus,
1858 5545 2057 5607 diclunt
2092 5564 2166 5607 est
2202 5545 2234 5607 ὰ
2260 5545 2430 5606 nobis.
2452 5624 2458 5625 γ
2480 5572 2501 5606 s
2534 5545 2611 5605 Ἰά
2642 5545 2808 5621 genus
2847 5545 3200 5625 distinctionis
3241 5556 3409 5600 exstat
3437 5545 3659 5625 humilia

407 5619 593 5693 quinta
609 5627 680 5693 _in
704 5619 1001 5693 Numeros,
1033 5624 1123 5693 sed
1150 5625 1268 5693 quis
1296 5616 1539 5693 asserere
1559 5636 1715 5693 queat
1762 5616 1938 5677 utrius
1969 5625 2140 5692 operis
2188 5637 2312 5691 pars
2335 5624 2419 5675 sit
2440 5624 2552 5676 ἠως
2596 5616 2893 5693 πὲρικοπή,
2937 5620 3295 5693 heminarum,
3330 5634 3398 5668 an
3428 5616 3659 5693 scholio-
3750 5648 3755 5653 ι

409 5690 570 5765 rum?
599 5689 659 5743 Si
692 5692 1049 5753 homiliarum,
1080 5688 1220 5765 falsa
1245 5704 1319 5747 est
1356 5692 1543 5747 'Huetii
1571 5688 1868 5760 sententia,
1916 5688 2035 5765 illas
2066 5688 2247 5747 omnes
2286 5708 2496 5765 esseea:
2526 5688 2711 5765 earum
2736 5688 2967 5765 numero
3004 5703 3136 5765 quas
3162 5688 3510 5765 Adamantius
3546 5694 3660 5764 post

407 5761 582 5836 matis
604 5777 722 5836 suto
748 5777 946 5836 annum
978 5755 1360 5829 sexagesimum
1393 5779 1457 5836 ea:
1486 5775 1718 5836 tempore
1748 5755 2148 5833 pronuntiavit;
2181 5765 2225 5817 si
2257 5763 2599 5836 scholiorum,
2635 5759 2769 5836 nihil
2802 5757 3041 5825 equidem
3062 5758 3182 5824 jam
3216 5755 3431 5836 vetabit,
3453 5757 3663 5836 quomi-

411 5846 507 5883 nus
540 5830 772 5887 homilia:
799 5833 851 5886 in
882 5829 1143 5888 Numeros
1170 5833 1534 5899 pronuntiata:
1576 5829 1945 5889 existimentur
1982 5842 2259 5904 postquam
2296 5832 2548 5903 Origenes
2582 5829 2757 5887 artatis
2791 5842 2901 5882 sua:
2926 5841 3124 5881 annum
3170 5829 3554 5900 sexagesimum
3577 5834 3663 5880 at-
