4124 6462
389 369 491 424 δη

1615 367 1929 423 SELECTA
1968 364 2033 420 IN
2066 365 2402 421 NUMEROS

3551 375 3656 430 578

461 487 572 542 Τοῦ
599 487 805 542 αὐτοῦ.
840 489 1010 542 Τοῦτο
1042 488 1210 552 τύπος
1241 489 1341 561 τῆς
1369 488 1648 560 ἀληθείας.
1670 512 1688 545 ι
1713 491 1840 545 Ἐὰν
1861 490 1971 560 γὰρ

2147 491 2424 560 Ejusdem.
2456 493 2565 547 lloc
2600 495 2904 564 symbolum
2931 504 3013 548 est
3035 495 3300 550 veritatis.
3337 495 3478 551 «Nisi
3509 499 3653 552 enim

389 579 463 648 μὴ
495 579 771 648 στραφῆτε
805 579 896 631 καὶ
930 578 1160 649 γένησθε
1202 579 1278 643 ὡς
1314 577 1383 633 τά
1412 579 1620 646 παιδία,
1651 579 1712 633 οὐ
1743 580 1818 652 μὴ
1853 582 1968 634 εἰσ-

385 669 576 740 έλθητε
611 671 690 732 είς
736 670 834 740 τὴν
875 669 1171 739 βασιλείαν.
1203 691 1222 725 ι

468 761 777 814 Ἁνέλεσθε
804 761 877 814 τὰ
910 761 1124 830 πυρεῖα
1156 762 1229 814 τὰ
1255 758 1476 830 χαλκᾶ.
1515 763 1724 835 ’Ὠσπερ
1763 764 1791 816 ὁ
1842 765 1973 834 χαλ-

387 855 516 918 κοῦς
545 855 667 925 ὄφις
698 859 923 926 σημεῖον
954 855 1054 926 τῆς
1077 855 1335 918 ἀπιστίας
1370 853 1572 920 αὐτῶν,
1603 854 1747 909 οὕτω
1783 857 1876 910 καὶ
1903 855 1972 910 τὰ

387 951 584 1020 πυρεῖα
611 947 721 1002 τῶν
755 949 885 1020 περὶ
913 949 1060 1020 Κορὲ
1096 948 1190 1003 καὶ
1231 947 1408 1002 Δαθὰν
1437 949 1532 1003 καὶ
1576 948 1835 1021 Ἀϐειρὼν
1870 967 1971 1004 πε-

390 1043 588 1117 ρίθεμα
623 1043 752 1099 ὅντα
779 1043 858 1114 τῷ
887 1043 1282 1115 θυσιαστηρίῳ.

455 1136 568 1189 Καὶ
602 1136 728 1202 τοῖς
759 1137 912 1203 υἱοῖς
937 1137 1083 1192 Λευῒ
1106 1135 1235 1190 ἰδοὺ
1268 1133 1499 1190 δέδωκα
1544 1136 1667 1192 πᾶν
1699 1135 1971 1190 ἐπιδέκα-

386 1247 494 1283 τον
521 1230 593 1284 ἐν
634 1229 894 1298 Ἰσραήλ.
924 1230 1166 1294 Εἰκότως
1194 1229 1627 1302 ἀπονενὲμηνται
1654 1232 1766 1294 τοῖς
1803 1228 1972 1302 ἱερεῦ-

389 1337 475 1374 σιν
511 1323 566 1374 αἱ
601 1319 849 1394 ἀπαρχαὶ
872 1361 887 1386 ,
923 1320 1157 1390 ἐπείπερ
1188 1321 1248 1374 οὐ
1279 1321 1608 1394 κληρονομεῖ
1637 1322 1672 1392 ἠ
1709 1320 1843 1375 Λευῒ
1870 1338 1970 1390 φυ-

386 1411 454 1484 λὴ
479 1452 494 1477 ,
552 1412 675 1466 οὐδὲ
726 1413 928 1485 κλῆρον
987 1411 1252 1483 λαμϐάνει
1301 1412 1380 1477 ὡς
1432 1413 1489 1467 αἱ
1536 1412 1738 1468 λοιπαί.
1799 1413 1972 1467 Τοῦτο

388 1503 648 1576 πρόξενον
684 1504 783 1576 τῆς
834 1505 1225 1576 ἀκτημοσύνης
1271 1509 1384 1569 τοῖς
1419 1503 1657 1578 ἱερεῦσιν
1697 1507 1726 1560 ὁ
1767 1505 1970 1577 κλῆρος

386 1597 480 1650 τοῦ
509 1586 585 1668 τῷ
619 1597 987 1670 θυσιαστηρίῳ
1017 1599 1474 1671 συμμερίζεσθαι.
1515 1600 1760 1665 Δεκάτας
1796 1601 1968 1656 ἐδίδου

385 1691 415 1743 ό
447 1689 572 1754 λαὸς
601 1692 713 1753 τοῖς
736 1688 1014 1756 Λευίταις,
1047 1691 1144 1746 καὶ
1171 1694 1219 1746 οί
1252 1695 1478 1748 Λευῖται
1504 1696 1616 1759 τοῖς
1649 1694 1904 1764 ἱερεῦσιν.

456 1778 553 1846 Μὴ
585 1779 654 1833 ἐκ
677 1777 781 1846 τῆς
814 1779 1035 1848 πέτρας
1061 1781 1283 1850 ταύτης
1305 1782 1604 1852 ἐξάξομεν
1623 1783 1766 1853 ὑμῖν
1789 1783 1977 1853 ﬁdem;

399 1871 458 1924 Ὀ
490 1838 856 1944 Μωῦσῆςΐμὴ
871 1838 1099 1938 δοξάσας
1132 1838 1378 1928 adeas;
1411 1838 1505 1928 é'rci
1531 1874 1625 1928 τοῦ
1646 1838 1800 1940 λαοῦ,
1830 1838 1970 1929 sxa);
2001 1838 2043 1894 Β

387 1961 521 2032 λύθη
551 1962 843 2037 παρελθεῖν
893 1966 1010 2036 μετ’
1038 1963 1225 2019 αὐτοῦ.
1267 1967 1384 2020 Ἵνα
1416 1965 1525 2040 γὰρ
1564 1966 1639 2038 μὴ
1667 1967 1726 2020 ὃν
1767 1967 1973 2039 ἐτίμων

389 2054 599 2119 ζῶντα,
651 2057 710 2110 ἐν
757 2055 892 2110 Θεοῦ
933 2055 1255 2128 θεραπείαις
1286 2060 1589 2142 τιμήσωσιν
1623 2059 1926 2115 ἀπελθόντα
1953 2101 1970 2129 ,

388 2146 568 2218 ἀφανῆ
599 2145 688 2202 τὸν
719 2146 883 2204 τόπον
910 2146 1254 2223 [ἵσ.’τάφον]
1295 2148 1614 2221 πεποίηκεν.

459 2325 588 2380 Νῦν
637 2325 900 2391 ἐκλειξει
939 2328 979 2397 ἠ
1010 2327 1331 2401 συναγωγὴ
1360 2329 1512 2400 αὕτη
1555 2330 1783 2394 πάντας
1828 2331 1973 2399 τοὺς

395 2417 600 2482 κύκλῳ
625 2418 813 2488 ἡμῶν.
853 2418 1024 2474 Τοῦτο
1070 2421 1424 2494 παράδειγμα
1452 2422 1644 2478 ἐλαϐεν
1664 2440 1678 2455 ·
1725 2421 1915 2496 ὥσπερ
1945 2426 1974 2479 ὁ

395 2510 594 2580 μόσχος
627 2512 684 2564 ἐν
721 2511 800 2583 τῷ
842 2511 1069 2583 στόματι
1108 2513 1177 2567 τὰ
1209 2514 1416 2587 χλωρὰ,
1451 2513 1594 2568 οὕτω
1623 2513 1718 2569 καὶ
1755 2517 1783 2570 ὁ
1818 2515 1974 2585 ἅγιος

393 2601 520 2666 λαὸς
559 2605 669 2666 τοῖς
707 2602 912 2674 χείλεσι
948 2607 1376 2678 στρατευόμενος
1431 2611 1490 2663 ὲν
1539 2611 1654 2673 τοῖς
1710 2611 1973 2682 στόμασιν

397 2692 506 2762 ἔχει
533 2693 600 2746 τὰ
626 2693 766 2747 ὅπλα
790 2692 878 2747 διὰ
912 2693 1020 2750 τῶν
1050 2695 1245 2766 εὐχῶν.
1283 2697 1393 2750 Καὶ
1421 2696 1582 2750 τοῦτο
1618 2697 1774 2762 εἰδὼς
1802 2699 1831 2752 ό
1867 2699 1976 2752 Βα-

396 2783 500 2837 λὰκ
540 2785 597 2839 ἐν
628 2788 740 2850 τοῖς
776 2785 1062 2858 προτέροις
1095 2786 1353 2858 πολέμοις
1387 2787 1633 2860 ἐναργῶς
1664 2790 1971 2862 γινόμενον,

394 2875 639 2948 βούλεται
670 2878 766 2930 καὶ
810 2879 974 2944 αὐτὸς
1016 2881 1129 2942 τοῖς
1185 2878 1272 2932 διὰ
1317 2879 1538 2950 χειλέων
1573 2879 1760 2945 ὅπλοις
1805 2899 1973 2953 στρα-

391 2969 676 3023 τεύεσθαι·
714 2971 808 3023 καὶ
839 2969 994 3023 καλεῖ
1019 2969 1110 3023 τὸν
1141 2968 1369 3041 Βαλαὰμ
1396 2970 1486 3024 τὸν
1518 2971 1712 3042 ἔχοντα
1734 2972 1802 3026 τὰ
1833 2973 1974 3026 ὅπλα

393 3060 495 3131 τῆς
547 3059 798 3124 ἐναντίας
841 3046 1128 3130 δυνάμεως
1164 3061 1222 3114 ἐν
1271 3065 1382 3124 τοῖς
1421 3060 1624 3131 χείλεσι
1665 3063 1764 3126 τὰς
1811 3064 1972 3135 ἀράς.

2077 585 2324 638 Conversi
2370 586 2584 638 fueritis
2631 596 2685 640 et
2732 587 3041 640 elﬁciatnini
3075 589 3222 643 sicut
3252 590 3487 659 parvuli,
3544 607 3655 646 non

2075 677 2348 732 intrabitis
2391 679 2440 732 iu
2478 695 2702 748 regnum
2745 678 3009 732 ett-lorum
3039 680 3105 735 ’9.
3135 699 3153 732 ι

2150 767 2339 821 Tollite
2373 769 2643 822 tlturibuln
2674 785 2820 823 (vitea
2868 770 2936 823 ⁸⁰.
2965 770 3427 834 Quemadmodum
3475 789 3656 826 aeneus

2073 874 2297 930 serpens
2338 861 2553 929 signum
2585 869 2670 914 est
2701 861 3038 917 intidelitatis
3071 877 3259 917 eorum
3291 908 3303 926 ,
3345 865 3416 918 ita
3445 879 3498 918 et
3533 868 3657 918 thu-

2072 951 2242 1006 ribula
2297 951 2456 1018 Core,
2499 953 2713 1008 Dathan
2745 963 2800 1010 et
2830 954 3059 1023 Abiron,
3090 969 3211 1026 quae
3237 954 3656 1026 circutl‘lpoutltt-

2075 1054 2163 1099 tur
2192 1044 2378 1099 altari.

2145 1133 2215 1188 Et
2246 1135 2376 1203 ﬁliis
2419 1135 2543 1212 Levi
2581 1154 2698 1192 ecce
2739 1138 2860 1192 dedi
2910 1155 3114 1193 omnem
3159 1139 3417 1206 decimam
3470 1139 3524 1192 in
3575 1139 3656 1194 Is-

2070 1229 2186 1282 rael
2219 1227 2289 1283 “.
2329 1227 2462 1284 Jure
2495 1231 2875 1286 sacerdotibus
2905 1231 3179 1286 attributa:
3216 1242 3343 1286 sunt
3379 1232 3654 1302 primitiae,

2071 1321 2509 1391 quandoquidem
2564 1323 2739 1378 haeres
2785 1339 2891 1378 non
2940 1325 3000 1378 lit
3037 1324 3214 1379 tribus
3262 1323 3425 1391 Levi,
3482 1339 3658 1393 neque

2071 1420 2274 1466 sortem
2307 1413 2530 1480 accipit,
2567 1413 2710 1467 sicut
2743 1413 2986 1482 reliqum.
3019 1413 3404 1485 Paupertatem
3457 1432 3656 1484 procu-

2073 1505 2228 1558 rabat
2269 1506 2648 1561 sacerdotibus
2701 1521 2826 1562 sors
2859 1523 2965 1577 qua
3021 1507 3184 1561 altari
3227 1508 3425 1563 addicti
3473 1520 3651 1563 erant.

2073 1601 2322 1655 Deeimas
2355 1599 2523 1655 dabat
2572 1600 2805 1671 populus
2853 1600 3081 1668 Levitis,
3132 1609 3188 1655 et
3220 1600 3426 1655 Levita:
3471 1616 3656 1656 sarcr-

2070 1693 2309 1748 dotibus.

2147 1783 2402 1855 Nunquid
2439 1801 2504 1840 επ
2542 1793 2692 1854 petra
2716 1784 2814 1838 hac
2851 1785 3129 1840 educemus
3159 1787 3303 1841 vobis
3344 1803 3534 1856 aquam
3566 1785 3658 1841 ιιι

2073 1875 2211 1931 Cum
2238 1875 2455 1947 Moyses
2478 1891 2585 1931 non
2619 1876 2987 1946 gloriﬁcasset
3020 1877 3188 1932 Deum
3221 1893 3403 1931 coram
3433 1878 3652 1946 populo,

2076 1983 2180 2022 non
2208 1967 2536 2037 permissum
2565 1976 2650 2022 est
2683 1976 2750 2023 ttt.
2780 1968 2918 2022 ultra
2947 1969 3370 2038 progrederetur
3400 1985 3521 2023 cum
3567 1987 3650 2024 ro.

2073 2055 2153 2112 Ne
2181 2056 2325 2112 enim
2357 2072 2519 2127 quem
2551 2058 2733 2112 vivum
2769 2057 3023 2112 colebant
3055 2096 3070 2120 ,
3116 2056 3413 2111 honoribus
3458 2057 3655 2110 divinis

2075 2157 2353 2202 mortuum
2399 2145 2720 2211 abicerent,
2779 2145 2850 2201 ab
2895 2145 3070 2200 oculis
3116 2147 3364 2200 omnium
3421 2148 3656 2200 remotit

2073 2239 2386 2310 sepulcrum
2411 2238 2550 2308 ejus.

2149 2329 2310 2384 Nunc
2339 2331 2570 2400 abliuget
2598 2345 2868 2400 synagoga
2894 2327 3007 2382 Ita’c
3035 2343 3214 2382 omnes
3238 2329 3324 2400 qui
3347 2328 3401 2381 in
3432 2329 3656 2382 circu'tu

2075 2431 2255 2476 nostra
2281 2421 2350 2475 ".
2405 2419 2520 2475 Hoc
2567 2419 2818 2490 exemplo
2858 2419 3086 2498 .utitur:
3123 2420 3266 2474 sicut
3319 2419 3520 2473 vitulus
3563 2436 3656 2472 om

2076 2515 2304 2585 ablingit
2332 2513 2568 2569 virentia
2589 2551 2604 2578 ,
2633 2511 2714 2568 sic
2737 2520 2794 2565 et
2833 2518 3055 2566 sanctus
3095 2509 3326 2580 populus
3359 2509 3515 2564 labiis
3556 2525 3656 2578 pu-

2074 2622 2270 2678 gnans,
2296 2606 2469 2662 inore
2495 2605 2662 2660 habet
2697 2618 2851 2658 arma
2887 2618 2984 2673 per
3015 2618 3226 2674 preces.
3259 2601 3314 2657 ld
3346 2618 3469 2657 cum
3493 2603 3659 2657 sciret

2075 2699 2242 2754 Balac
2273 2699 2326 2753 in
2358 2697 2640 2769 prioribus
2671 2694 2832 2750 bellis
2865 2693 3158 2749 manifeste
3193 2694 3516 2764 contigisse,
3544 2693 3657 2746 vult

2075 2804 2132 2848 et
2167 2792 2280 2861 ipse
2310 2790 2577 2847 labiorutn
2627 2787 2796 2842 armis
2843 2801 3112 2856 pugnare,
3164 2781 3218 2840 et
3251 2796 3403 2839 vocat
3435 2783 3657 2838 Balaam

2075 2889 2167 2957 qui
2215 2885 2504 2940 contrariae
2548 2881 2768 2937 virtutis
2804 2897 2958 2935 arma
2983 2881 3146 2934 habet
3177 2880 3228 2933 in
3253 2879 3432 2944 labiis,
3467 2897 3658 2950 nempe

2078 2978 2511 3034 tnaledictiones.
2540 2972 2729 3030 Sancti
2767 2973 2912 3028 enim
2951 2973 3125 3043 angeli
3146 2973 3327 3041 justos
3357 2975 3422 3025 ad
3455 2973 3662 3027 saluta-

2080 3070 2158 3124 ria
2189 3079 2245 3123 et
2271 3069 2412 3123 bona
2441 3082 2606 3139 opera
2629 3106 2645 3130 ,
2696 3066 2824 3121 mali
2868 3077 3048 3120 autem
3089 3063 3364 3118 daemones
3402 3062 3659 3131 adjuvant

394 3153 462 3207 Ol
489 3153 597 3224 γὰρ
630 3153 772 3222 ἆγιοι
805 3152 1023 3222 ἄγγελοι
1051 3154 1460 3225 συμπράττουσι
1490 3157 1603 3218 τοῖς
1631 3154 1860 3220 δικαίοις
1893 3157 1973 3221 είς

2083 3160 2280 3229 impios
2315 3168 2633 3230 peccatores
2679 3157 2928 3212 homines
2958 3159 3025 3210 ad
3060 3154 3198 3208 mala
3228 3169 3390 3223 opera
3426 3170 3547 3224 quae
3572 3170 3661 3208 sa-

396 3245 467 3298 τὰ
491 3246 752 3316 σωτήρια,
807 3247 900 3299 καὶ
933 3244 1112 3313 ἀγαθά
1164 3245 1320 3318 ἔργα,
1357 3247 1450 3298 καὶ
1497 3248 1546 3300 οἱ
1597 3248 1825 3320 πονηροὶ
1857 3249 1972 3304 δαί-

401 3355 558 3409 μονες
597 3343 710 3402 τοῖς
758 3337 1009 3392 ἀσεϐέσιν
1055 3337 1400 3409 ἁμαρτωλοῖς
1428 3338 1738 3411 ἀνθρώποις
1780 3343 1862 3405 είς
1906 3342 1976 3396 τὰ

398 3430 612 3503 πονηρά
666 3430 760 3484 καὶ
809 3430 1047 3502 βλαϐερὰ
1087 3431 1189 3501 τῆς
1217 3431 1492 3502 σωτηρίας
1531 3432 1640 3486 τῶν
1674 3433 1976 3506 ἀνθρώπων

397 3523 553 3595 ἔργα.
589 3526 650 3577 Οἱ
682 3525 779 3595 μὲν
808 3524 918 3596 γὰρ
945 3524 1090 3592 ἅγιοι
1123 3523 1507 3595 στρατεύονται
1548 3525 1727 3595 λόγοις
1763 3527 1938 3599 εὐχῶν
1959 3568 1974 3591 ,

396 3615 448 3666 οἱ
472 3614 530 3667 δὲ
563 3614 778 3675 ἀσεϐεῖς
804 3616 893 3668 καὶ
921 3615 1234 3686 ἁμαρτωλοὶ
1261 3615 1439 3684 λόγοις
1480 3616 1739 3688 μαγειῶν.

475 3703 585 3758 Tot?
615 3704 821 3759 αὐτοῦ.
850 3707 959 3759 Καὶ
985 3707 1018 3776 ἡ
1062 3707 1182 3760 κατ’
1222 3705 1473 3778 αἴσθησιν
1500 3707 1610 3762 τῶν
1633 3707 1978 3780 πραγμάτων

399 3798 606 3870 ἱστορία
637 3798 878 3870 μεγάλης
909 3797 1178 3867 ὡφελείας
1228 3800 1602 3872 πεπλήρωται.
1661 3802 1755 3854 Ἐκ
1792 3802 1848 3855 δὲ
1877 3804 1977 3874 τῆς

400 3889 765 3960 προκειμένης
821 3890 1061 3960 ἱστορίας
1118 3890 1457 3961 μανθάνομεν
1505 3892 1702 3958 πολλὰ,
1760 3895 1853 3948 καὶ
1895 3897 1978 3950 ὅτι

398 3981 513 4035 ἔστι
568 3980 957 4052 στρατεύεσθαι
999 3981 1177 4050 λόγοις
1202 4020 1216 4044 ,
1263 3981 1357 4060 καὶ
1410 3983 1620 4053 μεγάλα
1677 3985 1977 4057 πράγματα

398 4077 826 4148 οἰκονομεῖσθαι,
877 4077 973 4132 καὶ
1007 4070 1406 4148 κατορθοῦσθαι
1431 4077 1519 4132 διὰ
1548 4079 1754 4149 λόγωνσ
1800 4084 1894 4134 καὶ
1928 4085 1978 4136 οἱ

404 4173 501 4241 μὲν
529 4172 673 4240 ἇγιοι
706 4169 1092 4240 στρατεύονται
1130 4169 1308 4240 λόγοις
1337 4171 1541 4242 εὐχῶν
1573 4174 1623 4226 οἱ
1662 4174 1719 4227 δὲ
1761 4175 1979 4239 ἀσεϐεῖς

401 4265 580 4334 λόγοις
611 4263 872 4336 μαγειῶν.

475 4359 585 4414 Τοῦ
635 4355 840 4413 αὐτοῦ.
887 4356 951 4410 Ἦ
991 4355 1210 4411 ἐναντία
1255 4354 1484 4427 δύναμις
1532 4355 1786 4410 οὐδέποτε
1835 4358 1980 4410 ποιεῖ

401 4451 559 4523 ἔργον
597 4451 778 4516 καλὸν,
814 4449 949 4504 ἀλλά
987 4449 1166 4503 πάντα
1188 4448 1436 4521 χείριστα
1455 4450 1685 4519 ἐνεργεῖ⁸
1717 4448 1810 4502 καὶ
1841 4448 1979 4520 ὅπερ

401 4546 686 4617 ἐνεργήσει
725 4543 916 4609 κακὸν,
955 4544 1017 4596 οὐ
1054 4543 1273 4596 δύναται
1301 4540 1754 4611 ἀποκαταστῆσαι
1797 4541 1878 4603 εἰς

404 4638 632 4706 βέλτιον,
683 4637 744 4690 οὐ
792 4635 901 4707 γὰρ
947 4633 1062 4704 ἔχει
1102 4631 1256 4698 τάξιν
1309 4631 1404 4685 τοῦ
1444 4627 1773 4701 κρείττονος.
1807 4632 1888 4702 Τῇ
1921 4631 1979 4683 δὲ

401 4729 671 4800 κρείττονι
694 4727 918 4798 δυνάμει
969 4724 1146 4777 πάντα
1176 4721 1398 4776 δυνατά.
1446 4721 1505 4773 'U
1526 4720 1636 4790 γὰρ
1663 4719 1796 4780 Θεὸς
1823 4717 1978 4790 ἡμῶν

400 4819 588 4888 ἀλγεῖν
621 4821 781 4883 ποιεῖ,
813 4817 908 4871 καὶ
933 4816 1096 4870 πάλιν
1123 4813 1574 4884 ἀποκαθίστησιν,
1603 4811 1894 4883 ἐνεργῆσαι
1923 4810 1981 4864 δὲ

402 4914 569 4967 κακὸν
602 4913 701 4965 οὐκ
732 4910 842 4980 ἕχει
863 4928 874 4940 ·
921 4909 981 4960 οὐ
1026 4907 1135 4979 γὰρ
1187 4907 1306 4960 καθ’
1341 4904 1454 4973 ἕξιν
1487 4904 1682 4977 μόνον,
1712 4902 1849 4956 ἀλλὰ
1885 4902 1980 4955 καὶ

405 5009 522 5059 κατ’
552 5005 737 5059 οὐσίαν
766 5001 968 5071 ἀγαθός
996 5002 1163 5054 ἐστιν.

479 5096 590 5152 Τοῦ
619 5094 824 5150 αὐτοῦ.
872 5095 958 5147 Ἐν
1000 5095 1115 5156 τοῖς
1159 5089 1516 5162 ἀνθρωπίνοις
1557 5087 1674 5142 ἐστί
1721 5103 1844 5140 τινα
1885 5086 1980 5140 καὶ

411 5191 634 5259 μαντεῖα
678 5184 1058 5255 τετελεσμένα,
1123 5182 1216 5236 καὶ
1250 5180 1461 5242 θυσίαι,
1523 5178 1617 5233 καί
1665 5195 1788 5232 τινα
1829 5177 1980 5250 δῶρα

409 5281 824 5353 προσφερόμενα
851 5280 963 5342 τοῖς
990 5277 1268 5348 δαίμοσιν·
1297 5274 1438 5328 ὥστε
1463 5272 1552 5325 διὰ
1569 5272 1776 5324 τούτων
1806 5287 1977 5341 προσ-

407 5374 722 5447 φερομένων
780 5373 1139 5446 μαντεύεσθαι
1201 5371 1326 5432 τοὺς
1384 5365 1760 5438 βουλομένους.
1828 5366 1980 5417 Μαν-

2082 3251 2180 3305 Ιιιιί
2237 3250 2522 3305 hominum
2593 3249 2855 3304 olIiciunt.
2921 3245 3367 3314 Sattcti‘._,quippe
3416 3253 3660 3314 pugnant

2081 3343 2262 3399 verbis
2288 3355 2534 3413 precum,
2559 3341 2709 3410 impii
2735 3352 2867 3396 vero
2894 3344 2948 3394 et
2974 3346 3293 3408 peccatores
3327 3335 3503 3391 verbis
3540 3351 3654 3389 toa-

2079 3448 2236 3501 gtcts.

2159 3698 2435 3768 Ejusdem.
2485 3697 2662 3751 Etiam
2713 3694 3008 3752 secundum
3071 3692 3369 3748 litteralem
3433 3705 3657 3745 sensum

2082 3792 2196 3846 haec
2235 3792 2465 3846 historia
2517 3805 2742 3859 magnas
2800 3787 2964 3842 habet
3021 3787 3304 3841 utilitates.
3353 3784 3482 3839 lude
3514 3785 3660 3838 cnim

2082 3886 2344 3940 discimus
2379 3889 2582 3943 multa;
2620 3882 2847 3952 pugnari
2885 3897 2952 3949 po
2987 3896 3045 3934 se
3080 3880 3278 3942 verbis,
3321 3893 3543 3946 magnas
3572 3892 3663 3931 res

2078 3977 2281 4045 Sltsripi
2316 3985 2370 4029 et
2404 3977 2471 4026 ad
2514 3973 2724 4027 felicem
2768 3973 2973 4025 exitum
3010 3970 3230 4041 perduci
3284 3969 3489 4032 verbis,
3532 3967 3659 4020 item

2081 4079 2304 4122 sanctos
2335 4080 2577 4134 pugnate
2603 4064 2785 4119 verbis
2807 4078 3056 4133 'pl't‘Clllll,
3089 4061 3285 4128 impios
3320 4069 3505 4111 atttcttt
3541 4071 3664 4111 vet-

2081 4160 2166 4214 bis
2198 4160 2442 4227 magicis.

2153 4335 2430 4406 Ejusdem.
2470 4333 2756 4387 Contraria
2787 4334 2958 4387 virtus
2984 4346 3258 4399 nunquam
3295 4346 3428 4401 opus
3460 4331 3659 4385 bonum

2081 4428 2235 4491 facit,
2293 4427 2384 4479 sed
2432 4427 2616 4478 omnia
2654 4427 2913 4493 pessima,
2967 4434 3015 4478 et
3069 4423 3434 4492 quodcunque
3472 4423 3665 4477 fecerit.

1913 4515 1976 4593 τὶ,
2007 4539 2053 4597 ι)
2082 4520 2321 4582 malum,
2370 4518 2556 4583 nequit
2597 4519 2662 4569 ad
2718 4517 2912 4569 melius
2962 4528 3254 4576 remeare,
3303 4529 3478 4583 neque
3516 4515 3659 4567 ettint

2084 4612 2325 4668 melioris
2352 4611 2598 4662 ordinent
2625 4608 2810 4662 habet.
2837 4606 2907 4661 At
2929 4605 3293 4676 pratstantiori
3326 4605 3516 4658 virtuti
3546 4620 3668 4657 om-

2082 4705 2173 4759 nia
2215 4700 2495 4771 possibilia
2543 4710 2693 4754 sunt.
2727 4695 2862 4752 Nam
2897 4698 3038 4752 Deus
3077 4706 3263 4751 uoster
3312 4696 3498 4750 dolere
3530 4695 3666 4751 facit

2079 4810 2135 4855 et
2181 4812 2374 4850 rursus
2419 4793 2692 4858 restttuit;
2742 4791 2926 4846 facere
2967 4801 3151 4845 autem
3195 4789 3393 4841 tnalutn
3434 4789 3664 4859 nequit;

2084 4904 2259 4959 neque
2291 4887 2435 4942 enim
2472 4885 2645 4940 solum
2693 4882 2879 4938 habitu
2907 4920 2923 4947 ,
2958 4883 3052 4936 sed
3104 4889 3159 4936 et
3204 4879 3505 4935 substantia
3549 4880 3665 4949 ipsa

2087 4983 2260 5037 boaus
2291 4990 2391 5035 est.
3647 4979 3654 4986 ·

2157 5073 2321 5144 272
2355 5069 2633 5140 Ejusdem.
2663 5065 2718 5121 ltt
2750 5065 3002 5120 humanis
3049 5065 3292 5132 quaedam
3327 5064 3491 5118 etiam
3527 5066 3669 5134 vati—

2087 5167 2231 5222 cinia
2264 5164 2503 5219 eduntur
2539 5171 2592 5214 et
2623 5159 2868 5228 qumdant
2924 5154 3195 5211 sacriﬁcia
3244 5157 3312 5209 ad
3357 5157 3497 5209 dona
3529 5154 3667 5210 offe-

2087 5266 2280 5313 runtur
2309 5253 2613 5319 daemoniis,
2645 5251 2718 5304 ita
2751 5258 2810 5303 ut
2845 5249 2932 5304 his
2958 5247 3326 5303 oblatiOnibus
3356 5247 3665 5300 vaticitten~

2088 5360 2176 5404 tur
2205 5348 2296 5419 qui
2330 5344 2622 5401 voluerint.
2656 5342 2982 5398 Vaticinium
3009 5351 3094 5397 est
3122 5356 3210 5396 res
3238 5339 3517 5411 quaslibet.
3549 5338 3664 5394 Ne-

405 5433 637 5522 τεία.δέ
688 5433 836 5520 ἐστιν
890 5464 1121 5519 ἕκαστον
1175 5433 1430 5532 πρᾶγμα.
1481 5433 1560 5510 Ού
1618 5454 1730 5525 γὰρ
1778 5452 1976 5525 ἀληθὴς

2084 5456 2191 5511 que
2218 5438 2362 5495 enim
2391 5449 2520 5492 vera
2543 5441 2627 5490 est
2651 5433 2953 5504 praedictio.

408 5559 734 5631 πρόρρησις.

608 5649 798 5724 ἦλθεν
819 5651 850 5702 ό
875 5649 1086 5716 Κύριος
1118 5644 1268 5712 πρὸς
1290 5621 1494 5696 αὐτόθ’.
1537 5636 1692 5693 Κατὰ
1728 5634 1984 5708 ἀλήθειαν

1698 5765 1739 5798 ⁸¹
1765 5763 1950 5831 Noun,
1984 5777 2138 5828 xvttt,
2160 5762 2253 5818 2i.
2329 5763 2375 5796 “
2404 5759 2563 5817 Num.
2590 5774 2680 5824 xx,
2723 5756 2806 5811 ιο.
2883 5753 2927 5785 ⁸³
2958 5751 3117 5806 Num.
3142 5763 3277 5814 xxtt,
3315 5746 3364 5802 ί.
3443 5742 3665 5799 “Nunt.

478 5779 522 5811 ³³
552 5778 739 5834 Matth.
776 5791 926 5842 χγιιι,
968 5775 1021 5828 5.
1097 5771 1142 5802 ⁸⁰
1175 5769 1338 5825 Nunt.
1371 5783 1481 5833 xvt,
1513 5766 1602 5821 '57.

410 5864 551 5916 χιιι,
577 5851 628 5904 8.

2169 5634 2234 5689 Et
2264 5636 2402 5690 venit
2436 5633 2695 5689 Dominus
2737 5635 2808 5684 ad
2847 5644 2966 5683 euut
3002 5626 3070 5680 “.
3105 5625 3415 5682 Secundum
3461 5627 3669 5685 verita-
