4124 6396
407 335 513 389 579
1878 349 2037 409 ORIG
2049 353 2200 408 ENIS

411 472 517 514 tem
559 460 818 517 Balaamo
850 462 1041 516 aderat
1078 461 1261 516 divina
1305 464 1478 521 virtus
1505 482 1669 537 quam
1705 485 1811 525 non
1842 472 1968 527 invo

2099 474 2221 530 θεία
2257 476 2489 549 δύναμις
2527 479 2861 551 παρεγένετο
2907 479 3044 552 πρὸς
3085 482 3313 552 Βαλαὰμ
3346 483 3404 536 ού
3434 486 3693 555 κληθεῖσα
3732 540 3753 553 ,

406 565 582 611 caret.
629 557 835 609 Aderat
871 566 1055 610 autem
1096 567 1156 610 ut
1207 557 1486 614 invocatos
1521 578 1550 615 a
1584 562 1842 617 Balaamo
1888 567 1998 620 da:-

409 660 598 701 mones
640 656 955 712 averteret,
1008 657 1064 703 et
1106 652 1319 707 divinas
1369 655 1757 721 prmdictiones
1799 672 1997 725 procu-

409 749 581 791 raret.

475 825 541 880 Et
581 829 874 885 insurrezit
917 834 1136 904 angelus
1184 835 1277 889 Dei
1317 837 1533 906 (li/ferre
1576 856 1694 893 eum
1732 840 1785 893 in
1818 842 1899 895 via
1924 842 1990 898 “.

400 921 643 989 Angelus
675 923 768 991 qui
820 924 873 978 in
930 927 1012 978 via
1066 926 1245 981 tliﬂ'ert
1290 928 1627 993 Balaamum,
1675 947 1857 987 annon
1903 934 1992 990 hic

400 1015 565 1068 estde
579 1030 686 1084 quo
712 1016 850 1071 dixit
870 1018 1009 1072 Deus
1026 1022 1092 1072 ad
1115 1020 1335 1091 Moysen
1355 1021 1504 1092 quia,
1530 1042 1548 1075 ι
1580 1024 1820 1097 Angelus
1838 1043 1991 1085 meus

402 1109 673 1174 praecedet
718 1123 814 1163 vos
846 1112 1158 1167 custodiens
1194 1129 1288 1168 vos
1320 1118 1374 1170 in
1419 1115 1543 1170 via?
1572 1136 1591 1170 ι

478 1371 623 1427 Vade
644 1374 805 1427 simul
823 1390 940 1428 cum
968 1374 1266 1428 hominibus
1290 1375 1408 1431 istis
1434 1376 1501 1431 ⁸⁸.
1536 1376 1653 1433 Non
1686 1393 1789 1449 per
1812 1380 1982 1437 Deum

396 1465 594 1521 licebat
627 1467 887 1522 Balaamo
922 1468 989 1522 ad
1030 1467 1192 1524 Balac
1221 1470 1376 1526 abire
1412 1488 1425 1525 :
1461 1470 1559 1526 sed
1604 1472 1733 1542 quia
1762 1474 1985 1531 volebat

394 1560 567 1622 abire,
601 1560 752 1615 abire
800 1560 949 1626 sivit,
980 1573 1208 1615 monens
1239 1571 1298 1616 ut
1334 1576 1397 1617 ea
1433 1562 1548 1619 sola
1591 1578 1712 1634 qua:
1740 1566 1983 1621 revelata

393 1652 494 1719 ipsi
536 1652 760 1717 fuerint,
796 1651 1082 1723 loquatur,
1117 1654 1278 1725 idque
1306 1654 1598 1711 conﬁrmat
1626 1658 1853 1730 angelus
1888 1661 1982 1731 qui

390 1746 643 1815 apparuit
678 1753 733 1799 et
780 1746 1001 1801 terruit.

2105 565 2201 616 ὑπ’
2225 567 2406 620 αὐτοῦ.
2441 567 2783 637 Παρεγένετο
2805 564 2917 632 οὖν,
2952 570 3039 622 ἵνα
3065 571 3516 640 ἀποτροπιασμὸν
3541 577 3694 646 ποιή-

2102 673 2170 730 σῃ
2198 657 2305 711 τῶν
2332 658 2684 729 καλουμένων
2729 658 2834 710 ὑπὸ
2865 656 2957 710 τοῦ
2993 657 3221 728 Βαλαὰμ
3264 659 3558 730 δαιμόνων,
3596 665 3692 717 καὶ

2098 747 2197 811 τὰς
2230 747 2381 813 θείας
2414 750 2748 823 προρρήσεις
2777 751 3126 821 οἰκονομήσῃ.

2170 841 2280 893 Καὶ
2310 840 2535 907 ἀνέστη
2564 844 2596 893 ό
2627 840 2884 908 ἄγγελος
2925 840 3033 893 τοῦ
3065 841 3215 895 Θεοῦ
3266 843 3692 900 ἐνδιαϐάλλειν

2094 928 2284 983 αὐτὸν
2315 929 2417 983 ἐπὶ
2453 927 2563 996 τῆς
2626 928 2792 982 ὀδοῦ.
2867 927 2931 980 '0
2965 929 3329 984 ἐνδιαϐάλλων
3366 932 3423 984 ὲν
3471 935 3537 1003 τῇ
3583 933 3689 1003 ὁδῷ

2094 1020 2324 1089 ἄγγελος
2353 1020 2444 1073 τὸν
2481 1018 2733 1089 Βαλαὰμ,
2779 1014 2888 1090 ἆρα
2917 1020 2991 1091 μὴ
3024 1016 3176 1085 οὗτός
3212 1024 3329 1077 ἐστι
3360 1024 3489 1095 περὶ
3516 1017 3576 1076 οὗ
3606 1020 3685 1078 εἷ-

2092 1128 2195 1164 πεν
2222 1112 2251 1163 6
2270 1111 2405 1175 Θεὸς
2427 1111 2564 1183 πρὸς
2584 1112 2678 1165 τὸν
2708 1112 2952 1181 Μωῦσῆν
2979 1113 3062 1165 ὅτι
3086 1132 3106 1163 ο
3134 1115 3400 1183 Ἀγγελος
3432 1132 3533 1186 μου
3552 1133 3686 1188 προ-α

2090 1202 2385 1275 πορεύεται
2431 1204 2741 1275 ἔμπροσθεν
2782 1204 2936 1276 ὑμῶν
2985 1206 3370 1276 διαφυλάσσων
3431 1208 3576 1278 ὑμᾶς
3624 1209 3685 1263 ἐν

2087 1292 2389 1364 τῇὸδῷ;ι

2156 1384 2605 1454 Συμπορεύθητι
2631 1385 2783 1454 μετὰ
2799 1387 2918 1440 τῶν
2937 1386 3266 1455 ἀνθρώπων
3294 1391 3542 1447 τούτων.
3569 1392 3684 1445 Οὐκ

2085 1477 2354 1551 ἐπέτρεψε
2383 1476 2461 1550 τῷ
2491 1476 2719 1549 Βαλαὰμ
2750 1480 2778 1532 6
2810 1478 2945 1543 Θεὸς
2984 1481 3243 1535 ἀπελθεῖν
3271 1482 3416 1555 πρὸς
3455 1482 3545 1537 τὸν
3577 1483 3684 1537 Βα-

2082 1568 2225 1625 λάκ·
2267 1570 2454 1642 ἐπειδὴ
2492 1570 2550 1623 δὲ
2601 1570 2858 1626 ἀπελθεῖν
2889 1572 3161 1639 ἐϐούλετο,
3195 1578 3489 1648 συγχωρεῖ.
3527 1577 3679 1647 Παρ-

2087 1662 2342 1732 αγγέλλει
2396 1662 2456 1717 δὲ
2494 1663 2647 1735 αὐτῷ
2704 1664 2843 1736 μόνα
2871 1664 2941 1719 τὰ
2960 1667 3457 1739 ἀποκαλυπτόμενα
3479 1670 3677 1723 εἰπεῖν·

2083 1756 2181 1810 καὶ
2203 1759 2233 1810 6
2260 1755 2493 1826 ἄγγελος
2522 1757 2581 1810 δὲ
2613 1756 2803 1826 φανεὶς
2832 1758 2928 1811 καὶ
2952 1758 3196 1829 φοϐήσας
3229 1759 3388 1813 τοῦτο
3412 1760 3639 1831 βεϐαιοῖ.

458 1834 700 1904 ﬁdi/ira
748 1836 877 1891 mihi
931 1848 1125 1905 septem
1171 1855 1301 1893 aras
1341 1839 1408 1895 ".
1464 1838 1607 1896 Sunt
1652 1854 1818 1913 opera
1854 1858 1975 1914 qum

2159 1848 2572 1920 οικοόόμησόν
2598 1867 2699 1921 μοι
2725 1850 2877 1904 ἑπτὰ
2891 1852 3157 1922 βωμούς.
3186 1854 3344 1908 Ἔστι
3376 1854 3433 1908 δὲ
3463 1855 3556 1908 καὶ
3589 1855 3678 1910 διά

387 1931 553 1985 etiam
584 1945 681 2000 per
707 1929 857 1985 aliud
900 1944 1101 2000 corpus
1140 1930 1492 1996 eﬁiciuntur,
1552 1931 1670 1987 sive
1716 1933 1770 1989 in
1817 1934 1978 1990 bonis

386 2025 505 2077 sive
538 2024 593 2078 in
624 2023 808 2079 malis.
843 2020 1124 2091 Ejusmodi
1163 2035 1325 2079 erant
1375 2037 1497 2094 qua:
1553 2024 1698 2081 facta
1753 2036 1880 2081 sunt
1922 2028 1975 2083 in

386 2117 623 2190 Αἴθῃ)ιο
668 2132 699 2172 a
745 2115 930 2189 Moyse
976 2128 1033 2173 et
1079 2118 1265 2173 Aaron
1298 2128 1353 2173 et
1379 2118 1833 2176 incantatoribns.
1867 2119 1976 2176 Sed

386 2213 432 2265 si
462 2226 584 2265 cum
611 2208 929 2268 adversaria
972 2219 1248 2280 potestate
1293 2220 1498 2280 pugnet
1533 2210 1717 2266 divina
1755 2214 1927 2267 virtus
1956 2253 1972 2278 ,

387 2304 501 2373 ipsa
531 2302 725 2370 vincit,
748 2303 893 2359 sicut
937 2301 1091 2372 virga
1120 2300 1323 2373 Moysis
1346 2303 1532 2374 virgas
1564 2304 1972 2360 incmntatornm

384 2395 657 2467 deglutiit.

459 2576 733 2649 Ejusdem.
767 2577 992 2633 Solebat
1041 2574 1261 2630 Balaam
1309 2576 1503 2633 iisdem
1554 2580 1843 2635 sacriﬁciis
1890 2580 1976 2635 in—

384 2688 579 2727 vocare
624 2670 915 2726 daemonia.
973 2667 1252 2736 Ejusmodi
1306 2668 1454 2723 enim
1506 2672 1783 2726 sacriﬁcia
1835 2672 1973 2726 oile-

386 2767 646 2819 rcbantnr
674 2763 728 2816 in
762 2762 967 2819 mundo
992 2760 1524 2817 daemoniistcirco
1545 2765 1686 2819 Deus
1720 2782 1749 2817 a
1781 2765 1969 2833 priore

384 2856 582 2928 populo
636 2855 907 2911 sacriﬁcia
952 2856 1210 2925 exigebat
1235 2894 1251 2920 ,
1303 2864 1357 2909 ut
1391 2871 1454 2912 ea
1494 2856 1788 2912 oﬁ‘erentes
1820 2858 1927 2912 Dco
1954 2899 1970 2919 ,

384 2960 670 3005 cessarent
717 2948 917 3004 oil’erre
960 2949 1267 3006 daemoniis.
1344 2948 1487 3018 Quin
1549 2960 1606 3007 et
1654 2951 1975 3023 plerumque

384 3040 631 3111 symbola
665 3050 846 3096 erant.

460 3218 729 3288 Ejusdem.
778 3218 961 3273 Hom»
984 3220 1168 3290 itaque
1211 3220 1386 3277 factus
1419 3221 1672 3277 Salvator
1702 3222 1850 3277 misit
1886 3223 1969 3276 di-
1999 3200 2039 3256 (ἶ

380 3312 622 3377 ειπίνιιιοε
650 3326 781 3366 suos
822 3313 898 3366 uti
928 3313 1207 3368 solverent
1245 3316 1483 3377 asinam,
1525 3316 1626 3369 hoc
1653 3326 1758 3381 est,
1788 3331 1817 3369 e
1850 3315 1967 3368 vin-

381 3407 521 3460 culis
562 3407 765 3475 quibus
817 3423 937 3461 eam
1002 3408 1255 3478 alligarat
1312 3411 1626 3463 adversaria
1686 3419 1969 3479 potestas,

382 3499 648 3568 spiritalis
692 3499 935 3554 Balaam.
988 3500 1056 3554 Et
1088 3500 1324 3555 solutam
1371 3502 1717 3555 adduxerunt
1760 3503 1827 3556 ad
1881 3500 1970 3555 .lc-

380 3607 527 3658 sunt,
559 3601 613 3647 et
652 3593 1032 3664 imposuerunt
1087 3594 1259 3650 asina:
1304 3595 1622 3649 vestimenta
1651 3632 1667 3658 ,
1708 3595 1809 3650 hoc
1847 3606 1967 3658 est,

380 3686 611 3741 virtutes
641 3686 994 3757 evangelicas
1022 3726 1039 3753 ,
1084 3696 1139 3740 ct
1175 3686 1479 3753 ascendens
1526 3686 1778 3742 Salvator
1806 3703 1971 3757 super

378 3791 523 3838 eam,
552 3775 783 3829 intravit
813 3776 863 3829 in
894 3785 1138 3830 sanctam
1187 3775 1497 3829 civitatem.

450 3866 520 3920 Et
570 3869 850 3935 assumpsit
911 3868 1079 3922 Balac
1124 3868 1295 3935 ipsum
1336 3866 1562 3921 Balaam
1619 3867 1674 3921 in
1725 3869 1967 3922 verticem

2087 1941 2339 2015 σώματος
2366 1943 2556 2015 ἑτέρω
2592 1942 2733 2015 ἔργα
2771 1944 3058 2016 γινόμενα,
3100 1946 3197 2000 καὶ
3231 1947 3293 2000 ὲν
3339 1949 3450 2010 τοῖς
3490 1947 3678 2019 κρείτ-

2084 2052 2200 2089 τοσι
2244 2034 2342 2089 καὶ
2390 2035 2453 2088 ἑν
2500 2037 2615 2099 τοῖς
2653 2034 2915 2107 χείροσιν.
2954 2030 3081 2090 Οἷσιν
3119 2034 3196 2100 ὡς
3224 2036 3294 2090 τὰ
3320 2035 3581 2107 γινόμενα
3618 2038 3677 2091 ἐν

2083 2127 2346 2199 Αἰγύπτῳ
2380 2127 2487 2181 ὑπὸ
2509 2128 2718 2199 Μωῦσῆ
2750 2128 2847 2182 καὶ
2902 2126 3113 2199 Ἀαρὼν
3132 2128 3357 2185 καὶτῶν
3384 2128 3675 2184 ὲπαοιδῶν.

2096 2217 2250 2271 Ἀλλά
2293 2218 2701 2292 συγκρινομένη
2739 2220 2773 2290 ἠ
2814 2218 2936 2273 θεία
2963 2220 3193 2291 δύναμις
3222 2220 3358 2291 πρὸς
3391 2219 3490 2291 τὴν
3530 2218 3677 2272 ἀντι-

2083 2309 2349 2382 κειμένην
2390 2311 2533 2365 κατά
2575 2310 2870 2382 πρόσωπον
2890 2310 2998 2366 τῶν
3040 2311 3509 2383 ἁμφὶϐαλλόντων,
3535 2310 3676 2380 αὕτη

2083 2402 2115 2470 ἡ
2153 2399 2272 2453 θεία
2300 2400 2530 2473 δύναμις
2561 2402 2716 2473 νικᾷ’
2750 2401 2827 2464 ὡς
2872 2403 2907 2471 ἡ
2948 2401 3141 2473 ῥάϐδος
3184 2402 3397 2473 Μωῦσῆ
3436 2402 3536 2466 τάς
3564 2400 3677 2455 τῶν

2082 2490 2352 2545 ὲπαοιδῶν
2390 2491 2618 2563 ῥάϐδους
2655 2493 2937 2548 κατέπιεν.

2160 2574 2269 2639 Τὸῦ
2298 2586 2514 2639 αὐτοῦ.
2540 2586 2738 2640 Εἰώθει
2770 2589 2799 2639 6
2823 2586 3054 2658 Βαλαὰμ
3078 2591 3203 2650 ταῖς
3239 2588 3432 2652 αὐταῖς
3460 2588 3675 2650 θυσίαις

2083 2676 2403 2749 θεραπεύων
2446 2678 2873 2751 προσκαλεῖσθαι
2907 2679 3035 2742 τοὺς
3071 2679 3350 2748 δαίμονας.
3413 2679 3672 2732 Τοιαῦται

2081 2768 2190 2839 γὰρ
2216 2770 2271 2823 αἱ
2300 2767 2479 2822 θυσίαι
2510 2768 2792 2823 ἐτελοῦντο
2836 2772 2893 2823 ὲν
2933 2771 3123 2841 κόσμῳ
3153 2772 3266 2830 τοῖς
3307 2769 3541 2840 δαίμοσι.
3575 2766 3675 2821 Διά

2080 2862 2239 2916 τοῦτο
2266 2858 2358 2915 οῦν
2388 2865 2417 2916 6
2445 2862 2578 2925 Θεὸς
2617 2862 2831 2926 θυσίαις
2860 2864 3082 2916 ἀπαιτεῖ
3112 2862 3202 2915 τὸν
3239 2861 3454 2932 πρῶτον
3500 2859 3628 2912 λαὸν
3654 2899 3669 2921 ,

2082 2950 2169 3003 ἵνα
2222 2950 2311 3003 διὰ
2358 2952 2420 3003 τὸ
2454 2951 2863 3023 προσφέρεσθαι
2905 2952 2983 3023 τῷ
3022 2951 3142 3021 Θεῷ
3170 2991 3184 3014 ,
3244 2949 3564 3020 καταργηθῇ
3610 2949 3674 3001 τὸ

2084 3042 2497 3115 προσφέρεσθαι
2527 3044 2642 3106 τοῖς
2670 3042 2941 3115 δαίμοσιν·
2974 3044 3021 3096 εί
3053 3043 3148 3097 καὶ
3172 3042 3242 3095 τὰ
3275 3041 3509 3113 μάλιστα
3534 3039 3675 3110 σύμ-

2082 3134 2213 3188 ϐολα
2254 3131 2419 3206 ἦσαν.

2150 3227 2261 3282 Τοῦ
2287 3226 2495 3281 αὑτοῦ.
2530 3227 2990 3299 Ἐνανθρωπήσας
3012 3223 3104 3281 οὖν
3124 3230 3151 3279 6
3170 3226 3360 3299 Σωτὴρ
3382 3224 3669 3279 ἀπέστειλε

2072 3320 2199 3382 τοὺς
2236 3319 2487 3390 μαθητὰς
2518 3318 2685 3373 αὐτοῦ
2716 3320 2801 3372 ἵνα
2831 3319 3035 3373 λύσωσι
3072 3320 3173 3390 τὴν
3206 3319 3356 3383 ὄνον,
3390 3318 3669 3372 τουτέστιν

2071 3412 2138 3463 ὲκ
2168 3409 2277 3462 τῶν
2304 3408 2521 3480 δεσμῶν
2546 3404 2621 3464 ὧν
2652 3410 2841 3481 ἔδησεν
2880 3412 2913 3481 ὴ
2955 3409 3305 3480 ἀντικειμένη
3346 3408 3595 3477 δύναμις,
3639 3409 3669 3460 6

2072 3500 2263 3573 νοητὸς
2290 3501 2551 3573 Βαλαάμ⁸
2584 3501 2681 3556 καὶ⁷
2709 3500 2973 3564 λύσαντες
3011 3501 3218 3570 ἤγαγον
3260 3500 3395 3571 πρὸς
3435 3499 3527 3552 τὸν
3571 3499 3673 3569 Ὶη-

2074 3594 2234 3657 σοῦν,
2263 3594 2358 3648 καὶ
2389 3593 2669 3656 ἐπιθέντες
2710 3596 2777 3664 τῇ
2806 3593 2913 3663 ὄνῳ
2948 3592 3016 3645 τὰ
3051 3592 3263 3662 ἱμάτια,
3293 3590 3540 3644 τουτέστι
3569 3589 3669 3652 τὰς

2072 3686 2277 3758 ἀρετὰς
2306 3686 2402 3739 τοῦ
2432 3686 2772 3755 Εὑαγγελίου
2794 3703 2806 3717 ·
2841 3688 2935 3739 καὶ
2977 3685 3304 3747 ἐπικαθίσας
3332 3683 3470 3754 αὐτῇ
3502 3684 3531 3734 6
3554 3683 3668 3735 Σω-

2071 3777 2176 3849 τὴρ
2206 3777 2458 3848 εἰσῆλθεν
2485 3778 2566 3841 εἰς
2608 3777 2707 3847 τὴν
2745 3778 2908 3845 ἁγίαν
2937 3778 3113 3831 πόλιν.

2141 3872 2253 3925 Kal
2284 3871 2583 3939 παρέλαϐε
2623 3872 2829 3925 Βαλὰκ
2857 3870 2963 3924 τὸν
3004 3869 3251 3938 Βαλαὰμ
3277 3869 3376 3923 ἐπὶ
3422 3868 3536 3937 τὴν
3566 3886 3667 3922 κο-

380 3959 599 4029 Plrogor
625 3962 689 4013 ⁵⁸.
719 3960 1083 4015 Existimabat
1128 3960 1290 4014 Baiae
1332 3959 1573 4013 Balaami
1619 3970 1793 4014 artem
1836 3961 1969 4016 locis

2077 3962 2272 4031 βορὴν
2308 3962 2416 4017 τοῦ
2458 3962 2678 4032 Φογὼρ.
2727 3962 3143 4032 Ὑπελάμϐανεν
3198 3964 3227 4015 6
3274 3962 3458 4015 Βαλὰκ
3498 3976 3667 4032 μεμε-

378 4052 651 4107 concludi.
693 4054 1037 4123 Quapropter
1066 4051 1366 4122 assumpsit
1408 4066 1532 4106 eum
1596 4051 1649 4105 in
1702 4054 1966 4108 verticem

380 4144 597 4214 Phogor
620 4186 635 4210 ,
690 4155 892 4214 putans
918 4144 1068 4200 hunc
1102 4160 1323 4216 magum
1359 4144 1485 4199 inde
1521 4159 1682 4214 posse
1734 4146 1965 4199 maledi-

378 4253 506 4293 cere
541 4238 797 4307 populum
845 4237 960 4294 Dei.
995 4238 1213 4307 Pliogor
1247 4237 1362 4309 (46)
1413 4248 1595 4293 autem
1636 4238 1969 4309 interpreta-

382 4342 470 4385 tur
502 4329 737 4383 suavitas
762 4370 777 4392 ,
816 4328 897 4382 vel
937 4330 1047 4381 oris
1068 4328 1245 4397 pellis,
1275 4328 1378 4381 hoc
1409 4336 1519 4390 est,
1555 4343 1799 4380 stnnmus
1837 4344 1967 4397 gra-

376 4424 482 4499 ‘rlus
510 4421 822 4490 voluptatis,
856 4429 909 4473 et
944 4435 1095 4474 mors
1127 4418 1301 4472 verbi.
1336 4418 1497 4488 273
1544 4416 1698 4473 Unde
1746 4417 1966 4473 Balaam

382 4516 683 4569 ronabatur
714 4512 1041 4568 maledicere
1076 4510 1333 4581 populum
1371 4510 1486 4565 Dei.

458 4693 730 4764 Ejusdem.
770 4694 884 4747 Duo
908 4701 1034 4746 sunt
1065 4690 1302 4746 culmina
1341 4690 1582 4756 virtutis,
1623 4702 1678 4743 et
1718 4688 1963 4743 malitia}.

380 4786 596 4857 Moyses
626 4786 693 4841 ad
727 4784 965 4850 virtutis,
999 4782 1223 4838 Balaam
1252 4797 1381 4838 vero
1408 4782 1474 4836 ad
1502 4782 1721 4837 malitiae
1748 4781 1964 4836 culmen

379 4878 647 4933 ascendit.

453 5056 713 5122 Nonivit,
764 5057 899 5111 sicut
943 5067 1249 5111 consuetum
1304 5056 1352 5110 ei
1394 5066 1530 5123 erat,
1578 5057 1632 5110 in
1681 5074 1959 5111 occursans

380 5149 630 5217 auspiciis
675 5147 741 5205 ".
803 5147 899 5202 Hic
958 5146 1177 5202 Balaam
1238 5149 1546 5220 symbolum
1605 5158 1728 5202 erat
1778 5148 1959 5221 populi

381 5241 599 5310 gentiIis
633 5240 723 5309 qui
774 5240 1105 5311 sequebatur
1159 5239 1313 5313 prius
1358 5240 1626 5309 auspicia,
1669 5250 1725 5293 at
1772 5242 1962 5295 videns

380 5333 666 5391 Dominum
710 5336 793 5389 bis
824 5349 929 5388 non
966 5334 1197 5404 expleri,
1243 5334 1500 5389 cessavit.
1526 5334 1664 5400 Quin
1700 5347 1755 5389 et
1794 5338 1965 5390 iutcr-

379 5436 628 5494 pretatur
672 5443 841 5481 vatius
889 5426 1139 5496 populus,
1185 5425 1328 5482 ﬁlius
1366 5438 1549 5481 autem
1613 5425 1750 5482 Βουπ-
1791 5428 1961 5484 inter-

467 5570 513 5603 “
554 5571 713 5626 Num.
744 5586 883 5637 xm,
910 5570 1002 5626 ‘22.
1079 5569 1124 5607 ”
1148 5570 1281 5627 ibid.
1304 5570 1396 5628 55.
1472 5570 1516 5607 "
1539 5571 1698 5631 Num.
1736 5589 1893 5638 xxttt,
1924 5574 1977 5629 l.

458 5706 565 5783 (46)
595 5710 824 5781 Phogor,
858 5711 1125 5768 Hebraice
1166 5719 1310 5776 ηυξ)
1354 5710 1507 5766 reddi
1538 5723 1717 5779 potest
1752 5732 1769 5765 ι
1803 5714 1956 5783 pellis

385 5780 496 5836 oris
524 5799 540 5832 ι
579 5796 640 5833 ex
670 5780 773 5845 ’τήν
801 5800 818 5832 ι
853 5783 1031 5853 pellis,
1056 5784 1199 5841 cutis
1230 5803 1247 5835 ι
1291 5794 1341 5839 et
1367 5790 1444 5842 na
1477 5799 1495 5833 ι
1528 5785 1748 5845 os,oris.
1773 5804 1792 5835 ι

2069 4056 2348 4127 τρημένην
2387 4056 2485 4127 τὴν
2532 4056 2730 4127 τέχνην
2766 4055 2862 4109 τοῦ
2908 4054 3137 4125 Βαλαὰμ
3188 4055 3249 4109 ὲν
3292 4058 3405 4119 τοῖς
3457 4055 3662 4118 τόποις.

2069 4145 2161 4198 Διὸ
2184 4145 2606 4218 παρελάμϐανεν
2634 4146 2797 4201 αὑτὸν
2825 4148 2904 4210 εἰς
2925 4147 3024 4218 τὴν
3049 4147 3293 4218 κορυφὴν
3330 4146 3423 4200 τοῦ
3447 4145 3660 4218 Φογὼρ,

2067 4238 2313 4307 οἰόμενος
2358 4237 2565 4307 ἰσχύειν
2609 4238 2702 4291 τὸν
2755 4238 2930 4309 μάγον
2967 4238 3177 4291 ἐκεῖθεν
3220 4238 3530 4309 ἀράσασθαι
3570 4237 3663 4291 τὸν

2068 4325 2197 4381 λαὸν
2248 4327 2343 4380 τοῦ
2390 4326 2526 4379 Θεοῦ
2559 4327 2651 4381 τὸν
2682 4328 2931 4398 Βαλαάμ.
2960 4326 3153 4399 Φογὼρ
3197 4327 3253 4381 δὲ
3300 4328 3661 4399 ἑρμηνεύεται

2068 4418 2367 4488 ἡδυσμὸς,
2403 4420 2765 4491 ἢστόματος
2803 4420 3010 4487 δέρμα,
3046 4419 3324 4471 τουτέστιν
3348 4458 3362 4481 ,
3422 4420 3663 4490 ἀκρότης

1996 4543 2045 4603 D
2073 4512 2412 4583 φιληδονίας,
2470 4513 2564 4565 καὶ
2594 4514 2863 4583 νεκρότης
2910 4511 3091 4603 λύγου.
3276 4503 3352 4563 ὧν
3402 4510 3663 4581 ἐπειρᾶτο

2073 4603 2384 4675 ἀράσασθαι
2422 4604 2514 4657 τὸν
2552 4604 2680 4657 λαὸν
2705 4603 2796 4656 τοῦ
2833 4602 2968 4655 Θεοῦ
2999 4604 3027 4655 6
3059 4601 3306 4671 Βαλαάμ.

2150 4696 2263 4751 Τοῦ
2306 4696 2513 4750 αὐτοῦ.
2554 4696 2658 4749 Δύο
2687 4694 2793 4748 εἰσὶ
2820 4694 3075 4765 κορυφαὶ,
3118 4693 3396 4747 τουτέστιν
3423 4691 3660 4763 ἀκροτά-

2073 4805 2172 4859 της
2201 4788 2549 4861 (ᾆδ’)ἀρετῆε,
2587 4787 2681 4842 καὶ
2708 4787 2808 4857 τῆς
2836 4786 3053 4849 κακίας·
3088 4786 3183 4839 καὶ
3218 4787 3247 4838 6
3290 4785 3389 4856 μὲν
3421 4785 3661 4857 Μωῦσῆς

2075 4880 2167 4933 ἐπὶ
2194 4881 2257 4934 τὸ
2289 4882 2457 4952 ἄκρον
2498 4880 2596 4951 τῆς
2642 4879 2845 4950 ἀρετῆς
2888 4878 3251 4949 ἀναϐέϐηκεν,
3286 4879 3314 4930 6
3345 4876 3403 4931 δὲ
3431 4876 3662 4949 Βαλαὰμ

2074 4972 2167 5025 ἐπὶ
2200 4972 2262 5025 τὸ
2281 4972 2450 5044 ἄκρον
2483 4972 2582 5043 τῆς
2617 4970 2834 5034 κακίας.

2146 5065 2270 5117 Οὐκ
2306 5063 2599 5130 ἐπορεύθη
2634 5063 2785 5116 κατὰ
2808 5062 2874 5115 τὸ
2901 5061 3105 5128 ειωθὸς
3128 5060 3288 5125 αὐτῷ
3312 5062 3401 5125 εὶς
3434 5059 3660 5113 συνάν-

2070 5172 2250 5224 τησιν
2278 5155 2403 5221 τοῖς
2425 5154 2675 5222 οἰωνοῖς.
2712 5153 2987 5225 Σύμϐολον
3017 5155 3164 5207 ἐστιν
3197 5155 3224 5206 6
3252 5152 3479 5223 Βαλαὰμ
3508 5144 3662 5213 οὗτος

2067 5245 2163 5300 τοῦ
2197 5247 2262 5300 ὲκ
2294 5246 2403 5299 τῶν
2431 5244 2603 5300 ἐθνῶν
2630 5244 2759 5299 λαοῦ
2796 5245 2945 5307 ὅστις
2986 5243 3346 5315 ἐπηκολούθει
3388 5245 3501 5303 τοῖς
3536 5243 3660 5293 ala»

2069 5342 2179 5402 νοῖς
2211 5339 2273 5393 τὸ
2304 5338 2586 5412 πρότερον,
2611 5340 2773 5406 γνοὺς
2800 5337 2859 5391 δὲ
2889 5338 2969 5390 ὅτι
2994 5336 3287 5410 ἀκόρεστὸν
3308 5337 3427 5387 ἐστι
3447 5331 3657 5404 Κυρίῳ,

2069 5432 2133 5486 οὐ
2177 5430 2495 5503 προσέθετο·
2535 5430 2674 5485 ἀλλά
2716 5430 2823 5503 μὴν
2867 5430 2962 5484 καὶ
3013 5426 3375 5503 ἑρμηνεύεται
3409 5423 3662 5494 μάταιος

2090 5576 2136 5609 ⁸⁸
2173 5575 2302 5631 ibid.
2331 5574 2422 5631 28.
2524 5574 2569 5609 δ’
2598 5574 2756 5630 Num.
2787 5590 2936 5641 xxiv,
2970 5575 3020 5629 Ι.

2138 5714 2276 5784 (46‘)
2308 5713 2475 5769 Forte
2495 5714 2784 5781 legendum
2807 5731 2819 5767 ι
2846 5712 2949 5766 Δύο
2965 5712 3067 5767 εἰσὶ
3095 5708 3351 5783 κορυφαὶ,
3381 5704 3661 5761 τουτέστιν

2064 5784 2386 5857 ἀκρότητες,
2413 5784 2617 5855 ἀρετῆς
2650 5785 2743 5837 καὶ
2766 5784 2991 5847 κακίας.

3590 374 3696 431 59ςῦ
