4124 6452
423 322 519 377 581
1643 306 1955 363 SEI.E(,'.TA
1991 301 2055 358 IN
2096 301 2453 359 NUMEROS.

420 438 594 505 λαὸς,
643 436 760 501 υίὸς
792 434 849 488 δὲ
891 432 1045 505 Βεὼρ
1101 428 1462 501 ἑρμηνεύεται
1508 425 1881 495 δερμάτινος.
1940 421 2014 475 Τὸ

2126 430 2370 490 pri-tatur
2399 418 2667 488 pellicem.
2703 418 2884 474 Vanus
2920 429 3038 474 erat
3081 418 3236 490 juxta
3282 420 3518 489 priorem
3553 440 3688 492 gen-

428 533 527 604 μὲν
571 532 798 603 μάταιος
825 524 894 600 ἦν
922 525 1064 580 κατὰ
1092 524 1155 577 τὸ
1183 523 1447 595 πρότερον
1484 520 1593 573 τῶν
1633 519 1825 582 ἐθνῶν,
1865 518 2019 588 Βεὼρ

2130 513 2263 564 tium
2308 511 2520 564 vivendi
2580 526 2809 577 morem,
2859 513 2996 568 Beor
3049 523 3228 565 autem
3278 513 3432 582 juxta
3469 519 3707 585 priorem

3601 304 3708 357 589.
3778 332 3799 345 ν

422 624 481 679 δὲ
506 624 601 678 τοῦ
624 625 683 676 ἐν
716 620 1037 693 ματαιότητι
1066 616 1163 671 καὶ
1194 617 1252 669 ὲν
1284 614 1573 686 νεκρότητι
1611 610 1755 667 κατὰ
1789 611 1851 665 τὸ
1881 609 2017 680 πρό-

422 730 581 786 τερον
606 710 867 782 δηλονότι.

498 806 836 872 Ἀνθρωπος
866 804 900 856 ὀ
930 796 1231 868 ἀληθινῶς
1257 795 1433 866 ὁρῶν.
1479 794 1622 866 Ἐγὼ
1662 798 1693 850 6
1733 796 1862 851 ποτὲ
1909 795 2017 848 Βα-

426 898 603 967 λαὰμ,
653 897 682 949 ὁ
725 895 854 958 λαὸς
897 896 927 948 6
975 894 1232 965 μάταιος,
1284 890 1557 955 διανοίξας
1600 892 1726 954 τοὺς
1764 889 1876 943 ἔσω
1916 905 2017 959 μου

425 987 737 1059 ὀφθαλμοὺς
763 984 858 1039 τοῦ
886 984 1026 1051 νοὸς,
1068 985 1165 1037 καὶ
1196 980 1318 1036 ἰδὼν
1354 982 1447 1036 τὸν
1487 980 1858 1053 πνευματικόν
1886 997 2018 1033 ποτε

439 1079 675 1152 Ἰσραὴλ,
733 1078 829 1133 καὶ
878 1076 977 1149 τὴν
1019 1077 1141 1133 κατ’
1186 1075 1351 1129 αὑτὸν
1388 1075 1727 1147 οἰκονομίαν,
1781 1075 1880 1146 τῆς
1920 1073 2018 1128 τοῦ

429 1173 584 1241 ἁγίου
629 1170 945 1242 Πνεύματος
986 1166 1265 1239 ἀξιοῦμαι.
1322 1168 1434 1239 Οὐχ
1481 1167 1715 1240 ἁρμόζει
1755 1166 1835 1239 τῷ
1882 1167 2016 1221 ποτὲ

428 1260 661 1334 Βαλαὰμ
715 1264 815 1327 τὸ,
882 1279 901 1312 t
970 1260 1140 1332 Φησὶν
1204 1261 1234 1313 6
1305 1258 1591 1331 ἄνθρωπος
1656 1262 1685 1315 ὁ
1751 1260 2021 1331 ἀληθινῶς

430 1354 603 1427 ὁρῶν,
644 1372 664 1406 ι
704 1353 799 1407 καὶ
844 1352 915 1407 τὰ
940 1351 1089 1423 ἑξῆς,
1115 1352 1229 1406 ἁλλ’
1251 1350 1482 1423 ἁρμόζει
1526 1352 1606 1425 τῷ
1631 1352 1728 1407 νῦν
1765 1353 2015 1426 Βαλαάμ.

516 1447 612 1514 Ὧς
635 1446 809 1502 κα»ιοί
837 1448 892 1500 οὶ
912 1442 1066 1502 οἴκοι
1090 1460 1229 1509 σου,
1268 1445 1486 1513 Ἰακὼϐ,
1520 1448 1580 1499 αἱ
1614 1447 1839 1513 σκηναί
1876 1462 2017 1509 σου.

444 1538 703 1608 Ἰσραήλ.
753 1537 826 1591 Τὸ
865 1536 1034 1608 ὖνομα
1073 1535 1169 1590 τοῦ
1210 1534 1426 1601 Ἰακὼϐ,
1465 1538 1525 1591 ού
1556 1538 1648 1593 τοῦ
1685 1538 2019 1605 ἐνοικοῦντός

431 1630 600 1692 ἐστιν,
653 1626 790 1683 ἁλλὰ
828 1626 921 1681 τοῦ
964 1627 1133 1681 οῐκου·
1183 1628 1246 1681 τὸ
1288 1628 1345 1682 δὲ
1398 1627 1495 1682 τοῦ
1552 1631 1768 1702 Ἰσραὴλ
1818 1630 2016 1703 ὄνομα,

429 1717 525 1773 τοῦ
555 1715 891 1781 ἐνοικοῦντός
917 1717 1053 1772 ἐστι’
1088 1716 1181 1771 τοῦ
1214 1715 1321 1790 γὰρ
1353 1720 1668 1791 σωματικοῦ
1696 1721 2020 1793 πράγματός

429 1811 547 1865 ἐστι
573 1810 659 1876 τὸ,
706 1808 924 1863 Ἰακώϐ.

511 1902 672 1957 ’.Ωσεί
703 1900 887 1956 νάπαι
910 1901 1281 1966 σκιάῶυσαι.
1318 1903 1506 1958 Νάπαι
1524 1903 1711 1976 νοηταί
1739 1904 1846 1958 εἰσι
1866 1903 2020 1959 σκιά-

431 1992 618 2056 ζουσαι
656 1992 717 2046 τὸ
749 1995 808 2047 ὲν
846 1985 892 2062 ᾧ
924 1992 1119 2062 λογικὰ
1155 1992 1407 2066 ἔγκαρπα
1456 1995 1550 2049 καὶ
1593 1995 1886 2065 κατάκομα
1920 1996 2022 2066 τῆς

433 2085 821 2157 πραγματικῆς
862 2084 1087 2156 ἀρετῆς.
1127 2084 1453 2157 Παράδεισοι
1493 2086 1586 2140 ἐπὶ
1625 2087 1871 2157 ποταμόν
1913 2089 2020 2142 εἰσι

432 2177 631 2244 νοητοὶ,
660 2176 825 2240 τοπὸς
853 2177 911 2230 ὲν
932 2169 977 2243 ᾧ
1001 2176 1195 2245 λογικὰ
1226 2178 1558 2249 πεφύτευται
1600 2178 1871 2251 ἀρδόμενα
1902 2178 2020 2249 ἦτοι

432 2271 498 2339 τῇ
545 2267 755 2340 θεωρίᾳ
785 2267 895 2323 τῶν
934 2270 1267 2340 γεγονότων,
1309 2271 1343 2341 ἦ
1386 2273 1454 2343 τῇ
1492 2270 1697 2343 θεωρίᾳ
1726 2270 1824 2342 τῆς
1855 2271 2019 2341 ἁγίας

435 2359 479 2411 Τ
483 2359 685 2430 ριάδος.

513 2530 626 2585 Τοῦ
658 2532 867 2590 αὑτοῦ.
902 2535 964 2589 Οί
995 2534 1055 2589 ὲν
1088 2537 1315 2607 σκηναῖς
1344 2536 1640 2601 οἰκοῦντες,
1680 2538 1792 2594 τῶν
1816 2537 2023 2593 ὁδευόν-

436 2640 545 2675 των
576 2623 703 2687 εἰσί,
740 2626 835 2679 καί
876 2624 1024 2679 ἐστιν
1055 2626 1160 2691 ἔξω
1188 2628 1281 2682 τοῦ
1308 2628 1514 2699 κόσμου
1550 2628 1739 2682 τούτου
1773 2630 1889 2695 ὁδὸς
1925 2648 2023 2702 με-

438 2714 577 2786 γάλη
608 2716 702 2770 καὶ
729 2716 919 2771 πολλαί
944 2718 1158 2791 σκηναί.
1192 2720 1254 2774 Οί
1285 2720 1636 2787 ἐνοικοῦντες,
1662 2723 1764 2777 οὐκ
1786 2724 1891 2778 εἰσὶ
1913 2724 2021 2777 τῶν

436 2803 748 2871 ὁδευόντων,
788 2806 923 2861 ἁλλὰ
951 2808 1060 2863 τῶν
1090 2809 1416 2880 ἱσταμένων.

520 2984 678 3039 Ὠσεί
708 2955 906 3053 κέδροι
928 2985 1065 3052 παρ’
1090 2984 1298 3039 ὕδατα.
1331 2986 1526 3057 Κέδρθι
1549 2988 1655 3041 εἰσί⁵
1675 2990 1867 3060 νοηταὶ
1890 2991 2021 3062 παρ’

2122 618 2325 656 morem
2360 603 2505 657 illius
2534 605 2710 674 populi
2745 608 2836 675 qui
2862 606 2914 659 in
2942 608 3185 662 vanitate
3204 618 3259 664 et
3291 610 3345 664 itt
3373 620 3546 666 morte
3583 628 3703 665 am-

2124 692 2365 748 bttlabal.

2194 786 2365 840 llomo
2390 804 2502 841 vere
2531 788 2711 841 videns
2752 787 2822 841 '°.
2859 787 2970 858 Ego
3024 790 3150 843 olim
3203 790 3446 858 Balaam,
3481 793 3708 861 populus

2121 891 2316 951 nempe
2353 892 2543 943 vanus,
2576 878 2778 949 apertis
2809 880 3165 937 interioribus
3190 883 3389 937 mentis
3420 897 3551 937 mea:
3576 899 3708 938 ocu-

2122 968 2208 1036 lis,
2253 978 2309 1025 et
2341 970 2535 1025 videns
2581 971 2882 1041 spiritalem
2939 971 3127 1039 Israel,
3176 973 3522 1045 divinumque
3572 989 3706 1046 erga

2120 1077 2245 1116 eum
2285 1063 2667 1129 (Bconomiam,
2707 1062 2903 1133 dignus
2930 1064 3133 1118 habeor
3171 1079 3329 1134 quem
3375 1078 3525 1134 regat
3578 1066 3705 1134 Spi-

2123 1153 2261 1208 ritus
2293 1164 2543 1212 sanctus.
2576 1152 2694 1209 Non
2724 1157 2977 1211 convenit
3012 1167 3194 1211 autem
3236 1155 3403 1208 veteri
3449 1154 3711 1210 Balaamo

2122 1245 2308 1301 isutd:
2350 1264 2369 1296 ι
2412 1245 2549 1299 Dicit
2576 1247 2731 1300 homo
2774 1263 2886 1301 uere
2909 1246 3114 1315 ridens,
3161 1264 3179 1295 ι
3223 1256 3358 1310 ete.,
3387 1246 3480 1300 sed
3522 1246 3570 1301 ci
3612 1248 3705 1317 qui

2123 1353 2265 1391 nunc
2296 1348 2403 1404 est,
2441 1336 2688 1391 Balaam.

2193 1428 2367 1495 Quam
2406 1428 2553 1484 bona:
2582 1431 2770 1485 domus
2805 1439 2931 1491 tuae,
2970 1428 3164 1495 Iacob,
3211 1428 3555 1484 tabernacula
3591 1441 3709 1491 tua.

2123 1521 2295 1577 Israel
2350 1524 2419 1575 δι.
2483 1521 2690 1577 Nomen
2745 1521 2950 1587 Jacob,
3004 1538 3110 1576 non
3186 1521 3542 1576 inhabitantis
3600 1538 3703 1576 no-

2124 1626 2245 1669 men
2285 1623 2388 1678 est,
2431 1616 2524 1669 sed
2572 1613 2950 1669 habitationis.
3008 1612 3217 1667 Nomen
3275 1622 3457 1667 autem
3515 1610 3703 1674 Israel,

2122 1716 2204 1760 est
2256 1705 2643 1765 inhabitantis.
2688 1704 2782 1760 Rei
2845 1707 2991 1760 enim
3033 1719 3316 1774 corporea:
3361 1719 3559 1760 nomen
3622 1714 3712 1759 est

2053 1771 2094 1827 Β
2120 1797 2312 1856 Jacolt.

2193 1886 2339 1943 Sicut
2396 1903 2612 1943 nemora
2671 1887 2975 1942 umbrautia
3020 1886 3090 1940 ³³.
3138 1885 3416 1956 Spiritalia
3479 1902 3705 1941 nemora

2124 1980 2434 2035 tmtbrantia
2463 1988 2594 2035 sunt
2643 1979 2772 2034 illud
2820 1978 2874 2033 in
2926 1992 3034 2046 quo
3085 1976 3435 2031 rationabiles
3482 1980 3711 2032 arbores

2124 2073 2422 2129 fructiferae
2471 2082 2530 2127 et
2573 2074 2711 2127 bene
2749 2080 2979 2126 comata:
3014 2078 3251 2125 strenua:
3297 2069 3535 2124 virtutis.
3583 2070 3707 2138 Spi-

2125 2164 2311 2220 ritales
2339 2164 2576 2233 paradisi
2601 2178 2765 2233 super
2794 2162 2995 2217 ﬂumen
3030 2169 3161 2216 sunt
3196 2160 3349 2216 locus
3394 2163 3447 2217 in
3485 2177 3594 2229 quo
3620 2178 3710 2215 ra-

2136 2256 2423 2313 tionabiles
2453 2257 2685 2311 arbores
2705 2255 2964 2326 plantam:
3009 2264 3155 2322 sunt,
3197 2267 3333 2323 quas
3393 2253 3585 2321 irrigat
3618 2252 3707 2307 vel

2130 2344 2515 2416 contemplatio
2548 2360 2729 2400 rerum
2765 2360 2888 2416 qua:
2916 2343 3199 2411 accidunt,
3232 2342 3317 2399 vel
3369 2342 3709 2414 contempla-

2127 2441 2204 2497 tio
2231 2448 2434 2495 sanctae
2463 2434 2773 2493 Trinitatis.

2194 2532 2468 2602 Ejusdem.
2521 2532 2622 2599 Qui
2665 2533 2718 2586 in
2780 2530 3144 2587 tabernaculis
3184 2529 3471 2598 habitant,
3522 2544 3554 2584 e
3601 2546 3707 2586 nu-

2127 2639 2280 2680 mero
2345 2624 2615 2679 viatorum
2675 2632 2843 2690 sunt,
2904 2633 2960 2678 et
3010 2631 3163 2678 extra
3238 2623 3383 2677 hunc
3448 2623 3711 2677 mundmn

2124 2724 2211 2772 est
2260 2717 2345 2771 via
2401 2732 2595 2788 magna
2641 2726 2696 2772 et
2749 2715 3097 2773 tabernacula
3157 2715 3346 2771 multa.
3400 2716 3503 2785 Qui
3548 2718 3702 2773 initae

2128 2808 2321 2876 bitant,
2357 2824 2465 2864 non
2510 2817 2640 2863 sunt
2682 2823 2713 2864 e
2756 2809 3044 2876 viatorum,
3093 2808 3191 2865 sed
3227 2823 3259 2863 e
3300 2809 3565 2865 stantium
3599 2826 3710 2865 ιλιι-ο

2128 2916 2300 2954 11101³0.

2201 2991 2351 3048 Sicut
2387 2991 2534 3047 cedri
2567 2990 2729 3060 juxta
2768 3007 2933 3060 aquas
2965 2990 3029 3045 ⁸³.
3076 2988 3234 3044 Cedri
3279 2989 3549 3059 spiritales
3586 3006 3715 3061 qua!

440 3075 607 3129 ὕδατα
644 3079 860 3144 φυείσαι
899 3075 1070 3147 ψυχαὶ
1106 3075 1320 3144 λογικαὶ
1370 3078 1664 3150 ἀρδόμεναι
1714 3082 1780 3151 τῇ
1825 3079 2022 3150 γνώσει

2126 3084 2279 3151 juxta
2323 3098 2491 3153 aquas
2551 3092 2871 3145 nascuntur,
2916 3081 3274 3136 rationabiles
3325 3092 3454 3138 sunt
3513 3083 3712 3140 animm

437 3166 539 3236 τῆς
571 3164 844 3236 ἀληθείας.

515 3258 627 3311 Καὶ
664 3259 966 3327 κυριεύσει
1013 3257 1207 3314 ἐθνῶν
1252 3259 1521 3316 πολλῶν.
1565 3261 1768 3336 Κύριός
1817 3264 1963 3319 ἐστιν
1999 3266 2028 3319 6

441 3349 862 3415 ὲξουσιαστικῶς
923 3352 1311 3424 προστάσσων,
1376 3354 1562 3420 δοῦλος
1601 3357 1657 3410 δὲ
1697 3359 1726 3411 6
1767 3358 2026 3422 δουλικῶς

440 3442 750 3497 ὑπακούων.
806 3442 1009 3515 Κύριός
1052 3445 1201 3499 ὲστιν
1233 3446 1395 3509 ότοῖς
1445 3446 1595 3510 ἰδίοις
1642 3448 1825 3512 πόνοις
1874 3449 2026 3502 ὀνού-

442 3551 605 3602 μενος
665 3534 759 3587 καὶ
820 3536 887 3604 τῇ
950 3534 1233 3606 κυριότητι
1302 3538 1680 3609 πεποιωμένος
1740 3540 2027 3611 ἐλεύθερος

439 3625 666 3689 πάθους.
724 3625 917 3690 Δοῦλός
957 3627 1103 3680 ἐστιν
1146 3629 1174 3680 ό
1212 3628 1463 3700 ἐμπαθὴς
1512 3630 1605 3683 καὶ
1657 3630 1876 3704 ἐπιδεὴς
1928 3632 2023 3685 106

439 3719 767 3791 κρείττονος,
818 3719 912 3772 καὶ
967 3718 1187 3791 χρῄζων
1228 3720 1328 3791 τῆς
1384 3722 1707 3787 ἐπιστασίας
1747 3722 1839 3777 τοῦ
1894 3724 2024 3778 ἰδίου

439 3810 651 3882 κυρίου.
708 3810 830 3863 Εἰσὶ
883 3810 942 3863 δὲ
1000 3809 1179 3883 κύριοι
1240 3810 1457 3873 πολλοὶ.
1529 3814 1789 3887 μακάριοι
1857 3815 1916 3870 δὲ
1973 3817 2024 3870 οἱ

438 3903 529 3956 16v
594 3901 800 3975 Κύριον
871 3901 1026 3973 ἡμῶν
1099 3902 1308 3975 Ἰησοῦν
1364 3903 1603 3977 Χριστὸν
1667 3906 1882 3978 ἔχοντες
1929 3908 2026 3964 κύ-

444 4013 575 4066 ριον.

512 4087 621 4141 Καὶ
651 4086 1035 4157 ὑψωθήσεται
1067 4087 1106 4154 ἡ
1142 4086 1280 4156 Γὼγ
1310 4088 1598 4153 ,ϐασιλεία
1628 4088 1834 4144 αὐτοῦ.
1864 4089 2025 4143 Βασιο

441 4179 558 4232 λεία
601 4178 726 4249 Γὼγ
760 4178 1122 4251 ἑρμηνεύεται
1155 4179 1401 4247 oliuae”.
1442 4180 1599 4233 Κατὰ
1641 4181 1769 4251 μίαν
1808 4181 1905 4251 μὲν
1937 4183 2027 4235 ὲκ-

440 4270 599 4343 δοχὴν
626 4271 835 4343 δόματά
865 4272 1011 4322 ἐστιν
1042 4269 1098 4321 αἱ
1141 4268 1343 4340 δωρεαὶ
1379 4268 1473 4322 τοῦ
1505 4270 1659 4339 ἁγίου
1687 4270 2022 4341 Πνεύματος·

442 4362 584 4417 κατὰ
616 4364 673 4417 δὲ
701 4362 886 4434 ἄλλην,
922 4380 939 4413 ι
985 4362 1045 4415 '0
1071 4363 1163 4416 ἐπὶ
1190 4361 1283 4416 τοῦ
1307 4361 1556 4433 δώματος
1624 4363 1698 4434 μὴ
1733 4363 2026 4418 καταϐάτω

2130 3188 2266 3244 quas
2291 3172 2481 3244 irrigat
2504 3170 2743 3242 cognitio
2773 3171 3044 3225 veritatis.

2200 3262 2267 3318 Et
2312 3261 2672 3319 dominabitur
2708 3261 2946 3331 gentibus
3000 3260 3180 3317 multis
3214 3262 3281 3321 ⁵⁸.
3322 3261 3585 3319 Dominus
3626 3274 3711 3321 est

2126 3357 2217 3427 qui
2250 3371 2372 3411 cum
2403 3363 2674 3426 potestate
2713 3356 2969 3424 imperat,
3004 3369 3194 3410 servus
3236 3370 3365 3413 vero
3397 3356 3489 3427 qui
3541 3356 3711 3412 servi-

2129 3451 2250 3504 liter
2273 3450 2474 3503 obedit.
2504 3448 2768 3503 Dominus
2797 3456 2880 3503 est
2909 3448 2995 3502 cui
3052 3448 3258 3517 proprii
3310 3449 3533 3503 labores
3581 3462 3712 3515 pro-

2126 3552 2275 3605 sunt,
2299 3552 2350 3595 et
2384 3554 2543 3609 quem
2577 3538 2877 3593 dominium
2918 3537 3047 3593 fecit
3079 3553 3108 3593 a
3145 3537 3549 3608 perturbatione
3571 3534 3709 3591 libe-

2129 3648 2268 3687 rum.
2334 3632 2536 3687 Servus
2585 3640 2670 3686 est
2721 3630 2807 3685 cui
2867 3630 3053 3687 insunt
3102 3630 3565 3700 perturbationes,
3615 3629 3709 3698 qui

2128 3722 2524 3794 praestantioris
2563 3721 2771 3776 auxilio
2830 3721 3056 3793 indiget,
3105 3722 3308 3792 quique
3359 3722 3561 3793 pmprii
3614 3722 3712 3776 do-

2128 3815 2257 3870 mini
2282 3830 2410 3869 cura
2440 3828 2578 3883 opus
2613 3812 2798 3868 habet.
2847 3810 2986 3871 Sunt
3039 3826 3220 3871 autem
3267 3812 3471 3868 domini
3518 3812 3706 3877 multi;

2127 3908 2271 3964 beati
2302 3919 2431 3960 vero
2459 3920 2691 3975 quorum
2734 3904 2998 3963 Dominus
3039 3916 3226 3965 noster
3262 3903 3422 3963 Jesus
3457 3904 3711 3961 Christus

2126 3999 2379 4054 dominus
2406 4009 2512 4055 est.
2863 4061 2873 4071 _

2197 4086 2266 4142 Et
2297 4084 2616 4142 excitabitur
2656 4081 2765 4155 Gog
2803 4097 3022 4153 regnum
3056 4080 3171 4150 ejus
3211 4080 3278 4133 ⁵⁸.
3310 4077 3558 4149 Regnum
3593 4076 3710 4148 Gog

2126 4177 2517 4248 interpretatur
2549 4190 2789 4229 munera.
2821 4171 2901 4235 Ae
2926 4172 3079 4243 juxta
3109 4187 3270 4231 unam
3297 4170 3514 4240 quidem
3544 4172 3712 4237 expli-

2127 4270 2396 4327 cationem
2430 4285 2654 4325 munera
2686 4278 2814 4324 sunt
2859 4266 2996 4321 dona
3044 4265 3283 4331 Spiritus
3320 4262 3515 4322 sancti,
3555 4258 3708 4326 juxta

2128 4361 2288 4416 aliam
2343 4375 2473 4415 vero
2503 4362 2589 4414 ἐς
2632 4377 2652 4412 ι
2696 4358 2798 4425 Qui
2856 4358 2911 4413 in
2969 4368 3117 4411 tecto
3159 4362 3267 4418 est,
3316 4365 3425 4406 non
3475 4352 3711 4404 descen-

442 4454 522 4516 εἰς
563 4452 662 4524 τὴν
709 4451 884 4505 οἰκίαν
931 4448 1114 4504 αὑτοῦ.
1171 4470 1190 4501 ι
1245 4452 1434 4504 Ἔστιν
1482 4447 1575 4505 οὖν
1632 4450 1877 4522 βασιλεία
1925 4453 2022 4524 τῆς

2128 4457 2220 4509 dat
2264 4455 2317 4510 in
2368 4455 2586 4510 domum
2621 4469 2799 4509 suam.
2847 4471 2866 4505 ι
2920 4450 3165 4519 Regnum
3225 4447 3393 4519 igitur
3439 4455 3525 4499 est
3566 4444 3714 4515 ejus-

442 4544 697 4616 τοιαύτης
716 4544 902 4611 ἕξεως.
2124 4549 2294 4604 modi.

527 4637 580 4690 '0
624 4637 769 4703 Θεὸς
809 4636 1126 4706 ὡδήγησεν
1181 4634 1369 4690 αὐτὸν
1415 4636 1485 4701 ἐξ
1535 4637 1858 4707 Αἰγύπτου.
1915 4637 2022 4691 Καὶ

2196 4640 2365 4713 274
2392 4639 2532 4696 Deus
2574 4640 2795 4695 deduxit
2819 4655 2938 4696 eum
2977 4651 3042 4693 ea:
3074 4635 3310 4705 Egypto
3336 4636 3404 4688 ⁸⁷.
3432 4633 3495 4687 Et
3523 4633 3715 4688 Salva-

442 4731 533 4785 τὸν
578 4732 807 4803 Σωτῆρα
838 4729 979 4784 κατὰ
1014 4730 1096 4793 τὸ,
1150 4750 1167 4782 ι
1225 4729 1315 4795 Ἐξ
1354 4724 1629 4799 Αἰγύπτου
1669 4732 1903 4786 ἐκάλεσα
1935 4731 2022 4785 τὸν

2129 4741 2300 4787 torem
2359 4733 2514 4803 juxta
2567 4733 2695 4788 illttd
2736 4750 2751 4788 :
2797 4749 2818 4784 ι
2859 4731 2937 4785 Ex
3000 4726 3235 4801 Aigypto
3307 4728 3491 4781 vocavi
3543 4728 3712 4780 lilium

444 4824 557 4877 υἱόν
594 4841 716 4894 μου,
758 4842 776 4875 ι
811 4822 905 4876 καὶ
927 4822 1019 4876 τὸν
1061 4822 1295 4895 Ἰσραήλ.
1329 4824 1433 4876 Τὸν
1481 4824 1580 4895 μὲν
1624 4824 1897 4890 ἐκϐάλλει,
1935 4826 2022 4881 τὸν

2127 4825 2393 4890 meum,“
2433 4844 2452 4877 ι
2485 4835 2538 4880 et
2578 4826 2765 4881 Israel.
2811 4826 2989 4880 Alium
3034 4820 3252 4892 quidem
3312 4820 3480 4890 ejicit,
3544 4820 3713 4873 alium

442 4916 499 4968 δὲ
528 4915 701 4969 καλεῖ.

521 5008 631 5061 Τοῦ
669 5007 875 5063 αὐτοῦ.
941 5008 999 5061 '0
1051 5008 1450 5081 χρηματισμὸς,
1498 5008 1587 5062 τὸν
1638 5007 1840 5080 Κύριον
1882 5008 2031 5080 ἥξειν

444 5097 523 5160 εἰς
551 5098 846 5166 Αἴγυπτον,
874 5098 1059 5170 ἐδήλου
1096 5102 1194 5170 τὴν
1234 5098 1329 5152 τοῦ
1373 5097 1627 5171 Σωτῆρος
1657 5098 1813 5169 ἡμῶν
1858 5097 2031 5170 Ἰησοῦ

446 5188 682 5260 Χριστοῦ
734 5191 1050 5262 διακομιδὴν
1099 5191 1200 5261 τὴν
1242 5190 1358 5261 ἅμα
1403 5193 1515 5254 τοῖς
1560 5190 1811 5259 γονεῦσιν
1863 5189 2030 5243 αὐτοῦ

446 5280 834 5353 γενησομένην.
869 5280 1128 5352 Αἰγύπτῳ
1150 5281 1206 5339 δὲ
1234 5283 1328 5336 καὶ
1364 5283 1394 5335 6
1430 5281 1632 5353 κόσμος
1666 5275 1822 5347 οὗτος
1851 5297 2030 5352 παρα-

446 5370 722 5427 ϐάλλεται.

529 5461 625 5528 Ὧς
666 5459 817 5524 δόξα
851 5461 1259 5531 μονοκέρωτος
1303 5460 1485 5528 αὐτῷ.
1528 5455 1856 5532 Μονόκερὼς
1881 5462 2028 5515 ἐστιν

516 5686 563 5715 ⁵⁸
594 5684 753 5743 Num.
794 5698 949 5745 nm,
988 5684 1043 5739 3.
1122 5683 1165 5715 ⁸¹
1194 5682 1324 5737 ibid.
1347 5683 1399 5737 5.
1484 5684 1529 5719 ι’
1560 5682 1686 5735 ibid.
1724 5680 1778 5735 6.

451 5773 594 5815 χιι-ι.
641 5758 692 5809 8.
792 5755 837 5788 ”
870 5754 1059 5810 Matth.
1102 5768 1159 5821 tt,
1203 5752 1289 5807 15.
1361 5753 1406 5784 ⁸⁵
1432 5751 1591 5808 Num.
1624 5767 1774 5819 xxtv,
1807 5751 1860 5808 8.

1879 5681 1925 5716 ⁸³
1965 5680 2093 5738 ibid.

2135 4931 2262 4971 vero
2297 4927 2473 4971 VOCRL

2210 5009 2483 5079 Ejusdem.
2536 5008 2870 5064 Vaticinium
2926 5022 3036 5079 quo
3093 5005 3407 5077 pradicitur
3447 5004 3719 5057 adventus

2136 5099 2345 5153 Domini
2377 5099 2428 5152 in
2460 5096 2782 5172 Egyptttm,
2813 5095 3159 5166 signiﬁcabat,
3189 5094 3491 5149 Salvatoris
3529 5092 3709 5146 nostri

2131 5184 2255 5240 Jesu
2307 5186 2515 5241 Christi
2570 5187 3005 5255 dcportationem
3060 5201 3162 5239 una
3223 5200 3347 5240 cum
3397 5182 3718 5252 parentibus

2130 5280 2246 5346 ejus
2278 5278 2541 5336 futuram.
2566 5278 2805 5352 [Egypto
2847 5293 3070 5350 quoque
3104 5277 3194 5335 hi0
3228 5275 3459 5337 tumulus
3489 5286 3716 5340 εοηινειο

2135 5379 2301 5425 ratur.

2203 5460 2348 5517 Sicut
2387 5460 2557 5532 gloria
2587 5462 2861 5516 unicoruis
2889 5461 2935 5515 ei
2975 5460 3042 5514 δ’.
3092 5454 3385 5515 Unieornis
3416 5450 3715 5506 secundum

2891 5681 2939 5713 “
2962 5677 3127 5732 Mare.
3168 5671 3383 5741 xmﬂS.
3481 5672 3527 5704 "
3555 5670 3715 5729 Num.

2200 5682 2248 5715 ⁵⁸
2272 5683 2401 5739 ibid.
2432 5682 2485 5739 7.
2588 5682 2634 5716 ⁸³
2660 5682 2791 5739 ibid.
