4124 6462
383 408 491 463 583
1603 406 1668 461 IN
1708 404 2043 461 NUMEROS
2081 405 2369 463 IIOMIIJA
2412 408 2452 461 I.
3574 411 3677 467 586

384 574 484 620 que
513 559 752 625 vastatio,
786 556 866 609 ubi
894 553 1099 622 fugitur
1131 569 1223 620 per
1261 552 1469 605 marina
1496 550 1828 614 discrimina,
1862 562 1907 603 et
1942 566 2003 603 ne
2030 551 2148 619 ipsa
2169 550 2379 618 quidem
2410 553 2601 619 absque
2641 561 2780 603 metu
2818 549 3076 604 habentur
3104 554 3294 607 exsilia
3317 553 3341 607 ?
3366 554 3429 607 In
3458 569 3678 620 conspe—

386 659 469 701 ctu
504 649 717 709 etenim,
748 653 807 700 ut
833 647 1038 701 videbas
1069 646 1225 700 etiam
1264 646 1393 713 ipse,
1430 654 1607 697 nostro
1648 642 1939 702 Barbarus,
1980 642 2071 710 qui
2099 642 2295 709 Regina
2334 643 2524 707 eppido
2557 641 2668 711 (48)
2710 644 2962 696 miscebat
2994 644 3264 708 incendia,
3294 645 3674 713 augustissimo

387 760 418 795 a
456 745 607 797 nobis
635 744 792 812 freto,
821 743 906 794 ubi
943 739 1121 795 Italia:
1150 742 1321 794 solum
1356 737 1539 793 Siculo
1576 738 1873 799 dirimitur,
1900 737 2201 792 arcebatur.
2240 735 2303 789 In
2329 737 2409 790 his
2436 754 2560 807 ergo
2582 738 2778 807 posito,
2804 754 2924 808 qua:
2942 755 3051 792 esse
3071 738 3140 791 ad
3171 736 3505 794 scribendum
3525 756 3677 795 secu-

388 836 516 888 ritas
547 837 735 903 potuit,
763 846 809 888 et
836 836 1099 905 pra'cipue
1128 833 1197 885 ad
1230 831 1707 899 interpretandum,
1737 830 1827 882 ubi
1862 845 1962 882 non
1992 830 2069 881 ita
2096 831 2334 898 proprios
2368 831 2614 893 expedire
2634 847 2836 892 sensus,
2875 840 2929 883 ut
2958 831 3159 885 alienos
3194 841 3378 898 aptare
3418 833 3671 902 proponi-

388 932 512 985 tur?
542 929 738 982 Tamen
760 930 805 982 si
832 944 950 997 quin
973 943 1077 980 nox
1102 926 1305 979 animos
1344 924 1545 976 minore
1572 931 1711 974 metu
1742 922 1949 975 hostilis
1975 923 2238 974 concussit
2267 922 2486 985 excidii,
2512 932 2558 976 et
2582 923 2728 975 brere
2754 921 2939 976 saltem
2964 922 3279 977 lucubrantli
3308 925 3473 977 otium
3502 924 3676 991 dedit,

388 1022 539 1092 quasi
577 1022 645 1073 ad
673 1021 911 1075 solamen
946 1018 1207 1071 malorum
1236 1014 1575 1081 let'anda'qne
1603 1014 2046 1082 peregrinationis
2077 1014 2275 1082 gratia,
2311 1030 2633 1085 qua'cunque
2671 1016 2727 1069 in
2753 1016 3110 1069 Numerorum
3136 1017 3294 1080 libro,
3319 1018 3423 1070 sive
3448 1018 3671 1071 homile-

392 1116 492 1168 tico
525 1111 682 1181 style,
715 1111 822 1163 sive
854 1111 1011 1162 etiam
1049 1123 1113 1161 ea:
1152 1106 1230 1158 his
1278 1121 1393 1175 quae
1446 1104 1711 1170 Exrerpta
1740 1104 2097 1173 appellantur,
2126 1108 2325 1172 scripta
2371 1107 2681 1175 reperimus,
2723 1107 2855 1173 hcce,
2881 1118 3189 1176 perurgente
3222 1119 3290 1174 te,
3322 1107 3581 1175 Romana,
3614 1123 3667 1165 ut

389 1206 676 1277 petuimns,
713 1221 834 1258 voce
867 1221 930 1258 ea:
961 1204 1178 1258 diversis
1223 1203 1274 1255 in
1308 1218 1470 1255 unum
1509 1200 1749 1253 ordinem
1796 1199 2014 1253 collecta
2054 1200 2389 1270 digessimus,
2433 1212 2482 1255 te
2524 1218 2729 1271 quoque
2760 1203 2869 1268 ipso
2915 1204 2966 1256 in
3001 1202 3405 1273 quamplurimis
3434 1208 3679 1275 juvante,

396 1299 603 1364 Ursaci,
640 1314 875 1356 nostrum
901 1300 1155 1360 laborem,
1191 1299 1315 1350 dum
1346 1298 1500 1349 nimis
1530 1295 1775 1363 cupidus,
1808 1296 2016 1361 pueruli
2048 1298 2241 1351 notarii
2267 1296 2479 1349 tardum
2498 1306 2652 1364 putas
2677 1314 2788 1350 esse
2824 1299 3197 1354 ministerium.
3242 1298 3393 1352 Scire
3424 1310 3598 1353 (auten
3626 1314 3674 1353 te

392 1396 527 1458 volo,
560 1395 750 1463 frater,
791 1394 927 1464 quod
955 1394 1065 1445 hrec
1093 1392 1248 1443 lectio
1274 1391 1383 1443 vias
1414 1389 1623 1457 quidem
1650 1391 1855 1456 aperiat
1882 1389 2268 1459 intelligentia,
2294 1406 2398 1443 non
2424 1400 2597 1443 tamen
2628 1390 2938 1459 singillatim
2968 1401 3157 1442 cuncta
3185 1408 3303 1462 qua:
3335 1393 3532 1459 scripta
3558 1401 3681 1447 sunt

392 1492 639 1554 disserat,
684 1497 739 1541 ut
781 1490 833 1540 in
871 1486 1279 1552 explicationum
1319 1484 1467 1536 libris
1514 1484 1720 1553 legisti;
1763 1501 1866 1553 quo
1898 1485 2096 1539 scilicet
2134 1486 2293 1538 etiam
2330 1485 2494 1538 lector
2535 1501 2640 1537 non
2677 1484 2930 1538 reddatur
2958 1487 3180 1551 otiosus,
3221 1487 3311 1538 sed
3337 1498 3533 1556 pungat
3594 1505 3686 1541 cor

393 1603 568 1651 suum,
614 1586 745 1638 sicut
780 1585 1035 1649 scriptum
1066 1592 1166 1643 est,
1200 1594 1246 1633 et
1291 1581 1547 1648 producat
1583 1598 1817 1648 sensum,
1847 1594 1894 1635 et
1927 1585 2113 1635 audito
2138 1583 2288 1636 verbo
2327 1584 2483 1647 bono,
2522 1594 2577 1634 ut
2622 1584 2831 1652 sapiens
2871 1585 3092 1653 adjiciat
3127 1585 3195 1636 ad
3237 1585 3388 1639 illud.
3423 1585 3597 1656 Igitur
3630 1596 3683 1639 ut

391 1693 599 1745 possum
639 1692 756 1746 qua:
781 1674 1065 1744 iujunxisti
1088 1674 1352 1739 explicare
1378 1673 1657 1726 contemta.
1686 1672 1811 1725 Jam
1848 1673 1987 1725 enint
2018 1688 2082 1725 es:
2109 1672 2349 1725 omnibus
2377 1688 2494 1744 qua:
2521 1674 2574 1727 in
2605 1673 2715 1743 lege
2741 1674 2941 1741 scripta
2968 1675 3158 1741 reperi,
3196 1675 3346 1740 solre,
3372 1688 3423 1728 ut
3443 1691 3593 1746 puto,
3629 1679 3684 1731 iu

393 1767 858 1825 Deuteronomium
902 1768 1088 1820 desunt
1132 1764 1504 1823 oratiuncula},
1548 1781 1704 1833 quas,
1747 1764 1791 1815 si
1825 1762 2080 1816 Dominus
2114 1763 2313 1831 juverit
2343 1770 2392 1815 et
2431 1764 2713 1817 sanitatem
2745 1763 2948 1815 dederit
2984 1765 3175 1825 oculis,
3215 1766 3453 1832 cupimus
3482 1768 3684 1838 reliquo

395 1861 599 1928 corpori
630 1862 832 1914 sociare
866 1873 884 1910 :
921 1856 1155 1927 quamvis
1194 1856 1591 1908 amantissimus
1624 1856 1767 1920 [ilius
1798 1867 1976 1908 noster
2020 1854 2297 1918 Pinianus,
2350 1857 2502 1925 cujus
2531 1855 2834 1922 religiosum
2864 1867 3050 1910 coetum
3076 1874 3173 1926 pro
3200 1875 3379 1914 antore
3410 1862 3682 1929 pudicitia:

396 1954 674 2023 profugum
700 1953 1036 2013 comitamur,
1060 1949 1302 2018 injnngat
1329 1957 1379 2001 et
1406 1948 1535 2004 alia.
1566 1948 1669 2001 Sed
1699 1957 1848 2000 orate
1877 1948 2242 2010 communiter,
2271 1958 2324 1999 ut
2355 1948 2493 2000 adsit
2521 1946 2795 2011 Dominus,
2822 1957 2868 2001 et
2896 1948 3216 2013 temporibus
3240 1967 3421 2019 pacem
3444 1952 3673 2021 tribuat,

396 2052 617 2124 gratiam
648 2046 1011 2102 laborantibus
1040 2045 1217 2109 donet,
1240 2055 1285 2098 et
1316 2043 1548 2112 fructum
1587 2043 1757 2112 operis
1796 2040 1959 2095 nostri
1978 2041 2031 2095 in
2060 2041 2352 2109 profectum
2383 2040 2670 2109 legentium
2698 2051 2905 2110 promat
2938 2040 3075 2112 (49).

911 2335 1188 2394 IlOllILlA
1217 2334 1453 2390 PRIMA.
2007 2345 2054 2402 Α
2088 2338 2199 2394 eris
2231 2337 2598 2392 voluminibus
2629 2336 2870 2406 gestiunt
2905 2333 3147 2388 erudiri?
3192 2334 3330 2401 Quid
3367 2337 3514 2392 etim
3552 2353 3683 2409 pro-

472 2438 522 2491 1.
557 2433 763 2489 Divinis
799 2432 1038 2485 numeris
1092 2446 1195 2484 non
1240 2443 1430 2483 omnes
1488 2426 1638 2499 digni
1682 2436 1828 2494 sunt,
1888 2429 1982 2483 sed

394 2528 563 2584 certis
600 2525 901 2594 quibusque
957 2520 1331 2590 praerogativis
1372 2520 1728 2589 designantur
1775 2520 1827 2574 hi
1887 2521 1979 2589 qui

398 2625 536 2675 intra
566 2632 845 2672 numerum
875 2614 965 2669 Dei
1000 2615 1226 2669 debeant
1256 2613 1665 2683 comprehendi.
1694 2611 1863 2680 llujus
1887 2630 1985 2667 au-

400 2721 503 2765 tem
531 2710 605 2764 rei
641 2708 859 2762 evidens
884 2706 1137 2760 indicium
1163 2705 1406 2760 continet
1434 2704 1700 2771 liberhic,
1725 2706 1814 2774 qui
1847 2706 1983 2761 seri-

396 2802 540 2856 bitur
595 2797 707 2869 (50)
752 2796 1129 2850 Numerorum.
1184 2791 1238 2845 In
1275 2806 1385 2861 quo
1437 2790 1676 2845 refertur
1726 2792 1867 2861 quod
1912 2807 1979 2846 ex

392 2903 664 2965 prmccpto
698 2889 789 2944 Dei
818 2902 994 2957 neque
1024 2883 1279 2939 mulieres
1318 2883 1658 2937 deducantur
1684 2882 1752 2937 ad
1794 2899 1982 2938 nume-

393 3004 535 3054 rum,
563 2985 807 3041 femineae
830 2982 947 3036 sine
987 2978 1152 3033 dubio
1183 2975 1518 3031 inﬁrmitatis
1551 2974 1855 3041 obstaculo,
1887 2989 1981 3030 ne-

389 3095 497 3151 que
551 3090 831 3133 servorum
871 3074 1180 3143 quisquam,
1229 3078 1415 3137 utpote
1465 3067 1569 3122 vita
1631 3068 1982 3138 moribusque

390 3173 712 3243 degeneres.
738 3166 842 3223 Sed
868 3180 935 3221 ne
959 3162 1342 3232 [Egyptiornm
1376 3161 1593 3228 quidem
1634 3161 1776 3216 nllus
1805 3177 1872 3216 ex
1912 3162 1981 3216 iis

390 3262 484 3334 qui
512 3269 670 3315 erant
693 3258 907 3313 admisti
933 3262 1271 3317 muneratur,
1295 3253 1535 3320 profecto
1553 3262 1609 3307 ut
1635 3252 1977 3324 alienigenae,

389 3362 447 3408 et
474 3351 730 3417 barbari;
776 3350 870 3403 sed
915 3348 1016 3401 soli
1059 3355 1416 3400 numerantur
1462 3343 1737 3408 Israelita),
1789 3353 1843 3399 et
1888 3345 1977 3399 isti

389 3461 500 3503 non
525 3458 737 3509 omnes,
769 3443 860 3497 sed
893 3457 920 3492 a
960 3439 1147 3508 viginti
1180 3438 1360 3500 annis,
1402 3446 1452 3491 et
1499 3452 1683 3505 supra.
1713 3437 1825 3494 Nec
1864 3441 1977 3495 sola

387 3536 566 3592 aetatis
595 3535 827 3590 habetur
856 3530 1191 3593 observatio,
1218 3528 1311 3582 sed
1344 3529 1611 3596 quieritur
1636 3530 1679 3584 si
1709 3540 1766 3584 et
1790 3541 1976 3601 aptum

385 3628 548 3686 bellis
578 3628 744 3683 robur
778 3626 1067 3679 ostendat:
1099 3623 1413 3692 designatur
1446 3620 1590 3673 enim
1618 3637 1715 3690 per
1752 3623 1975 3678 verbum

389 3720 506 3787 Dei,
556 3727 617 3773 ut
668 3726 985 3772 numeretur
1032 3713 1208 3768 omnis
1262 3712 1353 3782 qui
1386 3712 1630 3780 procedit
1675 3712 1729 3766 in
1776 3713 1974 3769 virtute

387 3810 552 3866 Israel
605 3806 740 3879 (5i).
800 3806 915 3861 Non
963 3820 1092 3870 ergo
1139 3805 1251 3858 sola
1292 3812 1445 3867 tetas,
1483 3803 1577 3857 sed
1623 3813 1677 3858 et
1718 3803 1892 3860 virtus
1921 3807 1973 3860 in

386 3898 630 3955 Israelita
659 3898 973 3968 requiritur.
1014 3894 1179 3965 276
1203 3893 1430 3947 Pnerilis
1468 3903 1603 3947 mtas
1634 3910 1737 3947 non
1785 3911 1976 3951 nume—

388 4000 563 4054 ratur,
621 4004 723 4045 nec
754 4000 877 4059 apta
914 3988 1112 4041 divinis
1138 3985 1359 4039 calculis
1390 3985 1629 4049 ducitur,
1680 3987 1783 4040 nisi
1834 3988 1973 4043 forte

384 4081 728 4153 primogeniti
763 4082 894 4145 sint,
928 4085 1021 4131 aut
1053 4075 1380 4131 sacerdotali
1414 4074 1495 4127 vel
1533 4073 1769 4132 Levitica
1801 4079 1974 4150 stirpe

386 4174 738 4231 descendant.
781 4170 869 4227 Isti
906 4169 1008 4227 soli
1050 4170 1101 4223 in
1144 4168 1329 4238 pueris
1374 4169 1724 4224 adducuntur
1757 4169 1821 4222 ad
1872 4186 1976 4223 nu-

385 4281 619 4322 merum.
664 4263 1013 4320 Feminarum
1054 4277 1184 4316 vero
1225 4261 1368 4316 nulla
1401 4276 1626 4331 prorsus
1656 4260 1966 4316 adducitur.

384 4356 453 4412 Et
474 4356 604 4426 quid
634 4355 885 4410 videtur?
913 4354 1148 4426 Possunt
1179 4356 1291 4408 haec
1321 4367 1492 4406 vacua
1511 4366 1632 4406 esse
1662 4351 1972 4421 mysteriis?

385 4423 505 4501 Sed
523 4446 625 4500 hoc
650 4444 825 4501 solum
854 4423 1174 4516 procuraisse
1201 4444 1442 4499 creditur
1470 4440 1710 4511 Spiritus
1727 4451 1969 4507 sanctus,

385 4540 475 4608 qui
508 4540 625 4594 haec
646 4539 938 4595 scribenda
971 4537 1222 4604 dictavit,
1255 4544 1313 4590 ut
1337 4536 1604 4591 sciremus
1631 4533 1723 4604 qui
1755 4544 1879 4588 tunc
1917 4534 1967 4588 in

383 4629 476 4683 illo
508 4629 706 4700 populo
736 4628 1002 4685 numerati
1023 4627 1154 4690 sint,
1187 4635 1240 4681 et
1270 4625 1361 4696 qui
1404 4625 1523 4680 sine
1556 4637 1785 4678 numero
1818 4639 1970 4677 man-

380 4721 593 4776 serint?
622 4721 690 4777 Et
716 4721 840 4792 quis
876 4719 1095 4775 dabitur
1130 4732 1195 4773 ex
1227 4718 1333 4774 hoc
1358 4714 1638 4786 profectus
1672 4714 1739 4770 iis
1762 4715 1853 4785 qui
1882 4730 1970 4769 sa-

454 4862 501 4895 “
527 4862 688 4919 Num.
737 4878 778 4928 I,
827 4863 880 4917 5.
957 4864 1002 4895 ⁸⁸
1036 4861 1179 4916 Psal.
1229 4876 1438 4928 CXLVII,
1478 4862 1533 4916 4.

2090 2431 2211 2487 dest
2256 2432 2359 2485 ista
2406 2428 2700 2484 didicisse?
2736 2429 2844 2483 Aut
2882 2427 3010 2498 quid
3050 2428 3243 2482 animze
3275 2427 3558 2484 confertur
3613 2431 3683 2486 ad

2090 2516 2352 2587 salutem,
2373 2523 2415 2577 si
2446 2522 2583 2576 sciat
2610 2521 2753 2590 quod
2796 2534 2923 2590 pars
2963 2519 3142 2590 aliqua
3182 2521 3361 2591 populi
3398 2534 3682 2579 numerata

2086 2622 2169 2667 est
2192 2614 2243 2666 in
2282 2612 2519 2671 deserto,
2560 2626 2686 2679 pars
2714 2625 2845 2665 vero
2882 2610 3224 2665 innumeram
3261 2612 3522 2667 derelicta
3554 2613 3682 2669 est?

2086 2702 2141 2759 Si
2179 2718 2307 2758 vero
2345 2710 2633 2771 sequentes
2673 2700 2824 2755 Pauli
2872 2702 3199 2755 sententiam
3244 2701 3420 2771 legem
3457 2705 3683 2773 spirita-

2083 2795 2190 2851 lem
2216 2811 2337 2851 esse
2372 2796 2680 2857 credamus,
2706 2803 2758 2849 et
2788 2793 3105 2863 Spiritaliter
3147 2810 3266 2864 quae
3303 2798 3554 2852 continet
3584 2816 3682 2852 au-

2085 2890 2317 2953 diamus,
2354 2889 2545 2957 ingens
2584 2888 2860 2957 prolectus
2887 2887 3083 2940 animm
3124 2889 3175 2940 in
3210 2889 3278 2944 iis
3315 2904 3435 2959 qua:
3467 2895 3676 2962 scripta

2083 2989 2215 3037 sunt
2246 2980 2547 3051 apparebit.
2578 2978 2743 3033 Decet
2772 2978 2917 3032 enim
2948 2993 3030 3031 me
3054 2994 3294 3048 praesens
3322 2981 3500 3047 lectio,
3537 2990 3679 3051 ψιοα

2085 3069 2131 3126 si
2171 3070 2567 3126 transcendere
2598 3069 2823 3136 puerilis
2847 3068 3025 3123 aetatis
3056 3069 3453 3140 insipientiam,
3491 3076 3534 3129 si
3580 3077 3677 3130 de.

2083 3162 2230 3219 siero
2276 3163 2533 3234 parvulus
2567 3177 2688 3216 esse
2724 3162 2997 3225 sensibus,
3028 3170 3079 3216 et
3114 3162 3197 3215 vir
3232 3163 3459 3221 ellectus
3506 3170 3680 3239 depo-

2085 3268 2250 3310 suere
2283 3270 2402 3325 qua:
2437 3264 2559 3309 sunt
2593 3252 2829 3324 parvuli,
2863 3254 2931 3317 si,
2979 3253 3225 3320 inquam,
3267 3254 3494 3311 elfectus
3526 3258 3683 3317 fuere

2077 3348 2317 3420 juvenis,
2385 3356 2441 3402 et
2497 3345 2618 3400 talis
2662 3346 2902 3415 juvenis.
2949 3346 3039 3415 qui
3084 3347 3293 3400 vincam
3357 3350 3674 3421 malignum,

2083 3447 2241 3509 aptus
2268 3437 2492 3492 videbor
2541 3437 2628 3501 iis,
2675 3437 2740 3489 de
2771 3436 2968 3503 quibus
2992 3438 3253 3505 scriptum
3287 3447 3370 3493 est
3402 3439 3468 3505 ⁸³,
3506 3460 3521 3493 ι
3558 3458 3678 3496 em-

2083 3544 2180 3585 nes
2209 3530 2299 3599 qui
2337 3529 2637 3598 precedunt
2662 3528 2714 3582 in
2747 3528 2951 3583 virtute
2981 3527 3167 3594 Israel,
3201 3549 3219 3581 ι
3275 3540 3328 3584 et
3362 3533 3559 3602 tligmts
3595 3536 3677 3589 di-

2081 3620 2224 3675 vinis
2262 3619 2505 3674 numeris
2534 3620 2914 3689 computabor.
2955 3618 3137 3674 Donec
3177 3632 3361 3675 autem
3402 3623 3545 3679 inest
3574 3625 3677 3681 ali-

2078 3712 2164 3765 cui
2195 3722 2460 3777 nostrum,
2494 3710 2576 3765 vel
2611 3709 2831 3780 puerilis
2859 3720 2912 3764 et
2938 3710 3177 3766 lubricus
3218 3728 3439 3781 sensus,
3481 3719 3565 3772 vel
3594 3719 3663 3773 l'e-

2082 3805 2259 3860 minea
2288 3804 2536 3861 etsoluta
2572 3803 2685 3875 (5‘2)
2712 3803 2993 3873 segnities,
3023 3805 3102 3857 vel
3122 3804 3406 3875 [Egyptios
3431 3811 3674 3879 gerimus

2079 3906 2135 3952 et
2164 3897 2427 3952 barbaros
2459 3912 2659 3959 meres,
2691 3895 2876 3951 haberi
2907 3897 3047 3964 apud
3090 3896 3256 3951 Deum
3301 3899 3353 3952 in
3395 3910 3585 3954 sancto
3620 3910 3675 3955 ct

2079 3998 2404 4043 consecrato
2438 4002 2666 4042 numero
2702 4003 2807 4042 non
2861 4004 3155 4043 meremur.
3199 3988 3472 4044 Inuumeri
3526 3994 3671 4046 enim

2078 4080 2219 4148 apud
2260 4078 2884 4135 Salotnenennlicmuur
2910 4096 3033 4134 esse
3057 4080 3146 4149 qui
3189 4091 3446 4149 pereunt;
3484 4099 3674 4137 nume-

2080 4169 2183 4223 rati
2244 4182 2425 4223 autent
2476 4184 2669 4225 omnes
2711 4170 2786 4225 illi
2841 4171 2934 4240 qui
2984 4170 3285 4226 salvantur.
3350 4172 3413 4226 Et
3465 4175 3668 4227 viStihi

2078 4261 2363 4315 estemlam
2400 4262 2528 4330 quia
2583 4271 2898 4315 sanctorum
2945 4278 3207 4316 numerus
3252 4263 3485 4317 habetur
3527 4267 3669 4333 apud

2083 4351 2290 4405 Deum?
2326 4352 2469 4406 Audi
2511 4352 2786 4421 quomodo
2817 4353 2882 4406 de
2913 4354 3077 4408 astris
3104 4354 3322 4423 quidem
3358 4357 3670 4410 caelestibus

2079 4445 2209 4498 dicit
2247 4445 2412 4499 David
2437 4445 2481 4476 ⁸⁸
2514 4462 2529 4499 :
2565 4465 2583 4497 σ
2616 4444 2716 4512 Qui
2760 4458 3008 4500 numerat
3050 4448 3452 4503 multitudinem
3484 4451 3670 4505 stella~

2080 4552 2222 4602 rum,
2254 4546 2307 4591 et
2350 4539 2602 4592 omnibus
2626 4539 2707 4593 eis
2734 4538 2951 4593 nemina
2984 4548 3158 4595 vocat.
3200 4559 3219 4593 ι
3257 4541 3514 4597 Salvator
3542 4558 3671 4600 vero

2081 4645 2187 4682 neu
2231 4630 2404 4684 solum
2434 4631 2730 4701 discipulos
2754 4645 2882 4687 suos
2926 4632 3130 4688 electos
3155 4634 3258 4690 sub
3294 4650 3523 4691 numero
3557 4643 3671 4692 sta-

2082 4719 2207 4786 tuit,
2243 4734 2430 4775 verum
2458 4730 2514 4777 et
2538 4721 2765 4794 capillos
2801 4722 2998 4793 capitis
3028 4738 3215 4779 eorum
3255 4725 3386 4781 dicit
3424 4742 3546 4784 esse
3568 4740 3669 4782 nu-

378 5004 487 5069 sis;
516 5005 570 5068 2,
604 5005 850 5061 ecclesia;-
895 5003 1225 5059 cathedralis
1269 5003 1653 5068 Ehroicensis;
1682 5002 1737 5068 5,
1763 5018 1951 5057 mona-
1985 5007 2028 5066 (ζ
2063 5000 2248 5055 Sancti
2291 4999 2613 5055 Theoderici
2649 4999 2867 5069 legitur,
2903 5018 2921 5051 ς
2959 5002 3296 5055 arctahatur.
3336 5020 3355 5053 ι

377 5076 532 5130 stet-ii
559 5075 739 5129 Sancti
774 5074 1097 5130 Theoderici
1139 5089 1306 5144 prope.
1344 5073 1597 5128 Rhemes.
1630 5103 1702 5114 —
1726 5075 1954 5129 Collatia

378 5155 503 5198 Sunt
533 5145 765 5199 homilia:
787 5161 908 5199 cum
940 5160 1031 5198 sex
1064 5160 1195 5199 mss.
1226 5162 1239 5197 :
1270 5144 1321 5197 I°
1348 5144 1680 5197 cathedralis
1708 5144 1956 5198 ecclesia:

380 5215 726 5269 Ehroicensis
757 5215 848 5284 qui
883 5215 1094 5269 decimo
1125 5214 1324 5268 saeculo
1342 5224 1599 5268 exaratus
1638 5214 1953 5269 videtur.ln

377 5301 443 5340 eo
468 5283 808 5339 desideratur
832 5285 1048 5338 humilia
1083 5291 1275 5353 prima.
1300 5284 1361 5338 2ο
1391 5283 1623 5337 abbatis:
1649 5285 1834 5339 Sancti
1854 5284 1956 5339 Pe-

381 5357 445 5409 tri
473 5356 848 5416 Carnotensis,
880 5357 1005 5409 dato
1032 5357 1155 5407 huic
1187 5355 1523 5408 monasterio
1554 5354 1623 5407 ab
1669 5356 1841 5409 Alveo
1863 5356 1957 5407 ah-

380 5426 503 5479 bate
525 5428 614 5494 qui
643 5426 775 5478 obiit
801 5440 926 5477 ann.
956 5424 1082 5479 9‘55.
1114 5424 1171 5477 5°
1190 5424 1410 5492 Maioris
1435 5426 1751 5480 metiasterii
1781 5424 1955 5477 'l‘nro-

379 5496 583 5549 nensis.
644 5494 705 5547 4ο
749 5494 1002 5548 Ecclesiae
1049 5496 1381 5548 cathedralis
1428 5494 1854 5548 Bellovaceusis.
1893 5495 1952 5547 5°

378 5566 632 5620 Ecclesia:
659 5564 986 5635 cathedralis
1021 5562 1415 5620 Laudenensis.
1443 5567 1499 5619 ὃς
1527 5565 1768 5635 Denique
1784 5566 1952 5619 abba—

378 5637 464 5689 tiae
488 5636 671 5690 Sancti
698 5634 908 5687 Martini
942 5632 1241 5702 Sagiensis.

445 5706 561 5776 (48)
595 5705 766 5760 Cedd.
812 5704 1228 5776 Bellovacensis.
1279 5713 1334 5758 et
1370 5705 1741 5776 Ebroicensis,
1781 5728 1805 5753 α
1859 5704 1951 5776 qui

377 5774 490 5845 regi
537 5774 587 5830 ill
637 5776 852 5843 oppido.
895 5794 935 5845 »γ
965 5774 1144 5829 Codex
1195 5777 1379 5829 Sancti
1415 5775 1760 5838 Theoderici,
1803 5794 1821 5827 s
1860 5775 1952 5843 qui

379 5844 549 5917 regini
600 5846 801 5916 oppidi.
842 5865 857 5896 ι
897 5844 1017 5899 Mox
1059 5861 1155 5912 pre
1188 5865 1205 5895 ι
1254 5846 1565 5912 arcebatur,
1609 5866 1626 5898 ι
1677 5849 1728 5899 in
1766 5847 1953 5901 codice

699 5940 970 5999 ΡΑτιιοι..
1004 5938 1120 5999 Gn.
1154 5940 1291 6001 XII.

2137 5072 2252 5140 (49)
2281 5072 2465 5127 Codex
2494 5070 2842 5125 Belvacensis
2868 5081 2922 5126 et
2943 5075 3083 5125 alter
3111 5072 3298 5129 Sancti
3329 5071 3553 5131 Theedo
3572 5079 3671 5132 rici

2070 5160 2088 5193 ε
2128 5152 2310 5210 ponat.
2352 5160 2370 5192 ι

2136 5213 2253 5283 (50)
2280 5212 2461 5266 Codex
2509 5210 2912 5283 Ltuulnnensls,
2948 5229 2968 5264 ι
3012 5214 3350 5271 inscribitur.
3392 5234 3411 5268 ι
3463 5215 3573 5270 Ebr
3590 5218 3668 5269 oi-

2068 5282 2269 5344 eensis,
2308 5299 2325 5331 ι
2364 5282 2719 5338 describitur.
2753 5300 2772 5334 ι

2138 5352 2253 5423 (bl)
2285 5350 2491 5406 Nomen
2527 5371 2543 5403 ι
2594 5352 2756 5407 Israel
2784 5368 2804 5404 ι
2844 5353 2999 5408 deest
3030 5354 3082 5408 in
3119 5354 3353 5423 vulgatis
3382 5355 3655 5423 editioni-

2064 5424 2184 5487 bus,
2227 5424 2319 5477 sed
2362 5422 2653 5490 suppletur
2688 5438 2718 5477 e
2752 5440 2881 5478 mss.
2920 5422 3238 5478 Ebroicensi
3283 5434 3337 5477 et
3372 5422 3649 5493 Sagiensi.

2065 5494 2232 5547 I’aule
2262 5502 2382 5561 pest
2422 5493 2552 5546 libb.
2586 5493 2742 5554 editi.
2774 5512 2792 5544 ι
2824 5496 2994 5548 virtus
3040 5495 3090 5545 in
3125 5494 3422 5547 Israelitica
3492 5495 3650 5562 plebe

2063 5564 2380 5632 requiritur.
2430 5582 2449 5615 ι
2497 5563 2603 5617 Sed
2626 5572 2859 5632 quatuor
2898 5578 3026 5617 mss.
3071 5563 3442 5627 Ebroicensis,
3472 5562 3651 5620 Bello-

2061 5634 2325 5693 vacensis,
2345 5633 2682 5688 Turonensis
2709 5644 2762 5686 et
2785 5633 3083 5701 Sagiensis,
3116 5642 3173 5684 ut
3193 5634 3243 5683 in
3267 5642 3449 5687 nostra
3474 5644 3647 5693 textu.

2131 5704 2245 5774 (59)
2278 5703 2624 5774 Libbgediti,
2666 5721 2684 5754 ε
2727 5707 2988 5774 resoluta.
3025 5720 3044 5752 ι
3085 5702 3192 5756 Sed
3227 5701 3333 5756 duo
3365 5718 3497 5759 mss.
3534 5704 3650 5761 Bel-

2061 5771 2311 5829 vacensis
2342 5783 2395 5829 et
2433 5772 2806 5838 Ebruicensis,
2840 5792 2858 5824 ι
2891 5771 3087 5828 soluta.
3127 5789 3146 5821 ο

3262 5936 3330 5995 I9
