4124 6396
493 359 523 411 ες
528 356 592 410 87

1985 357 2315 414 ORIGENIS

3673 377 3777 434 588

491 482 754 538 meratos,
801 472 875 526 ait
901 471 1045 525 enim
1075 471 1119 501 ⁷ο
1158 485 1170 522 :
1208 488 1224 521 ι
1259 471 1438 528 Vestri
1481 485 1662 530 autem
1697 477 1864 532 etiam
1900 480 2081 548 capilli
2115 481 2159 539 Α
2191 488 2242 532 ta
2281 479 2581 544 toleranda,
2608 492 2741 551 quot
2792 483 3145 553 profectibus,
3187 498 3318 558 quot
3359 494 3775 560 lculationibus,

422 619 428 624 .
488 567 685 637 capitis
719 565 989 619 numerati
1019 575 1166 620 sunt.
1206 584 1224 617 ι
1255 565 1308 619 1η
1341 582 1446 636 quo
1478 569 1666 638 utique
1693 585 1796 623 non
1825 570 1943 624 illos
1998 572 2084 624 di-

487 661 647 714 cebat
685 657 909 726 capillus
951 671 1071 710 esse
1105 669 1444 724 muneratos,
1479 661 1569 729 qui
1603 662 1683 716 vel
1723 662 1869 716 ferro
1901 672 2082 717 all0u~

486 752 604 806 deri
629 759 681 804 et
706 748 897 818 projici
931 749 1131 814 solent,
1163 749 1248 804 vel
1287 751 1546 820 temporis
1582 761 1742 806 aetate
1764 752 1998 808 dclluere
2019 769 2083 808 ac

488 839 705 906 perire;
737 839 832 894 sed
866 839 940 892 illi
980 841 1174 910 capitis
1215 840 1393 908 capilli
1421 843 1562 911 apud
1598 843 1764 897 Deum
1811 844 2078 898 numerati

486 944 633 997 sunt,
679 931 771 1002 qui
813 932 864 985 in
917 930 1188 985 Nazartcis
1225 942 1404 997 erant,
1453 934 1649 1002 quibus
1689 935 1864 988 inerat
1908 937 2080 991 virtus

487 1027 725 1099 Spiritus
766 1025 938 1080 sancti
976 1023 1041 1080 ad
1082 1027 1504 1093 prosternendos
1551 1025 1908 1098 alienigenas.
1961 1031 2080 1084 Vir-

485 1132 632 1176 tutes
662 1135 792 1188 ergo
825 1118 990 1173 animi
1026 1129 1079 1171 et
1115 1116 1514 1172 multitudinem
1549 1134 1832 1185 sensuum,
1873 1123 1962 1190 qui
2008 1123 2077 1177 de

485 1214 776 1287 prinqipali
833 1212 1030 1267 mentis
1087 1220 1342 1277 tanquam
1389 1210 1456 1265 de
1491 1213 1670 1282 capite
1707 1216 2074 1284 apostolorum

489 1309 957 1378 producebantur,
1002 1303 1230 1372 capillos
1267 1305 1464 1372 capitis
1505 1306 1812 1375 appellavit.
1852 1307 1956 1364 Sed
2021 1310 2072 1363 in

484 1404 601 1458 haec
641 1418 737 1473 per
773 1417 1058 1458 excessum
1106 1403 1394 1472 quemdam
1432 1401 1772 1466 devenimus,
1823 1417 1966 1456 nunc
2006 1403 2072 1456 ad

483 1497 819 1566 propositum
850 1505 1212 1550 revertamur.

550 1590 604 1643 2.
643 1608 661 1640 ι
694 1589 757 1643 Ει
784 1589 994 1643 locutus
1021 1598 1124 1651 est,
1155 1587 1330 1658 inquit
1357 1588 1425 1652 ⁷¹,
1461 1588 1721 1644 Dominus
1747 1587 1813 1642 ad
1851 1587 2070 1660 Moysen

485 1683 536 1736 iu
571 1683 785 1737 deserto
826 1682 988 1736 Sina:
1023 1699 1041 1732 ι
1076 1680 1163 1733 illa
1201 1680 1409 1734 scilicet
1444 1683 1623 1734 omnia
1658 1697 1778 1750 qum
1819 1683 2072 1749 superius

478 1778 863 1844 compendiosa
899 1777 1211 1830 narratione
1240 1775 1778 1843 comprchemlimus,
1813 1774 1901 1827 tibi
1934 1790 2070 1843 prze-

479 1869 677 1938 cipitur
710 1868 984 1922 numerari
1015 1884 1043 1921 a
1075 1869 1260 1939 viginti
1300 1868 1456 1922 annis
1484 1876 1539 1922 et
1576 1882 1736 1936 supra
1775 1867 1951 1922 omnis
1978 1869 2066 1935 qui

479 1962 723 2031 procedit
757 1961 806 2014 itt
843 1961 1043 2016 virtute
1073 1961 1258 2017 Israel.
1294 1961 1350 2015 Si
1380 1963 1503 2031 quis
1553 1977 1683 2030 ergo
1714 1961 1960 2030 procedit
2015 1962 2066 2014 iu

475 2057 697 2121 virtute,
731 2057 844 2124 ipse
879 2065 1220 2119 numeratur,
1251 2065 1304 2109 ct
1333 2071 1438 2110 non
1473 2055 1524 2107 in
1557 2053 1926 2123 qualicunque
1958 2055 2068 2107 vir-

474 2157 611 2210 tute,
657 2148 706 2200 id
748 2156 854 2212 est,
885 2163 988 2201 non
1023 2146 1076 2200 iu
1111 2146 1493 2217 Aigyptiorum
1521 2147 1750 2209 virtute,
1786 2161 1960 2214 neque
2011 2147 2064 2199 in

477 2239 848 2308 Assyriorum,
875 2252 1048 2305 neque
1108 2237 1161 2290 in
1219 2237 1556 2300 Grazcurum,
1611 2237 1703 2288 sed
1752 2235 1804 2288 in
1860 2236 2066 2289 virtute

474 2329 660 2396 lsrael,
693 2332 802 2399 ipse
833 2341 1151 2384 numeratur
1179 2330 1318 2399 apml
1358 2329 1546 2382 Deum.
1583 2327 1676 2382 Est
1709 2327 1854 2382 enim
1893 2329 2066 2382 virtus

475 2427 666 2490 animi,
695 2441 855 2494 quam
881 2425 1196 2478 Gra‘cnrum
1228 2423 1532 2493 philosophi
1566 2425 1784 2477 docent.
1819 2423 1924 2478 Sed
1953 2426 2065 2477 lucc

480 2537 584 2573 non
619 2517 852 2589 pertinet
888 2518 953 2570 ad
989 2532 1272 2570 numerum
1308 2515 1424 2569 Dei.
1469 2514 1586 2568 Non
1614 2516 1758 2568 cuitu
1802 2530 1899 2582 pro
1932 2515 2060 2576 Deo,

475 2613 566 2665 sed
595 2627 690 2680 pro
713 2609 884 2677 gloria
904 2620 1193 2663 exercetur
1225 2609 1482 2661 lunnaua.
1513 2607 1602 2661 Est
1637 2615 1689 2660 et
1714 2608 2060 2677 Assyriorum

476 2706 672 2764 virtus,
706 2711 792 2756 C>l
835 2701 1237 2764 Chaldaeorum,
1265 2717 1386 2769 qme
1423 2701 1474 2753 in
1519 2699 1826 2768 astrologia:
1871 2701 2064 2754 studiis

476 2795 823 2864 pra-dieatur.
869 2791 974 2848 Sed
1014 2809 1117 2846 non
1165 2802 1248 2846 est
1281 2793 1381 2844 ista
1415 2792 1590 2844 virtus
1634 2791 1954 2855 Israelitica,
2009 2800 2065 2845 et

477 2889 599 2941 ideo
632 2903 734 2940 non
763 2887 993 2955 pertinet
1025 2886 1090 2938 ad
1117 2885 1302 2938 Demn.
1339 2885 1431 2938 Est
1462 2895 1513 2939 et
1538 2882 1922 2955 Egyptiorum
1957 2884 2062 2937 vir-

477 2991 564 3033 tus
601 2979 651 3032 iu
681 2994 743 3032 ea
795 2993 956 3047 quam
987 2978 1173 3030 dicunt
1225 2984 1437 3030 secreta
1477 2975 1769 3043 sapientia,
1805 2977 1901 3028 sed
1947 2975 2061 3028 haec

472 3088 580 3126 non
613 3071 922 3140 adjungitur
966 3070 1031 3123 ad
1058 3068 1326 3122 calculum
1371 3067 1488 3123 Dei.
1534 3065 1663 3122 Sola
1718 3068 1861 3135 apud
1893 3066 2060 3121 Demn

2189 583 2320 640 quot
2355 572 2560 641 proeliis
2597 577 2943 646 pugnandum
2978 579 3071 632 tibi
3122 590 3206 633 est
3241 597 3294 636 et
3327 586 3675 654 vincendum,
3716 599 3775 642 ut

2187 667 2363 734 possis
2402 668 2468 720 ad
2500 667 2744 722 divimun
2795 686 3080 725 numerum
3128 677 3403 743 pertinere
3438 680 3574 748 (55),
3624 690 3683 734 ut
3721 683 3772 736 in

2186 760 2530 828 computoali
2555 776 2646 829 luo
2684 763 2938 818 habearis
2962 770 3103 836 apud
3143 768 3335 835 Deum,
3379 784 3436 825 ut
3477 773 3621 827 inter
3641 790 3771 828 san-

2185 860 2302 905 ctas
2340 853 2512 907 tribus
2548 855 2894 910 adnumerari
2935 858 3129 927 dignus
3165 861 3440 928 habcaris,
3472 876 3532 919 ut
3561 865 3769 922 visitari

2184 944 2386 1010 possis,
2416 953 2470 998 et
2511 960 2606 1013 per
2639 946 2731 999 Dei
2766 947 3078 1003 sacerdotes
3107 949 3286 1005 Aaron
3328 962 3381 1007 et
3415 954 3629 1024 Moysen
3668 975 3767 1011 nu-

2185 1048 2458 1086 merorum
2483 1037 2740 1090 censibus
2768 1037 2987 1090 ascribi.
3025 1037 3383 1110 Snscipiemla
3425 1045 3520 1098 tibi
3546 1055 3626 1099 est
3658 1047 3770 1115 pri-

2184 1141 2272 1178 mo
2311 1124 2390 1180 lex
2418 1125 2535 1193 Dei,
2568 1128 2649 1183 lex
2681 1129 2918 1198 Spiritus
2937 1135 3136 1192 sancti.
3166 1135 3445 1190 offerenda
3473 1140 3763 1206 sacriﬁcia,

2181 1218 2459 1288 explenda:
2490 1221 2923 1290 puriﬁcationes,
2967 1232 3272 1300 peragenda
3309 1239 3501 1284 cuncta
3531 1245 3649 1299 qua:
3677 1231 3760 1284 lex

2179 1310 2407 1380 spiritus
2437 1311 2614 1377 docet,
2657 1325 2708 1366 ut
2738 1317 2915 1383 possis
2947 1320 3240 1390 aliquando
3291 1323 3358 1376 ad
3407 1322 3763 1378 lsraeliticum

2181 1418 2467 1457 numerum
2502 1410 2776 1474 pertinere
2807 1409 2947 1479 (54).

2247 1495 2301 1550 5.
2355 1496 2466 1566 Ego
2519 1499 2696 1555 adlmc
2745 1503 2979 1572 amplius
3035 1502 3236 1573 aliquid
3287 1504 3500 1559 intueor
3547 1506 3600 1560 in
3660 1506 3765 1560 hoc

2176 1588 2540 1646 Numerorum
2625 1594 2764 1651 libro
2846 1598 3118 1667 mysterii.
3197 1596 3356 1652 Ratio
3443 1600 3588 1653 enim
3669 1602 3762 1653 tri—

2177 1684 2384 1751 buum,
2447 1695 2499 1740 et
2541 1688 2817 1743 distinctio
2859 1691 3152 1754 ordinum,
3225 1692 3457 1746 societas
3518 1691 3760 1745 familia-

2179 1793 2338 1840 rum,
2397 1789 2560 1847 atque
2613 1781 2890 1837 ordinatio
2930 1791 3126 1837 cuncta
3197 1790 3501 1836 castrorum
3536 1827 3550 1849 ,
3593 1784 3755 1853 277

2177 1870 2474 1940 ingentium
2544 1875 2672 1927 mihi
2743 1886 3210 1932 sacramentorum
3281 1877 3462 1945 prodit
3518 1855 3756 1931 indicia:

2172 1963 2416 2028 apostolo
2468 1965 2627 2020 nobis
2674 1966 2840 2022 Paulo
2905 1970 3166 2037 spiritalis
3238 1969 3616 2038 intelligentize
3680 1983 3762 2022 sc—

2172 2057 2314 2108 miua
2367 2071 2736 2128 respergeute.
2793 2061 2858 2116 Et
2895 2076 3029 2129 age,
3089 2063 3200 2132 jam
3241 2062 3368 2131 quid
3420 2062 3602 2115 omnis
3637 2061 3756 2113 hzer.

2172 2165 2523 2203 numerorum
2559 2154 2732 2217 ratio,
2771 2153 2900 2222 quid
2941 2156 3193 2210 ordinum
3229 2155 3515 2210 diversitas
3561 2152 3760 2207 intelli-

2169 2243 2360 2312 gentiae
2413 2245 2652 2314 mysticae
2699 2246 3002 2312 contineat,
3041 2247 3339 2302 videamus.
3398 2246 3752 2316 Exspectatio

2167 2347 2312 2389 certa
2355 2336 2509 2390 nobis
2543 2347 2626 2391 est
2673 2339 3090 2394 resurrectionis
3135 2349 3498 2401 mortuorum,
3541 2354 3663 2391 cum
3701 2337 3754 2391 hi

2167 2428 2254 2494 qui
2294 2428 2502 2492 vivunt,
2558 2431 2647 2494 qui
2704 2431 2893 2500 reliqui
2936 2441 3096 2494 sunt,
3161 2446 3264 2485 non
3322 2430 3655 2502 prmvenient
3701 2429 3752 2481 iu

2168 2521 2400 2574 adventu
2450 2521 2656 2575 Clu-isti
2703 2537 2798 2576 eos
2868 2523 2958 2592 qui
3023 2525 3402 2586 dormierunt,
3448 2526 3540 2576 sed
3595 2521 3754 2576 simul

2167 2629 2290 2666 cum
2323 2614 2400 2664 eis
2425 2611 2594 2680 juncti
2626 2625 2677 2667 ct
2704 2615 2922 2678 sociati,
2976 2617 3259 2683 rapientur
3291 2615 3342 2667 in
3391 2614 3626 2667 nubibus
3657 2615 3756 2666 ob-

2166 2703 2307 2756 viam
2344 2702 2562 2757 Christo
2603 2705 2655 2758 in
2708 2721 2858 2770 aera,
2909 2706 3110 2759 terreni
3163 2704 3378 2759 scilicet
3431 2704 3589 2770 hujus
3647 2702 3752 2756 locl

2165 2797 2530 2866 corruptelam
2565 2807 2620 2851 et
2653 2796 2843 2850 mortis
2901 2798 3214 2852 habitacula
3264 2800 3605 2856 deserentes,
3641 2794 3756 2847 sive

2164 2903 2354 2943 omnes
2382 2887 2433 2940 in
2463 2901 2608 2953 aere,
2639 2899 2693 2942 ut
2720 2886 2915 2943 Paulus
2941 2889 3285 2960 pronuntiat,
3310 2885 3654 2958 permansuri
3681 2889 3749 2945 τ’.

2165 2979 2282 3033 sive
2329 2977 2494 3032 etiam
2554 2977 2721 3047 aliqui
2754 2981 2822 3034 ad
2862 2980 3176 3050 paradisum
3217 2989 3310 3034 aut
3354 2977 3458 3032 alia
3496 2977 3758 3046 qua-libet

2164 3087 2231 3125 ex
2285 3069 2475 3124 multis
2532 3070 2910 3127 mansionibus
2967 3087 3085 3140 qua:
3141 3072 3284 3141 apud
3346 3069 3563 3124 Patrem
3623 3075 3754 3121 sunt

473 3166 649 3220 virtus
705 3163 1000 3219 Israelitica
1053 3170 1392 3215 muneratur.
1442 3160 1566 3216 [hec
1615 3173 1700 3217 est
1738 3161 1826 3215 illa
1861 3161 2055 3227 virtus,
2088 3192 2130 3250 ο
2168 3165 2533 3220 transferendi
2579 3165 2696 3220 loca
2734 3164 2867 3236 (55).
2921 3164 3219 3220 Diversitas
3278 3174 3458 3218 autem
3517 3160 3754 3215 transla-

469 3273 595 3328 quae
643 3276 672 3312 a
733 3257 844 3312 Deo
883 3257 1134 3320 docetur,
1175 3271 1296 3325 quae
1341 3271 1436 3326 per
1495 3255 1810 3324 Scripturas
1845 3254 2060 3309 divinas

471 3352 731 3416 discitur,
771 3365 891 3420 qua:
927 3365 1022 3419 per
1057 3350 1215 3404 [idem
1273 3349 1645 3418 evangelicam
1693 3357 1750 3402 et
1799 3347 2061 3418 apostoli-

471 3461 593 3498 cam
622 3444 876 3497 traditur.
920 3443 984 3497 Et
1013 3443 1134 3496 ideo
1173 3443 1304 3496 dicit
1341 3453 1399 3494 ut
1423 3443 1500 3495 illi
1534 3441 1636 3494 soli
1675 3448 2057 3508 numerentur,

470 3537 564 3606 qui
619 3535 1041 3604 progrediuntur
1099 3533 1148 3586 iu
1204 3532 1407 3585 virtute
1459 3532 1646 3586 Israel.
1681 3531 1787 3586 Sed
1831 3541 1886 3583 et
1924 3530 2057 3584 illud

469 3628 906 3689 Consideremus,
937 3625 1063 3695 quid
1090 3635 1174 3678 est
1198 3625 1340 3694 quo-l
1373 3641 1477 3677 nou
1510 3624 1693 3678 statim
1725 3633 1782 3677 ut
1804 3638 2059 3693 egressus

465 3721 653 3776 estde
711 3719 946 3788 Egypto
995 3716 1223 3785 pOpulus
1275 3725 1614 3770 numeratur.
1668 3717 1859 3770 Adhuc
1911 3715 2056 3770 enim

471 3813 902 3884 persequebatur
931 3812 1163 3865 Pharao.
1197 3809 1303 3864 Sed
1336 3826 1435 3864 nec
1463 3826 1584 3862 cmn
1620 3825 1768 3864 mare
1812 3810 2057 3864 Rubrum

470 3907 694 3976 quidem
735 3905 1004 3959 transiens
1033 3903 1180 3955 venit
1215 3903 1265 3954 in
1309 3903 1587 3956 desertum
1629 3903 1828 3955 dicitur
1867 3917 2057 3955 nume-

471 3997 609 4052 rari.
643 3995 890 4050 Nondum
936 3996 1080 4050 enim
1114 3994 1327 4059 tentati,
1359 3994 1595 4048 nondum
1641 3995 1708 4048 ab
1757 3995 1909 4047 hoste
1942 3995 2059 4047 fite-

472 4100 596 4144 raut
639 4087 958 4161 impugnati.
1001 4085 1310 4155 Coulliguut
1354 4087 1642 4141 adversum
1677 4086 1961 4149 Amalech,
2005 4096 2060 4140 et

473 4183 718 4237 vincunt.
767 4180 871 4236 Sed
923 4195 1022 4235 nec
1067 4191 1196 4233 tunc
1243 4179 1462 4247 quidem
1514 4189 1898 4234 numerantur.
1941 4179 2055 4234 Non

472 4275 616 4330 enim
647 4273 843 4328 sullicit
873 4273 938 4326 ad
975 4270 1368 4340 perfectionem
1393 4268 1632 4322 tendenti
1667 4284 1770 4322 una
1805 4269 2054 4324 victoria.

473 4365 680 4420 Manna:
724 4365 998 4435 accipiunt
1043 4366 1250 4427 cibum,
1283 4373 1333 4416 et
1373 4377 1526 4433 aquae
1567 4361 1817 4430 poculum
1851 4363 1919 4417 de
1972 4377 2059 4416 se-

471 4457 661 4525 quenti
693 4456 949 4510 hauriunt
976 4465 1155 4522 petra;
1192 4453 1286 4507 sed
1307 4469 1481 4523 neque
1511 4463 1637 4507 tunc
1672 4463 2054 4507 numerantur.

2164 3261 2346 3323 tionis,
2380 3269 2434 3314 et
2466 3261 2636 3331 gloria
2680 3274 2744 3313 ex
2796 3259 3014 3315 meritis
3045 3261 3164 3314 sine
3207 3259 3372 3315 dubio
3422 3266 3478 3313 et
3529 3259 3747 3313 actibus

2162 3353 2589 3424 uniuscujusque
2660 3352 3027 3422 prmstabitur,
3078 3362 3130 3407 et
3209 3353 3316 3406 erit
3374 3352 3752 3421 unusquisque

2164 3447 2216 3500 in
2263 3462 2329 3501 eo
2374 3445 2587 3512 ordine,
2631 3460 2794 3514 quem
2834 3446 2938 3500 sibi
2986 3455 3264 3513 gestorum
3321 3445 3514 3498 merita
3553 3453 3752 3498 contu-

2163 3539 2358 3601 lerint;
2412 3541 2550 3592 sicut
2609 3547 2659 3590 et
2727 3536 2868 3591 idem
2929 3533 3128 3588 Paulus
3167 3541 3505 3602 protestatur
3560 3531 3751 3586 dicens

2162 3631 2230 3683 de
2300 3626 2708 3697 resurgentibus
2773 3625 2856 3678 "z
2918 3642 2937 3675 ι
2980 3623 3364 3693 Unusquisque
3426 3631 3609 3676 autem
3691 3620 3744 3675 in

2162 3737 2261 3776 suo
2325 3721 2582 3774 ordine.»
2666 3717 2801 3772 lliuc
2888 3731 3017 3787 ergo
3075 3715 3288 3770 accidet
3347 3715 3398 3768 in
3493 3726 3747 3770 resurre-

2165 3814 2369 3878 ctione,
2404 3822 2461 3864 ut
2492 3810 2864 3879 unusquisque
2887 3819 2980 3863 aut
3009 3808 3061 3862 in
3096 3807 3239 3860 tribu
3271 3807 3459 3862 Ruben
3491 3803 3754 3877 spiritali-

2161 3907 2263 3960 bus
2299 3904 2512 3958 indieiis
2544 3903 2875 3965 ascribatur,
2920 3902 2991 3957 ob
3023 3904 3126 3955 hoc
3170 3899 3436 3971 profecto,
3468 3897 3612 3968 quod
3649 3895 3752 3949 ali-

2163 3997 2294 4064 quid
2322 3997 2374 4049 in
2401 3996 2668 4060 moribus,
2703 3993 2938 4056 aetibus,
2970 4001 3061 4046 aut
3088 3992 3194 4045 vita
3224 3990 3323 4060 ipsi
3356 3987 3544 4044 Ruben
3573 3987 3750 4043 simile

2161 4100 2216 4144 ct
2279 4087 2743 4157 consanguineum
2795 4085 3005 4141 habuit.
3054 4083 3208 4139 Alius
3252 4093 3432 4138 autem
3485 4081 3538 4136 in
3599 4082 3746 4136 tribu

2163 4182 2406 4248 Simeon,
2465 4179 2717 4234 fortassis
2767 4194 2868 4247 pro
2920 4179 3254 4232 obedientia.
3308 4177 3458 4229 Alius
3503 4175 3556 4228 in
3601 4173 3742 4227 tribu

2162 4275 2312 4340 Levi,
2346 4275 2509 4328 credo
2543 4273 2632 4341 qui
2668 4273 2806 4326 bene
2857 4269 3076 4339 przefuit
3125 4268 3452 4331 sacerdotio,
3513 4264 3596 4320 vel
3656 4263 3745 4332 qui

2161 4366 2297 4419 bene
2349 4363 2666 4418 niinistraus
2724 4362 2952 4431 gradum
3007 4361 3108 4419 sibi
3163 4360 3364 4414 bonum
3434 4356 3744 4426 acquisivit.

2163 4457 2313 4511 Alius
2343 4458 2393 4511 in
2428 4458 2571 4510 tribu
2603 4454 2742 4509 Juda
2769 4495 2783 4519 ,
2821 4469 2927 4508 non
2956 4453 3142 4508 dubito
3177 4453 3320 4522 quod
3363 4452 3407 4505 is
3448 4450 3540 4519 qui
3569 4449 3746 4519 regios

473 4547 719 4604 Nondum
763 4550 904 4602 enim
946 4549 996 4601 in
1039 4549 1122 4600 his
1158 4562 1219 4598 ea
1263 4560 1383 4612 qua:
1413 4546 1656 4599 numeris
1689 4555 1809 4612 apta
1842 4547 2054 4597 ducun-
2092 4549 2133 4603 D
2164 4551 2390 4619 spiritus
2427 4547 2619 4617 gessit,
2650 4556 2703 4600 et
2733 4547 2872 4600 bene
2910 4545 3053 4599 rexit
3084 4543 3342 4615 populum
3388 4542 3482 4612 qui
3520 4541 3664 4595 intra
3688 4555 3747 4595 se

476 4651 581 4704 tur,
617 4640 983 4694 adoleverant.
1011 4637 1441 4692 Tabernacnlum
1472 4637 1764 4690 testimonii
1784 4641 2057 4693 construi-

475 4740 584 4797 tur,
617 4735 709 4787 sed
742 4749 840 4786 nec
881 4733 930 4784 iu
962 4732 1064 4786 hoc
1091 4731 1310 4798 quidem
1338 4729 1658 4782 munerandi
1695 4731 1875 4798 populi
1916 4742 2053 4785 tem-

476 4840 576 4893 pus
624 4825 861 4877 advenLt.
915 4821 1019 4875 Lex
1052 4836 1148 4889 per
1184 4819 1403 4888 Moysen
1437 4820 1616 4882 datur,
1655 4819 2052 4876 sacriﬁciorum

474 4932 592 4970 mos
629 4916 880 4981 traditur,
913 4913 1353 4984 purilicatiouum
1399 4911 1536 4965 ritus
1569 4911 1816 4977 docetur,
1851 4915 2056 4967 sancti-

475 5005 792 5059 ﬁcatiouum
826 5005 969 5072 leges
1002 5018 1056 5058 et
1104 5012 1447 5056 sacramenta
1488 5003 1817 5064 conduntur,
1844 5015 1897 5056 et
1930 5015 2055 5058 tunc

475 5098 542 5151 ad
585 5112 870 5151 numerum
917 5112 982 5148 ex
1016 5106 1286 5165 praecepto
1342 5094 1430 5147 Dei
1475 5093 1704 5162 populus
1741 5096 2052 5149 adducitur.

478 5190 732 5244 Describe
762 5193 896 5252 ha-c,
937 5205 970 5242 o
1001 5188 1235 5248 auditor,
1271 5188 1322 5240 in
1365 5187 1527 5240 corde
1563 5197 1654 5239 tuo
1681 5188 1971 5255 dupliciter
2001 5203 2058 5244 et

477 5283 780 5352 triplicitcr.
816 5280 946 5336 Vide
969 5289 1170 5349 quanta
1205 5279 1297 5332 tibi
1337 5278 1663 5332 transeunda
1695 5290 1844 5342 sunt,
1887 5296 2057 5348 quau-

549 5427 593 5459 ⁷⁰
621 5428 815 5481 Matth.
850 5443 904 5489 κ,
942 5425 1030 5479 50.
1104 5425 1145 5454 ⁷¹
1186 5423 1344 5477 Num.
1391 5439 1430 5484 ι,
1464 5423 1517 5475 1.

543 5548 843 5616 (53)Codd.
875 5547 1272 5601 Bellovaceusis
1297 5554 1351 5598 et
1372 5542 1603 5616 Turrim,
1631 5558 1649 5591 ε
1683 5543 1984 5616 pervenire.
2031 5564 2049 5595 ι

472 5613 646 5671 Paulo
676 5630 793 5688 post
821 5620 975 5672 codd.
1015 5617 1356 5670 Ebroicensis
1385 5627 1438 5666 ct
1484 5613 1777 5688 Sagieusis,
1823 5631 1838 5663 ι
1876 5615 2053 5667 adull-

476 5686 987 5752 tnerari'mcrearis,
1015 5698 1073 5739 ut
1109 5688 1316 5740 visitari
1363 5686 1556 5751 possis.
1595 5703 1612 5735 ι

546 5758 658 5826 (Si)
693 5759 869 5811 Codex
907 5758 1322 5818 lh'llnvacensls,
1354 5772 1370 5804 σ
1406 5755 1709 5822 pervenire.
1743 5771 1762 5804 ι

548 5829 657 5900 ςδιδ)
696 5829 932 5897 ‘v’nlgatzc
965 5829 1228 5882 editiones
1263 5826 1460 5880 habent
1494 5843 1503 5876 :
1546 5843 1562 5875 ‹
1593 5836 1752 5894 atquc
1800 5825 1863 5876 ad
1897 5839 2050 5892 para-

1595 5422 1639 5451 "
1685 5420 1698 5472 Ι
1740 5419 1930 5477 Thess.
1975 5438 2049 5489 Iv,
2103 5429 2189 5483 H-

2164 4652 2267 4707 est,
2290 4655 2546 4694 sensuum
2572 4639 2782 4693 scilicet
2812 4641 3008 4693 mentis
3040 4649 3095 4692 et
3122 4636 3508 4707 cogitationum
3536 4631 3744 4689 cordis.

2165 4733 2269 4786 Sed
2319 4740 2374 4785 et
2418 4732 2644 4800 singulis
2699 4732 3004 4800 quibusque
3062 4729 3315 4784 tribubus
3372 4724 3748 4796 unusquisque

2163 4825 2463 4880 sociabitur
2512 4840 2608 4896 pro
2657 4826 2742 4881 his
2768 4841 2889 4895 qua:
2923 4825 2991 4880 ad
3044 4835 3486 4891 unamquamque
3530 4833 3747 4883 earum,

2164 4920 2246 4972 vel
2283 4919 2332 4972 in
2362 4920 2576 4973 actibus
2602 4930 2832 4990 cognata
2864 4919 2944 4974 vel
2971 4919 3022 4973 iu
3058 4917 3298 4972 moribus
3327 4915 3537 4970 habuit.
3571 4913 3748 4968 Erunt

2163 5027 2292 5079 ergo
2344 5009 2654 5077 hujusmodi
2709 5012 2930 5079 quidaru
2975 5011 3195 5063 ordines
3242 5008 3293 5062 in
3345 5007 3752 5064 resurrectione

2165 5113 2522 5168 mortuorum,
2555 5102 2962 5173 sicutdesignat
2989 5100 3314 5170 Apostolus;
3340 5113 3578 5168 quorum
3605 5100 3752 5152 ordi-

2165 5210 2292 5249 muu
2324 5204 2480 5261 typus
2513 5194 2565 5247 in
2596 5195 2696 5247 hoc
2734 5193 2873 5247 libro
2910 5204 2965 5247 et
3004 5194 3172 5261 ligura
3228 5188 3572 5260 przel'ormani
3617 5188 3748 5241 mihi

2168 5289 2399 5342 videtur.
2459 5286 2565 5341 Sed
2606 5296 2661 5340 et
2704 5285 2838 5342 illud
2869 5286 3012 5355 quod
3057 5285 3468 5340 consociatioue
3509 5278 3751 5351 quadam

2267 5430 2312 5459 ⁷³
2353 5429 2368 5483 l
2405 5427 2531 5482 Cor.
2577 5444 2666 5493 xv,
2709 5428 2796 5483 23.

2166 5553 2340 5606 dismn
2385 5552 2436 5607 in
2473 5566 2634 5605 unam
2679 5565 2741 5604 ex
2791 5549 2975 5604 multis
3024 5563 3147 5617 quae
3177 5548 3318 5616 apud
3355 5546 3567 5601 Patrem
3615 5551 3746 5600 sunt

2165 5623 2535 5676 mansionibus
2571 5621 2956 5676 transferendi.
2986 5639 3004 5671 ι
3056 5620 3164 5673 Sed
3200 5632 3388 5673 omnes
3427 5630 3557 5671 mss.
3593 5624 3652 5668 ut
3689 5617 3743 5669 in

2165 5707 2352 5747 nostro
2414 5704 2580 5746 teuu.
2652 5692 2887 5746 Consule
2961 5690 3214 5743 Huetium
3294 5686 3744 5757 Origenianorum

2163 5763 2252 5816 lib.
2287 5778 2346 5826 tl,
2373 5772 2568 5831 qua-st.
2603 5763 2686 5826 ll,
2721 5778 2870 5815 ntttn.
2905 5760 2958 5824 9,
2991 5761 3077 5824 10,
3109 5759 3164 5812 11
3194 5767 3246 5813 et
3275 5758 3357 5812 12.
