4124 6462
426 430 526 485 583

429 643 591 707 tionis
614 643 747 697 ordo
772 640 1126 704 describitur,
1172 638 1416 708 pertinet
1449 636 1571 691 sine
1602 633 1769 689 dubio
1813 634 1880 686 ad
1913 631 2015 686 ali-

426 752 587 808 quem
634 736 686 790 in
739 735 1144 791 resurrectione
1196 741 1536 786 mortuorum
1573 738 1795 784 statum.
1860 725 2016 794 Quod

429 836 540 882 tres
569 827 634 882 ad
664 829 933 882 orientem
963 824 1244 881 collocatae
1279 823 1542 877 dicuntur
1570 821 1766 884 tribus,
1805 828 1919 872 tres
1948 816 2015 870 ad

427 917 788 982 occidentem,
839 925 950 970 tres
999 916 1166 969 etiam
1213 914 1280 968 ad
1319 913 1603 968 meridiem
1643 910 1757 983 (56)
1802 918 1855 965 et
1904 917 2017 964 tres

429 1009 630 1063 ultima:
685 1008 752 1063 ad
812 1007 1143 1079 aquilonem,
1195 1006 1288 1076 qui
1325 1006 1494 1060 durus
1532 1004 1735 1060 dicitur
1778 1013 2012 1068 ventus;

426 1103 518 1157 Sed
548 1110 603 1156 et
635 1101 780 1170 quod
808 1102 985 1155 tribus
1006 1099 1166 1163 Juda,
1199 1113 1322 1168 quae
1355 1096 1552 1165 regalis
1592 1104 1699 1163 est,
1737 1096 1804 1149 ad
1830 1094 2017 1148 orien-

429 1204 534 1248 tem
565 1196 842 1257 statuitur,
863 1209 929 1248 ex
955 1208 1059 1263 qua
1090 1202 1243 1248 ortus
1267 1209 1351 1248 εει
1382 1192 1643 1247 Dominus
1670 1199 1877 1254 noster,
1906 1202 2013 1243 non

426 1294 555 1352 puto
584 1288 845 1353 otiosum,
886 1294 943 1339 et
983 1286 1127 1355 quod
1171 1284 1425 1341 lssachar
1476 1285 1603 1339 huic
1641 1283 1911 1353 jungitur,
1958 1289 2015 1336 et

424 1375 689 1443 Zabulon,
738 1388 794 1432 et
845 1378 989 1449 quod
1044 1378 1097 1431 in
1146 1390 1382 1447 quatuor
1442 1389 1625 1446 partes
1686 1377 1862 1430 trinus
1912 1375 2015 1430 iste

425 1485 682 1524 numerus
705 1471 1009 1524 ordinatur.
1044 1471 1174 1536 Quae
1222 1471 1476 1540 quamvis
1511 1470 1844 1540 positionum
1885 1484 2013 1523 sua-

425 1577 544 1614 rum
575 1561 823 1617 diversas
867 1560 1105 1617 habeant
1138 1564 1463 1633 qualitates,
1492 1577 1682 1617 omnes
1714 1571 1891 1616 tamen
1930 1561 2013 1615 in-

425 1664 507 1707 tra
560 1653 821 1709 trinitatis
870 1671 1152 1710 numerum
1203 1656 1573 1710 continentur.
1615 1654 1683 1709 Et
1730 1654 1873 1723 quod
1917 1668 2013 1723 per

424 1758 563 1801 tmas
592 1748 693 1802 has
717 1757 951 1818 quatuor
989 1762 1174 1818 partes
1199 1752 1250 1803 in
1286 1765 1452 1804 unum
1484 1764 1772 1802 numerum
1801 1748 2008 1817 colligi-

423 1849 510 1893 tur
537 1842 727 1895 eadem
758 1841 976 1896 trinitas
1008 1857 1245 1912 semper,
1276 1858 1377 1912 pro
1402 1858 1470 1897 eo
1498 1842 1618 1897 sine
1659 1840 1825 1896 dubio
1866 1840 2009 1910 quod

419 1936 519 1987 sub
562 1949 672 1987 uno
704 1935 923 1990 nomine
972 1933 1152 1989 Patris
1202 1946 1259 1990 et
1296 1934 1417 1990 Filii
1462 1947 1519 1988 et
1559 1934 1795 2003 Spiritus
1830 1936 2007 1988 sancti

422 2038 717 2083 censentur
751 2043 964 2091 omnes,
1017 2030 1109 2099 qui
1152 2045 1220 2085 ex
1280 2043 1520 2098 quatuor
1568 2027 1719 2083 orbis
1762 2029 2011 2098 partibus

421 2122 702 2176 venientes
764 2121 1020 2175 invocant
1066 2135 1265 2175 nomen
1323 2120 1575 2186 Domini,
1629 2123 2010 2179 recumbentes

417 2229 541 2268 cum
574 2213 847 2266 Abraham
877 2221 931 2267 et
955 2212 1108 2267 Isaac
1128 2221 1185 2266 et
1212 2209 1387 2267 Jacob
1424 2212 1478 2267 in
1510 2227 1679 2283 regno
1723 2212 1840 2269 Dei.
1877 2212 2003 2267 llzec

420 2320 449 2359 a
477 2305 638 2358 nobis
680 2302 1010 2371 generaliter
1058 2302 1299 2358 indicata
1345 2303 1453 2358 sint
1498 2304 1809 2360 volentibus
1842 2305 2007 2359 totius

419 2398 557 2451 sacri
592 2398 753 2467 hujus
785 2396 1079 2451 voluminis
1112 2398 1513 2452 continentiam
1558 2398 1847 2470 mysticam
1888 2397 2012 2454 bre-

418 2490 559 2544 viter
587 2487 1080 2558 comprehendere,
1122 2496 1183 2542 ut
1209 2502 1276 2542 ex
1305 2489 1392 2544 his
1432 2488 1807 2559 intelligentiae
1846 2489 2013 2560 Spiri-

424 2581 549 2634 talis
581 2583 879 2636 occasione
911 2589 1167 2651 suscepta
1196 2582 1576 2652 unusquisque
1617 2592 1672 2636 et
1701 2582 1755 2638 in
1787 2583 2011 2654 reliquis

418 2674 690 2739 similem,
726 2683 824 2729 aut
862 2674 1026 2729 etiam
1071 2673 1119 2729 si
1170 2673 1257 2728 cui
1304 2673 1537 2745 amplius
1580 2674 1720 2729 Deus
1780 2676 2007 2744 revelat,

416 2768 753 2835 superiorem
786 2778 840 2822 et
868 2770 1232 2826 excelsiorem
1262 2777 1625 2840 persequatur
1672 2768 2006 2840 indaginem.

420 2860 531 2928 Ego
558 2863 702 2915 enim
739 2878 868 2917 vere
912 2863 1178 2933 imparem
1228 2880 1314 2919 me
1355 2862 1543 2932 judico
1588 2864 1654 2915 ad
1696 2865 2010 2921 enarranda

417 2954 712 3024 mysteria,
769 2969 892 3023 qua:
958 2954 1099 3010 liber
1148 2955 1240 3009 hic
1303 2956 1549 3009 continet
1596 2951 2005 3019 Numerorum;

419 3044 589 3099 multo
612 3055 793 3099 autem
829 3044 1147 3100 inferiorem
1181 3047 1247 3100 ad
1276 3048 1366 3100 illa
1392 3088 1409 3114 ,
1440 3061 1559 3115 qtae
1598 3046 2008 3100 Deuteronomii

416 3136 667 3189 volumen
716 3135 963 3192 includit.
1021 3135 1089 3190 Et
1141 3136 1262 3191 ideo
1298 3137 1668 3191 festinandum
1715 3135 1873 3189 nobis
1921 3144 2009 3190 est

417 3224 709 3293 jcrvenire
734 3226 802 3279 ad
829 3223 1042 3289 Jesum,
1072 3241 1180 3281 non
1213 3226 1363 3279 illum
1399 3227 1566 3280 lilium
1604 3225 1773 3291 Nave,
1806 3226 1900 3280 sed
1938 3225 2004 3278 ad
2034 3256 2077 3311 ο

416 3312 597 3367 losum
650 3314 945 3370 Christum.
1010 3314 1169 3370 Prius
1222 3326 1400 3371 tamen
1454 3315 1748 3385 pmdagogo
1792 3325 2005 3370 utentes

423 3410 626 3479 Moyse,
646 3409 859 3478 etapud
889 3424 1012 3463 eum
1046 3410 1353 3464 rudimenta
1384 3410 1627 3464 infantia:
1652 3410 2003 3478 deponcntcs,

415 3498 498 3551 sic
530 3499 813 3553 tendamus
838 3500 905 3552 ad
934 3496 1325 3566 perfectionem
1353 3498 1577 3553 Christi.
1624 3498 1836 3569 Moyses
1860 3498 2003 3551 enim

419 3604 525 3642 non
560 3591 723 3643 multa
757 3589 897 3645 bella
924 3590 1272 3659 compressit.
1308 3589 1468 3647 Iesus
1493 3600 1673 3646 autem
1710 3591 1846 3647 bella
1882 3592 2005 3661 qui-

414 3682 536 3735 dem
589 3683 839 3735 universa
886 3684 1250 3752 compescuit,
1316 3698 1505 3752 pacem
1564 3698 1696 3738 vero
1749 3682 2006 3739 omnibus

415 3774 587 3837 dedit,
621 3773 692 3827 ita
734 3787 791 3829 ut
823 3775 1093 3844 scriptum
1133 3777 1203 3831 sit
1259 3776 1326 3841 7‘,
1372 3776 1498 3846 quia
1537 3793 1556 3827 ‹
1588 3777 1822 3831 cessavit
1854 3782 2002 3831 terra

416 3883 443 3917 a
479 3864 652 3920 bellis.
705 3884 724 3917 ι
761 3865 929 3919 Terra
970 3867 1428 3936 repromissionis,
1470 3875 1611 3921 terra
1646 3867 2002 3934 lncreditatis,

418 3966 563 4011 terra
610 3973 734 4027 qua:
778 3956 898 4011 ﬂuit
950 3958 1035 4012 lac
1073 3970 1122 4012 et
1160 3957 1286 4023 mel,
1322 3958 1389 4011 ab
1442 3957 1572 4012 Jesu
1631 3958 2000 4014 distribuitur.

420 4049 631 4105 dicati»
659 4051 807 4105 enim
840 4051 1052 4114 «mites,
1072 4051 1198 4121 quia
1220 4050 1352 4120 ipsi»
1386 4066 1483 4119 per
1504 4050 1690 4106 Iesum
1729 4053 2001 4107 «Incredi-

414 4144 606 4198 tabunt
636 4152 840 4198 terram
868 4143 969 4201 ⁷⁸.»
1008 4142 1112 4197 Sed
1142 4153 1199 4198 et
1228 4143 1394 4213 ipsius
1417 4144 1819 4213 distributionis
1845 4145 2003 4198 inve-

415 4237 534 4291 nies
567 4247 722 4308 typos
754 4246 809 4289 et
849 4237 1114 4307 imagines
1144 4238 1516 4305 praecessisse.
1545 4234 1661 4289 Non
1692 4237 1837 4289 enim
1872 4236 2005 4289 otio-

416 4344 534 4381 sum
566 4338 651 4382 est
681 4328 823 4397 quod
854 4328 975 4381 aliis
1015 4326 1157 4381 ultra
1188 4326 1479 4380 Jordanem
1522 4336 1666 4381 terra
1716 4327 2001 4392 dividitur,

417 4418 537 4473 aliis
574 4419 716 4473 intra
766 4414 1093 4482 Iordanem,
1155 4427 1209 4472 et
1257 4418 1378 4472 aliis
1429 4419 1642 4487 primis,
1700 4418 1827 4473 aliis
1873 4433 2003 4473 vero

414 4511 692 4575 secundis,
722 4510 999 4564 nonnullis
1024 4511 1190 4564 etiam
1224 4508 1415 4574 tertiis,
1436 4517 1490 4563 et
1522 4509 1601 4563 sic
1627 4524 1723 4578 per
1754 4509 2000 4563 ordinem

1664 418 1730 474 ΙΝ
1766 413 2099 474 NUMEROS
2138 414 2425 471 llOMlLlA
2463 416 2527 474 ll.

428 547 666 604 tribuum
694 557 749 602 et
779 546 1139 610 connexione,
1170 554 1482 601 castrorum
1528 541 1733 611 positio
1760 549 1817 596 et
1846 549 2015 595 meta-
2046 546 2093 598 Α

3610 425 3717 480 590

2719 538 3000 595 llOMlLlA
3046 540 3108 596 ll.

2385 629 2460 686 De
2502 632 2686 688 ordine
2724 644 2771 688 et
2814 634 3097 689 collatione
3136 646 3454 694 castrorum.

2193 724 2247 778 1.
2296 721 2482 779 Prima
2524 726 2889 782 Numerorum
2928 726 3090 782 lectio
3125 729 3330 789 docuit.
3369 731 3514 800 quod
3550 747 3715 788 exer-

2120 812 2262 868 citus
2297 813 2391 869 Dei
2440 818 2530 885 qui
2586 817 2758 873 exivit
2817 817 2885 872 de
2939 828 3084 873 terra
3123 818 3346 891 Egypti
3382 831 3436 877 et
3469 824 3575 878 iter
3604 825 3718 893 egit

2121 919 2219 973 per
2242 905 2543 975 desertum,
2587 909 2838 965 visitatus
2865 911 2956 974 sit,
3008 911 3110 966 hoc
3135 921 3237 978 est,
3270 923 3590 972 nmnrratus
3616 933 3714 986 per

2121 998 2341 1070 Moysen
2376 1011 2433 1055 et
2475 1002 2680 1069 Aaron,
2720 1018 2787 1057 ac
2832 1018 2930 1071 per
2962 1003 3204 1073 singulas
3245 1021 3489 1077 quasque
3540 1010 3716 1067 tribus

2119 1104 2495 1163 scquestralus
2529 1106 2684 1150 certo
2708 1098 2814 1150 sub
2838 1112 3066 1151 numero
3100 1100 3400 1157 recensitus
3428 1103 3501 1158 sit
3527 1125 3538 1159 :
3568 1109 3714 1173 quod

2120 1201 2221 1241 nos
2257 1187 2408 1243 velut
2444 1205 2568 1244 cum
2604 1198 2717 1245 tota
2746 1189 2907 1243 simul
2952 1190 3115 1246 libelli
3170 1195 3510 1250 continentia
3543 1211 3712 1267 eXpo-

2120 1294 2333 1350 nentes,
2358 1282 2586 1338 formam
2611 1283 2852 1337 diximus
2880 1298 2998 1338 esse
3026 1286 3411 1355 perscriptum,
3438 1293 3712 1359 quomodo

2118 1375 2353 1447 populus
2390 1376 2484 1431 Dei
2512 1376 2804 1447 egrediens
2828 1374 2896 1431 de
2929 1377 3114 1430 mundi
3149 1377 3309 1446 hujus
3351 1379 3622 1453 Egypto,
3657 1393 3713 1438 et

2117 1470 2184 1523 ad
2224 1479 2424 1522 terram
2474 1468 2954 1537 repromissionis,
3002 1470 3054 1524 id
3104 1479 3225 1536 est,
3262 1473 3432 1544 278
3487 1476 3574 1531 vel
3640 1478 3708 1533 ad

2118 1561 2378 1615 virtutum
2426 1559 2625 1624 locum,
2680 1559 2766 1614 vel
2814 1560 2881 1614 ad
2930 1561 3079 1630 regni
3159 1551 3422 1618 caelorum
3476 1566 3708 1636 gloriam

2118 1652 2606 1721 lircreditateniquc
2642 1649 2910 1707 festinans
2934 1690 2948 1715 ,
2980 1654 3264 1709 ordinibus
3298 1655 3623 1725 quibusdam
3655 1670 3711 1714 et

2118 1746 2442 1799 meritorum
2475 1745 2733 1813 gradibus
2757 1744 3081 1799 deducatur.
3111 1746 3173 1799 Et
3201 1762 3298 1817 per
3324 1750 3442 1804 haec
3462 1752 3711 1806 ostendi-

2118 1854 2238 1892 mus
2297 1838 2606 1891 futurorum
2659 1840 2927 1894 bonorum
2987 1839 3445 1910 magnificentiam
3490 1843 3543 1897 in
3575 1844 3710 1913 legis

2115 1930 2450 2000 imaginibus
2484 1931 2890 1986 adumbratam.
2928 1929 3085 1986 Nunc
3110 1947 3237 1987 vero
3271 1932 3524 1989 lectionis
3548 1935 3709 2004 hujus

2115 2022 2350 2086 initium,
2383 2036 2503 2088 qua:
2538 2021 2698 2075 hodie
2740 2022 2968 2077 recitata
2995 2031 3100 2088 cst,
3124 2024 3318 2090 edocet
3343 2040 3444 2080 nos
3474 2027 3710 2096 qualiter

2112 2117 2180 2169 ab
2214 2116 2298 2170 his
2330 2116 2421 2184 qui
2458 2114 2570 2170 Deo
2626 2117 2923 2185 mancipati
2969 2128 3097 2172 sunt
3122 2157 3137 2182 ,
3176 2134 3279 2173 nec
3331 2120 3613 2191 implicant
3650 2137 3711 2176 se

2114 2206 2346 2276 negotiis
2372 2205 2724 2261 saecularibus
2746 2247 2762 2272 ,
2812 2216 3168 2276 componatur
3207 2210 3343 2263 ordo
3378 2218 3707 2264 castrorum.

2112 2299 2204 2353 Ait
2238 2301 2381 2353 cnim
2424 2299 2470 2331 ⁷⁸
2507 2317 2518 2352 :
2568 2318 2586 2350 ι
2615 2296 2682 2353 Ει
2717 2300 2928 2355 locutus
2958 2310 3043 2355 est
3074 2300 3334 2355 Dominus
3371 2300 3440 2354 ad
3487 2300 3708 2371 Moysen

2111 2400 2165 2445 et
2204 2391 2390 2446 Aaron
2425 2392 2654 2447 dicens:
2686 2391 2858 2447 llomo
2891 2394 3194 2449 secundum
3230 2394 3482 2449 ordinem
3524 2409 3707 2457 sumn,

2112 2494 2168 2538 et
2200 2485 2499 2539 secundum
2546 2485 2699 2555 signa
2748 2502 2867 2552 sua,
2905 2497 2956 2542 et
2985 2488 3287 2543 secundum
3325 2488 3522 2543 domus
3548 2486 3708 2541 fanti-

2114 2575 2306 2628 liarum
2327 2589 2549 2629 suarum
2580 2585 2761 2629 castra
2790 2576 3045 2645 collocet,
3069 2578 3161 2633 lilii
3191 2577 3358 2634 Israel
3382 2596 3447 2635 ex
3472 2583 3709 2640 adverso

2115 2667 2169 2721 in
2241 2668 2475 2721 circuitu
2550 2668 2890 2723 tabernaculi
2964 2671 3263 2725 testimonii
3336 2674 3643 2730 considant.
3684 2696 3704 2728 ι

2112 2759 2328 2831 Moyses
2360 2760 2495 2815 dicit
2530 2759 2749 2816 :Homo
2786 2764 3082 2818 secundum
3128 2765 3377 2821 ordinem
3419 2784 3602 2832 suum,
3653 2781 3710 2823 et

2113 2854 2413 2909 secnndum
2444 2851 2597 2922 signa
2649 2867 2770 2914 sua,
2820 2863 2876 2909 et
2905 2857 3205 2911 secundum
3256 2857 3445 2913 domos
3477 2859 3712 2914 familia-

2115 2961 2232 3000 rum
2254 2961 2479 3001 suarum
2509 2947 2729 3001 incedat
2767 2946 2821 3001 in
2854 2948 3089 3016 castris;
3126 2958 3182 3006 et
3232 2949 3431 3005 Paulus
3458 2952 3657 3006 dicit"
3692 2971 3704 3006 :

2115 3055 2134 3089 ι
2165 3038 2361 3093 Omnia
2406 3039 2635 3094 honeste
2665 3050 2723 3094 et
2768 3041 3067 3096 secundum
3102 3042 3351 3096 ordinem
3389 3042 3545 3100 fiant.
3583 3063 3602 3096 ι
3642 3045 3709 3098 Et

2112 3147 2217 3186 non
2250 3132 2343 3187 tibi
2375 3131 2593 3185 videtur
2624 3148 2765 3201 unus
2801 3146 2922 3187 esse
2983 3131 3222 3201 Spiritus
3272 3134 3388 3201 Dei,
3422 3137 3513 3205 qui
3555 3146 3609 3191 et
3650 3139 3703 3191 in

2114 3223 2297 3293 Moyse
2337 3223 2601 3292 loquitur,
2639 3234 2695 3278 et
2744 3225 2796 3278 in
2830 3223 3041 3277 Paulo?
3084 3225 3403 3281 Secundum
3454 3228 3703 3285 ordinem

2115 3315 2535 3387 Moysesincedi
2566 3318 2792 3370 mandat
2841 3317 2895 3370 in
2950 3317 3181 3382 castris;
3231 3321 3526 3373 secundum
3554 3321 3705 3376 ordi-

2113 3424 2236 3462 nem
2288 3418 2487 3463 cuncta
2523 3410 2638 3478 geri
2684 3409 2734 3462 in
2770 3409 3019 3463 Ecclesia
3072 3410 3318 3480 praecipit
3360 3411 3581 3467 Paulus.
3640 3413 3708 3467 Et

2114 3501 2327 3572 Moyses
2371 3501 2615 3570 quidem,
2667 3502 2759 3571 qui
2820 3501 2927 3571 legi
2978 3501 3346 3564 ministrabat,
3403 3504 3455 3556 in
3504 3503 3705 3557 castris

2112 3593 2374 3648 custodiri
2434 3594 2686 3648 ordinem
2740 3592 2933 3662 jubet:
2988 3591 3192 3647 Paulus
3256 3608 3389 3647 vero
3447 3604 3703 3664 tanquant

2109 3686 2395 3758 Evangelii
2423 3687 2863 3752 minister,'non
2912 3687 3084 3740 solum
3117 3685 3170 3739 in
3215 3686 3468 3753 actibus,
3516 3689 3611 3742 sed
3648 3687 3700 3741 in

2109 3783 2226 3852 ipso
2261 3783 2446 3838 habitu
2477 3821 2493 3846 ,
2527 3783 2839 3837 ordinatum
2879 3780 2995 3833 vnit
3026 3794 3147 3834 esse
3193 3778 3571 3834 Christianum
3600 3794 3618 3846 ;
3649 3792 3703 3834 ιιι

2116 3876 2239 3930 ideo
2269 3875 2403 3929 dicit
2432 3875 2478 3906 “
2506 3894 2517 3929 :
2551 3874 2840 3929 «Mulieres
2867 3872 3123 3927 sitnilitcr
3148 3872 3199 3945 in
3228 3870 3417 3927 habitu
3447 3885 3697 3927 ornato.»

2111 3967 2266 4024 Unde
2310 3982 2412 4036 ego
2439 3966 2683 4021 arbitror
2718 3965 2865 4035 quod
2923 3978 3028 4018 non
3080 3962 3254 4016 solum
3301 3963 3355 4017 in
3401 3962 3593 4017 uilli-iis
3649 3976 3705 4017 et

2110 4059 2299 4114 habitu
2336 4057 2547 4113 servari
2600 4058 2851 4111 ordinem
2885 4055 3109 4117 volunt,
3168 4053 3264 4107 sed
3307 4054 3437 4108 dant
3473 4053 3701 4123 intelligi

2108 4152 2252 4221 quod
2293 4150 2365 4204 sit
2404 4149 2602 4218 aliquis
2622 4148 2788 4204 etiam
2830 4148 2880 4200 in
2914 4147 3093 4200 anima
3128 4144 3284 4208 ordo,
3318 4147 3384 4198 de
3410 4160 3519 4213 quo
3556 4144 3704 4198 dica-

2111 4254 2197 4299 tur
2231 4242 2378 4312 quod
2423 4241 2800 4309 unusquisque
2850 4238 3107 4292 incedere
3148 4236 3349 4291 debeat
3394 4236 3699 4289 secundum

2108 4334 2359 4389 ordinem
2387 4347 2571 4387 suum.
2596 4331 2699 4396 Qui
2732 4330 2867 4385 ordo
2896 4327 3174 4397 praecipue
3210 4324 3432 4395 quidem
3475 4338 3542 4380 ex
3572 4339 3703 4394 ope-

2110 4442 2230 4481 rum
2294 4426 2476 4480 fructu
2529 4424 2805 4478 indicatur
2840 4440 2852 4475 :
2888 4420 3243 4475 nihilominus
3285 4429 3469 4474 autem
3520 4428 3576 4474 et
3632 4433 3695 4472 ex

2111 4518 2518 4587 magniﬁcentia
2551 4531 2835 4573 sensuum.
2868 4514 2999 4568 Nam
3032 4527 3174 4581 saepe
3206 4513 3430 4579 accidit,
3455 4520 3511 4566 ut
3539 4511 3584 4567 is
3606 4513 3697 4580 qui

414 4603 706 4658 haereditas
730 4613 888 4658 terra?
912 4603 1216 4669 dividitur;
1249 4602 1334 4655 ubi
1380 4602 1755 4671 unusquisque
1792 4602 2001 4670 requie-

2113 4610 2375 4665 humilem
2405 4624 2624 4663 sensum
2659 4606 2799 4678 gerit
2830 4617 2883 4663 et
2902 4606 3176 4676 abjectum
3200 4646 3216 4672 ,
3251 4616 3309 4660 et
3346 4605 3438 4673 qui
3477 4612 3696 4659 terrena

413 4697 646 4751 scatsub
672 4697 775 4750 licu
804 4711 922 4763 sua,
954 4705 1010 4750 et
1040 4695 1143 4751 sub
1172 4696 1284 4749 vite
1312 4710 1409 4749 sua
1438 4694 1511 4758 ",
1539 4702 1723 4749 etnon
1756 4694 1828 4747 sit
1859 4693 1998 4747 ultra

411 4789 504 4857 qui
542 4796 837 4843 exterreat.
893 4788 1023 4852 Qute
1069 4795 1265 4841 cuncta
1316 4785 1623 4857 magnificis
1672 4787 1999 4853 prtesignata

412 4882 711 4955 mysteriis,
754 4882 869 4951 ipse
902 4882 1161 4935 Dominus
1194 4878 1354 4935 Jesus
1382 4880 1434 4933 in
1478 4878 1563 4933 die
1606 4878 1999 4931 adventussui

412 4991 519 5032 non
542 4975 653 5044 jam
691 4990 786 5043 per
817 4974 1093 5045 speculum
1125 4983 1179 5027 et
1206 4975 1259 5028 in
1286 4973 1577 5044 aenigmate
1600 5012 1614 5036 ,
1648 4970 1742 5043 sed
1771 4968 1908 5022 facie
1937 4968 2004 5023 ad

414 5066 605 5123 faciem
635 5070 678 5099 ⁷⁷
718 5069 771 5123 in
800 5069 1035 5123 veritate
1076 5066 1372 5138 complebit
1427 5063 1762 5131 unicuique,
1810 5075 2005 5116 secun-

413 5162 540 5214 dum
594 5161 740 5231 quod
786 5161 900 5231 ipse
948 5160 1160 5216 noverit
1220 5160 1410 5213 merita
1467 5155 1856 5226 singulorum,
1908 5152 1999 5221 qui

413 5256 661 5325 Cognitor
685 5255 866 5309 cordis
895 5263 997 5319 est,
1018 5254 1101 5308 cui
1128 5252 1300 5324 gloria
1323 5260 1379 5306 et
1409 5249 1696 5319 imperium
1721 5246 1777 5301 in
1804 5245 2001 5300 smeula

415 5348 760 5403 saeculorum.
798 5348 997 5405 Amen.
1575 5362 1577 5366 ‘

1162 5466 1233 5479 -ι-

484 5591 531 5622 ⁷⁸
600 5587 711 5643 Jos.
741 5601 849 5651 xiv,
895 5585 981 5640 l5.
1057 5587 1103 5617 ⁷⁸
1141 5583 1334 5641 Matth.
1368 5600 1423 5652 v,
1465 5583 1522 5638 4.

417 5675 528 5725 xw,
559 5661 650 5714 40.
703 5660 749 5691 ⁸ο
790 5658 897 5712 Tit.
942 5672 1002 5724 ll,
1045 5657 1100 5711 5.

512 5780 603 5847 56)
638 5780 810 5835 Codd.
846 5778 1123 5847 Sagiensis
1153 5788 1205 5829 et
1238 5772 1660 5847 llellovacensis,
1722 5789 1740 5822 ι
1767 5785 1979 5847 mare.)

512 5781 579 5833 56
638 5781 810 5835 Codd.
846 5781 1123 5847 Sagiensis
1153 5788 1205 5829 et
1238 5781 1660 5838 Bellovaccnsis,
1722 5789 1740 5822 ι
1767 5785 1935 5825 mare.
1962 5787 1979 5821 ι

488 5781 603 5919 isti
642 5852 766 5904 Mss.
829 5847 1246 5919 Bellovacensis,
1283 5845 1640 5919 Turonensis,
1690 5855 1741 5919 et
1771 5841 1987 5919 _l_‘.‘brui~

416 5913 631 5993 ccttsis,
672 5939 689 5973 ι
718 5923 964 5977 insideat.
1000 5940 1015 5969 ι
1059 5918 1298 5988 Vulgata:
1321 5916 1587 5970 editiones
1627 5913 1931 5967 «obsideat.
1966 5928 1983 5962 ι

1598 5583 1645 5615 ⁷⁸
1683 5579 1853 5635 Zach.
1882 5594 1963 5646 ιιι,
1988 5578 2074 5634 l0.

2112 4705 2275 4772 Sapit,
2310 4702 2588 4758 excelsum
2617 4700 2911 4755 sacerdotii
2946 4700 3173 4768 gradum
3202 4737 3217 4762 ,
3261 4696 3342 4751 vel
3370 4696 3695 4751 cathedram

2113 4795 2355 4850 doctoris
2384 4792 2620 4847 insideat
2648 4789 2786 4863 (57);
2812 4800 2867 4845 ct
2898 4790 2990 4844 ille
3020 4789 3114 4858 qui
3143 4787 3411 4858 spiritalis
3441 4797 3560 4853 est,
3592 4794 3646 4842 et
3666 4802 3698 4842 a

2113 4894 2331 4941 terrena
2378 4884 2793 4939 conversatione
2833 4892 2942 4936 tam
2976 4881 3110 4936 liber
3166 4890 3224 4935 ut
3268 4880 3438 4950 possit
3487 4880 3701 4934 exami—

2111 4992 2242 5033 nare
2270 4977 2475 5042 omnia,
2498 4984 2554 5031 et
2576 4976 2695 5046 ipse
2722 4991 2753 5029 a
2796 4975 3014 5029 nemine
3044 4973 3281 5045 judicari
3309 5013 3324 5038 ,
3355 4971 3439 5027 vel
3473 4971 3700 5027 inferio-

2112 5069 2189 5122 ris
2220 5068 2509 5123 ministerii
2538 5068 2785 5122 ordinem
2821 5073 3043 5131 teneat,
3073 5064 3158 5117 vel
3197 5064 3363 5117 etiam
3402 5065 3456 5118 in
3490 5059 3702 5132 plebeia

2113 5158 2465 5211 multitudine
2510 5155 3040 5227 relinquatur..Sed
3088 5156 3193 5209 hoc
3241 5162 3415 5209 estet
3463 5154 3593 5222 legis
3641 5161 3698 5207 et

2113 5248 2393 5319 Evangelii
2444 5258 2648 5303 statuta
2703 5257 3094 5312 contemnere,
3123 5257 3179 5301 et
3227 5245 3361 5299 nihil
3396 5243 3695 5299 secundum

2111 5340 2359 5395 ordinem
2387 5349 2598 5411 gerere.
2632 5337 2740 5395 Sed
2771 5348 2827 5395 et
2863 5337 3241 5408 unusquisque
3280 5343 3531 5388 nostrum
3558 5329 3695 5385 side

2106 5435 2228 5491 cibo
2260 5442 2316 5488 et
2340 5442 2467 5505 potu
2498 5432 2767 5488 sollicitus
2788 5431 2883 5499 sit,
2906 5440 2961 5487 et
2984 5444 3199 5487 omnem
3231 5439 3417 5481 curam
3448 5423 3500 5477 in
3528 5425 3691 5477 rebus

2151 5582 2193 5613 ⁷⁷
2236 5578 2411 5635 lCor.
2456 5595 2551 5635 xm
2578 5619 2591 5644 ,
2636 5578 2722 5632 12.
2799 5578 2843 5610 ⁷⁸
2883 5575 3043 5629 Νιιιιι.
3087 5587 3148 5637 ιι,
3190 5570 3241 5636 l,
3282 5568 3338 5621 2.
3415 5567 3461 5599 τ’
3500 5566 3522 5621 l
3559 5567 3691 5623 Cor.

2096 5766 2266 5822 Paulo
2289 5772 2413 5833 post
2440 5760 2935 5833 etedem‘ed‘itioncs
2966 5774 2984 5806 ι
3013 5754 3251 5833 inple-be
3287 5769 3313 5805 a
3336 5753 3693 5833 multitudine

2103 5822 2503 5905 relinquatur.»
2560 5831 2665 5886 Sed
2713 5830 2819 5881 duo
2853 5841 2983 5880 mss.
3030 5825 3379 5880 Ebroicensis
3415 5834 3469 5879 et
3513 5822 3687 5877 Bello-

2106 5904 2355 5963 vaeetisis
2388 5915 2445 5960 ut
2471 5904 2525 5959 in
2557 5910 2741 5959 n05tro
2776 5908 2949 5953 textu.
