4124 6450
431 409 528 463 .‘i'Jl

1892 404 2214 459 ORIGENIS

3604 412 3708 466 592

432 526 787 580 szuctilnt‘ilitts
834 534 1009 594 gerat,
1049 539 1366 578 unam~vcro
1400 535 1502 578 aut
1557 523 1692 577 duas
1742 522 1907 577 horas
1948 540 2013 578 ex
2045 531 2092 587 Α
2122 525 2468 589 hoiiiinilins,
2507 534 2654 577 tanta
2683 535 2737 578 et
2768 526 3046 579 iii-animis
3091 528 3360 581 invenitur
3391 543 3518 582 esse
3547 528 3704 581 ilitl'e-

436 623 646 689 integro
690 618 973 672 die-etiam
1030 620 1136 671 Hco
1179 618 1420 684 deputet,
1474 628 1528 671 et
1581 618 1649 671 ad
1698 619 2009 671 orationem

430 711 612 764 Veniat
668 709 719 761 in
762 707 1074 772 ecclesiam,
1110 708 1207 760 vel
1269 709 1319 760 in
1374 708 1607 761 transitu
1660 708 1883 761 verbum
1916 708 2010 761 Dei

428 800 637 863 audiat,
678 799 1009 867 praecipuam
1044 812 1171 849 vero
1202 812 1391 850 curam
1423 812 1548 866 erga
1585 798 2010 853 sollicitudinem

428 892 612 947 sa-euli
648 899 702 944 et
727 891 932 943 ventris
968 888 1283 957 expendet:
1324 889 1425 941 iste
1457 903 1561 942 non
1596 890 1831 958 complet
1857 906 2006 944 maii-

428 991 613 1045 datum
658 985 803 1052 quod
870 984 1021 1047 dicit,
1083 992 1140 1037 ut
1188 983 1352 1037 homo
1406 984 1705 1038 secundum
1762 986 2009 1039 ordinem

426 1095 583 1133 suum
616 1078 870 1143 incedat,
911 1076 992 1130 vel
1027 1075 1169 1143 quod
1206 1075 1360 1138 dicit,
1398 1086 1457 1129 ut
1486 1078 1667 1130 omnia
1708 1081 2009 1132 secundum

425 1172 672 1226 ordinem
734 1169 887 1221 ﬁant.
921 1168 1068 1222 Ordo
1117 1176 1199 1220 est
1234 1166 1380 1220 enim
1411 1177 1649 1222 statutus
1693 1184 1721 1220 a
1765 1170 2008 1235 Christo,

424 1278 672 1334 quaerere
700 1263 849 1330 prius
880 1276 1105 1330 regnum
1146 1260 1239 1315 Dei
1278 1271 1332 1313 et
1358 1259 1628 1328 justitiam
1662 1260 1780 1328 ejus
1812 1274 1864 1315 ct
1889 1278 2011 1317 cre-

424 1360 552 1411 dere
598 1356 741 1424 quod
775 1352 1015 1405 secundo
1054 1351 1171 1404 loco
1204 1352 1315 1404 haec
1358 1351 1511 1404 nobis
1555 1364 1896 1420 apponuntur
1938 1355 2007 1407 ’“.

427 1450 596 1503 llonio
624 1462 753 1516 ergo
788 1444 1083 1499 secundum
1131 1443 1379 1497 ordinem
1416 1460 1573 1496 suum
1622 1444 1854 1499 incedat.
1905 1445 2011 1498 l’u-

425 1551 578 1592 tasne
618 1538 714 1606 qui
772 1534 1083 1589 sacerdotio
1136 1533 1459 1603 funguntur,
1498 1534 1634 1588 etin
1674 1536 2006 1591 sacerdotali

421 1633 614 1687 ordine
652 1630 977 1700 gloriantur,
1027 1627 1612 1682 secunduiiirordinem
1662 1644 1817 1684 suum
1848 1629 2009 1683 ince-

421 1728 575 1789 dunt,
626 1735 677 1777 et
709 1733 875 1792 agunt
903 1722 1085 1775 omnia
1117 1736 1237 1789 quae
1272 1720 1364 1775 illo
1396 1723 1591 1775 ordine
1628 1722 1797 1792 digna
1832 1724 2009 1777 sunt?

422 1817 969 1872 Siiiiilitcraittein-et
998 1811 1212 1864 diaconi
1246 1822 1402 1879 putas
1434 1811 1731 1866 secundum
1758 1813 2003 1867 ordinem

422 1907 708 1962 ministerii
745 1906 828 1958 sui
864 1904 1165 1958 incedunt?
1223 1904 1288 1958 Et
1347 1905 1487 1958 unde
1545 1912 1628 1959 est
1674 1905 1819 1973 quod
1864 1920 2007 1975 swpe

419 2001 669 2054 audimus
718 1998 1097 2065 blasplicinare
1158 1997 1429 2062 homines,
1486 2008 1541 2052 et
1588 1997 1818 2065 dicere,
1867 1999 2007 2055 Ecce

418 2091 594 2161 qualis
630 2089 959 2159 episcopus,
1009 2098 1101 2142 aut
1136 2088 1315 2158 qualis
1346 2090 1670 2161 presbyter,
1713 2092 1794 2147 vel
1829 2092 2006 2162 qualis

417 2183 723 2239 diacmius?
770 2181 959 2236 Nonne
1015 2183 1127 2235 haec
1178 2181 1455 2246 dicuntur,
1508 2182 1598 2237 ubi
1633 2183 1714 2239 vel
1748 2184 2005 2241 sacerdos

410 2276 502 2329 vel
537 2275 784 2330 minister
818 2273 910 2328 Dei
943 2287 1107 2328 ausus
1139 2272 1302 2326 fuerit
1332 2274 1384 2328 in
1418 2274 1602 2345 aliquo
1629 2286 1821 2332 contra
1849 2278 2001 2332 ordi-

421 2384 543 2422 nem
584 2382 741 2422 suum
789 2366 996 2427 venire,
1030 2373 1085 2419 et
1122 2363 1325 2434 aliquid
1374 2376 1564 2421 contra
1607 2369 2002 2425 sacerdotalem

420 2460 504 2515 vel
554 2457 851 2513 Leviticum
892 2456 1138 2510 ordinem
1183 2457 1414 2526 gerere?
1465 2458 1605 2525 Quid
1633 2468 1912 2517 autem-et
1940 2466 2005 2518 de

419 2550 723 2622 virginibus
756 2548 958 2615 dicam,
988 2556 1083 2602 aut
1108 2548 1174 2603 de
1201 2549 1613 2606 continentibus
1641 2553 1725 2607 vel
1740 2555 2005 2612 omnibus

418 2645 514 2714 qui
559 2644 613 2697 in
675 2640 1017 2712 professione
1054 2642 1335 2713 religionis
1374 2644 1666 2700 videntur?
1721 2647 1913 2704 Nonne
1955 2652 2001 2706 si

418 2734 548 2805 quid
584 2733 1035 2799 inverecundum,
1063 2733 1141 2787 vel
1165 2734 1437 2804 petulans,
1456 2735 1498 2789 si
1526 2737 1655 2806 quid
1689 2752 2001 2809 protervum

419 2828 732 2896 gesserint,
787 2826 969 2893 arguit
1022 2841 1117 2881 eos
1164 2828 1421 2883 continuo
1469 2828 1684 2898 Moyses
1729 2842 1783 2885 et
1832 2834 2001 2902 dicit,

421 2939 443 2972 ι
469 2919 661 2976 ‹Ηοηιο
695 2922 991 2976 secundum
1018 2922 1262 2977 ordinem
1298 2938 1453 2978 suum
1484 2924 1739 2979 incedat?
1763 2942 1782 2977 ι
1817 2925 2003 2996 Agno-

418 3022 535 3070 scat
575 3014 739 3085 igitur
774 3014 1151 3084 unusquisque
1207 3015 1458 3069 ordinem
1521 3031 1707 3082 suum,
1754 3028 1809 3072 et
1872 3020 2002 3088 quid

417 3107 642 3178 dignum
682 3107 754 3161 sit
800 3123 865 3161 eo
891 3107 1085 3161 ordine
1110 3122 1276 3176 quem
1316 3109 1590 3177 suscepit,
1632 3110 1918 3179 intelligat,
1949 3120 2003 3166 et

417 3200 493 3255 ita
524 3200 682 3254 libret
713 3209 865 3253 actus
887 3214 1037 3266 suos,
1074 3200 1142 3253 ita
1169 3201 1336 3253 etiam
1368 3215 1698 3268 sermonem,
1729 3202 2000 3260 incessum
2036 3240 2078 3298 ο

416 3307 632 3363 quoque
656 3292 908 3363 ipsumet
938 3293 1178 3347 habitum
1207 3294 1543 3358 moderetur,
1571 3303 1768 3349 utcum
1792 3298 2004 3375 ordinis

415 3385 500 3439 sui
533 3384 875 3456 professione
915 3386 1242 3450 conveniat,
1295 3401 1362 3440 ne
1411 3387 1594 3441 audiat
1627 3387 1730 3443 dici
1784 3391 1852 3445 ad
1883 3406 1942 3446 se
1973 3408 2001 3446 a

419 3479 555 3544 Deo,
583 3479 710 3550 quia
741 3489 993 3549 «propter
1027 3495 1340 3536 vos-nomen
1374 3495 1555 3536 meum
1591 3479 2003 3553 blasphematur

418 3571 561 3624 inter
590 3579 780 3639 gentes
808 3570 874 3624 ⁸³.
902 3590 920 3623 ι

487 3687 546 3741 2.
586 3685 727 3753 Quid
777 3696 959 3742 autem
1016 3688 1084 3743 sit
1135 3689 1280 3758 quod
1328 3690 1495 3757 dicit,
1552 3703 1645 3748 tet
1705 3698 2001 3751 secundum

418 3780 569 3849 signa
604 3795 767 3843 sua,»
822 3780 1122 3834 videamus.
1179 3783 1291 3851 Ego
1344 3794 1473 3854 puto
1530 3787 1685 3856 signa
1741 3805 1862 3845 esse
1918 3807 2003 3856 ea,

420 3870 617 3939 quibus
646 3870 1072 3940 uniusCujusque
1103 3875 1409 3943 preprietas
1457 3878 1775 3949 designatur
1806 3897 1821 3935 :
1852 3884 2001 3938 verbi

422 3963 621 4030 gratia,
654 3978 842 4016 omnes
871 3964 1087 4032 quidem
1137 3966 1381 4023 homines
1417 3970 1624 4025 similes
1663 3987 1882 4040 smnus,
1911 3976 2005 4029 sed

420 4064 503 4107 est
538 4054 1027 4123 propria‘quiedam
1058 4056 1506 4129 uniuscujusque
1548 4065 1861 4133 distinetio,
1920 4067 2004 4121 vel

420 4146 475 4200 iii
510 4148 621 4214 ipso
648 4146 820 4211 vultu,
852 4147 934 4200 vel
967 4147 1019 4201 iii
1050 4159 1278 4212 statura,
1313 4152 1396 4206 vel
1432 4155 1484 4207 in
1514 4156 1801 4226 positione,
1834 4161 1916 4214 vel
1953 4162 2004 4215 iu

424 4240 632 4301 habitu,
667 4252 762 4307 per
793 4253 933 4307 qua},
982 4240 1131 4294 verbi
1162 4242 1358 4311 gratia,
1395 4244 1606 4302 wPauliis
1647 4251 1773 4319 quia
1808 4251 2007 4310 Paulus

423 4330 495 4382 s't
522 4327 858 4398 designatur,
886 4339 939 4381 et
968 4329 1159 4385 Petrus
1186 4333 1313 4401 quia
1344 4336 1537 4392 Petrus
1568 4339 1675 4405 sit»,
1706 4348 1767 4395 et
1796 4358 1900 4397 non
1936 4347 2007 4398 sit

425 4420 640 4475 Paulus.
707 4423 983 4477 Interdum
1052 4436 1233 4481 autem
1288 4430 1453 4484 etiam
1524 4448 1629 4488 non
1693 4436 2009 4495 videntibus

423 4514 855 4585 uniuscujusque
890 4517 1026 4585 signi
1076 4518 1367 4576 diversitas
1402 4523 1581 4592 datur,
1619 4535 1676 4580 ut
1699 4542 1763 4582 ex
1789 4544 1926 4584 voce
1956 4541 2010 4585 et

427 4607 640 4675 loquela
666 4619 926 4676 agnoscat
959 4609 1107 4661 illum
1140 4625 1261 4664 esse
1293 4613 1373 4666 vel
1398 4613 1551 4669 illum
1591 4617 1683 4686 qui
1716 4617 1963 4688 loquitur
1992 4638 2005 4673 :
2043 4607 2086 4661 Ῑ)

426 4710 483 4753 et
512 4701 805 4753 secundum
838 4716 949 4756 sure
988 4706 1338 4774 proprietatis
1376 4708 1592 4777 signum
1638 4716 2012 4785 unusquisque

427 4792 592 4845 etiam
620 4792 739 4846 siue
767 4794 1035 4863 corporali
1068 4797 1287 4852 visione
1312 4802 1679 4868 cognoscitur.
1705 4802 1819 4860 Hoc
1850 4806 2012 4861 modo

428 4884 670 4937 arbitror
686 4899 808 4940 esse
833 4888 998 4942 etiam
1031 4888 1081 4942 in
1111 4891 1309 4945 animis
1334 4892 1487 4961 signa
1521 4893 1758 4950 diversa.
1787 4895 1859 4951 Et
1880 4896 2016 4952 alte-

429 4976 542 5029 rius
570 4976 981 5044 qnideinaniini
1011 4992 1190 5034 motus
1217 4981 1390 5037 lenior
1416 4993 1520 5050 est,
1557 4984 1724 5057 initis,
1748 4986 2013 5057 placidus,

432 5071 779 5138 tranquillus,
807 5073 1031 5142 aequalis
1052 5076 1316 5138 ;-alteriiis
1345 5078 1616 5143 turbidus,
1637 5079 1834 5147 elatus,
1860 5098 2017 5153 aspe-

433 5164 567 5225 rior,
610 5163 907 5231 inritatior,
963 5167 1315 5235 petulantior.
1362 5171 1515 5226 Alius
1551 5172 2014 5243 circumspectus,

432 5265 648 5319 cautus,
676 5258 951 5326 providus,
986 5260 1275 5327 sollicitus,
1305 5265 1553 5335 impiger.
1582 5265 1733 5321 Alius
1767 5269 2011 5325 desidio-

434 5370 545 5416 sus,
584 5358 865 5426 remissus,
904 5360 1203 5431 negligens,
1255 5362 1528 5419 incautus.
1584 5365 1649 5419 Et
1678 5366 1732 5421 in
1766 5368 1850 5423 liis
1880 5369 2019 5424 alius

435 5445 577 5514 plus,
633 5449 772 5504 alius
824 5452 1025 5507 minus.
1072 5453 1138 5507 Et
1200 5455 1373 5509 audeo
1435 5459 1824 5525 pronuntiare,
1890 5464 2017 5531 quia

438 5538 686 5598 fortassis
730 5555 930 5612 quanta
975 5546 1028 5602 iii
1074 5550 1254 5616 specie
1297 5550 1479 5604 vultus
1542 5551 1687 5606 inest
1730 5553 2020 5609 diversitas

514 5637 556 5667 ⁸¹
585 5638 773 5696 Matth.
805 5661 878 5710 vi,
908 5646 995 5701 55.
1074 5647 1118 5679 ⁸³
1149 5646 1309 5705 Rom.
1340 5666 1401 5713 it,
1431 5650 1521 5704 24.

517 5771 626 5841 (58)
661 5773 810 5843 Mss.,
844 5797 860 5828 ι
901 5782 1115 5851 subjici.
1150 5803 1169 5840 ι
1205 5784 1358 5841 Libb.
1398 5786 1549 5857 editi,
1589 5809 1606 5843 ι
1640 5790 1931 5862 subjicere.
1973 5813 1993 5847 ι

1597 5650 1642 5682 ⁸³
1668 5650 1694 5705 -Ι
1724 5650 1848 5707 Cor.
1884 5670 1957 5721 ix,
1986 5655 2072 5711 27.

2120 616 2316 667 rentia.
2345 615 2491 667 Sicut
2518 625 2570 667 et
2605 615 3064 683 sapientissimum
3096 616 3446 671 Salomoncui
3481 619 3702 673 memini

2114 708 2347 774 quotam
2384 706 2503 760 loco
2538 708 2805 760 dicentem
2844 723 2859 758 :
2899 726 2915 757 ι
2943 707 3098 760 Sicut
3130 707 3334 762 diversi
3372 716 3497 761 sunt
3523 708 3706 763 vultus

2115 799 2370 863 vultibus,
2399 800 2468 852 ita
2502 809 2555 853 et
2586 799 2801 852 diversa
2837 808 2967 851 sunt
3003 798 3171 852 corda
3197 799 3503 853 hominum.
3534 818 3560 851 ι»
3596 799 3704 854 Sed

2115 894 2508 960 unusquisque,
2562 900 2622 944 ut
2650 891 2730 943 ait
2761 889 2997 960 Moyses,
3050 891 3351 945 secundum
3403 892 3555 961 signa
3603 908 3701 946 sua

2114 984 2349 1045 incedat,
2404 983 2454 1037 id
2491 991 2596 1049 est,
2636 998 2703 1037 ne
2734 984 2778 1036 is
2806 1021 2821 1045 ,
2856 982 3277 1058 cujuslhumilia
3331 992 3386 1036 ct
3440 984 3702 1051 despecta

2113 1082 2238 1129 sunt
2285 1073 2462 1140 signa,
2499 1073 2695 1127 elatior
2725 1073 2965 1138 incedat,
3020 1073 3102 1129 vel
3143 1074 3309 1128 altior
3356 1089 3523 1143 quam
3580 1073 3702 1128 ani-

2114 1181 2326 1220 morum
2392 1181 2613 1221 suorum
2670 1167 2826 1237 signa
2879 1167 3202 1238 deposcunt.
3274 1166 3346 1221 Et
3412 1177 3470 1222 ut
3527 1168 3705 1223 adhuc

2112 1258 2347 1328 amplius
2376 1258 2710 1314 diversitatis
2739 1260 3025 1330 signorum
3053 1258 3508 1324 ratio-clarescat,
3537 1260 3702 1314 adde-

2117 1364 2236 1404 mus
2283 1352 2448 1404 etiam
2491 1352 2623 1405 hinc.
2652 1351 2858 1407 Omnes
2905 1353 2999 1422 qui
3050 1353 3265 1407 litteras
3290 1352 3707 1421 norunt.ﬂ79

2113 1447 2322 1492 certum
2363 1442 2617 1505 estquod
2650 1439 2838 1508 viginti
2889 1447 3125 1508 quatuor
3156 1439 3200 1493 si
3249 1434 3462 1506 Graeca,
3513 1441 3702 1510 viginti

2113 1528 2216 1581 tria
2258 1527 2302 1580 si
2338 1524 2544 1581 'Latiiia
2579 1528 2881 1583 litterarum
2916 1529 3185 1585 elementa
3211 1531 3522 1594 didicerint,
3554 1543 3607 1586 et
3635 1546 3705 1585 ex

2113 1619 2200 1674 liis
2255 1618 2453 1673 somnia
2488 1634 2842 1689 quaecunque
2900 1623 3186 1678 scribenda
3235 1634 3383 1692 sunt,
3427 1625 3701 1680 scribunt.

2110 1708 2270 1763 Aliud
2308 1719 2487 1763 tamen
2521 1709 2759 1781 signum,
2800 1712 2950 1765 verbi
2983 1714 3182 1781 gratia,
3209 1714 3369 1783 alpha
3394 1716 3538 1783 quod
3565 1714 3705 1769 Pati-

2113 1798 2195 1854 lus
2229 1800 2544 1869 scripserit,
2583 1801 2769 1866 habet,
2815 1812 2868 1855 et
2911 1801 3055 1855 aliud
3088 1803 3231 1870 quod
3268 1803 3496 1871 Petrus;
3539 1812 3593 1857 et
3623 1807 3704 1860 sic

2112 1904 2211 1959 per
2234 1889 2482 1959 singulos
2524 1890 2799 1955 homines,
2841 1891 2931 1961 qui
2961 1891 3175 1947 litteras
3215 1903 3434 1957 norunt,
3487 1894 3703 1949 diversa

2113 1980 2384 2036 scribendi
2421 1997 2516 2051 per
2555 1981 2799 2048 singulas
2830 1998 3073 2052 quasque
3102 1984 3317 2039 litteras
3356 1980 3507 2055 signa
3544 2002 3701 2055 repe-

2115 2074 2245 2128 ries.
2294 2067 2465 2127 ‘Untle
2520 2083 2575 2127 et
2625 2072 2990 2146 chirographa
3054 2073 3393 2147 singulorum
3452 2080 3703 2136 inanibus

2111 2164 2341 2233 scripta,
2367 2162 2605 2234 propriis
2634 2166 2962 2235 quibusdam
2999 2169 3173 2239 signis
3199 2181 3252 2224 et
3284 2171 3497 2226 iudieiis
3540 2188 3704 2243 agno-

2108 2265 2375 2319 scuntur;
2410 2266 2463 2310 et
2492 2272 2615 2310 cum
2637 2257 2747 2310 sint
2774 2258 3045 2312 elementa
3070 2260 3283 2328 eadem,
3311 2270 3391 2314 est
3428 2273 3605 2316 tamen
3648 2263 3702 2317 in

2111 2346 2227 2415 ipsa
2259 2344 2617 2400 similitudine
2650 2346 2957 2400 litterarum
2994 2349 3164 2403 multa
3198 2351 3594 2406 dissimilitudo
3622 2354 3701 2405 si-

2110 2450 2361 2507 gnorum.
2398 2436 2569 2514 Igitur
2614 2438 2657 2493 si
2693 2438 2906 2508 integre
2953 2442 3047 2495 tibi
3084 2444 3377 2511 proposita:
3413 2444 3487 2497 rei
3532 2445 3704 2514 patuit

2110 2512 2443 2597 exemplum,
2475 2529 2597 2583 veni
2634 2546 2776 2583 nunc
2830 2530 2895 2584 ad
2952 2542 3132 2587 motus
3181 2536 3381 2589 mentis
3413 2548 3464 2589 et
3497 2537 3705 2589 animo-

2113 2635 2256 2684 rum,
2289 2619 2492 2687 quibus
2540 2620 2607 2673 ad
2642 2620 2847 2690 aliquid
2895 2625 3242 2678 concitantur
3266 2624 3703 2696 gerciidiiiii.'lii-

2114 2724 2268 2768 tuere
2291 2710 2631 2783 singulorum
2671 2716 2908 2768 virorum
2942 2716 3301 2788 thirographa
3338 2720 3542 2773 et‘vide
3564 2737 3701 2788 quo-

2112 2806 2294 2873 modo,
2318 2808 2483 2860 'verbi
2521 2808 2720 2876 gratia,
2756 2808 2973 2862 animus
3018 2808 3170 2863 Pauli
3222 2813 3503 2880 proposuit
3533 2814 3703 2866 casti-

2112 2907 2374 2963 tatem,et
2409 2900 2627 2954 animus
2652 2901 3217 2969 iiililloniinns'Petri;
3249 2907 3340 2958 sed
3372 2915 3453 2959 est
3485 2907 3703 2974 [impria

2110 2990 2358 3058 qniedam
2391 2988 2801 3057 castitas‘l‘elri,
2821 3006 2868 3047 et
2901 2995 3005 3047 alia
3033 2995 3461 3060 casliias‘Pauli,
3487 2998 3702 3052 etiamsi

2112 3097 2219 3137 una
2252 3085 2556 3155 eademque
2588 3086 2858 3141 videatur.
2898 3089 3137 3157 Denique
3182 3091 3413 3146 alterius
3440 3092 3699 3161 ipsorum

2115 3176 2246 3233 talis
2302 3180 2529 3234 castitas
2582 3190 2685 3245 est,
2719 3198 2839 3251 qua:
2874 3185 3122 3253 requirat
3177 3187 3445 3239 macerari
3498 3202 3700 3255 corpus

2118 3285 2297 3337 suum,
2329 3280 2382 3325 et
2414 3272 2608 3341 subjici
2646 3271 2763 3344 (58)
2814 3277 3089 3339 servituti,
3138 3286 3192 3332 et
3236 3294 3354 3345 qua;
3386 3279 3563 3333 adhuc
3623 3274 3705 3333 di-

2116 3371 2206 3417 cat
2240 3362 2285 3394 ⁸³
2321 3377 2336 3416 :
2377 3381 2394 3414 ι
2431 3363 2654 3431 Castigo
2699 3382 2990 3435 torpllS'mt
3015 3386 3127 3433 um,
3160 3386 3224 3422 ni,-
3256 3362 3397 3423 lorte
3422 3369 3540 3424 aliis
3571 3387 3707 3439 pra:-

2113 3454 2306 3509 dicans
2357 3455 2471 3524 ipse
2510 3453 2773 3525 reprobus
2832 3459 3119 3524 inveniar;
3168 3480 3186 3513 i
3241 3462 3467 3516 alterius
3523 3474 3704 3517 autem

2115 3547 2340 3601 castitas
2379 3548 2500 3602 talis
2532 3558 2637 3611 est,
2676 3564 2796 3618 qua:
2822 3551 2961 3604 isuid
2988 3552 3129 3605 forte
3154 3568 3258 3605 non
3311 3550 3709 3608 timcat.Simi-

2115 3636 2239 3691 liter
2264 3647 2318 3690 et
2340 3639 2553 3707 jiistitia
2597 3642 2761 3694 habet
2793 3641 2998 3711 aliquid
3040 3644 3480 3712 proprieta‘tis’iu
3512 3646 3704 3707 Paulo,

2116 3726 2279 3781 habet
2310 3738 2365 3782 et
2400 3729 2450 3782 in
2490 3729 2671 3784 Petro.
2704 3732 2903 3784 Eodem
2938 3733 3098 3787 modo
3130 3744 3183 3788 ct
3235 3735 3504 3805 sapientia
3552 3746 3709 3791 caete-

2117 3834 2299 3888 ra:qne
2325 3823 2572 3877 virtutes.
2600 3823 2753 3889 Quod
2780 3824 2823 3877 si
2855 3824 3019 3877 etiam
3053 3826 3105 3880 in
3141 3826 3226 3881 itis
3252 3828 3561 3883 nominibus
3586 3844 3709 3899 quia

2118 3914 2350 3984 exempli
2386 3930 2546 3969 causa
2589 3916 2891 3983 posuimus,
2930 3927 3109 3987 potest
3142 3919 3257 3973 ﬁeri
3292 3928 3345 3973 ut
3386 3935 3509 3973 cum
3536 3937 3703 3975 unum

2122 4006 2233 4058 sint
2259 4020 2356 4074 per
2384 4005 2654 4076 Spiritum
2669 4001 2801 4070 Dei,
2821 4008 2893 4061 sit
2916 4017 3094 4061 tamen
3125 4009 3305 4080 aliqua
3336 4011 3625 4067 diversitas
3651 4012 3704 4067 in

2118 4097 2358 4166 ipsarum
2384 4099 2725 4167 proprietate
2752 4099 3037 4164 virtutum,
3070 4114 3277 4170 quanto
3311 4103 3486 4174 magis
3509 4104 3706 4174 reliqui

2119 4203 2312 4243 omnes
2342 4189 2594 4245 homines
2621 4192 2841 4262 propria
2862 4196 3125 4262 tqnzedaiu
3162 4196 3328 4263 signa
3373 4196 3425 4249 in
3473 4197 3708 4252 motibus

2118 4281 2426 4334 animorum
2457 4290 2511 4336 et
2540 4283 2738 4337 animae
2762 4284 3055 4339 virtutibus
3082 4294 3283 4356 gemuit
3300 4286 3323 4341 ?
3342 4286 3474 4353 Qua:
3494 4286 3708 4359 Moyses

2119 4372 2346 4442 mystica
2397 4372 2613 4427 ratione
2672 4375 3053 4443 perspiciens,
3104 4376 3295 4430 scribit
3352 4378 3404 4429 in
3460 4377 3597 4447 lege,
3650 4388 3707 4431 ut

2119 4466 2491 4533 unusquisque
2524 4467 2823 4520 secundum
2855 4467 3011 4536 signa
3045 4466 3380 4520 suaincedat
3404 4467 3459 4520 in
3487 4468 3703 4522 castris.

2120 4553 2311 4609 PoteSt
2353 4566 2537 4612 autem
2569 4557 2684 4611 lieri
2716 4566 2774 4611 ut
2805 4553 3155 4612 aemulatione
3184 4573 3412 4628 operum
3438 4559 3705 4612 bonorum

2118 4647 2187 4701 ab
2222 4648 2579 4703 inferioribus
2608 4649 2781 4719 signis
2852 4650 2920 4703 ad
2967 4650 3192 4703 meliora
3245 4660 3300 4704 et
3350 4652 3709 4722 niagniliCeii-

2119 4736 2260 4791 iiora
2296 4739 2599 4794 veniamus.
2637 4738 2693 4794 Si
2730 4739 2875 4793 enim
2920 4748 3071 4796 recte
3117 4755 3147 4794 a
3179 4743 3335 4796 nobis
3369 4743 3703 4798 intellectum

2117 4838 2225 4895 est,
2274 4830 2389 4884 haec
2419 4830 2601 4884 omnia
2635 4846 2755 4900 qnte
2806 4832 2857 4885 in
2894 4831 3011 4902 lege
3057 4835 3261 4905 scripta
3309 4844 3457 4900 sunt,
3502 4834 3708 4889 formas

2118 4934 2241 4974 esse
2274 4921 2585 4976 futurorum
2610 4920 2883 4978 bonorum
2908 4923 2975 4991 ⁸⁸,
2998 4936 3049 4980 et
3076 4926 3221 4981 illius
3255 4928 3441 4982 εαξρωὶ
3470 4930 3614 4999 quod
3639 4943 3708 4983 ex

2121 5014 2524 5069 resurrectione
2579 5028 2916 5071 mortuorum
2965 5034 3249 5087 speramus
3278 5062 3294 5087 ,
3366 5033 3577 5075 certum
3625 5031 3710 5077 est

2117 5103 2303 5173 utique
2332 5106 2476 5174 quod
2504 5108 2547 5162 si
2578 5106 2628 5160 in
2658 5110 2909 5177 priesetiti
2939 5112 3048 5164 vita
3077 5111 3434 5168 habuerimus
3468 5116 3706 5169 studium

2119 5194 2429 5262 meliorum,
2464 5207 2519 5252 et
2568 5201 2870 5255 secundum
2912 5203 3163 5273 Apostoli
3191 5206 3500 5275 exemplum
3531 5217 3711 5277 poste-

2121 5289 2267 5345 riora
2298 5291 2681 5349 obliviscentes
2742 5296 2809 5350 ad
2841 5311 2902 5351 ea
2951 5315 3071 5368 quae
3108 5302 3160 5355 in
3205 5312 3332 5357 ante
3362 5314 3489 5357 sunt
3519 5316 3699 5359 exten-

2117 5383 2348 5438 daninr:
2373 5385 2426 5438 in
2460 5392 2861 5445 resurrectione
2886 5402 3250 5459 mortuorum,
3272 5394 3364 5448 ubi
3384 5396 3523 5449 sicut
3548 5396 3703 5448 stella

2121 5470 2190 5525 ab
2213 5473 2371 5527 stella
2405 5474 2659 5531 dillcrtin
2680 5479 2851 5549 gloria
2886 5480 2954 5547 ⁸⁵,
2983 5481 3123 5539 itaet
3153 5484 3712 5553 uniuscujusqueme-

2118 5564 2221 5616 rita
2253 5566 2617 5636 refulgebunt,
2672 5573 2971 5637 poterimus
2990 5575 3177 5643 utique
3194 5578 3261 5632 ab
3280 5576 3709 5634 inlerioribusad

2152 5657 2198 5692 ⁸⁸
2228 5658 2392 5719 Hebr.
2426 5679 2481 5731 ι,
2511 5665 2561 5720 l.
2638 5664 2683 5699 "
2710 5665 2731 5720 Ι
2761 5665 2886 5727 Cor.
2920 5685 3007 5739 xv,
3040 5671 3128 5728 41.
