4124 6396
382 421 483 478 593

1594 405 1660 460 lN
1703 398 2032 459 NUMEROS
2074 399 2355 455 llUMlldA
2395 397 2482 454 lll‘.

3549 393 3665 446 51”"

382 544 614 600 meliora
649 541 802 612 signa
833 548 887 594 et
927 537 1254 610 lulgentiora
1292 531 1600 597 transferri,
1638 541 1693 585 et
1732 527 1971 599 splendi-
2002 531 2047 586 Δ
2079 529 2229 582 ctisi.
2288 526 2480 581 Melius
2549 535 2728 579 autent
2791 522 3023 578 dicimus
3078 523 3143 577 ad
3195 516 3659 589 enumerationem

384 637 629 694 dioribus
655 635 932 692 sideribus
960 630 1261 702 exmquari.
1294 631 1474 698 Atque
1500 628 1770 680 intantum
1798 636 1975 694 potc5t

387 742 583 785 natura
634 729 876 784 humana
914 728 965 781 in
1001 727 1106 781 hac
1139 724 1266 778 vita.
1294 723 1581 792 prolicere,
1613 727 1671 772 ut
1697 719 1747 773 in
1786 734 1972 772 resur-

386 822 1007 877 rectionemortuorum
1054 835 1162 872 non
1216 817 1391 872 solum
1426 814 1708 869 stellarum
1764 812 1971 882 gloriae.

387 915 483 972 sed
538 925 593 969 et
641 915 773 970 solis
804 912 1085 982 splendori
1121 911 1298 965 valeat
1345 908 1643 977 exaequari,
1674 905 1972 960 secundum

389 1007 530 1075 quod
559 1009 819 1077 scriptum
854 1017 939 1061 cst
967 1007 1040 1070 ⁸⁸,
1070 1005 1198 1074 quia
1237 1023 1256 1057 ι
1309 1004 1464 1074 justi
1485 1000 1769 1072 fulgebunt
1799 999 1850 1052 iu
1888 1012 1974 1051 re-

387 1117 494 1171 gno
525 1099 615 1155 Dei
653 1101 791 1154 sicut
825 1099 930 1154 sol.
965 1119 982 1150 ι
1021 1099 1156 1153 llinc
1187 1106 1446 1166 ergoest,
1490 1095 1636 1164 quod
1662 1102 1716 1148 et
1752 1092 1803 1145 iu
1839 1089 1978 1144 infe-

391 1192 635 1246 riorilms
662 1192 793 1246 dicit
821 1191 866 1223 ⁸⁷
905 1209 918 1244 :
964 1210 996 1242 ι.
1018 1188 1320 1245 secundum
1350 1190 1505 1260 signa
1534 1200 1767 1254 sua,per
1788 1183 1979 1238 domos

390 1284 724 1340 familiarum
750 1300 996 1338 suarum.
1042 1303 1061 1335 ι
1090 1283 1244 1348 Quod
1271 1282 1422 1346 dicit,
1464 1301 1482 1332 ε
1533 1296 1631 1350 per
1674 1279 1866 1333 domos
1898 1277 1980 1328 fa-

391 1376 940 1437 miliarumsuarum,
983 1393 1001 1425 ι
1041 1375 1092 1427 in
1136 1371 1333 1428 Graaco
1385 1373 1530 1426 idem
1563 1386 1742 1424 sermo
1771 1368 1981 1437 positus

392 1475 688 1534 est,.qttem
720 1476 773 1519 et
803 1465 872 1519 ibi
902 1463 1192 1535 Apostolus
1221 1462 1372 1526 dicit,
1395 1461 1484 1516 ubi
1509 1461 1584 1514 ait
1611 1460 1658 1490 ⁸⁸
1690 1477 1703 1512 :
1749 1478 1766 1510 ι
1813 1456 1980 1526 llujus

395 1559 471 1612 rei
495 1559 667 1626 gratia
697 1573 868 1612 curvo
895 1572 1069 1626 genua
1109 1553 1320 1610 mea.ad
1351 1552 1568 1607 Patrem
1615 1549 1830 1604 Domini
1882 1563 1981 1602 uo-

393 1649 495 1704 stri
525 1649 653 1705 Iesu
696 1648 928 1713 Gltristi,
955 1661 1153 1718 exquo
1184 1645 1700 1715 omnispateruitas
1734 1644 1786 1697 in
1841 1640 1983 1696 coelo

391 1754 451 1798 et
484 1743 535 1796 in
580 1751 727 1796 terra
763 1742 1096 1796 nominatur.
1140 1759 1159 1793 ι
1189 1740 1334 1808 Quas
1365 1753 1497 1808 ergo
1530 1738 1619 1794 hic
1651 1735 1848 1790 Paulus
1888 1751 1983 1804 pa-

397 1835 683 1890 ternitates
717 1835 973 1903 dicit,_ibi
1023 1833 1264 1889 familias
1304 1831 1486 1901 posuit
1532 1829 1762 1886 Latinus
1811 1831 1973 1882 inter-

396 1931 1012 1999 pres,sedamnsatque
1043 1927 1184 1981 idem
1218 1941 1399 1981 sermo
1427 1925 1662 1978 habetur
1687 1923 1740 1976 in
1768 1919 1977 1975 GI'JBCO.

398 2018 524 2075 Istae
543 2028 673 2073 sunt
700 2035 830 2090 ergo
858 2018 1236 2088 paternitates,
1268 2018 1348 2072 vel
1380 2015 1600 2069 familiae
1625 2029 1760 2082 quas
1788 2012 1985 2065 Paulus

398 2115 616 2184 quidem
647 2114 758 2182 jam
812 2113 1054 2167 osmudit
1105 2112 1157 2164 in
1202 2109 1378 2172 uelis,
1413 2107 1626 2177 Moyses
1673 2114 1851 2158 autem
1886 2104 1986 2157 sub

401 2207 592 2276 ﬁguris
641 2207 823 2260 adhuc
869 2205 1139 2272 legalibus
1175 2203 1434 2257 describit
1481 2203 1534 2254 iu
1568 2200 1764 2263 terris;
1795 2213 1988 2252 seruu-

401 2301 527 2353 dum
559 2313 697 2365 quas
722 2297 976 2350 incedere
1014 2310 1112 2348 nos
1139 2304 1341 2356 mouet,
1376 2305 1435 2346 ut
1487 2292 1758 2362 possimus
1818 2289 1984 2342 caele-

399 2388 1032 2458 stibuspaternitatibus
1074 2387 1298 2442 sociari.
1331 2384 1471 2439 Sunt
1510 2386 1676 2444 enim,
1715 2380 1988 2437 utl’aulus

400 2481 650 2551 superius
666 2480 1056 2551 pronuntiavit,
1074 2479 1192 2536 sive
1208 2476 1426 2531 familia:
1445 2478 1561 2530 ista:
1579 2475 1822 2529 dicenda:
1839 2485 1986 2535 sunt,

401 2576 517 2629 sive
536 2573 954 2644 paternitatesiu
972 2572 1128 2636 c0310,
1150 2587 1212 2624 ex
1230 2570 1425 2639 quibus
1444 2570 1579 2622 forte
1594 2577 1676 2622 est
1695 2567 1805 2631 illa,
1826 2579 1988 2633 quam

404 2667 457 2721 iu
489 2667 596 2720 alio
633 2665 751 2721 loco
788 2665 1038 2719 nominat
1070 2665 1210 2718 idem
1243 2663 1446 2717 Paulus
1471 2660 1770 2716 Ecclesiam
1799 2658 1988 2728 primi-

401 2761 635 2820 tivorum
676 2758 973 2828 aecriptztm
1045 2757 1096 2810 in
1153 2756 1307 2811 caelis
1335 2755 1417 2820 ‘9;
1489 2754 1577 2807 cui
1629 2769 1729 2807 nos
1766 2750 1985 2805 evteniet

401 2851 628 2916 sociari,
660 2852 704 2906 si
745 2852 1044 2906 secundum
1076 2849 1324 2904 ordinem
1362 2847 1682 2901 iucedamus
1718 2852 1772 2896 ct
1807 2843 1990 2896 omnia

402 2947 703 3002 secundum
727 2945 974 2998 ordinem
1010 2959 1285 3011 geramus.
1328 2939 1384 2994 Si
1421 2939 1553 2994 nihil
1598 2937 1990 3001 inordinatum,

403 3038 540 3094 nihil
588 3036 932 3106 inquietum,
977 3033 1117 3086 nihil
1168 3033 1516 3086 inhonestum
1564 3030 1878 3083 inveniatur
1936 3026 1993 3083 in

406 3131 588 3194 nobis,
625 3139 758 3183 tunc
790 3138 842 3183 et
876 3127 1020 3181 sicut
1071 3125 1476 3180 lirmamentmu
1505 3121 1991 3191 resplcmlebimus,

2076 623 2365 676 malorum.
2405 619 2544 675 Vere
2589 630 2772 674 autem
2815 619 3034 682 melius,
3082 628 3136 671 et
3169 630 3296 668 vere
3345 612 3565 674 rectius,
3597 625 3662 664 ac

2078 715 2378 786 perfectius
2433 724 2535 776 est,
2593 712 2777 782 utqui
2829 712 2980 766 audit
3028 710 3254 764 verbum
3303 708 3420 773 Dei,
3468 701 3663 759 audiat.

2079 811 2244 866 corde
2280 811 2421 864 bono
2465 819 2518 864 et
2560 808 2820 877 simplici,
2845 809 3034 862 audiat
3065 807 3227 862 corde
3257 811 3408 858 recto
3454 809 3510 854 et
3564 814 3664 869 pa-

2079 913 2226 968 rato,
2254 910 2308 955 ut
2339 901 2493 970 quasi
2525 899 2576 953 in
2623 909 2772 953 terra
2808 899 2951 953 bona
2984 895 3280 952 fructiﬁcet
3323 900 3377 946 et
3425 898 3661 945 crescat.

2079 997 2206 1054 lltec
2238 999 2290 1052 in
2321 995 2639 1067 prmi‘atioue
2655 994 2893 1048 diximus
2911 999 3133 1061 propter
3159 984 3451 1042 nonnullos
3473 995 3661 1038 eorum

2080 1092 2176 1162 qui
2209 1091 2276 1144 ad
2328 1087 2657 1142 audiendum
2695 1101 2797 1138 non
2839 1083 3104 1153 simplici,
3153 1095 3252 1136 nec
3291 1076 3447 1132 ﬁdel‘r
3483 1084 3667 1128 mente

2081 1181 2436 1236 conveniunt.
2473 1178 2654 1248 280‘
2687 1176 2762 1230 De
2789 1174 3114 1245 quibusdam
3162 1171 3286 1225 dico
3329 1167 3673 1223 catechumeo

2085 1277 2188 1336 "is.
2225 1274 2425 1344 (litibus
2458 1274 2695 1326 fortasse
2724 1269 2971 1323 nonnulli
3008 1267 3175 1321 etiam
3217 1277 3405 1318 eorum
3439 1259 3528 1328 qui
3554 1258 3666 1326 jam

2085 1373 2420 1438 baptismum
2464 1366 2743 1422 consecuti
2780 1373 2927 1428 sunt,
2961 1362 3266 1416 sociantur.
3309 1375 3326 1406 α
3366 1354 3482 1408 Non
3522 1351 3666 1407 enim

2087 1478 2278 1517 omnes
2315 1461 2409 1530 qui
2451 1477 2512 1513 ex
2559 1457 2749 1518 I'sracl,
2788 1457 2820 1508 ii
2853 1462 2979 1508 sunt.
3008 1450 3379 1511 lsraelitat”;
3430 1466 3446 1496 ι
3495 1456 3673 1510 neque

2084 1570 2278 1608 omnes
2331 1553 2422 1621 qui
2466 1550 2560 1603 loti
2614 1557 2739 1602 sunt
2795 1560 2956 1613 aqua,
3019 1542 3280 1595 continuo
3331 1538 3492 1591 etiam
3545 1547 3673 1587 san-

2086 1656 2175 1700 cto
2211 1645 2416 1713 Spiritu
2453 1641 2544 1694 loti
2586 1647 2749 1694 sunt:
2799 1636 2940 1690 sicut
2965 1632 3432 1688 econtrario-non
3482 1637 3674 1677 omnes

2085 1737 2178 1808 qui
2223 1738 2276 1790 in
2343 1729 3182 1790 cateclmmeuisnumerantur,
3223 1718 3394 1773 alieni
3441 1722 3570 1769 sunt
3616 1719 3674 1765 et

2087 1805 2341 1900 expertes
2386 1826 2627 1896 Spiritus
2658 1820 2859 1877 sancti.
2891 1815 3120 1872 Invenio
3149 1810 3292 1865 enim
3333 1810 3386 1862 in
3422 1805 3672 1872 Scriptu-

2092 1926 2169 1979 ris
2191 1920 2395 1975 divinis
2430 1915 2722 1972 tinttttttlios
2746 1911 3270 1967 eateclmmeuoutm
3300 1900 3492 1969 dignos
3516 1893 3673 1948 habi-

2092 2030 2175 2074 tos
2205 2017 2436 2088 Spiritu
2462 2023 2677 2072 sancto,
2708 2019 2760 2061 rt
2808 2007 2943 2060 alios
2972 2008 3198 2068 accepto
3228 1994 3502 2064 baptismo
3527 1986 3675 2042 indi-

2090 2128 2225 2183 gnos
2250 2085 2428 2162 luisse
2485 2104 2659 2159 sancti
2694 2100 2930 2169 Spiritus
2987 2094 3185 2162 gratia.
3210 2085 3493 2144 Cornelius
3526 2087 3676 2134 cate-

2092 2204 2393 2256 clmmcuus
2427 2205 2548 2251 erat
2577 2195 2646 2259 ⁸³,
2685 2203 2735 2245 et
2783 2201 3076 2256 antequam
3123 2181 3187 2236 ad
3216 2193 3412 2249 aquam
3442 2174 3674 2233 veniret.

2094 2294 2294 2348 meruit
2325 2291 2575 2358 accipere
2626 2285 2892 2354 Spiritum
2941 2287 3216 2334 sanctum.
3259 2272 3447 2326 Simon
3503 2265 3679 2336 bapti-

2092 2401 2271 2442 smum
2292 2389 2604 2451 acceperat,
2636 2377 2732 2434 sed
2755 2373 3012 2445 quoniam
3038 2384 3161 2422 eum
3191 2361 3464 2437 hypocrisi
3493 2373 3676 2412 acces-

2092 2481 2157 2536 sit
2184 2482 2250 2533 ad
2281 2477 2538 2546 gratiam,
2588 2472 2913 2542 repudiatur
2941 2485 2968 2522 a
3005 2467 3145 2520 dono
3200 2461 3440 2527 Spiritus
3471 2454 3674 2511 sancti.

2093 2577 2232 2631 Nolo
2267 2574 2484 2628 dubites
2517 2577 2573 2623 et
2615 2581 2761 2623 nunc
2805 2577 2930 2618 esse
2978 2560 3032 2613 in
3081 2553 3280 2626 pupqu
3329 2549 3680 2606 catechume—

2093 2682 2288 2724 uorum
2325 2665 2537 2736 aliqgtos
2562 2659 2873 2720 Cornelios,
2906 2655 2974 2708 ad
3014 2666 3152 2722 quos
3183 2647 3288 2702 dici
3323 2643 3522 2714 possit,
3550 2640 3679 2709 quia

2095 2734 2495 2818 misericordite
2527 2765 2581 2809 et
2619 2751 2902 2808 orationes
2933 2757 3038 2800 tua:
3065 2740 3430 2798 ascenderunt
3469 2734 3521 2788 iu
3573 2743 3686 2784 ece~

2095 2855 2206 2909 lum
2240 2852 2384 2921 (59);
2431 2861 2487 2903 et
2542 2861 2757 2902 rursum
2795 2845 2846 2897 in
2896 2837 3098 2909 populo
3130 2826 3368 2890 lidele
3399 2841 3524 2882 esse
3579 2823 3684 2921 ali-

2095 2961 2231 3017 quos
2289 2943 2561 3006 Situones,
2592 2940 2790 3008 quibus
2822 2933 3164 2990 conﬁdenter
3180 2924 3470 2981 dicendum
3505 2917 3680 2973 sit“:

2104 3012 2128 3092 ἐ
2164 3038 2209 3094 0
2244 3037 2400 3106 plene
2439 3034 2587 3088 omni
2639 3032 2766 3085 dolo
2813 3037 2866 3080 et
2919 3024 3152 3087 fallacia,
3188 3021 3262 3072 tili
3293 3012 3521 3077 diaboli,
3577 3023 3684 3063 Im-

2101 3104 2451 3190 mice—omnis
2501 3123 2750 3194 iustitiae.
2794 3139 2812 3171 ι
2852 3117 2979 3171 Ητρε
3015 3127 3115 3184 ego
3164 3111 3229 3164 ad
3279 3104 3682 3173 correptiouem

405 3231 462 3277 et
505 3222 652 3277 sicut
700 3219 870 3284 stella:
897 3228 950 3274 et.
997 3218 1076 3273 sol
1124 3217 1240 3286 ipse
1293 3215 1684 3285 refulgchimus
1729 3213 1780 3266 itt
1829 3229 1993 3283 regno
2021 3211 2063 3270 C
2100 3231 2204 3287 mei
2261 3229 2432 3298 ipsius
2484 3224 2717 3292 loquor,
2769 3230 2879 3268 non
2932 3209 3106 3267 solum
3153 3205 3482 3260 auditorum.
3534 3196 3686 3252 Unus

408 3314 556 3378 Dei,
641 3327 737 3380 per
805 3311 1084 3365 Christum
1166 3307 1452 3361 Dominum
1523 3315 1768 3358 nostrum
1813 3343 1828 3362 .
1906 3306 1993 3359 ctti

408 3413 496 3460 cst
554 3402 734 3474 gloria
800 3411 856 3458 et
920 3400 1215 3472 imperium
1274 3399 1328 3454 in
1395 3398 1594 3453 sagcula
1649 3398 1993 3455 saeculorum.

406 3497 603 3555 Amen.

997 3586 1281 3643 llOMlLlA
1317 3586 1405 3640 lll.

410 3705 492 3762 De
514 3724 575 3762 eo
601 3709 744 3778 quod
772 3709 1026 3773 scriptum
1047 3716 1120 3778 es}
1149 3705 1194 3736 ὀ
1220 3719 1288 3778 :_¢
1333 3702 1442 3771 Ego
1478 3705 1742 3778 assuntpsi
1789 3702 1997 3760 Levitas

483 3781 549 3832 de
581 3774 752 3833 medio
793 3778 1028 3845 ﬁliorum
1079 3774 1252 3828 Israel
1323 3791 1417 3842 pro
1457 3776 1598 3830 οηιηὶ
1649 3776 1998 3846 primogenita

482 3851 574 3915 qui
611 3849 853 3917 adaperit
888 3847 1120 3910 vulvam,
1151 3865 1168 3897 ι
1203 3855 1250 3898 et
1281 3846 1506 3914 reliqua.

484 3965 539 4018 1.
573 3963 850 4030 Scriptum
887 3970 971 4016 est
1005 3961 1070 4014 de
1110 3975 1338 4027 manna,
1377 3959 1507 4028 quia
1535 3961 1831 4016 secwtdum
1865 3971 2000 4016 tem-

411 4072 514 4127 pus
548 4057 679 4112 illud
704 4055 748 4111 si
782 4054 905 4124 quis
935 4053 988 4108 id
1022 4052 1510 4120 itaassumpsisset
1562 4063 1620 4106 ut
1663 4062 2001 4122 praeceperat

415 4150 582 4217 Deus,
636 4151 942 4204 nutriretur
993 4163 1071 4202 ex
1103 4160 1168 4199 eo
1196 4145 1288 4207 ;.si
1317 4146 1442 4214 qms
1479 4159 1608 4199 vero
1632 4154 1825 4199 contra
1861 4162 2001 4216 pra:-

413 4257 632 4314 ceptum
679 4244 795 4305 Dei,
827 4252 880 4296 et
928 4247 1114 4296 contra
1166 4247 1432 4293 statutum
1479 4237 1755 4293 divinitus.
1782 4241 1998 4294 modum

412 4337 679 4392 voluisset
708 4349 1011 4395 assumere,
1034 4347 1139 4386 non
1161 4330 1435 4386 frueretur
1469 4345 1557 4396 eo,
1591 4341 1662 4385 ιιι.
1681 4330 1828 4385 vitali
1855 4331 1998 4396 cibo,

412 4431 508 4486 sed
539 4445 752 4484 vermes
787 4427 1081 4484 ebullirent
1121 4441 1203 4482 ex
1229 4439 1319 4478 eo.
1350 4423 1416 4477 Et
1469 4425 1540 4478 ita
1574 4424 1760 4488 ﬁebat,
1793 4434 1854 4479 ut
1893 4439 1998 4480 una

414 4531 578 4592 atque
629 4524 821 4578 eadem
874 4519 1084 4590 species
1118 4533 1330 4572 manna:
1367 4515 1491 4571 aliis
1525 4516 1758 4585 quidem.
1786 4531 2000 4572 vermes
2034 4555 2080 4612 Ι)

413 4625 472 4670 et
495 4614 816 4685 putredines
854 4623 1164 4683 generaret,
1204 4609 1326 4662 aliis
1355 4624 1484 4662 vero
1522 4607 1792 4665 salubrem
1820 4609 1998 4663 cibum

412 4708 711 4770 conterret,
753 4717 802 4760 et
857 4706 980 4758 vita:
1016 4702 1412 4758 necessarium.
1445 4700 1614 4770 Igitur
1668 4712 1723 4755 et
1750 4710 1996 4757 nostrum

414 4817 610 4857 manna
646 4802 873 4854 verbum
925 4795 1018 4850 Dei
1067 4805 1190 4860 est,
1229 4804 1282 4846 et
1326 4792 1463 4862 apud
1521 4807 1622 4848 nos
1656 4807 1788 4863 ergo
1817 4810 2001 4849 sermo

416 4891 513 4947 Dei
541 4892 666 4946 aliis
689 4888 920 4944 eﬂicitur
943 4887 1011 4940 ad
1037 4886 1309 4950 salutem,
1328 4884 1449 4938 aliis
1491 4884 1636 4938 cedit
1667 4885 1731 4937 ad
1759 4901 1998 4954 pugnam.

416 4983 488 5041 Et
511 4993 732 5053 propter
763 4982 864 5037 hoc
892 4979 1130 5037 arbitror
1157 4979 1300 5046 quod
1343 4978 1458 5046 ipse
1490 4977 1754 5031 Dominus
1788 4987 1842 5031 et
1881 4977 2004 5032 Sal—

414 5088 594 5141 vator,
619 5076 710 5148 qui
743 5084 829 5130 est
861 5076 1044 5128 vivum
1096 5070 1203 5126 Dei.
1232 5070 1485 5137 verbum,
1517 5070 1736 5126 dicebat
1768 5072 1810 5104 ³⁸
1841 5090 1853 5125 :
1888 5091 1905 5123 ‹
1943 5072 2000 5127 lu

408 5168 683 5240 iudicium.
700 5183 798 5236 ego
830 5166 951 5222 veni
980 5165 1033 5219 itt
1063 5167 1207 5219 hum:
1241 5163 1525 5227 mumlum,
1556 5173 1615 5216 ut
1669 5180 1776 5218 non
1806 5165 1999 5220 viden-

419 5273 499 5316 tes
539 5263 776 5327 videant,
823 5273 878 5315 et
918 5261 1164 5314 videntes
1202 5257 1333 5312 caeci
1376 5254 1531 5309 ﬁant.
1570 5275 1589 5306 ι
1623 5255 1839 5323 Quanto
1888 5275 2001 5314 me-

418 5353 522 5407 lius
557 5365 702 5408 esset
731 5352 1006 5407 nonnullis
1031 5353 1256 5407 omnino
1289 5368 1388 5406 uec
1417 5353 1604 5407 audire
1637 5355 1860 5405 verbum
1882 5350 2002 5415 Dei.

420 5463 585 5516 quant
614 5446 804 5500 audire
840 5462 962 5499 eum
1021 5446 1250 5509 malitia,
1309 5445 1395 5498 vel
1443 5445 1634 5499 audire
1681 5458 1802 5499 cum
1830 5442 2002 5514 hypo-

483 5544 527 5572 '"’
567 5526 759 5594 Matth.
801 5558 916 5602 xm,
959 5541 1046 5595 45.
1123 5542 1165 5572 ⁸⁷
1207 5541 1367 5595 Νιιιιι.
1412 5557 1468 5604 ιι,
1510 5541 1563 5593 2.

437 5614 456 5643 ²
489 5613 648 5666 ltom.
681 5628 753 5677 ιιι,
785 5611 837 5666 (i.
915 5611 960 5642 ⁸³
993 5611 1112 5665 Act.
1149 5628 1198 5664 x.
1277 5611 1324 5642 ⁸³
1353 5611 1473 5664 Act.
1505 5627 1622 5674 xm,
1665 5611 1744 5664 l0.

479 5711 609 5792 (591‘
651 5711 945 5792 lu'rmlum.
1067 5711 1238 5766 Codd.
1290 5711 1635 5767 liltroiccns'is
1663 5721 1718 5766 et
1750 5712 1990 5781 Turon.,

409 5795 433 5833 ι
476 5783 542 5833 ml
577 5783 881 5835 Dmniuttttt.
930 5802 946 5833 ι

483 5852 598 5922 (60)
629 5853 796 5907 Codd.
837 5853 1208 5919 Ebroiccnsis,
1249 5851 1607 5921 Turonensis,
1650 5852 1993 5912 Bellovacen-

1641 5540 1685 5570 πε
1727 5540 1923 5609 Ιεέριιθδ.
1966 5554 2044 5602 ιιι,
2081 5539 2165 5593 Η.

1819 5609 1864 5644 ’³³
1893 5609 2056 5666 Nunt.
2089 5625 2169 5664 ιιι.
2204 5611 2261 5666 ll
2302 5620 2358 5665 et
2387 5626 2536 5682 seqq.

2060 5770 2068 5776 ,
2099 5715 2196 5779 sis,
2221 5732 2241 5767 ι
2284 5713 2628 5785 primitivas._
2662 5731 2688 5785 r
2719 5710 2841 5764 Mox
2892 5707 3060 5785 code;
3100 5705 3285 5782 Sancti
3323 5701 3687 5759 Theoderici.

2099 3325 2244 3380 enim
2271 3297 2326 3378 et
2349 3337 2451 3392 ego
2498 3336 2618 3375 sum
2648 3334 2712 3373 ex
2770 3317 2856 3380 iis,
2887 3313 2978 3384 qui
3035 3309 3265 3365 audiunt.
3306 3303 3531 3360 verbum
3569 3297 3687 3351 Dei.

2146 3412 2223 3466 ,2.
2260 3390 2693 3466 Sed—audiamus
2715 3407 2831 3478 jam
2865 3403 2998 3474 quid
3030 3414 3212 3455 sermo
3250 3395 3467 3450 divinus
3496 3390 3692 3456 loqua-

2101 3513 2191 3560 tur
2215 3503 2280 3558 ad
2320 3500 2565 3572 Moysen.
2597 3517 2614 3550 ι
2651 3499 2718 3552 Ει
2757 3497 2970 3550 loeutus
2991 3502 3094 3558 est,
3128 3489 3306 3559 inquit
3330 3487 3399 3550 ⁸⁵,
3429 3481 3690 3537 Dominus

2099 3599 2167 3652 ad
2201 3596 2446 3668 Moysen,
2481 3594 2670 3648 dicens
2701 3608 2716 3644 :
2750 3590 2894 3650 Ecce
2925 3603 3023 3657 ego
3064 3579 3335 3650 assumpsi
3369 3576 3590 3638 Levitas
3619 3571 3692 3629 de

2101 3690 2282 3745 medio
2331 3686 2566 3745 ﬁliorum
2622 3682 2813 3744 Israel.
2855 3694 2954 3751 pro
2996 3675 3146 3730 omni
3193 3668 3563 3744 primogenita
3595 3661 3691 3733 qui

2101 3780 2352 3852 adaperit
2380 3778 2598 3835 vulvam
2649 3773 2887 3834 cxtiliis
2933 3761 3570 3833 lsraelhrcdcutptioncs
3595 3771 3691 3810 eor

2101 3851 2223 3933 rum
2259 3880 2441 3933 erunt,
2475 3879 2533 3925 et
2577 3877 2741 3928 erunt
2789 3865 2920 3924 mihi
2969 3861 3192 3922 Levites.
3223 3855 3399 3912 Meum
3429 3861 3514 3909 est
3541 3851 3687 3904 enim

2101 3981 2276 4023 omne
2316 3961 2763 4035 primogenitum.
2813 3958 2888 4011 Ex
2928 3953 3019 4010 die
3063 3967 3167 4022 qua
3229 3945 3471 4020 percussi
3527 3955 3690 3996 omne

2102 4058 2525 4131 primogenitum
2576 4055 2632 4109 in
2691 4061 2832 4108 terra
2884 4047 3129 4120 Egypti,
3163 4039 3508 4100 sanetiticavi
3556 4037 3689 4095 mibj

2104 4166 2267 4209 oume
2315 4147 2739 4218 primogenitum
2808 4141 2996 4203 Israel.
3049 4139 3116 4193 ab
3153 4136 3372 4192 homine
3421 4146 3595 4200 usque
3625 4129 3690 4180 ad

2104 4260 2270 4317 pecus
2327 4256 2505 4297 meum
2553 4240 2686 4302 erit,
2744 4234 3170 4306 egoDominus.
3227 4248 3244 4281 ι
3287 4227 3487 4283 Levita:
3537 4237 3692 4274 assu-

2105 4315 2331 4392 muntur
2357 4327 2897 4405 proprimogenitis,
2931 4321 3263 4394 cumulique
3297 4334 3403 4372 non
3443 4316 3553 4370 sint
3583 4315 3692 4382 pri-

2105 4427 2383 4498 mogeniti.
2416 4421 2544 4483 Levi
2590 4421 2735 4478 enim
2782 4416 2975 4474 tertius
3021 4413 3270 4468 nascitur
3293 4425 3358 4464 ex
3390 4407 3506 4462 Lia.
3565 4405 3691 4460 Pri-

2107 4536 2228 4574 mus
2278 4532 2515 4586 namque
2541 4523 2629 4570 est
2656 4511 2880 4574 Ruben;
2913 4507 3135 4563 Simeon
3171 4503 3465 4564 secundus,
3502 4499 3692 4552 tertius

2110 4613 2240 4670 Levi
2267 4630 2280 4679 ;
2316 4619 2371 4667 et
2403 4615 2762 4665 assumuntur
2793 4605 2849 4658 in
2886 4595 3358 4673 primogenitosii,
3379 4593 3469 4664 qui
3501 4601 3699 4646 natura

2110 4725 2217 4764 non
2277 4715 2405 4762 sunt
2451 4700 2824 4772 primogeniti.
2876 4694 3136 4766 Nunquid
3189 4692 3304 4746 haec
3352 4691 3402 4742 in
3433 4688 3550 4758 lege
3600 4684 3703 4741 Dei

2108 4805 2286 4859 Otiose
2309 4801 2514 4868 scripta
2545 4810 2670 4850 esse
2700 4791 3036 4848 credendum
3068 4786 3192 4842 est?
3221 4785 3303 4838 An
3353 4783 3481 4836 illud
3507 4783 3702 4836 edocet

2113 4912 2235 4958 nos,
2267 4893 2411 4964 quod
2447 4892 2587 4962 apud
2617 4890 2783 4943 Deum
2813 4902 2920 4939 non
2949 4883 3024 4937 illi
3063 4877 3408 4951 primogeniti
3450 4875 3688 4935 habeon:

2112 4993 2219 5041 tur.
2245 4982 2336 5050 qui
2363 4994 2624 5048 corporea
2656 4975 2946 5030 nativitate
2992 4970 3330 5040 praecedunt,
3355 4967 3449 5022 sed
3485 4968 3519 5021 ii
3551 4981 3690 5040 quos

2109 5075 2393 5146 proposito
2430 5071 2630 5126 mentis
2674 5071 2946 5138 inspecto,
2988 5064 3132 5118 Deus
3185 5063 3301 5131 ipse
3346 5062 3400 5117 iu
3445 5059 3690 5119 ordinem

2110 5167 2512 5236 primitivorum
2541 5161 2753 5232 judicat
2793 5155 3204 5213 assumendos?
3251 5153 3343 5209 Sic
3375 5151 3520 5209 enim
3553 5151 3692 5221 :Ip‘ud

2111 5262 2278 5316 Deum
2304 5259 2474 5315 Jacob
2501 5257 2774 5327 posterior
2809 5266 2937 5308 natu
2984 5250 3379 5322 primogenitus
3421 5246 3699 5313 iudicatus

2111 5363 2219 5418 est,
2261 5362 2316 5407 et
2358 5350 2770 5409 benedictiones
2823 5348 3191 5417 primittvatus
3236 5342 3348 5407 (60)
3403 5343 3689 5408 procurata

2112 5444 2385 5500 divinitus.
2404 5442 2651 5513 parentis
2677 5442 2926 5498 caecitate
2950 5434 3278 5507 suscepit".
3309 5429 3688 5500 Exproposilo

2243 5540 2285 5570 ’"’
2319 5540 2484 5594 Hebr.
2516 5553 2611 5600 xu,
2639 5536 2728 5591 εὖ.
2805 5539 2851 5570 ⁹⁰
2879 5539 3037 5591 Νιιιιι.
3075 5552 3154 5591 ιιι.
3230 5537 3273 5567 ³⁸
3303 5533 3459 5589 Joan.
3495 5551 3567 5603 Ix,
3597 5536 3686 5593 59.

2245 5611 2261 5662 l
2302 5620 2358 5662 et
2387 5626 2536 5662 seno.
2613 5608 2659 5638 “
2688 5609 2825 5662 Gen.
2866 5622 3030 5662 χχιιι.

2737 5625 2825 5662 Cll.
2866 5622 3030 5662 XXVII.

2121 5806 2137 5837 ι
2169 5774 2498 5855 procurante
2522 5783 2809 5840 divinitate
2841 5777 3084 5849 parentis
3107 5774 3377 5844 caecitate,
3415 5793 3432 5829 ι
3470 5785 3580 5831 etc.
