4124 6402
485 370 589 426 595
1939 362 2264 419 ORIGENIS

3652 376 3759 431 596

482 487 688 543 etciiim
716 488 898 542 cordis
946 487 1089 556 quod
1141 488 1250 541 Deo
1296 485 1491 555 patuit,
1541 485 1707 540 etiam
1747 484 2061 553 priusquam
2096 487 2140 542 Α
2168 491 2221 535 et
2254 482 2533 545 Manasse;
2568 482 2620 534 in
2651 481 2904 551 aquilone
2948 497 3075 537 vero
3114 485 3223 537 Dan
3253 498 3373 539 cum
3408 484 3750 553 Nephtbalim

485 578 542 634 in
568 580 671 634 hoc
706 579 911 633 tnundo
932 588 1316 641 nascerentur,
1353 588 1444 632 aut
1468 577 1669 646 aliquid
1698 585 1921 645 agerent
1943 574 2066 628 boui

483 671 568 726 vel
602 672 753 738 mali,
783 673 1097 743 pronuntiat
1137 672 1399 726 Dmninns
1444 672 1509 726 de
1538 672 1619 725 eis
1649 673 1715 735 ⁸⁷,
1760 672 1882 740 quia
1917 691 1933 721 ι
1973 669 2067 723 In-

480 762 583 819 cob
614 764 799 831 dilexi,
846 766 987 819 Esau
1044 774 1223 817 autem
1269 764 1391 818 odio
1442 762 1629 817 habui.
1692 781 1711 816 ι
1767 762 1886 816 Filii
1933 778 2063 831 ergo

480 852 609 909 Levi
642 855 994 924 primogeniti
1029 854 1248 923 quidem
1284 870 1389 908 non
1429 863 1557 908 sunt
1588 854 1884 908 secundum
1935 871 2059 906 rar-

474 960 626 1011 netn,
658 947 750 1000 sed
779 961 878 1014 pro
919 946 1295 1017 primogenitis
1334 957 1720 1012 assumuntur;
1756 957 1813 999 ut
1840 947 1909 999 sit
1944 962 2060 998 am-

477 1036 619 1101 plius
672 1037 878 1107 aliquid
926 1053 1028 1107 pro
1069 1038 1432 1106 primogenito
1466 1039 1689 1099 assumi,
1730 1054 1892 1108 quant
1948 1039 2057 1108 pri-

475 1128 810 1198 mogenitum
836 1131 1007 1184 nasci.
1045 1148 1061 1180 ι
1109 1131 1268 1196 Ecce,
1304 1131 1501 1199 inquit,
1537 1131 1803 1201 assumpsi
1841 1130 2056 1186 Levitas

465 1229 536 1270 ex
597 1220 772 1272 ncdio
808 1221 1044 1276 ﬁliorum
1105 1221 1293 1277 Israel.
1358 1241 1379 1275 ›
1424 1223 1519 1277 Dic
1568 1222 1908 1292 simpliciter,
1950 1233 2055 1279 AS-

468 1309 676 1376 snmpsi
705 1308 922 1363 Levitas
949 1328 1011 1367 ex
1052 1312 1179 1367 ﬁliis
1217 1312 1399 1366 Israel.
1426 1312 1565 1379 Quid
1594 1323 1678 1367 est
1706 1315 1852 1382 quod
1874 1314 2051 1377 addis,

467 1406 525 1450 et
564 1398 631 1453 de
682 1402 863 1454 medio
894 1402 1126 1457 ﬁliorum
1167 1402 1374 1457 Israel?
1406 1405 1471 1459 de
1505 1419 1613 1473 quo
1641 1403 1818 1457 medio
1848 1403 1871 1457 ?
1922 1402 2047 1459 Ter-

470 1490 579 1543 tius
614 1500 700 1545 est
730 1491 880 1561 Levi,
929 1505 985 1547 ut
1012 1512 1171 1564 supra
1208 1496 1469 1563 diximus,
1509 1498 1649 1549 inter
1686 1495 1829 1549 ﬁlios
1859 1495 2046 1552 Israel.

470 1582 541 1636 Ite
571 1597 679 1651 quo
726 1599 859 1654 ergo
904 1587 1083 1645 medio
1130 1600 1481 1643 assumantur
1547 1587 1749 1643 Leviue
1795 1605 2046 1659 cuperem

463 1675 627 1729 scire.
658 1675 882 1731 Invenio
908 1678 958 1731 in
987 1678 1285 1749 Scriptnris
1329 1683 1541 1737 beatam
1568 1683 1712 1736 illam
1749 1682 2049 1737 Sunamiti-

460 1766 583 1819 dem
621 1782 742 1836 quae
766 1769 1291 1840 alnerataliquando
1325 1775 1667 1845 prophetam,
1710 1777 2042 1844 responden-

2174 584 2226 629 et
2260 576 2418 629 Aser.
2455 575 2527 627 Ex
2572 576 2656 628 his
2700 576 2953 629 omnilms
2992 578 3146 644 quasi
3202 596 3299 648 per
3330 591 3563 650 quatuor
3593 591 3753 637 terra:

2171 668 2425 722 cardmes
2480 667 2533 721 in
2576 667 2810 721 circuitu
2863 666 3188 736 collocatis,
3245 673 3299 727 in
3361 676 3538 730 medio
3561 692 3747 730 eorum

2172 768 2358 828 utpote
2394 758 2501 812 Deo
2530 757 2764 828 proximi
2793 757 2937 813 circa
2971 760 3147 829 ipsum
3198 766 3607 823 tabernaculum
3655 769 3748 825 Dei

2167 851 2577 905 constituuntur
2610 850 2833 909 Levitat.
2864 853 2919 908 In
2969 856 3166 911 castris
3214 858 3435 927 quidem
3466 860 3599 915 Juda
3628 877 3749 930 qua:

2168 952 2293 997 sunt
2344 944 2409 995 ab
2439 944 2677 1011 oriente,
2704 943 2918 1015 Moyses
2952 958 3007 1002 et
3051 949 3271 1015 Aaron;
3313 951 3364 1005 in
3394 952 3589 1007 castris
3616 966 3747 1008 vero

2169 1031 2395 1099 Ruben,
2449 1033 2716 1099 Gerson;
2785 1034 2836 1087 in
2903 1038 3103 1090 castris
3177 1049 3357 1095 autem
3413 1039 3693 1110 Benjamin
3727 1085 3742 1109 ,

2164 1124 2325 1194 281
2362 1124 2568 1189 Caath;
2615 1125 2703 1180 ubi
2755 1141 2885 1179 vero
2916 1127 3027 1181 Dan
3064 1140 3241 1184 castra
3289 1133 3596 1195 constituit,
3642 1131 3744 1187 Ile-

2166 1218 2275 1270 rari
2310 1216 2571 1271 scribitur
2627 1218 2959 1284 collocatus;
3002 1231 3056 1274 et
3086 1223 3155 1276 ita
3208 1223 3262 1276 in
3296 1226 3471 1279 medio
3507 1225 3738 1280 ﬁliorum

2160 1307 2329 1363 Israel
2360 1324 2423 1363 ex
2473 1309 2622 1363 omni
2653 1318 2826 1377 parte,
2876 1320 2930 1365 et
2976 1326 3072 1381 per
3123 1312 3433 1378 circuitum,
3466 1316 3617 1385 quasi
3656 1316 3739 1371 in-

2159 1402 2290 1456 serti
2320 1402 2533 1456 «steteris
2560 1410 2616 1457 et
2647 1402 2831 1456 innexi
2866 1404 3117 1458 videntur
3142 1420 3265 1460 esse
3301 1406 3395 1461 ﬁlii
3434 1406 3582 1462 Levi.
3613 1408 3739 1463 Ha-c

2158 1502 2283 1547 sunt
2312 1508 2434 1562 qua:
2480 1491 2635 1548 nobis
2658 1492 2833 1548 littera
2882 1496 3017 1565 legis
3058 1498 3301 1567 exponit,
3340 1509 3398 1551 ιιι
3439 1516 3503 1553 ex
3540 1502 3625 1557 his
3653 1517 3739 1556 sa-

2155 1592 2558 1638 cramentorum
2583 1584 2789 1639 semina
2816 1585 3159 1655 colligentes,
3189 1598 3449 1659 tanquam
3480 1593 3739 1662 gradibus

2154 1674 2480 1747 quibusdam
2511 1676 2579 1730 ab
2616 1676 2910 1733 humilibus
2936 1680 3002 1733 ad
3032 1680 3241 1735 excelsa
3263 1721 3279 1745 ,
3326 1692 3380 1735 et
3430 1698 3459 1735 a
3497 1684 3734 1738 terrenis

2155 1766 2221 1819 ad
2263 1765 2509 1821 caelestia
2556 1770 3002 1826 conscendamus.
3057 1772 3303 1828 Ascende
3332 1788 3461 1843 ergo
3505 1790 3668 1839 nunc,
3702 1793 3736 1831 ο

462 1866 568 1911 tem
590 1873 712 1913 eum
748 1860 944 1916 ﬁducia
985 1864 1098 1933 regi
1120 1864 1284 1919 Israel
1325 1866 1524 1921 volenti
1550 1866 1656 1921 sibi
1686 1868 1893 1939 aliquid
1919 1884 2033 1924 con-

2152 1856 2393 1923 auditor,
2441 1857 2482 1910 si
2529 1868 2703 1926 potes,
2755 1868 2810 1914 et
2857 1874 2886 1913 a
2954 1864 3183 1918 terrenis
3233 1864 3481 1920 sensibus
3535 1865 3730 1920 intuitu

459 1948 606 2004 ferre
640 1949 912 2019 beneﬁt-ii,
964 1966 1020 2009 et
1068 1958 1337 2013 dicentem
1365 1960 1410 1992 ’³
1442 1980 1455 2016 :
1495 1980 1513 2014 ι
1551 1963 1607 2017 In
1646 1963 1825 2018 medio
1857 1962 2042 2032 p0puli

460 2040 565 2095 mei
605 2056 705 2112 ego
753 2043 963 2102 habito.
1024 2066 1043 2100 ι
1079 2048 1340 2125 Amplius
1376 2062 1559 2109 autem
1594 2065 1647 2109 et
1694 2055 2043 2124 magniﬁcen-

456 2132 563 2186 tius
630 2134 683 2191 in
726 2134 1023 2207 Evangelio
1080 2141 1237 2196 video
1290 2145 1553 2213 scriptum
1611 2145 1679 2202 de
1726 2147 1957 2201 Domino
1986 2155 2042 2201 et

456 2224 744 2284 Salvatore
776 2240 988 2300 nostro,
1019 2232 1237 2289 dicente
1263 2234 1474 2293 Joanne
1494 2239 1541 2271 ’9
1573 2258 1583 2293 :
1625 2258 1643 2292 ι
1683 2239 1891 2295 Medius
1945 2254 2039 2295 ve~

452 2325 628 2372 strum
674 2320 803 2385 s’tat,
839 2338 1003 2393 quem
1038 2340 1133 2380 vos
1192 2329 1438 2384 nescitis.
1486 2348 1505 2383 ι
1540 2329 1679 2386 Puto
1719 2348 1853 2404 ergo
1910 2348 2033 2388 eum

456 2411 551 2476 qui
584 2426 863 2482 nunquam
904 2415 1263 2473 declinaverit
1316 2420 1384 2474 ad
1431 2420 1712 2487 dextram,
1754 2439 1929 2492 neque
1969 2424 2033 2479 ad

450 2499 877 2568 sinistram,diei
906 2520 1069 2576 posse
1102 2508 1339 2565 medium
1370 2520 1537 2574 stare.
1565 2530 1584 2565 ι
1626 2514 1715 2584 qui
1750 2526 2031 2583 peccatum

449 2607 555 2645 non
589 2593 737 2657 fecit,
769 2610 868 2650 nec
915 2597 1169 2654 inventus
1205 2610 1289 2654 est
1320 2601 1476 2658 dolus
1515 2602 1568 2657 itt
1622 2618 1718 2658 ore
1758 2603 1875 2673 ejus
1912 2603 1953 2657 ¹.
2008 2622 2027 2655 ι

448 2685 515 2740 Et
552 2686 675 2741 ideo
720 2687 813 2743 ille
860 2690 1122 2759 quidem,
1178 2695 1303 2761 quia
1358 2708 1577 2764 semper
1636 2704 1770 2761 stat,
1820 2697 2031 2751 medius

447 2788 595 2834 stare
634 2779 857 2837 dicitur.
900 2782 957 2839 Si
997 2785 1122 2855 quis
1157 2801 1289 2841 vero
1336 2787 1584 2843 imitator
1614 2787 1733 2858 ejus
1761 2798 1865 2855 est,
1889 2790 2030 2844 sicut

444 2883 635 2925 omnes
664 2873 862 2935 sancti,
914 2883 971 2929 et
1009 2874 1099 2929 illa
1140 2875 1299 2931 beata
1330 2876 1546 2944 mulier,
1586 2877 1743 2948 cujus
1775 2879 2029 2951 superius

444 2958 674 3017 fecimus
702 2966 1065 3033 mentionem,
1096 2974 1243 3022 stare
1271 2969 1501 3037 quidem.
1524 2984 1631 3025 non
1664 2970 1882 3026 dicitur.
1907 2970 2025 3027 Non

439 3058 589 3109 enim
618 3065 799 3126 potest
827 3058 969 3125 ﬁeri,
998 3069 1056 3114 ut
1082 3074 1187 3115 non
1212 3059 1526 3131 aliquando,
1566 3072 1660 3117 aut
1682 3065 1750 3118 ad
1777 3065 2023 3120 dextram

440 3147 566 3216 quis
602 3149 893 3207 inclinatus
920 3153 1013 3219 sit,
1048 3162 1143 3207 aut
1173 3151 1241 3207 ad
1275 3153 1582 3212 sinistram.
1621 3173 1641 3208 ι
1680 3154 1854 3213 Nemo
1877 3159 2021 3214 enim

2152 1950 2353 2005 mentis
2398 1962 2453 2005 et
2495 1952 2830 2021 perspicacia
2882 1954 3063 2009 cordis
3112 1955 3345 2011 elevare.
3392 1956 3733 2014 Obliviscere

2152 2044 2424 2113 paulisper
2458 2054 2693 2110 terrena,
2724 2062 2884 2116 supra
2919 2048 3088 2103 nubes
3121 2059 3175 2104 et
3210 2066 3373 2120 supra
3414 2051 3588 2121 ipsmn
3615 2067 3729 2107 cm-

2150 2136 2257 2190 lum
2289 2152 2475 2205 gressu
2511 2139 2710 2194 mentis
2745 2140 2953 2198 incede.
3002 2143 3078 2198 lbi
3128 2144 3347 2211 require
3399 2144 3725 2199 tabernacu-

2147 2230 2255 2285 lum
2292 2231 2408 2297 Dei,
2439 2231 2527 2287 ubi
2558 2249 2865 2304 prtecursor
2894 2251 2994 2306 pro
3019 2236 3172 2291 nobis
3198 2237 3443 2291 introivit
3469 2234 3652 2301 Iesus,
3673 2248 3728 2291 et

2146 2324 2355 2379 assistit
2388 2340 2531 2381 nunc
2566 2327 2733 2381 vultui
2766 2328 2855 2381 Dei
2909 2327 3259 2396 interpellans
3289 2345 3386 2399 pro
3412 2333 3588 2383 nobis.
3627 2331 3723 2394 lbi,

2144 2416 2391 2488 inquam,
2431 2419 2650 2488 require
2700 2430 3001 2489 quaternos
3044 2422 3179 2476 istos
3232 2424 3476 2486 ordines,
3527 2424 3723 2478 statio-

2142 2524 2347 2580 nesque
2374 2520 2702 2566 castrorum.
2756 2512 2831 2567 Ibi
2865 2512 3161 2567 Israelitica
3211 2514 3425 2583 agmina
3454 2522 3506 2567 et
3552 2529 3723 2569 exeu-

2143 2600 2260 2656 bias
2287 2616 2451 2657 cerne
2474 2610 2812 2669 sanctorum,
2838 2613 2891 2659 et
2917 2605 2988 2659 ibi
3027 2605 3115 2659 illa
3142 2621 3263 2675 qna-
3292 2607 3378 2661 hic
3404 2622 3547 2660 nunc
3573 2622 3723 2675 qum-

2142 2691 2310 2746 rimus
2350 2692 2749 2761 primitivorum
2801 2705 3148 2750 sacramenta
3204 2697 3425 2749 rimare.
3476 2696 3583 2749 Sed
3618 2710 3718 2765 ego

2142 2797 2248 2837 non
2281 2785 2454 2840 audeo
2485 2784 2614 2839 illnc
2644 2786 2792 2841 solus
2822 2786 3141 2852 ascendere,
3180 2804 3285 2841 non
3332 2788 3506 2842 audeo
3555 2802 3640 2842 me
3667 2788 3717 2840 in

2137 2871 2240 2927 hos
2291 2881 2401 2926 tam
2441 2882 2683 2929 secretos
2731 2877 3112 2946 mysteriorum
3162 2892 3412 2932 secessus
3460 2877 3578 2930 sine
3618 2891 3716 2929 au-

2137 2962 2389 3018 ctoritate
2423 2964 2604 3033 magni
2646 2965 2874 3036 alicujus
2918 2967 3158 3023 doctoris
3207 2971 3551 3040 immergere.
3597 2968 3716 3026 Non

2137 3070 2359 3126 possum
2386 3057 2512 3113 illuc
2540 3060 2860 3123 ascendere,
2888 3059 2987 3114 nisi
3019 3061 3291 3128 praecedat
3315 3078 3400 3115 me
3429 3062 3717 3129 Panlus,et

2135 3147 2253 3218 ipse
2284 3148 2414 3204 mihi
2448 3148 2589 3202 viam
2619 3149 2744 3203 novi
2793 3147 2955 3217 hujus
2983 3159 3037 3205 et
3085 3152 3240 3207 ardui
3294 3153 3502 3208 itineris
3530 3165 3716 3209 osten-

439 3243 677 3297 mundus
722 3259 751 3298 a
796 3246 993 3312 sorde;
1056 3261 1157 3302 nec
1208 3247 1252 3302 si
1311 3248 1476 3304 unius
1539 3249 1651 3305 diei
1701 3249 1870 3307 fuerit
1914 3252 2025 3305 vita

2138 3238 2249 3295 dat.
2300 3238 2420 3310 Ipse
2466 3256 2595 3312 ergo
2627 3241 2997 3313 apostolorum
3044 3243 3350 3309 maximus,
3399 3245 3491 3315 qui
3551 3246 3714 3300 sciret

437 3329 556 3398 ejus
585 3330 627 3385 ’.
668 3349 686 3383 ι
724 3331 987 3391 Habitare
1013 3346 1193 3391 tamen
1222 3336 1430 3394 dicitur
1473 3340 1526 3394 in
1575 3338 1754 3395 medio
1783 3342 1966 3411 populi
2008 3358 2023 3395 :

436 3432 491 3474 et
520 3420 727 3477 Levita:
776 3440 912 3495 ergo
942 3440 1300 3486 assumuntur
1331 3432 1399 3487 de
1443 3433 1622 3487 medio
1664 3430 1904 3488 ﬁliorum
1947 3431 2026 3488 Is-

438 3510 572 3566 rael.
603 3512 804 3569 Levita!
832 3526 959 3570 sunt
985 3519 1131 3573 enim
1180 3522 1273 3591 qui
1324 3537 1429 3576 non
1471 3533 1848 3593 cognoverunt
1887 3524 2022 3579 dex-

438 3609 575 3655 tram
609 3614 665 3657 et
704 3605 983 3661 sinistram
1014 3622 1192 3679 suam,
1225 3612 1318 3666 sed
1348 3623 1642 3682 sequentes
1681 3612 1927 3687 Moysen,
1972 3615 2023 3669 id

435 3699 525 3744 est
558 3690 729 3761 legem
774 3695 887 3760 Dei,
921 3712 1027 3751 non
1089 3712 1459 3769 pepercerunt
1515 3704 1657 3773 patri
1698 3719 1797 3759 nec
1835 3705 2021 3760 matri.

440 3779 506 3832 Et
542 3789 596 3834 tu
642 3797 775 3852 ergo
822 3784 865 3841 si
909 3787 1164 3843 veniente
1203 3791 1529 3858 tentatione,
1573 3794 1618 3849 si
1654 3796 1907 3850 veniente
1938 3796 2021 3851 ira

435 3876 647 3940 peccati
686 3892 790 3931 non
825 3878 1105 3934 inelineris
1163 3880 1227 3935 ad
1277 3883 1582 3952 dexteram,
1639 3902 1818 3959 neque
1850 3889 1917 3943 ad
1944 3887 2018 3943 si-

435 3963 688 4031 nistram,
733 3984 831 4024 nec
879 3974 1270 4039 praevaricatus
1314 3977 1486 4033 fueris
1532 3977 1705 4050 legem
1760 3981 1878 4045 Dei,
1924 3980 2019 4036 sed

436 4063 548 4109 stes
581 4057 630 4111 in
667 4060 847 4117 medio
899 4061 1042 4118 ﬁxus
1088 4078 1145 4121 et
1192 4067 1426 4135 stabilis,
1465 4079 1518 4125 et
1570 4086 1677 4125 non
1714 4070 2017 4140 inelineris,

432 4162 609 4217 neque
634 4163 829 4207 curres
854 4167 1033 4224 genua
1058 4166 1144 4211 tua
1174 4168 1425 4229 peccato,
1458 4175 1556 4218 nec
1576 4163 1805 4233 pecudis
1828 4174 2015 4235 caput,

431 4240 487 4296 id
534 4252 621 4298 est
672 4246 918 4303 stultitiae
943 4252 1197 4320 sequaris
1245 4253 1564 4326 imaginem,
1598 4260 1899 4314 assumeris
1950 4260 2017 4315 de

432 4332 614 4386 medio
644 4332 878 4391 ﬁliorum
926 4337 1117 4406 Israel,
1151 4352 1206 4397 et
1256 4342 1310 4399 in
1347 4346 1750 4414 primitivorum
1787 4366 2015 4407 numero

428 4422 808 4483 collocaberis.
844 4428 968 4487 Ilaec
998 4447 1101 4508 pro,
1134 4447 1201 4487 eo
1229 4435 1372 4502 quod
1420 4438 1688 4508 scriptum
1740 4451 1844 4505 est,
1881 4459 1900 4492 ι
1960 4451 2015 4498 et

426 4526 703 4571 assumam
735 4518 958 4575 Levilas
984 4524 1053 4579 de
1088 4507 1268 4583 medio
1293 4507 1756 4585 ﬁliorumilsrael.
1800 4549 1819 4584 ι

497 4605 553 4659 3.
605 4605 828 4677 Verum,
858 4610 904 4666 si
930 4612 1169 4683 videtur,
1220 4631 1574 4676 recurramus
1626 4621 1803 4676 adhuc
1830 4624 1898 4677 ad
1932 4624 2011 4691 ip-
2045 4592 2088 4648 θ

426 4715 545 4754 sum
580 4703 824 4758 ordinem
857 4705 1124 4775 historias,
1160 4712 1251 4781 qui
1283 4708 1537 4768 refertur
1570 4714 1625 4769 in
1652 4713 1926 4783 Numeris,
1954 4727 2008 4773 et

422 4809 492 4848 ex
524 4795 642 4865 ipso
688 4800 1005 4868 mysterium
1043 4803 1470 4873 primitivorum,
1501 4806 1592 4863 ubi
1625 4806 1708 4863 vel
1738 4812 2009 4879 quomodo

426 4889 634 4956 requiri
664 4891 881 4958 debeat,
911 4899 1366 4969 contemplemur.
1413 4900 1584 4973 Igitur
1622 4918 2010 4961 recenseamus

425 4982 711 5049 attentius,
758 4987 1031 5054 quomodo
1073 4990 1478 5048 distribuuntur
1506 4994 1793 5049 duodecim
1834 4994 2009 5050 tribus

423 5088 522 5135 per
553 5086 739 5130 ternas
792 5079 842 5132 in
871 5092 1104 5149 quatuor
1126 5093 1330 5154 partes,
1364 5095 1413 5141 et
1436 5101 1534 5157 per
1561 5086 1811 5158 singulas
1845 5101 2010 5156 quas—

420 5182 527 5233 que
554 5167 676 5221 cteli
717 5169 903 5241 plagas
930 5184 1081 5228 certa
1112 5176 1352 5232 statione
1398 5178 1687 5233 considunt
1722 5196 1736 5233 :
1769 5188 1823 5232 et
1861 5179 2011 5233 inve-

421 5260 633 5314 niemus
668 5258 864 5317 Jndam
905 5265 1124 5334 quidem
1158 5267 1225 5322 ab
1255 5269 1466 5325 oriente
1509 5270 1675 5326 statui
1723 5286 1845 5326 cum
1871 5270 2010 5326 Issa-

419 5353 555 5407 t'har
591 5365 647 5409 et
678 5356 959 5425 Zabulon;
1011 5358 1201 5415 Ruben
1244 5378 1373 5418 vero
1417 5363 1486 5418 ab
1526 5364 1829 5429 occidente,
1883 5378 2004 5419 cum

419 5441 639 5502 Simeon
667 5458 722 5504 et
760 5448 909 5517 Gad;
938 5452 991 5506 in
1032 5454 1262 5509 meridie
1298 5454 1529 5524 Ephrem
1557 5470 1681 5510 cum
1720 5455 2003 5525 Beniamin

490 5628 791 5709 _"_Malacb.
818 5635 1002 5709 52,35.
1032 5637 1125 5709 δ’
1149 5635 1236 5692 ιν.
1267 5639 1397 5709 Reg.
1430 5655 1507 5705 tv,
1538 5639 1625 5694 I3.
1701 5640 1746 5675 ”
1770 5638 1927 5695 Joan.
1967 5657 2006 5709 I,
2041 5640 2134 5696 26.

418 5696 620 5755 ιιιυιιτ.
666 5716 767 5769 ιιι,
810 5705 896 5769 I8,
930 5706 1021 5772 22,
1051 5706 1145 5764 ‘35.

2134 3331 2331 3387 multas
2367 3348 2491 3389 esse
2538 3349 2644 3389 non
2680 3335 2855 3389 solum
2902 3336 2955 3391 in
3005 3336 3188 3403 terris,
3238 3337 3332 3391 sed
3384 3338 3524 3392 etin
3562 3339 3715 3394 cmlis

2131 3422 2426 3491 Ecclesias,
2471 3438 2537 3479 ex
2585 3426 2785 3495 quibus
2826 3438 2881 3482 et
2924 3436 3130 3495 septem
3171 3430 3432 3497 quasdam
3475 3428 3713 3486 Ioannes

2130 3525 2416 3570 enumerat
2456 3515 2477 3547 ³
2514 3533 2527 3571 :
2559 3516 2673 3586 ipse
2703 3528 2887 3572 tamen
2939 3516 3140 3572 Paulus
3182 3522 3473 3576 ostendere
3524 3521 3711 3578 volens

2127 3619 2249 3660 esse
2272 3607 2558 3675 quamdam
2594 3616 2791 3679 prmter
2816 3622 2912 3662 eas
2943 3609 3111 3663 etiam
3162 3610 3573 3679 primitivorum.
3606 3613 3711 3668 Ee-

2126 3695 2373 3762 clesiam,
2401 3697 2536 3753 dicit
2560 3699 2625 3752 ad
2656 3698 2914 3754 Hebraeos
2942 3698 3190 3755 scribens
3228 3701 3249 3731 ⁸
3279 3717 3291 3752 :
3351 3720 3370 3755 ι
3411 3701 3527 3758 Νοιι
3560 3704 3707 3759 enim

2125 3789 2439 3846 accessistis
2479 3790 2546 3846 ad
2586 3792 2865 3846 ardentem
2912 3801 2966 3847 et
3006 3792 3346 3850 tractabilem
3376 3796 3577 3867 ignem,
3611 3800 3707 3854 sed

2124 3884 2437 3938 accessistis
2464 3886 2529 3939 ad
2557 3894 2795 3939 montem
2829 3884 2981 3953 Sion,
3016 3895 3070 3941 et
3093 3885 3369 3945 civitatem
3398 3890 3492 3945 Dei
3524 3893 3711 3947 viven-

2125 3971 2193 4027 tis
2221 3969 2525 4028 Jerusalem
2559 3973 2856 4038 caelestem,
2882 3983 2936 4029 et
2966 3976 3365 4036 multitudinem
3392 3981 3706 4053 angelorum

2123 4064 2574 4131 collaudantium,
2624 4074 2678 4122 et
2720 4065 3019 4122 Ecclesiam
3073 4072 3477 4139 primitivorum
3531 4075 3708 4129 ascri-

2121 4163 2270 4225 ptam
2299 4157 2352 4211 in
2382 4156 2558 4213 etclis.
2597 4175 2615 4209 ι
2675 4156 2843 4227 Igitur
2872 4157 3081 4231 Moyses
3109 4176 3207 4231 per
3258 4173 3496 4232 quatuor
3527 4174 3704 4220 castra

2120 4248 2371 4319 populum
2409 4250 2500 4304 Dei
2549 4250 2784 4304 divisum
2830 4249 3096 4307 describit
3131 4253 3184 4307 in
3223 4256 3385 4308 terris
3422 4273 3437 4309 :
3477 4266 3532 4311 et
3558 4258 3704 4327 Apo-

2120 4342 2296 4397 stolus
2325 4355 2563 4413 quatuor
2591 4346 2813 4401 ordines
2847 4355 3164 4399 sanctorum
3201 4344 3316 4413 (6t)
3363 4346 3619 4402 describit
3648 4351 3699 4403 in

2121 4435 2296 4501 oculis,
2325 4437 2393 4491 ad
2419 4452 2653 4507 quorum
2682 4436 2925 4508 singulos
2961 4451 3404 4507 unumquemque
3454 4450 3701 4495 nostrum

2120 4529 2253 4584 dicit
2284 4530 2565 4585 accedere.
2607 4529 2724 4586 Non
2774 4528 2921 4584 enim
2969 4541 3164 4582 omnes
3216 4530 3284 4582 ad
3329 4544 3519 4586 omnes
3546 4546 3699 4588 acce-

2120 4623 2277 4688 dunt,
2302 4623 2397 4677 sed
2428 4634 2482 4678 et
2515 4622 2607 4677 alii
2639 4622 2856 4692 quidem
2890 4620 3157 4674 accedunt
3182 4620 3250 4675 ad
3279 4631 3516 4677 montem
3544 4624 3700 4692 Sion,

2120 4713 2314 4769 horum
2350 4726 2529 4771 autent
2562 4714 2727 4785 paulo
2758 4713 3009 4767 meliores
3034 4714 3301 4770 accedunt
3326 4717 3392 4770 ad
3425 4717 3699 4774 civitatent

2122 4809 2215 4864 Dei
2248 4810 2479 4865 viventis
2507 4808 2810 4865 Jerusalem
2846 4809 3161 4879 caelestem;
3202 4812 3295 4882 qui
3333 4822 3514 4869 autem
3550 4824 3603 4871 et
3634 4816 3701 4872 iis

2118 4902 2508 4959 endnentiores
2550 4912 2696 4967 sunt,
2728 4903 2996 4959 accedunt
3041 4906 3109 4960 ad
3166 4905 3567 4962 multitudinem
3596 4924 3698 4963 an-

2117 4995 2360 5066 gelorum
2415 4994 2871 5062 collaudantium;
2939 4997 3032 5066 qui
3085 5008 3265 5054 autem
3334 5014 3499 5069 super
3565 5003 3701 5060 istos

2116 5099 2308 5140 omnes
2338 5094 2486 5151 sunt,
2534 5085 2804 5141 accedunt
2847 5085 2915 5140 ad
2960 5086 3255 5143 Ecelesiam
3301 5091 3695 5160 primitivorum

2116 5177 2411 5246 ascriptam
2444 5177 2498 5231 in
2529 5176 2704 5232 cadis.
2746 5177 2802 5232 Si
2839 5192 2972 5248 ergo
3010 5192 3075 5233 ex
3114 5182 3180 5237 iis
3229 5183 3543 5239 intellexisti
3576 5186 3702 5255 quis

2117 5268 2191 5323 sit
2222 5272 2357 5325 ordo
2402 5271 2829 5341 primitivorum,
2871 5282 2925 5326 et
2974 5277 3115 5343 quod
3144 5276 3215 5330 sit
3252 5277 3488 5333 nominis
3544 5279 3698 5332 istius

2115 5374 2543 5427 sacramentum,
2574 5380 2815 5436 praepara
2846 5378 2918 5434 te,
2968 5379 3021 5424 et
3050 5370 3260 5424 enitere
3297 5378 3557 5439 quantum
3597 5384 3687 5422 va.

2115 5453 2213 5518 les.
2244 5454 2289 5510 si
2322 5455 2464 5511 forte
2492 5458 2720 5525 actibus,
2761 5461 2896 5529 vita,
2934 5462 3197 5527 moribus,
3234 5461 3359 5528 ﬁde,
3406 5461 3690 5515 institutis-

2215 5644 2228 5673 ¹
2262 5642 2279 5697 l
2311 5641 2459 5698 Petr.
2495 5660 2555 5712 ιι,
2600 5646 2689 5701 22.
2767 5648 2785 5677 ²
2816 5645 2937 5703 Job.
2973 5649 3154 5714 ium,
3184 5648 3235 5702 5.
3303 5647 3509 5715 δεινος.
3548 5644 3690 5711 t,ll.

491 5813 604 5884 (6|)
636 5816 806 5877 Codd.
837 5820 1069 5887 Turon.,
1102 5819 1451 5880 Bclvaecnsis
1481 5836 1533 5879 ct
1560 5824 1749 5881 Sancti
1784 5822 2133 5893 Theoderici,
2166 5844 2183 5878 ι
2223 5835 2557 5883 sanctorum.
2604 5846 2621 5879 ι
2661 5827 2815 5883 Libb.
2844 5828 2995 5893 editi,
3034 5845 3051 5879 ι
3090 5838 3326 5883 sanctos.
3364 5848 3383 5880 ι
