4124 6474
450 403 550 461 597

1694 389 1761 444 IN
1798 385 2131 445 NUMEROS
2164 382 2453 441 IIOMILIA
2495 381 2585 438 IV.

3620 379 3721 436 598

448 535 557 589 que
586 518 857 588 proﬁcias,
894 526 953 573 nt
984 516 1160 588 possis
1185 514 1452 572 accedere
1486 512 1551 565 ad
1584 512 1886 567 Ecclesiam
1918 510 2029 580 pri-
2058 516 2105 572 Α
2131 507 2412 570 exstincti,
2460 503 2945 559 sanctiticationem
2995 500 3281 572 percipere
3350 499 3721 554 lsraelitarinn

452 612 790 676 mitivorum,
822 624 941 679 qua:
976 609 1212 677 ascripta
1239 616 1324 662 est
1358 606 1409 659 in
1434 605 1609 660 cmlis.
1663 604 1818 671 Quod
1846 604 1891 657 si
1926 618 2032 657 non

451 713 657 759 tantum
708 704 876 767 vales,
923 703 1021 757 sed
1063 716 1124 755 es
1177 699 1338 769 paulo
1393 697 1658 759 inferior,
1713 695 1914 751 accede
1965 693 2033 747 ad

450 793 856 850 multitudinem
900 792 1221 864 angelorum
1273 789 1729 847 collaudantium.
1784 787 1940 854 Quod
1987 786 2031 840 si

451 898 552 941 nec
588 885 657 939 ad
689 885 851 940 istum
897 886 1151 938 ordinem
1192 890 1348 951 potes
1392 880 1715 943 ascendere,
1744 879 1809 932 ad
1833 879 2035 932 civita-

452 986 557 1029 tem
586 977 777 1032 saltem
812 976 905 1031 Dei
935 975 1168 1031 viventis
1198 973 1501 1029 Jerusalem
1531 972 1809 1028 caelestem
1838 986 2035 1041 prope-

451 1080 574 1121 rare
599 1068 879 1122 contende.
912 1066 972 1122 Si
1012 1082 1142 1122 vero
1170 1082 1273 1123 nec
1306 1066 1375 1122 ad
1406 1067 1510 1122 hoc
1540 1072 1700 1133 aptus
1732 1078 1811 1128 es,
1840 1062 2033 1118 saltem

448 1159 516 1212 ad
563 1166 799 1212 montem
851 1163 1128 1218 contende
1178 1159 1333 1225 Sion,
1383 1158 1521 1214 utin
1557 1165 1741 1212 monte
1783 1155 2030 1210 salveris.

449 1251 680 1308 Tantum
730 1270 798 1309 ne
852 1256 905 1311 in
963 1266 1110 1312 terra
1159 1256 1423 1319 resideas,
1476 1268 1544 1308 ne
1572 1254 1626 1307 in
1661 1251 1892 1305 vallibus
1919 1266 2035 1303 ma-

448 1360 600 1410 ucas,
634 1360 701 1401 ne
728 1348 779 1401 in
815 1348 1081 1403 demersis
1115 1358 1168 1403 et
1194 1347 1491 1402 humilibus
1526 1358 1866 1416 perseveres.
1900 1342 2030 1397 Mihi

450 1439 522 1492 ita
573 1439 985 1510 intelligendum
1042 1441 1258 1495 videtur
1303 1438 1507 1494 assumi
1553 1436 1945 1506 primogenitos
1972 1434 2033 1488 ﬁ-

448 1527 548 1583 lios
575 1528 723 1593 Levi,
757 1532 852 1599 qui
890 1532 1201 1587 ministrant
1255 1532 1385 1593 Deo,
1418 1539 1476 1585 et
1498 1530 1662 1584 altari
1701 1528 1821 1597 ejus
1852 1529 2035 1583 taber-

450 1618 755 1687 naculoqne
780 1620 1119 1685 deserviunt,
1167 1621 1527 1690 excubiisque
1558 1619 1835 1690 perpetuis
1872 1618 2033 1674 mitti-

446 1710 610 1763 Steria
647 1710 824 1764 divina
855 1712 1262 1767 concelebrant.

516 1797 569 1851 4.
598 1800 706 1855 Sed
732 1812 788 1855 et
816 1803 961 1871 quod
994 1804 1096 1864 ait,
1135 1821 1153 1854 ι
1192 1819 1290 1874 pro
1323 1804 1471 1858 omni
1505 1803 1887 1874 primogenita.
1937 1802 2029 1872 Qui

444 1891 690 1962 adaperit
721 1896 958 1960 vulvam,
996 1916 1015 1948 ι
1057 1911 1162 1950 non
1193 1896 1323 1950 mihi
1366 1896 1525 1953 facile
1576 1896 1797 1951 videtur
1834 1895 2028 1949 disseri

445 1998 605 2051 posse
627 1994 683 2039 et
715 1986 1022 2055 explanari.
1066 1986 1253 2056 Neque
1286 1987 1431 2042 enim
1479 1988 1793 2057 quicunque
1828 1988 2030 2055 adape-

446 2078 517 2133 rit
541 2078 775 2145 vulvam,
827 2082 1090 2137 continuo
1116 2075 1313 2152 dignus
1342 2082 1781 2136 sanctilicatione
1845 2080 2029 2150 primi-

444 2172 647 2226 tivatus
673 2171 1091 2236 habendus'est,
1128 2174 1255 2243 quia
1288 2184 1341 2228 et
1379 2174 1429 2227 in
1462 2171 1695 2227 Psalmis
1728 2173 1955 2243 legimus
1982 2175 2027 2239 ⁵,

441 2260 585 2327 quod
618 2279 638 2312 ι
677 2262 895 2316 alienati
948 2273 1075 2317 sunt
1137 2275 1454 2331 peccatores
1496 2279 1524 2317 a
1578 2265 1763 2328 vulva,
1815 2279 2029 2319 errave-

445 2360 568 2405 runt
619 2366 649 2405 a
705 2362 926 2416 ventre,
976 2355 1144 2409 locuti
1195 2362 1323 2409 sunt
1370 2355 1527 2410 falsa.
1573 2376 1591 2409 ι
1633 2356 1785 2423 Quod
1841 2358 2029 2428 utique

442 2452 589 2499 stare
620 2446 916 2500 secundum
961 2446 1196 2502 litteram
1236 2448 1386 2503 nullo
1425 2450 1588 2505 modo
1619 2459 1815 2519 potest.
1875 2451 2024 2518 Quo-

442 2536 601 2589 modo
625 2536 788 2589 etiam
823 2538 948 2604 quis
989 2554 1178 2594 errare
1208 2554 1237 2592 ιι
1274 2541 1358 2594 via
1403 2541 1497 2596 Dei
1544 2543 1720 2611 potuit
1750 2543 1936 2596 slatim
1970 2553 2028 2598 ut

440 2626 509 2678 de
534 2636 719 2681 ventre
748 2630 939 2683 matris
974 2630 1182 2685 exivit?
1219 2630 1324 2686 Ant
1360 2634 1633 2701 quomodo
1675 2635 1851 2702 potuit
1886 2635 2023 2690 falsa

440 2715 585 2784 loqui
616 2732 786 2787 nuper
824 2720 1004 2774 editus
1048 2736 1208 2789 puer,
1260 2723 1345 2777 vel
1395 2723 1835 2794 qualemcunque
1893 2741 2023 2795 pro-

439 2805 584 2861 ferre
615 2812 962 2865 sermonem?
990 2812 1124 2865 Cum
1158 2828 1289 2884 ergo
1333 2816 1673 2883 impossibile
1727 2817 1798 2871 sit
1823 2818 1906 2872 vel
1935 2835 2026 2873 er-

439 2912 564 2953 rare
599 2899 832 2969 aliquem
883 2917 911 2954 a
943 2913 1156 2964 ventre,
1220 2900 1305 2956 vel
1366 2903 1512 2973 loqui
1566 2904 1729 2970 falsa,
1769 2921 2025 2962 necessa-

441 2988 580 3042 rium
606 2990 712 3043 erit
741 3000 793 3045 et
820 3001 1084 3054 ventrem,
1124 3000 1180 3045 et
1212 2992 1431 3046 vulvam
1485 2996 1647 3052 talem
1700 2999 1901 3067 requiri
1935 3002 2022 3054 cui

436 3082 736 3135 convenire
778 3083 948 3150 possit
988 3083 1092 3137 hoc
1136 3083 1342 3137 dictum
1374 3086 1520 3153 quod
1561 3105 1580 3139 ι
1612 3088 1833 3143 alienati
1892 3101 2025 3146 sunt

2137 598 2489 668 primogeniti
2511 596 2735 651 omnino
2766 611 2869 649 non
2901 602 3143 662 possunt.
3170 592 3304 658 Quis
3336 605 3468 661 ergo
3491 601 3570 644 est
3598 592 3721 653 istc,

2137 692 2231 760 qui
2262 689 2654 760 primogenitos
2700 685 3108 756 Egyptiorum,
3146 684 3199 738 id
3248 691 3331 737 est
3385 685 3725 752 principatus

2137 793 2192 838 ct
2230 792 2533 850 potestates
2591 780 2899 835 dmmonum
2947 776 3251 846 percussit?
3300 774 3489 830 Nonne
3537 775 3725 827 Domi-

2138 892 2241 930 nus
2298 888 2448 928 meus
2499 872 2655 926 .lesus
2706 871 2980 931 Christus,
3037 871 3128 937 qui
3188 876 3273 921 est
3332 866 3726 935 primogenitus

2137 968 2316 1025 omnis
2344 966 2510 1036 282
2543 974 2828 1029 creaturae,
2867 961 2958 1031 qui
2987 961 3327 1030 principatus
3347 970 3401 1013 ct
3427 969 3725 1028 potestates

2138 1060 2399 1113 adversus
2447 1056 2710 1120 traduxit,
2743 1052 3088 1122 triumphans
3119 1066 3213 1106 eos
3242 1051 3294 1104 in
3344 1049 3553 1105 cruce?
3577 1052 3726 1116 Quos

2138 1147 2329 1216 utique
2352 1146 2455 1199 nisi
2490 1145 2579 1199 ille
2614 1144 3003 1214 percussisset,
3040 1151 3095 1195 et
3128 1140 3538 1210 triumphasset,
3600 1156 3726 1195 san-

2138 1239 2396 1293 ctiIicatio
2419 1238 2487 1291 ad
2518 1252 2617 1292 nos
2648 1236 2995 1305 primitivalis
3042 1235 3229 1289 venire
3297 1236 3606 1289 nullatenus
3630 1249 3727 1305 po-

2139 1331 2346 1384 tuisset.
2387 1329 2453 1385 Ut
2475 1338 2657 1383 autem
2688 1328 2848 1383 nobis
2873 1328 3355 1398 primogenitorum
3391 1328 3727 1382 bcnedictTo—

2138 1438 2234 1477 nes
2287 1423 2539 1485 donaret,
2578 1420 2809 1476 ellicitur
2858 1421 3010 1492 prius
3053 1422 3171 1492 ipse
3214 1420 3611 1490 primogenitus
3654 1436 3724 1475 ex

2138 1516 2388 1581 mortuis,
2425 1524 2485 1568 ut
2521 1516 2592 1570 sit
2631 1514 2685 1569 in
2717 1513 2977 1569 omnibus
3024 1514 3142 1582 ipse
3173 1513 3469 1585 primatum
3508 1526 3723 1578 tenens,

2136 1616 2190 1663 et
2222 1624 2319 1663 nos
2355 1608 2646 1663 credentes
2686 1608 3077 1663 resurrectioni
3133 1623 3247 1662 sua:
3284 1616 3592 1662 assumeret
3623 1623 3721 1675 pro

2137 1700 2452 1769 primitivis,
2489 1709 2544 1754 et
2576 1701 2627 1754 in
2671 1701 3074 1769 primitivorum
3108 1701 3301 1755 ordine
3329 1700 3648 1764 collocaret,
3673 1700 3721 1753 si

2139 1802 2316 1846 tamen
2358 1792 2795 1846 henedictionum
2839 1792 3067 1862 gratiam
3098 1806 3272 1863 usque
3325 1792 3392 1844 ad
3438 1792 3600 1844 linem
3634 1791 3727 1843 lir-

2136 1899 2279 1937 tnam
2311 1885 2663 1949 retineamus,
2692 1882 2862 1951 adjuti
2888 1882 3262 1937 misericordia
3303 1882 3474 1952 ipsius
3508 1881 3724 1934 Domini

2134 1976 2306 2029 nostri
2336 1974 2462 2029 Iesu
2493 1974 2724 2039 Christi,
2754 1975 2837 2028 cui
2865 1984 2948 2029 est
2979 1974 3151 2045 gloria
3185 1984 3239 2031 ct
3274 1974 3566 2044 imperium
3605 1972 3724 2043 (64)

2135 2065 2188 2119 in
2214 2064 2411 2118 saecula
2439 2063 2787 2120 saaculurum.
2816 2065 3010 2119 Amen.

2721 2175 3000 2230 HOMILIA
3045 2174 3133 2231 IV.

2134 2289 2212 2345 De
2238 2306 2297 2343 eo
2339 2290 2482 2360 quod
2526 2289 2779 2358 scriptum
2805 2301 2881 2360 est
2911 2290 2953 2352 ’,
3002 2305 3021 2339 ι
3057 2289 3241 2359 viginti
3275 2289 3379 2343 duo
3415 2289 3588 2342 millia
3623 2306 3723 2342 nu-

2204 2358 2361 2414 mero
2393 2361 2636 2413 inventos
2677 2375 2793 2413 esse
2827 2358 3059 2420 Levitas,
3079 2401 3091 2413 .
3112 2358 3496 2428 primogenitos
3542 2370 3723 2412 autem

2202 2431 2438 2511 ﬁliorum
2464 2428 2635 2483 Israel
2673 2429 2851 2501 viginti
2891 2431 2997 2483 duo
3023 2428 3196 2483 millia
3221 2431 3475 2484 ducentos
3501 2442 3722 2499 septua-

2203 2509 2352 2571 ginta
2380 2512 2511 2554 tres.
2551 2518 2570 2552 ι

2208 2616 2259 2669 ι.
2300 2613 2657 2671 Numerorum
2683 2613 2824 2669 liber
2852 2621 2954 2677 est,
2986 2613 3076 2682 qui
3104 2613 3301 2683 legitur
3331 2614 3506 2679 nobis,
3527 2614 3583 2668 in
3613 2630 3724 2684 quo

2132 2709 2316 2762 multa:
2350 2716 2476 2762 sunt
2524 2722 2878 2762 numerorum
2924 2704 3275 2771 diﬁ'erentize,
3326 2722 3447 2778 quae
3478 2708 3721 2762 conscri-

2131 2799 2338 2855 buntur
2367 2799 2435 2852 de
2467 2798 2591 2852 ﬁliis
2620 2797 2802 2853 Israel.
2843 2798 2951 2854 Sed
2997 2808 3118 2870 post
3166 2800 3306 2856 lllios
3332 2800 3496 2855 Israel
3528 2816 3721 2855 mune-

2131 2901 2324 2947 rautur
2370 2892 2537 2946 etiam
2579 2889 2783 2945 Levita:
2826 2905 3096 2946 seorsum.
3150 2890 3265 2947 Non
3316 2892 3458 2949 enim
3508 2893 3719 2947 fuerant

2132 2983 2388 3037 recensiti
2423 2998 2545 3038 cum
2581 2984 2706 3038 ﬁliis
2737 2980 2925 3046 Israel,
2959 2994 3015 3036 ct
3042 2983 3273 3038 habetur
3310 2999 3498 3039 eorum
3528 3000 3720 3053 segre—

2131 3083 2287 3144 gatus
2315 3073 2561 3143 quidam,
2592 3088 2657 3128 ac
2687 3074 2991 3143 praecipuus
3035 3088 3146 3141 pra:
3182 3075 3397 3129 czcteris
3430 3090 3715 3138 numerus.

435 3181 747 3239 peccatores
794 3172 865 3229 ab
913 3186 1091 3241 utero,
1142 3190 1464 3233 erraverunt
1514 3196 1543 3234 a
1591 3193 1804 3248 ventre,
1855 3183 2017 3239 locuti

2131 3181 2239 3235 quo
2275 3165 2585 3222 referuntur
2632 3180 2824 3221 omnes
2854 3164 3019 3219 simul
3061 3166 3249 3234 viginti
3286 3166 3395 3222 duo
3427 3166 3593 3220 milia
3631 3184 3717 3221 re-

437 3274 563 3319 sunt
597 3265 751 3320 falsa.
780 3286 799 3319 ι
827 3267 893 3322 Ει
921 3268 1008 3323 illa
1036 3270 1141 3324 erit
1169 3271 1350 3343 vulva,
1377 3288 1541 3343 quam
1572 3275 1818 3344 adaperit
1839 3277 2023 3333 omnis

435 3357 768 3424 primitivus,
824 3360 918 3429 qui
974 3362 1352 3419 sanctiﬁcatur
1399 3366 1531 3421 Deo.
1580 3366 1882 3436 Adaperuit
1917 3368 2020 3422 ali-

432 3452 652 3519 quando
676 3449 819 3507 Deus
845 3453 1060 3508 vulvam
1091 3453 1202 3510 Lize
1226 3456 1270 3523 ⁸,
1308 3473 1430 3528 quae
1453 3467 1571 3515 erat
1608 3459 1814 3524 clausa,
1847 3470 1901 3515 et
1925 3475 2021 3529 pe-

432 3539 574 3607 perit
609 3542 989 3610 patriarchas;
1044 3544 1303 3601 similiter
1331 3559 1389 3603 et
1410 3549 1651 3615 Rachel,
1699 3558 1757 3603 ut
1796 3559 2020 3620 pareret

428 3631 597 3685 etiam
630 3633 743 3703 ipsa
786 3637 941 3702 cujus
988 3639 1137 3695 visus
1173 3655 1295 3696 erat
1328 3641 1642 3711 perspicax,
1694 3651 1747 3698 et
1780 3644 2017 3699 decorus

428 3735 702 3792 aspectus.
742 3726 847 3783 Sed
877 3740 931 3785 et
962 3731 1015 3785 in
1052 3732 1236 3787 multis
1269 3733 1394 3788 aliis
1428 3733 1728 3802 Scriptura;
1761 3733 1897 3788 locis
1926 3733 2012 3788 in—

429 3816 617 3872 venies
657 3821 929 3891 adaperiri
961 3826 1166 3881 vulvas.
1215 3827 1455 3893 Quarum
1490 3826 1534 3881 si
1564 3826 1776 3896 singula
1806 3842 1904 3897 pro
1933 3827 2014 3884 Io-

427 3907 508 3964 cis
536 3910 878 3980 consideres,
919 3917 1165 3972 invenies
1200 3920 1478 3987 quomodo
1519 3928 1574 3973 et
1607 3928 1793 3974 errent
1816 3933 2012 3988 pecca-

428 4008 574 4057 tores
596 4018 625 4055 a
669 4004 845 4072 vulva,
878 4016 934 4061 et
963 4007 1038 4061 illi
1074 4008 1455 4077 adaperientes
1486 4009 1724 4078 vulvam,
1759 4011 2009 4065 sanctiﬁ-

425 4105 622 4149 centur
650 4097 702 4151 in
735 4098 927 4154 ordine
957 4098 1380 4168 primitivorum.
1405 4121 1423 4154 ι
1446 4102 1513 4157 Ει
1540 4112 1700 4157 erunt
1732 4104 1887 4165 mihi,
1920 4104 2007 4158 in-

425 4187 543 4255 quit
572 4189 617 4256 ",
639 4187 884 4254 Levibe;
920 4206 1097 4247 meum
1138 4202 1222 4247 est
1251 4193 1397 4247 enim
1434 4208 1594 4248 omne
1623 4194 1959 4263 primitivum
1989 4209 2007 4251 :

425 4294 490 4333 ex
522 4295 628 4350 qua
657 4280 745 4336 die
793 4283 1042 4350 percussi
1095 4299 1260 4338 omne
1290 4285 1722 4355 primogenitum
1765 4286 1818 4338 in
1861 4295 2007 4341 terra

422 4370 663 4444 Egypti,
707 4375 836 4429 mihi
888 4376 1225 4431 sanctiﬁcavi
1284 4392 1447 4431 omne
1498 4378 2005 4448 primogenitum.»

423 4461 617 4520 Notum
645 4473 729 4520 est
750 4466 878 4536 quid
918 4467 985 4521 de
1011 4467 1077 4521 iis
1107 4466 1334 4522 historia
1373 4471 1677 4535 contineat,
1730 4471 2004 4540 quomodo

2130 3257 2291 3327 perti,
2341 3258 2415 3312 ita
2462 3270 2521 3313 ut
2560 3273 2736 3328 neque
2765 3257 2999 3326 amplius
3048 3256 3279 3327 aliquid,
3325 3275 3501 3329 neque
3536 3260 3722 3314 minus

2131 3351 2236 3405 hoc
2260 3365 2490 3405 numero
2515 3351 2797 3407 inventum
2822 3354 2913 3408 sit.
2938 3352 3067 3409 Post
3108 3354 3212 3407 hoc
3241 3352 3497 3421 prmcepit
3530 3352 3715 3406 Domi-

2126 3458 2233 3500 nus
2273 3444 2550 3500 numerari
2595 3446 2763 3500 etiam
2822 3446 3214 3516 primogenitos
3263 3444 3496 3500 ﬁliorum
3546 3444 3727 3498 Israel

2124 3538 2315 3593 eodem
2348 3537 2561 3602 ordine,
2592 3553 2699 3609 quo
2725 3539 2927 3595 Levita
2949 3541 3162 3594 fuerant
3193 3537 3486 3601 numerati,
3523 3537 3575 3591 id
3607 3547 3722 3603 est,

2126 3630 2196 3684 ab
2228 3645 2337 3685 uno
2371 3644 2557 3686 mense
2585 3640 2641 3686 et
2667 3647 2853 3701 supra,
2889 3644 2944 3687 et
2989 3630 3336 3685 inveniuntur
3364 3629 3719 3700 primogeniti

2125 3723 2360 3779 ﬁliorum
2385 3722 2550 3779 Israel
2590 3726 2777 3796 viginti
2803 3725 2910 3781 duo
2936 3723 3129 3789 millia,
3158 3731 3214 3777 et
3242 3724 3463 3779 ducenti
3489 3734 3711 3794 septua-

2121 3817 2272 3887 ginta
2315 3825 2446 3872 tres.
2493 3816 2741 3873 Putasne
2784 3833 2884 3888 per
2933 3821 3052 3876 hate
3075 3821 3247 3876 solam
3292 3820 3503 3874 nmneri
3533 3818 3709 3872 histo-

2121 3917 2258 3972 riam
2288 3917 2488 3972 docere
2519 3932 2618 3973 nos
2647 3917 2817 3971 voluit
2856 3916 3089 3988 Moyses,
3110 3929 3165 3973 et
3191 3918 3396 3974 nullum
3431 3917 3483 3972 in
3518 3917 3585 3970 iis
3618 3918 3704 3970 di-

2118 4008 2473 4064 versitatibus
2504 4024 2855 4064 numerorum
2912 4009 3183 4066 conclusit
3217 4011 3379 4066 solito
3411 4009 3514 4065 sibi
3553 4023 3711 4063 more

2119 4100 2478 4173 mysterium?
2526 4099 2747 4156 Nihilne
2790 4099 3062 4155 videbitur
3104 4116 3227 4157 esse
3271 4102 3500 4155 rationis
3559 4102 3705 4168 quod

2117 4189 2335 4244 ducenti
2361 4189 2700 4258 septuaginta
2738 4196 2847 4245 tres
2869 4199 3079 4244 tantum
3116 4189 3400 4246 abundare
3450 4189 3705 4242 dicuntur

2116 4284 2170 4340 in
2198 4283 2578 4355 primogenitis
2601 4282 2791 4348 Israel,
2825 4292 2881 4338 et
2912 4284 2963 4338 in
2988 4283 3244 4339 L-eriticis
3273 4284 3342 4338 ad
3372 4282 3558 4353 viginti
3595 4281 3705 4333 duo

2117 4374 2309 4439 millia,
2356 4390 2534 4444 neque
2590 4374 2871 4430 abundare
2915 4376 3469 4445 quidquamyneque
3511 4372 3700 4425 deesse

2114 4466 2487 4522 describitur?
2513 4466 2714 4539 Viginti
2761 4469 2868 4523 duo
2910 4470 3130 4539 quidem
3166 4482 3426 4522 numerus
3463 4466 3515 4520 in
3557 4464 3701 4537 Scri-

423 4569 680 4621 percussa
714 4558 818 4613 sint
849 4559 1208 4629 primogenita
1242 4559 1648 4631 Egyptiorum,
1677 4578 1801 4617 cum
1837 4578 2007 4632 popu-
2038 4558 2083 4613 D
2114 4558 2286 4629 ptnris
2310 4558 2537 4625 divinis,
2568 4559 2613 4614 si
2644 4559 2769 4628 quis
2797 4560 3095 4625 observet,
3124 4559 3269 4628 quod
3302 4556 3699 4627 principalibus

422 4645 504 4702 Ius
558 4646 723 4704 Israel
760 4650 1088 4706 educeretur
1118 4666 1186 4707 ex
1230 4651 1469 4724 IEgypto
1505 4654 1549 4709 ⁸.
1601 4653 1715 4710 Iloc
1751 4665 1835 4710 est
1869 4670 2001 4725 ergo

418 4741 562 4809 quod
590 4742 642 4796 in
672 4742 789 4799 loco
820 4742 1113 4808 indicatur,
1159 4746 1284 4815 quia
1320 4762 1425 4800 non
1460 4746 1618 4816 prius
1669 4747 1999 4802 sanctiﬁcati

416 4842 545 4887 sunt
590 4835 936 4905 primogeniti
973 4836 1138 4894 Israel
1199 4852 1364 4909 quam
1414 4847 1836 4907 percuterentur
1884 4838 1999 4910 (6‘2)

415 4919 794 4995 Egyptiorum
825 4928 1170 5001 primogeniti
1201 4946 1217 4984 :
1253 4940 1309 4985 et
1339 4931 1495 4999 quasi
1529 4946 1753 4986 causam
1793 4934 1999 4988 sancti-

415 5012 685 5073 ﬁcationis
715 5017 934 5086 horum,
959 5020 1243 5076 interitum
1265 5031 1322 5076 et
1353 5036 1543 5076 necem
1573 5022 1723 5092 ponit
1753 5022 1991 5079 illorum.

417 5102 571 5161 Unde
594 5116 650 5163 et
694 5108 782 5164 hic
823 5110 1229 5183 intelligendum
1260 5122 1366 5176 est,
1413 5128 1538 5168 esse
1577 5114 1845 5184 quosdam
1878 5115 1994 5185 pri-

410 5199 714 5269 mogenitos
747 5202 909 5257 etiam
942 5203 994 5257 in
1026 5204 1318 5275 Egyptiis,
1374 5206 1424 5261 id
1457 5214 1563 5273 est,
1613 5207 1666 5260 in
1696 5207 1995 5262 contrariis

410 5294 791 5357 potestatibus,
824 5299 981 5365 quasi
1014 5297 1217 5353 electos
1266 5297 1320 5353 in
1353 5298 1557 5353 malitia
1586 5306 1642 5354 et
1669 5298 1878 5368 primos
1908 5299 1993 5353 in-

409 5391 492 5436 ter
546 5383 662 5455 (65)
717 5386 994 5442 dminonas
1046 5406 1061 5444 :
1124 5391 1217 5460 qui
1280 5390 1384 5446 nisi
1414 5389 1665 5462 percussi
1708 5388 1912 5447 fuerint
1938 5398 1994 5447 et

473 5554 497 5586 '
522 5553 669 5609 Psal.
703 5571 835 5620 LVII.
862 5556 914 5611 ι.
989 5558 1009 5589 ⁸
1031 5558 1170 5615 Gen.
1195 5575 1326 5616 xu.
1394 5560 1418 5593 '
1448 5560 1607 5616 Num.
1636 5575 1726 5628 ιιι,
1757 5560 1848 5628 ιι.
1877 5560 1965 5616 l3.

406 5675 594 5800 milia)
622 5677 747 5734 Mss.
783 5678 1064 5750 Sagiensis
1077 5688 1133 5735 et
1161 5681 1530 5750 Ebroicensis,
1556 5700 1576 5736 ι
1611 5693 1991 5756 perverteren-

500 5788 514 5800 .
548 5765 568 5796 ι

482 5816 593 5885 (65)
631 5818 799 5876 Codd.
844 5819 1182 5877 Turonensis
1225 5831 1279 5877 ct
1331 5821 1701 5890 Ebroiceusis,
1733 5843 1750 5878 ι
1788 5826 1989 5891 primo-

2044 5561 2069 5595 ⁸
2097 5562 2271 5619 Exod.
2300 5580 2379 5619 ιι.

2107 4651 2433 4721 quibusdam
2460 4653 2645 4708 causis
2669 4654 2938 4723 ascriptus
2962 4654 3056 4719 sit,
3091 4652 3406 4722 frequenter
3433 4650 3693 4706 inveniet.

2105 4739 2241 4794 Nam
2291 4741 2486 4810 viginti
2543 4742 2653 4799 duo
2704 4745 2882 4813 prima
2923 4743 3066 4813 apud
3119 4742 3380 4799 Hebraeos
3422 4742 3696 4798 elementa.

2104 4833 2330 4888 tradunt
2369 4848 2494 4890 esse
2542 4834 2877 4890 litterarum.
2938 4835 3139 4906 Viginti
3182 4845 3238 4893 et
3280 4836 3389 4891 duo
3428 4849 3623 4890 rursus
3659 4850 3691 4889 a

2103 4927 2443 4996 protoplasto
2466 4930 2639 4983 Adam
2665 4944 2839 4999 usque
2868 4930 2935 4984 ad
2963 4928 3159 4995 Iacob,
3194 4943 3262 4984 ex
3290 4927 3445 4999 cujus
3482 4929 3693 4983 semitm

2105 5019 2323 5074 initium
2345 5020 2628 5078 duodecim
2662 5023 2834 5079 tribus
2856 5032 3103 5088 sumunt,
3151 5033 3337 5092 patres
3374 5021 3545 5077 fuisse
3579 5036 3694 5074 me-

2108 5122 2406 5167 morantur.
2478 5112 2729 5169 Tradunt
2785 5115 2956 5171 etiam
3003 5116 3247 5176 omnium
3303 5126 3687 5170 creaturarum

2106 5204 2200 5259 Dei
2233 5206 2448 5275 species
2490 5205 2634 5260 intra
2679 5206 2872 5277 viginti
2914 5216 2970 5261 et
3004 5207 3113 5263 duo
3146 5220 3435 5260 numerum
3479 5202 3684 5272 colligi.

2104 5296 2211 5353 Sed
2243 5308 2298 5353 et
2327 5299 2430 5354 alia
2482 5298 2653 5354 multa
2694 5300 2750 5355 in
2787 5299 3114 5371 Scripturis,
3143 5300 3190 5355 si
3229 5298 3352 5368 quis
3376 5294 3689 5365 diligentius

2102 5404 2460 5465 exsequatur,
2492 5394 2593 5451 sub
2638 5394 2743 5453 hoc
2790 5409 3022 5453 numero
3074 5400 3395 5451 consecrata
3425 5390 3691 5458 reperiet.

2456 5564 2478 5596 ’
2507 5563 2668 5627 Nam.
2700 5580 2784 5634 ιιι,
2815 5565 2908 5633 39,
2934 5564 3023 5622 43.

2099 5687 2319 5757 genitos
2333 5688 2490 5742 inter.
2527 5706 2546 5739 ι

2173 5756 2287 5827 (66)
2309 5756 2363 5811 In
2386 5757 2616 5827 vulgatis
2637 5758 2966 5814 editionibus
2996 5756 3167 5825 deest,
3192 5773 3213 5809 ι
3235 5763 3290 5813 et
3312 5752 3623 5827 imperium,
3649 5776 3672 5809 ι

2097 5828 2239 5891 quod
2270 5827 2549 5898 suppletur
2571 5843 2607 5884 e
2626 5843 2756 5884 mss.
