4124 6412
475 358 578 413 599

1908 366 2233 424 ORIGENIS

3652 369 3756 425 600

476 471 705 544 Prepter
734 476 834 531 hoc
863 492 991 547 ergo
1019 478 1321 544 ctl.evit:e,
1366 481 1417 537 id
1453 492 1557 549 est,
1607 486 1701 553 qui
1752 487 2147 547 deservinntA
2177 488 2681 543 eonstructienibns
2733 488 3035 558 exemplari
3087 500 3139 544 ct
3203 490 3405 545 umbra!
3451 491 3753 547 cmicstium

477 565 728 631 Domine,
771 578 825 622 et
859 571 1205 640 primegcniti
1257 572 1490 629 ﬁliorum
1542 575 1708 631 Israel
1753 579 2058 635 admirabili

473 661 576 714 hoc
605 670 659 715 et
701 673 914 717 sacrate
960 680 1188 718 numero
1237 666 1551 722 titulantur.
1604 668 1759 736 Quod
1792 679 1970 726 autem
2005 673 2057 727 in

473 751 597 805 ﬁliis
624 749 789 806 Israel
820 754 1092 807 adduntur
1138 753 1360 810 ducenti
1410 759 1756 827 septuaginta
1806 770 1937 825 tres,
1973 776 2059 816 ne-

471 858 579 911 que
601 844 835 898 otiosum
871 846 999 898 mihi
1032 846 1266 911 videtur,
1307 863 1484 917 neque
1517 850 1876 905 absolutionis
1912 853 2055 907 viam

468 932 627 989 facile
658 951 841 1001 cerne,
893 937 993 989 nisi
1047 937 1311 993 Dominus
1363 939 1609 995 velamen
1656 942 1795 996 istud
1834 944 2055 1013 imposi-

468 1034 583 1079 tum
612 1040 640 1078 a
674 1024 857 1096 Moyse
886 1027 953 1081 iis
1000 1027 1196 1083 litteris
1238 1030 1527 1099 adaperire
1565 1032 1721 1087 nobis
1770 1032 2050 1103 dignetur,

464 1123 521 1170 et
550 1113 788 1171 auferre.
823 1118 990 1188 Igitur
1016 1118 1239 1174 humani
1280 1120 1501 1191 generis
1533 1120 1586 1174 iu
1632 1136 1796 1178 carne
1824 1128 2055 1193 genera-

468 1208 544 1264 tio
577 1209 740 1277 (sieut
763 1221 1013 1265 asserunt
1044 1212 1136 1282 qui
1171 1214 1222 1267 in
1253 1214 1453 1270 talibus
1486 1216 1644 1286 periti
1672 1218 1821 1289 sunt)
1854 1234 2050 1274 novem

462 1299 685 1369 quidem
710 1302 986 1357 mensibus
1011 1306 1322 1362 continetur
1349 1309 1399 1361 in
1432 1307 1614 1373 vulva,
1644 1310 1736 1364 sed
1768 1325 1873 1364 non
1901 1312 2051 1379 prius

464 1392 669 1446 moveri
701 1391 875 1447 fertur
914 1396 979 1449 ad
1010 1406 1229 1466 partmn
1265 1414 1424 1468 quam
1457 1400 1619 1454 etiam
1668 1402 1863 1456 decimi
1894 1419 2047 1458 men-

462 1480 539 1535 sis
582 1482 813 1536 triduum
850 1495 1130 1542 transeat:
1171 1495 1227 1542 et
1264 1489 1335 1543 ita
1367 1489 1645 1544 invenitur
1680 1494 1823 1560 quod
1859 1508 2049 1547 nume-

461 1587 555 1627 rus
581 1572 702 1637 iste,
735 1575 785 1628 id
822 1586 927 1642 est,
970 1579 1188 1633 ducenti
1237 1581 1580 1652 septuaginta
1621 1592 1734 1638 tres
1769 1585 1885 1641 dies
1927 1586 2047 1640 illos

459 1664 719 1732 indicent,
749 1668 841 1735 qui
873 1684 935 1722 ex
972 1685 1166 1725 novem
1198 1674 1478 1727 mensibus
1500 1713 1516 1739 ,
1548 1683 1601 1729 et
1637 1675 1815 1730 triduo
1844 1678 2046 1732 mensis

426 1752 651 1817 [decimi
699 1758 1045 1828 colliguntur,
1096 1771 1151 1816 et
1196 1762 1328 1816 ﬁunt
1361 1764 1523 1819 simul
1569 1766 1787 1822 ducenti
1822 1779 2040 1839 septua-

428 1841 600 1914 gginta
637 1850 746 1898 tres
783 1847 898 1900 dies
932 1848 1046 1913 isti,
1077 1851 1275 1918 quibus
1310 1850 1551 1910 lmmane
1594 1859 1779 1925 generi
1812 1836 2044 1917 invhunc
2078 1836 2118 1890 Β

455 1933 712 1988 mundum
744 1940 1018 2005 praebetur
1055 1940 1361 2010 ingressus.
1402 1946 1466 1999 Et
1498 1947 1571 2001 ita
1610 1948 1660 2001 in
1694 1950 1886 2020 viginti
1916 1954 2038 2021 qui-

450 2024 574 2078 dem
597 2034 651 2080 et
682 2028 892 2086 duobus
917 2036 1178 2100 Inimeris,
1203 2037 1445 2091 omnium
1475 2039 1635 2094 simul
1659 2053 2036 2099 creaturarum

451 2119 757 2175 rationibus
808 2126 1058 2193 mysticis
1101 2143 1310 2182 snnnna
1355 2130 1653 2201 colligitur.
1699 2131 1753 2187 In
1787 2136 1872 2190 b‘s
1908 2152 2039 2191 vero

446 2224 567 2277 qua:
615 2226 682 2266 ex
738 2214 1035 2271 abmnlanti
1118 2220 1167 2272 in
1242 2222 1613 2292 primogenitis
1682 2227 2038 2283 inveniuntur

450 2301 635 2368 Israel,
668 2306 832 2360 etiam
865 2311 1186 2378 mysterium
1232 2314 1482 2371 humanae
1516 2321 1885 2387 generationis
1935 2338 2035 2376 ex-

448 2395 720 2461 pri.nitur.
758 2399 883 2455 Post
932 2402 1045 2457 haec
1076 2418 1197 2458 cum
1236 2406 1287 2459 in
1330 2416 1441 2462 tres
1479 2410 1699 2466 ordines
1745 2413 1901 2468 divisi
1941 2430 2031 2469 es-

446 2501 569 2542 sent
600 2490 693 2544 lilii
741 2490 892 2558 Levi,
923 2506 977 2549 et
1031 2512 1096 2550 ex
1149 2497 1321 2553 tribus
1377 2501 1686 2558 nominibus
1727 2505 2029 2576 principum

444 2578 639 2649 singuli
682 2583 886 2654 quique
929 2588 1150 2643 ordines
1195 2600 1555 2645 censerentur
1584 2594 1719 2665 (65),
1772 2596 1939 2650 etiam
1976 2597 2028 2650 in

445 2674 576 2739 ipsis
601 2676 943 2734 diversitates
972 2683 1218 2748 quaedam
1253 2700 1356 2738 non
1382 2686 1498 2739 sine
1538 2687 1820 2758 mysteriis
1854 2690 2028 2743 ascri—

446 2766 665 2821 buntur.
705 2767 838 2822 Nam
869 2771 1097 2825 ﬁliorum
1140 2773 1308 2828 Caath
1352 2777 1561 2845 primus
1593 2779 1730 2832 ordo
1762 2778 2029 2836 describi-

446 2864 554 2918 tur,
584 2867 636 2911 et
677 2861 872 2915 merito
915 2880 930 2917 :
968 2879 1031 2916 ex
1065 2864 1179 2932 ipse
1220 2867 1365 2922 enim
1403 2868 1683 2926 descendit
1720 2871 1932 2944 Moyses
1974 2882 2028 2929 et

440 2949 643 3013 Aaron,
688 2953 882 3021 quibus
920 2957 1211 3011 sacerdotii
1255 2973 1466 3013 sunnna
1510 2961 1899 3018 committitur.
1946 2964 2021 3019 Ex

441 3043 556 3112 ipso
618 3044 763 3099 enim
817 3048 1055 3102 nascitur
1112 3049 1351 3104 Amram.
1417 3050 1493 3107 Ex
1550 3054 1775 3110 Amram
1842 3067 2023 3113 autem

436 3136 673 3208 Moyses,
721 3148 776 3193 et
808 3138 1012 3197 Aaron.
1049 3141 1334 3200 Secundus
1384 3160 1514 3217 ergo
1571 3159 1658 3204 est
1686 3149 2020 3222 Gersen,qni

436 3231 645 3296 primus
672 3232 885 3302 quidem
922 3234 979 3287 in
1010 3235 1312 3298 nativitate.
1365 3242 1461 3293 sed
1491 3249 1761 3295 secundus
1791 3240 2021 3297 habetur

437 3323 489 3375 in
516 3324 729 3378 ordine.
766 3323 857 3379 Sic
898 3326 1044 3379 enim
1081 3328 1363 3399 Scriptura
1396 3331 1528 3386 dicit
1559 3333 1605 3364 '°
1640 3349 1651 3383 :
1697 3351 1716 3383 ι
1755 3333 1873 3387 Filii
1919 3349 2020 3387 an-

434 3425 542 3468 tem
575 3414 723 3479 Levi,
756 3415 990 3481 Gerson,
1026 3420 1197 3474 Cath
1250 3430 1306 3476 et
1334 3422 1552 3478 llIerari.
1590 3443 1609 3476 ι
1652 3425 1758 3479 Sed
1793 3440 1859 3479 ex
1896 3423 2021 3482 ﬁliis

432 3504 604 3558 Caatb
636 3505 739 3559 dno
779 3523 966 3563 rursus
1010 3510 1233 3566 ordines
1262 3512 1603 3582 diriguntur,
1657 3524 1714 3571 et
1741 3516 1774 3569 ii
1800 3516 2018 3586 quidem

431 3595 523 3664 qni
556 3610 620 3649 ex
650 3596 833 3652 Aaron
872 3599 1231 3665 descendunt,
1276 3603 1580 3657 sacerdotio
1613 3605 2015 3674 mancipantur,

431 3705 560 3760 pars
602 3706 729 3747 vero
773 3694 977 3764 reliqua
1029 3695 1095 3750 ad
1148 3696 1565 3753 ministrandum
1639 3702 2019 3758 sacerdotibus

429 3783 736 3849 ordinatur,
784 3795 839 3840 et
876 3787 1082 3842 idcirco
1133 3789 1188 3843 in
1218 3798 1456 3859 quatuor
1482 3800 1664 3859 partes
1701 3792 2015 3849 Levitarum

429 3875 748 3931 dividuntur
777 3877 978 3944 ofﬁcia,
1009 3889 1068 3935 ut
1110 3884 1416 3938 sacerdotio
1444 3884 1663 3955 quidem
1718 3884 2018 3956 fungantur

426 3968 613 4022 Aaron
663 3979 717 4023 et
752 3970 848 4024 ﬁlii
886 3970 1041 4042 ejus,
1104 3972 1306 4028 Sancta
1343 3984 1523 4029 autem
1580 3986 1897 4032 sanctorum
1958 3989 2016 4034 ut

426 4066 647 4127 portent
691 4060 740 4114 in
794 4062 1037 4117 humeris
1076 4064 1189 4119 suis
1222 4064 1258 4118 ii
1289 4064 1379 4135 qui
1424 4065 1617 4137 reliqui
1652 4077 1779 4122 sunt
1821 4082 1886 4123 ex
1920 4084 2016 4138 po-

426 4149 555 4220 pulo
582 4149 751 4207 Caath
785 4152 918 4225 (66).
953 4153 1084 4221 Quae
1115 4167 1301 4212 autem
1332 4157 1400 4212 ad
1436 4158 1849 4215 tabernaculum
1892 4177 2013 4230 per-

425 4246 604 4302 tinent
653 4248 947 4304 testimonii
998 4250 1084 4306 vel
1126 4252 1193 4306 ad
1241 4252 1379 4307 atria
1416 4252 1555 4321 ejus,
1596 4263 1652 4309 et
1692 4255 1885 4325 pelles,
1929 4257 2011 4312 vel

423 4338 589 4393 etiam
620 4340 947 4406 velamenta,
980 4352 1035 4397 et
1073 4358 1412 4414 quaecunque
1453 4358 1581 4402 sunt
1620 4349 1804 4404 minus
1850 4351 2010 4416 dura,

423 4438 480 4485 et
512 4433 579 4485 ad
606 4447 743 4487 enus
774 4434 935 4500 levia,
962 4443 1019 4489 ut
1048 4446 1341 4505 procurent
1371 4436 1465 4493 ﬁlii
1507 4439 1740 4496 Gersen.
1791 4441 2013 4497 Colum-

422 4536 525 4577 nas
573 4538 701 4578 vero
735 4525 1096 4591 tabernaculi,
1145 4536 1199 4581 et
1242 4526 1399 4582 bases
1438 4529 1577 4599 ejus,
1608 4542 1662 4586 et
1690 4546 1841 4586 seras
1869 4533 2006 4602 (67),
2042 4561 2087 4615 Β

424 4621 485 4665 ιιι
509 4621 725 4681 portent
761 4613 853 4669 ﬁlii
888 4614 1103 4670 Merari.
1136 4615 1345 4672 Idcirco
1376 4619 1512 4672 etin
1551 4622 1903 4677 recensendis
1926 4624 2010 4678 cis

424 4706 773 4775 designanter
804 4706 1090 4777 Scriptura
1148 4720 1574 4774 commemorat,
1623 4722 1681 4766 ut
1722 4728 2007 4770 recensea-

421 4807 510 4852 tnr
544 4800 717 4854 virtus
760 4798 957 4855 Merari
993 4818 1007 4855 :
1043 4801 1245 4856 virtute
1284 4804 1429 4859 enim
1472 4818 1609 4874 opus
1642 4815 1726 4861 est
1767 4806 1834 4860 ad
1877 4824 2004 4879 per-

423 4892 615 4945 tandas
651 4893 953 4962 hujusmodi
995 4895 1260 4953 sarcinas.

485 4982 543 5037 2.
577 4983 683 5038 Sed
704 4985 984 5041 redeamus
1010 4986 1305 5056 aliquando
1326 4987 1392 5042 ad
1422 4987 1730 5057 apostolum
1756 4988 2004 5058 Paulum,

418 5072 509 5140 qui
541 5072 655 5129 haec
708 5076 886 5129 omnia
931 5076 1103 5133 libere
1132 5079 1243 5149 jam
1274 5085 1331 5133 et
1383 5078 1620 5134 revelato
1652 5080 1817 5151 283
1844 5084 2005 5137 oculo

420 5169 622 5225 mentis
674 5168 980 5238 aspiciens,
1019 5179 1073 5224 et
1120 5169 1321 5224 veteris
1364 5169 1697 5226 Tcstamenti
1753 5173 1999 5229 velamen

418 5257 705 5328 abjiciens,
743 5261 817 5314 ait
844 5261 911 5328 “,
958 5262 1083 5331 quia
1121 5263 1273 5328 prior
1307 5262 1537 5334 populus
1578 5263 1632 5318 in
1688 5263 1999 5335 hujusmodi

489 5394 533 5426 ¹⁶
563 5392 719 5450 Num.
753 5413 834 5459 ιιι.
868 5398 957 5454 I7.
1035 5400 1075 5430 “
1114 5398 1276 5456 Hebr.
1321 5400 1449 5468 vnl',
1478 5402 1533 5457 5.

512 5512 601 5593 βεὶ)
627 5513 808 5593 podex
847 5517 1031 5593 Sancti
1061 5517 1408 5583 Theoderici,
1444 5541 1462 5574 ι
1499 5523 1861 5593 principatum
1884 5524 2003 5579 sin-

420 5584 753 5659 guliquiqne
784 5588 1005 5642 ordines
1034 5584 1516 5659 consequerentur:
1553 5612 1571 5644 ι

492 5654 604 5730 ιρρ)
636 5653 783 5730 Ψριιι
807 5659 1001 5730 codex,
1034 5676 1052 5709 ι
1088 5653 1337 5730 exemplo
1365 5661 1556 5718 Caath.
1600 5682 1618 5714 ι

491 5722 605 5791 (67)
628 5723 804 5805 _Codd.
845 5727 1188 5805 Ebroicensis
1218 5722 1273 5785 ei
1305 5732 1585 5802 Sagiensis
1608 5748 1728 5805 pro,
1761 5751 1780 5787 ι
1819 5744 1873 5791 et
1902 5750 1991 5791 se-

420 5806 535 5856 t'as,
575 5813 593 5845 ι
628 5794 829 5859 legunt,
861 5815 877 5845 c
915 5812 977 5852 ac
1012 5801 1291 5857 semissas.
1333 5819 1354 5852 ι

1614 5404 1657 5436 ¹¹
1697 5402 1854 5457 Num.
1901 5418 1973 5468 tv,
2007 5402 2063 5459 2.

2166 582 2524 637 deservierit.
2553 582 2619 636 Et
2647 582 2761 637 haec
2793 585 3042 646 audiens,
3075 586 3362 639 considera
3396 600 3463 639 ne
3490 584 3628 639 forte
3664 584 3751 639 isti

2162 685 2402 743 quatuor
2434 675 2655 729 ordines
2684 685 2992 729 castrorum
3042 677 3355 746 exemplum
3391 678 3501 732 sint
3539 685 3594 732 et
3634 693 3755 732 um-

2162 769 2261 823 bra
2315 768 2527 823 illorum
2578 777 2817 835 quatuor
2865 769 3152 836 ordinum,
3200 785 3338 839 quos
3382 769 3447 822 ad
3498 768 3751 825 IIebmes

2161 862 2407 916 scribens
2457 860 2661 914 Paulus
2711 859 3056 915 enumeravit
3111 862 3162 915 in
3214 856 3391 917 euelis.
3445 863 3509 916 Et
3564 876 3750 917 rursus

2160 952 2472 1007 Israeliticis
2499 963 2734 1021 quatuor
2760 952 3047 1008 ordinibus
3077 963 3415 1018 castrorum,
3449 964 3748 1025 quaternos

2158 1042 2333 1111 adjice
2376 1042 2724 1107 Levitarnm;
2760 1057 2883 1111 qua:
2931 1057 3030 1098 nos
3061 1057 3168 1097 non
3207 1052 3315 1097 tam
3354 1045 3649 1115 explanare
3689 1052 3747 1100 et

2157 1136 2398 1205 aperire,
2447 1150 2611 1204 quam
2654 1134 3409 1205 centigisseLtantummedo,
3457 1145 3510 1189 et
3560 1136 3748 1205 purio-

2157 1228 2309 1282 ribus
2344 1227 2599 1281 sensibus
2631 1225 2701 1298 (si
2758 1225 2848 1295 qui
2900 1235 3080 1281 tamen
3116 1238 3241 1282 sunt
3290 1227 3380 1298 qui
3425 1242 3590 1296 puros
3636 1227 3743 1283 huc

2154 1327 2209 1374 et
2243 1318 2442 1373 liberos
2471 1334 2498 1371 a
2536 1316 2891 1376 smcularibus
2940 1318 3370 1387 cogitationibus
3401 1316 3515 1387 (68)
3546 1331 3743 1372 sensus

2154 1411 2465 1481 detulerint)
2510 1412 2802 1475 indicasse,
2831 1421 2888 1467 et
2935 1410 3131 1466 leviter
3160 1409 3549 1480 perstrinxisse
3584 1407 3740 1463 sutil-

2152 1505 2281 1558 ciat.
2314 1522 2332 1554 ι
2360 1504 2581 1571 Accipe,
2612 1505 2785 1574 inquit
2809 1505 2876 1567 ",
2907 1517 3198 1557 numerum
3238 1501 3470 1555 ﬁliorum
3502 1500 3733 1555 Caatha

2150 1597 2292 1652 Ecce
2341 1597 2540 1650 iterum
2573 1596 2713 1651 alius
2772 1594 3140 1651 introducitur
3168 1593 3304 1648 ordo
3355 1610 3733 1649 numerorum.

2150 1689 2430 1744 Numerati
2466 1698 2593 1743 sunt
2624 1688 2736 1758 jam
2782 1688 2876 1742 ﬁlii
2918 1686 3047 1743 Levi
3082 1684 3152 1739 ab
3188 1701 3296 1739 uno
3328 1700 3516 1739 mense
3544 1694 3598 1741 et
3643 1700 3736 1739 su-

2149 1797 2243 1851 pra
2282 1780 2431 1850 (69),
2481 1796 2626 1835 nunc
2677 1788 3035 1836 numerantur
3088 1779 3183 1834 ﬁlii
3231 1776 3360 1833 Levi
3406 1792 3435 1832 a
3470 1777 3734 1832 vicesimo

2150 1876 2344 1940 quinte
2374 1888 2539 1935 anno,
2579 1873 2673 1928 sed
2711 1888 2817 1928 non
2853 1880 2910 1925 ut
2940 1872 2992 1927 in
3027 1871 3244 1928 czeteris
3279 1885 3470 1938 supra,
3516 1869 3610 1925 sed
3643 1882 3734 1923 us-

2149 1982 2257 2036 que
2296 1966 2361 2018 ad
2400 1965 2919 2035 quinquagesimum
2953 1977 3179 2027 annum,
3218 1970 3272 2017 et
3305 1960 3364 2014 ﬁt
3397 1960 3497 2016 iste
3540 1959 3735 2031 pracci-

2150 2075 2288 2127 puus
2321 2073 2580 2112 numerus
2611 2067 2665 2109 et
2691 2056 2919 2110 electus.
2955 2055 3193 2109 Additur
3224 2054 3368 2108 enim
3405 2053 3471 2107 iis
3498 2070 3512 2106 :
3550 2071 3569 2104 ι
3600 2052 3733 2108 Om-

2147 2147 2261 2210 nis,
2311 2146 2483 2213 inquit
2512 2146 2575 2212 ¹³,
2624 2145 2713 2214 qui
2763 2144 3010 2213 procedit
3062 2143 3128 2198 ad
3188 2143 3609 2198 ministrandum
3661 2142 3729 2198 ad

2145 2255 2308 2309 opera
2355 2238 2693 2293 tabernaculi
2745 2237 3111 2292 testimonii.»
3152 2236 3244 2291 Isti
3301 2244 3429 2290 sunt
3480 2234 3573 2304 qui
3621 2250 3728 2289 nu-

2145 2340 2432 2385 merantur
2484 2330 2713 2384 meliore
2758 2329 3017 2398 quodam,
3065 2335 3118 2383 et
3165 2327 3439 2397 prmcipuo
3469 2339 3726 2381 numero.

2145 2422 2296 2477 Sient
2327 2422 2472 2476 enim
2506 2423 2556 2474 in
2605 2422 2731 2476 ﬁliis
2771 2419 2940 2475 Israel
2972 2420 3260 2475 dicebatur
3291 2437 3304 2473 :
3340 2438 3357 2472 ι
3390 2416 3583 2474 Omnis
3627 2417 3721 2487 qui

2142 2515 2385 2583 procedit
2413 2515 2479 2567 ad
2521 2512 2773 2580 prmlium
2817 2512 2869 2566 in
2906 2512 3027 2567 ﬁliis
3058 2512 3250 2577 Israel;
3275 2530 3295 2564 ι
3330 2513 3402 2566 ita
3438 2521 3494 2567 et
3529 2511 3617 2565 hic
3650 2509 3728 2565 di-

2140 2608 2317 2661 citur:
2346 2627 2365 2659 ι
2396 2605 2583 2663 Omnis
2615 2607 2707 2673 qui
2744 2603 2990 2675 procedit
3018 2606 3087 2659 ad
3126 2603 3512 2668 ministerium,
3553 2610 3611 2657 ut
3647 2602 3727 2656 fa-

2138 2700 2247 2756 ciat
2292 2714 2458 2770 opera
2496 2698 2550 2753 in
2588 2697 2946 2754 tabernaculo
2997 2695 3364 2752 testimonii.»
3417 2695 3549 2749 Post
3606 2695 3725 2748 haec

2137 2792 2337 2847 dicitur
2371 2805 2493 2861 quae
2525 2790 2636 2846 sint
2674 2803 2841 2859 opera
2878 2789 3109 2843 ﬁliorum
3152 2787 3325 2841 Caatb
3359 2788 3411 2841 in
3446 2786 3628 2841 medio
3660 2783 3724 2838 ﬁo

2136 2884 2330 2939 Iiermn
2365 2884 2491 2939 Levi
2538 2885 2840 2938 secundum
2885 2884 3069 2954 plebes
3112 2898 3241 2937 suas
3281 2883 3334 2936 in
3366 2878 3722 2935 tabernaculo

2137 2977 2455 3033 testimonii.
2492 2995 2511 3027 ι
2540 2975 2814 3040 Introibit,
2847 2976 3024 3046 inquit
3050 2976 3114 3043 ’⁵,
3144 2977 3331 3031 Aaron
3363 2984 3417 3029 et
3450 2971 3546 3026 ﬁlii
3576 2969 3718 3039 ejus,

2134 3083 2255 3123 cum
2288 3068 2495 3123 elevata
2526 3066 2733 3123 fuerint
2759 3076 2965 3133 castra,
2989 3077 3044 3123 et
3069 3067 3347 3137 deponent
3374 3063 3578 3130 velum,
3605 3076 3718 3133 quo

2135 3170 2396 3231 teguntur
2428 3168 2640 3224 sancta,
2682 3170 2739 3215 et
2785 3159 3039 3230 operient
3082 3175 3149 3216 ex
3181 3156 3304 3229 ipso
3357 3156 3479 3214 velo
3532 3169 3718 3210 arcam

2134 3253 2464 3307 testamenti.
2488 3271 2506 3305 ι
2541 3252 2609 3307 Ει
2637 3262 2761 3323 post
2800 3251 2918 3307 haec
2951 3262 3163 3321 septem
3212 3252 3463 3322 quaedam
3506 3248 3719 3317 species

2129 3352 2546 3406 enumerantur,
2576 3358 2699 3413 qua:
2729 3342 3125 3413 praecipiuntur
3157 3340 3386 3411 operiri.
3439 3337 3623 3392 Primo
3660 3334 3716 3389 in

2128 3433 2281 3498 loco,
2320 3443 2379 3488 ut
2425 3434 2670 3489 omnium
2719 3434 3013 3504 pretiosior
3062 3433 3176 3501 ipsa
3218 3447 3348 3485 arca
3400 3427 3713 3483 testamenti

2127 3525 2410 3595 operiatur
2435 3524 2555 3580 velo
2580 3540 2689 3595 quo
2722 3524 2876 3596 prius
2907 3523 3211 3587 velabatur,
3243 3520 3337 3577 sed
3368 3530 3420 3574 ct
3455 3518 3592 3588 pelle
3619 3517 3715 3572 de-

2126 3631 2291 3686 super
2344 3615 2698 3681 hyacinthina
2753 3626 2985 3688 tegatur.
3038 3615 3274 3669 Additur
3336 3612 3505 3668 etiam
3566 3610 3715 3665 aliud

2128 3709 2371 3764 velamen
2422 3709 2656 3780 desuper
2712 3708 3156 3780 hyacinthinum.
3202 3705 3454 3760 Secumle
3490 3703 3543 3757 in
3589 3702 3715 3755 loco

2127 3812 2312 3852 mensa
2356 3798 2622 3867 operitur.
2674 3797 2863 3854 Tertio
2914 3797 3330 3853 candelabrum.
3372 3793 3579 3860 Quarto
3628 3792 3710 3845 al-

2127 3900 2243 3945 tare
2275 3905 2525 3945 aureum.
2564 3890 2768 3957 Quinte
2801 3905 2928 3945 vasa
2961 3888 3279 3943 ministerii.
3311 3887 3478 3942 Sexto
3526 3884 3711 3954 operi-

2124 3990 2367 4035 mentum
2409 3979 2600 4035 altaris
2633 3997 2754 4036 eum
2797 3980 3124 4050 quibusdam
3173 3978 3495 4033 velamentis
3540 3991 3712 4045 appo-

2123 4072 2289 4126 nitur.
2322 4070 2568 4141 Septimo
2597 4072 2653 4126 in
2696 4073 2819 4127 loco
2848 4072 3093 4141 operitur
3121 4079 3175 4125 et
3223 4070 3457 4133 labrum,
3486 4078 3543 4122 et
3576 4066 3709 4120 nihil

2124 4161 2319 4215 borum
2351 4160 2594 4215 omnium
2625 4162 2827 4216 nudum
2862 4161 3216 4230 relinquitur,
3247 4169 3341 4213 aut
3376 4158 3706 4213 revelatum.

2121 4251 2367 4322 Denique
2393 4253 2613 4308 additur
2636 4255 2802 4308 etiam
2831 4264 3161 4323 praeceptum
3196 4250 3536 4319 hujusmodi:
3562 4266 3580 4300 ι
3609 4247 3712 4302 Νο-

2121 4345 2243 4412 lite,
2291 4347 2468 4416 inquit
2510 4347 2583 4412 ",
2630 4347 3003 4402 exterminare
3036 4346 3103 4399 de
3149 4344 3295 4396 tribu
3347 4356 3443 4396 sua
3497 4339 3706 4408 plebem

2118 4437 2315 4491 Caath.
2342 4455 2361 4488 ι
2403 4436 2522 4504 Quo
2571 4438 2784 4492 scilicet
2833 4433 3283 4492 exterminandas
3325 4446 3447 4487 esse
3489 4445 3551 4485 se
3595 4428 3706 4484 sci-

2120 4538 2264 4594 rent,
2299 4528 2343 4584 si
2381 4528 2524 4586 Iorte
2553 4531 2619 4584 ad
2666 4531 2784 4585 ha-e
2819 4528 3085 4583 movenda
3122 4541 3318 4582 manus
3361 4539 3489 4580 suas
3524 4522 3710 4575 mitte-

2120 4631 2264 4687 rent,
2299 4623 2401 4677 nisi
2457 4623 2884 4691 unumquodque
2929 4636 3119 4677 eorum
3173 4619 3328 4691 prius
3368 4634 3399 4672 a
3448 4618 3707 4673 sacerdo—

2118 4713 2265 4768 tibus
2297 4714 2483 4769 l'uisset
2515 4716 2813 4769 obtectum.

2189 4806 2245 4861 5.
2285 4806 2441 4862 Nunc
2485 4823 2616 4876 ergo
2655 4807 2944 4861 redeamus
2973 4804 3041 4859 ad
3092 4804 3235 4860 istud
3290 4800 3703 4860 tabernaculum

2118 4898 2379 4954 Ecclesia:
2427 4899 2519 4953 Dei
2562 4899 2822 4964 viventis,
2852 4908 2907 4954 et
2951 4898 3231 4953 videamus
3275 4898 3552 4968 quomodo
3588 4896 3706 4950 haec

2118 4991 2328 5061 singula
2365 4991 2648 5046 observari
2685 5002 2938 5059 oporteat
2967 4992 3020 5047 in
3052 4990 3296 5047 Ecclesia
3326 4990 3419 5045 Dei
3458 5008 3487 5044 a
3520 5004 3706 5043 sacer-

2116 5082 2341 5138 dotibus
2371 5083 2599 5139 Cbristi.
2638 5082 2696 5139 Si
2726 5086 2854 5154 quis
2887 5100 3016 5141 vero
3050 5087 3306 5143 sacerdos
3335 5095 3419 5144 est
3446 5085 3533 5141 cui
3571 5098 3701 5138 vasa

2115 5189 2298 5242 sacra,
2328 5176 2379 5228 id
2417 5184 2522 5239 est,
2558 5178 2944 5248 mysteriorum
2990 5180 3273 5249 sapientiae
3304 5188 3516 5234 secreta
3554 5191 3701 5232 com-

2114 5267 2278 5321 missa
2326 5276 2489 5334 sunt,
2533 5268 2709 5323 discat
2757 5282 2825 5324 ex
2861 5269 2952 5335 iis,
3000 5280 3055 5325 et
3095 5269 3380 5334 observet,
3423 5267 3702 5339 quomodo

2142 5404 2185 5436 ³³
2224 5406 2380 5473 ibid.,
2411 5404 2467 5460 5.
2545 5404 2592 5437 "
2627 5404 2789 5460 Num.
2816 5419 2890 5472 tv,
2920 5404 2976 5459 5.
3055 5405 3099 5438 ³⁵
3138 5403 3300 5471 ibid.,
3330 5404 3419 5460 I8.

2188 5526 2301 5597 (68)
2341 5523 2521 5583 Codex
2557 5526 2746 5582 Sancti
2792 5526 3138 5593 Theoderici,
3175 5546 3193 5580 ι
3227 5524 3641 5583 tentatienibus.
3672 5541 3693 5579 ι

2113 5596 2287 5651 Paulo
2326 5607 2453 5680 post
2494 5612 2686 5680 omnes
2736 5613 2899 5679 mss...
2939 5600 3198 5680 raecipe,
3236 5597 3454 5680 inquit,
3500 5609 3697 5649 nume-

2111 5683 2299 5739 rum.)
2338 5666 2497 5739 [.ibb.
2539 5669 2699 5733 editi,
2736 5687 2754 5719 ς
2787 5670 3053 5739 accipiat,
3101 5666 3305 5739 inquit,
3340 5681 3646 5720 numerum.
3670 5684 3690 5717 ι

2180 5736 2298 5807 (69)
2338 5737 2523 5794 Codex
2562 5739 2749 5794 Sancti
2792 5736 3146 5807 Theoderici,
3175 5736 3194 5793 ἆ
3227 5738 3294 5793 ab
3325 5751 3434 5793 uno
3468 5751 3614 5793 anno
3638 5745 3693 5792 et

2107 5821 2291 5875 Supra.
2320 5827 2337 5861 ι

2545 5404 2592 5437 ’⁸
2627 5404 2789 5460 Num.
2816 5419 2890 5472 tv,
2920 5404 2976 5459 5.
