4124 6468
490 411 587 468 6H

1740 393 1805 449 IN
1845 389 2183 449 NUMEROS
2219 385 2503 441 llOMILIA
2538 383 2603 440 ν.

3672 380 3781 435 602

494 537 609 587 tunc
647 538 891 600 oporteat
924 529 1066 584 intra
1100 527 1342 582 velamen
1392 519 1747 579 conscientia:
1778 516 2076 577 custodire,
2109 514 2156 573 Α
2185 525 2307 564 mur
2341 507 2477 580 (70).
2524 506 2672 562 Gens
2716 501 2861 557 enim
2904 508 3129 565 sancta,
3182 497 3365 571 regale
3412 499 3779 565 sacerdotium

492 640 590 677 nec
638 620 794 676 lacile
824 621 1072 691 proferre
1114 621 1182 674 ad
1226 616 1524 688 publicum.
1554 615 1662 668 Aut
1697 612 1740 666 si
1780 625 1865 664 res
1905 607 2080 678 poscil.

490 714 762 785 proferre,
793 722 848 767 ct
882 711 1259 772 inferioribus,
1291 708 1344 762 id
1376 715 1483 772 est,
1517 702 1945 774 imperitioribus
1975 710 2081 754 tra-

492 809 644 872 dere,
692 823 758 859 ne
791 808 934 859 nuda
968 802 1233 873 proferat,
1264 816 1331 857 ne
1371 808 1557 869 aperta
1600 796 1869 859 ostendat,
1904 802 1955 848 et
1988 807 2081 862 pe-

496 898 639 951 nitus
686 897 950 965 patentia,
999 894 1237 963 alioquin
1294 891 1648 947 homicidium
1690 889 1843 953 facit,
1874 899 1929 944 et
1976 903 2076 944 ex-

497 989 756 1042 terminat
809 988 1045 1058 plebem.
1097 984 1509 1040 Extertuinatur
1563 983 1709 1036 enim
1760 981 1940 1035 omnis
1985 981 2076 1049 qui

493 1090 703 1134 secreta
734 1089 785 1133 et
831 1076 1128 1132 ineﬁ‘ahilia
1180 1083 1531 1129 sacramenta
1572 1071 1889 1141 contigerit,
1940 1086 2077 1125 non-

494 1172 620 1226 dum
655 1173 867 1225 meritis
896 1179 951 1224 et
982 1168 1219 1225 scientia
1254 1167 1306 1221 in
1347 1165 1638 1221 sacerdotii
1670 1164 1918 1219 ordinem
1954 1179 2076 1235 gra-

494 1265 733 1333 dumque
766 1263 1083 1316 translatus.
1115 1259 1259 1315 Solis
1289 1258 1436 1314 enim
1486 1257 1615 1311 ﬁliis
1653 1256 1860 1320 Aaron,
1895 1272 2078 1311 sacer-

493 1355 713 1412 dotibus
759 1354 989 1416 scilicet,
1032 1353 1202 1423 ipsam
1237 1366 1421 1405 arcam
1457 1349 1794 1411 testamenti,
1822 1359 1876 1403 et
1923 1364 2079 1405 men-

492 1462 642 1514 sam,
690 1454 746 1501 et
787 1443 1203 1509 candelabrum,
1249 1450 1303 1496 et
1347 1440 1393 1495 si
1431 1439 1561 1509 quid
1601 1447 1685 1493 est
1724 1452 1913 1493 eorum
1958 1454 2079 1507 quae

492 1553 654 1607 supra
705 1535 1255 1605 comprehendimus,
1304 1532 1449 1586 nuda
1484 1546 1546 1586 ac
1598 1530 1837 1584 revelata
1890 1529 2079 1585 videre

492 1648 809 1688 concessum
834 1641 937 1687 est.
965 1631 1071 1685 Alii
1110 1639 1293 1684 autem
1326 1636 1513 1697 operta
1543 1627 1658 1681 haec
1692 1625 1931 1691 videant,
1966 1626 2077 1682 imo

491 1726 676 1795 potius
708 1725 883 1780 velata
932 1724 1048 1779 haec
1079 1723 1132 1777 in
1169 1722 1413 1776 humeris
1456 1721 1568 1775 suis
1599 1728 1839 1790 portent.
1876 1720 1941 1775 Et
1982 1720 2075 1775 lilii

490 1821 710 1889 quidem
750 1819 947 1885 Caath,
982 1820 1243 1890 quoniam
1287 1818 1386 1889 ipsi
1430 1818 1558 1873 licet
1600 1832 1704 1872 non
1737 1818 1849 1872 sint
1895 1831 2079 1872 sacer—

490 1913 666 1978 dotes,
696 1922 826 1966 sunt
868 1912 1102 1983 proximi
1151 1911 1555 1974 sacerdotibus,
1600 1910 1654 1964 in
1689 1910 1931 1965 humeris
1962 1910 2079 1965 suis

489 2014 718 2073 possunt
759 2003 862 2060 ista
915 2014 1176 2075 portare;
1222 2003 1313 2058 alii
1360 2019 1489 2059 vero
1542 2003 1785 2057 sarcinas
1826 2018 1978 2067 suas,
2024 2012 2081 2057 et

492 2097 790 2153 ministeria
830 2112 931 2153 nec
964 2098 1017 2151 in
1048 2097 1312 2163 humeris,
1341 2098 1435 2152 sed
1467 2098 1524 2153 in
1562 2095 1821 2165 plaustris
1845 2106 2076 2164 ponunt.

493 2188 563 2245 Ut
602 2190 749 2244 enim
790 2192 1189 2259 prmvenicntes
1255 2190 1548 2245 lectionem
1599 2189 1846 2245 dicamus
1896 2188 2077 2257 aliqua

488 2282 653 2337 etiam
684 2283 751 2337 de
780 2283 848 2338 iis
889 2298 1013 2353 qua:
1044 2282 1195 2338 locus
1242 2282 1549 2348 admonuit,
1584 2296 1707 2336 cum
1744 2280 2080 2337 oﬁ'erreutur

490 2389 520 2428 a
556 2372 788 2443 singulis
853 2374 1161 2443 quibusque
1210 2371 1462 2428 tribubus
1514 2370 1789 2440 plaustra,
1843 2380 2080 2439 quatuor

488 2479 556 2518 ex
606 2463 673 2518 iis
718 2473 1051 2534 acceperunt
1101 2464 1194 2518 ﬁlii
1240 2463 1470 2528 Merari,
1502 2463 1609 2518 duo
1640 2474 1819 2518 autem
1866 2462 2075 2519 Gerscn

492 2554 609 2611 lilii.
647 2556 726 2611 llli
774 2571 906 2612 vero
952 2557 1044 2627 qui
1083 2557 1277 2612 horum
1328 2554 1582 2611 meliores
1628 2567 1784 2622 sunt,
1831 2557 2074 2626 plaustra

490 2665 597 2704 non
640 2648 938 2718 accipiunt.
978 2648 1199 2704 Intuere
1252 2665 1385 2718 ergo
1434 2667 1579 2706 nunc
1624 2650 1934 2719 cuiusmodi
1995 2650 2076 2703 di-

484 2741 627 2796 visio
667 2739 904 2797 eliicitur
935 2741 988 2796 in
1025 2740 1217 2796 ciliciis
1261 2741 1557 2798 ministerii
1605 2741 1800 2807 divini,
1844 2750 1901 2797 et
1935 2757 2071 2811 quo-

490 2832 651 2888 modo
698 2833 787 2888 illa
835 2833 1059 2904 quidem
1110 2849 1233 2903 quae
1283 2843 1473 2890 sancta
1532 2844 1692 2900 sunt,
1737 2850 1844 2889 non
1897 2834 2073 2904 impo-

492 2933 696 2981 nuntur
738 2926 1004 2995 portanda
1058 2925 1389 2981 animalibus
1444 2928 1640 2991 mutis,
1685 2928 1781 2982 sed
1831 2927 2077 2981 rationa-

489 3018 624 3075 biles
655 3031 776 3073 esse
804 3018 1005 3073 debent
1033 3018 1310 3084 homines,
1338 3028 1393 3074 et
1424 3017 1479 3073 in
1520 3019 1765 3074 humeris
1795 3019 1910 3073 suis
1950 3033 2077 3088 por-

489 3120 607 3168 tare
638 3124 793 3175 vasa,
827 3110 1027 3179 quibus
1057 3110 1452 3165 ministrantur
1490 3109 1693 3165 Sancta
1728 3119 2070 3166 sanctorum.

487 3202 563 3257 Ea
607 3218 740 3258 vero
780 3219 900 3274 qua:
933 3204 1186 3273 graviora
1236 3212 1367 3258 sunt
1408 3212 1465 3257 et
1515 3203 1756 3271 duriora,
1806 3218 1912 3256 non
1963 3211 2073 3255 tam
2103 3221 2145 3279 ο

490 3294 908 3350 rationabilibus
970 3308 1135 3364 quam
1186 3294 1355 3349 mutis
1404 3293 1673 3364 portanda
1743 3291 2077 3348 animalibus

490 3388 866 3456 imponuntur.
910 3385 1018 3443 Sed
1048 3395 1104 3441 et
1138 3386 1192 3441 in
1223 3386 1359 3457 ipsis
1386 3395 1472 3440 est
1509 3385 1694 3455 aliqua
1743 3382 2074 3440 diﬁ‘erentia.

487 3478 623 3534 Nam
663 3480 738 3534 illi
780 3480 871 3550 (ιυί
920 3479 1175 3551 graviora
1209 3488 1262 3534 et
1312 3479 1538 3534 duriora
1575 3478 1872 3533 observant
1910 3476 2072 3532 ruini-

485 3571 677 3637 steria,
712 3572 864 3641 plura
908 3573 1113 3628 habent
1148 3570 1434 3628 animalia.
1462 3572 1710 3637 Quatuor
1739 3568 1887 3624 enim
1921 3569 2076 3638 plau-

484 3675 599 3717 stra
634 3662 833 3718 dantur
864 3663 993 3719 ﬁliis
1030 3662 1251 3720 Merari.
1291 3662 1447 3717 Filiis
1474 3670 1656 3717 autem
1688 3661 1901 3717 Gerson
1944 3660 2074 3730 quia

482 3765 643 3812 erant
677 3771 846 3828 prope
881 3756 1024 3813 ﬁlios
1052 3754 1230 3812 Caath
1282 3755 1393 3811 duo
1440 3763 1649 3810 tantum
1682 3754 1925 3824 plaustra
1965 3751 2078 3808 suf-

487 3847 698 3916 ﬁciunt,
726 3866 793 3905 ex
823 3850 1019 3919 quibus
1050 3848 1361 3904 ostenditur
1391 3847 1535 3917 quod
1569 3844 1830 3915 operibus
1850 3843 2072 3913 quidem

485 3940 821 4007 durioribus,
851 3949 933 4008 et,
967 3951 1026 3996 ut
1071 3941 1144 3996 ita
1199 3939 1412 4005 dicam,
1460 3938 1851 4005 crassioribus,
1890 3937 2074 4008 plures

485 4044 644 4100 sunt,
686 4033 779 4102 qui
813 4033 965 4089 velut
1016 4031 1278 4087 animalia
1328 4030 1633 4086 inserviunt
1667 4045 1683 4084 :
1731 4031 1799 4085 ad
1842 4044 1904 4085 ea
1939 4043 2073 4084 vero

484 4139 605 4195 qua:
654 4124 1072 4180 rationabilibus
1106 4131 1495 4193 procurantur,
1541 4121 1704 4193 pauci
1756 4136 1824 4177 ex
1867 4120 1936 4177 iis
1978 4122 2073 4192 qui

484 4217 538 4272 in
570 4216 658 4273 his
683 4215 935 4273 instructi
961 4225 1054 4270 aut
1076 4214 1279 4270 eruditi
1309 4213 1585 4278 videntur,
1612 4212 1902 4271 accedunt.
1934 4211 2071 4268 Nam

485 4309 553 4365 ad
590 4309 681 4365 illa
715 4324 840 4380 quae
886 4307 1114 4380 mystica
1146 4316 1294 4374 sunt,
1323 4315 1375 4362 et
1413 4305 1468 4360 in
1503 4304 1733 4362 secretis
1763 4305 2071 4371 recondita,

485 4409 539 4459 et
573 4402 704 4458 solis
741 4402 1120 4457 sacerdotibus
1147 4408 1363 4471 patent,
1393 4414 1500 4454 non
1533 4397 1708 4454 solum
1746 4396 1924 4452 nullus
1954 4398 2075 4453 ani-

488 4495 646 4551 malis
676 4495 839 4551 homo
883 4494 1134 4558 accedit,
1183 4491 1277 4548 sed
1311 4505 1380 4546 ne
1418 4490 1523 4560 ipsi
1569 4489 1787 4559 quidem
1828 4490 1921 4560 qui
1970 4491 2070 4545 ha-

484 4584 617 4642 bere
661 4586 865 4657 aliquid
895 4583 1147 4642 exercitii
1191 4592 1248 4638 et
1276 4581 1599 4638 eruditionis
1629 4581 1901 4647 videntur,
1934 4597 2071 4638 ncn-
2105 4564 2149 4619 Ῐ)

484 4679 613 4734 dum
659 4687 842 4735 tamen
895 4677 1106 4735 meritis
1134 4684 1191 4731 et
1219 4676 1330 4729 vita
1369 4674 1439 4729 ad
1492 4674 1885 4731 sacerdotalem
1938 4690 2068 4746 gra-

485 4775 618 4830 tiam
658 4774 1118 4831 ccnscenderunt.
1162 4772 1279 4829 Non
1331 4769 1507 4826 solum
1564 4786 1662 4842 per
1692 4771 1973 4843 speculum
2006 4785 2070 4825 ea

486 4874 542 4922 et
574 4871 627 4922 in
660 4867 949 4937 aenigmate
976 4867 1182 4931 vident,
1210 4866 1307 4923 sed
1333 4878 1389 4922 et
1426 4874 1613 4936 operta
1646 4873 1703 4921 et
1735 4864 1913 4919 velata
1953 4878 2074 4919 sus-

487 4958 719 5031 cipiunt,
757 4968 811 5014 et
842 4959 895 5013 in
927 4958 1174 5015 humeris
1211 4967 1455 5030 portant,
1500 4972 1611 5029 quo
1641 4956 1856 5014 scilicet
1901 4955 2074 5027 magis

484 5066 547 5109 ea
577 5063 700 5109 actu
733 5067 985 5123 operum,
1015 5066 1180 5122 quam
1221 5051 1465 5108 scientiae
1498 5051 1839 5108 revelatione
1868 5064 2074 5121 cogno-

485 5156 665 5205 scant.
686 5146 823 5214 Quia
857 5147 1021 5217 igitur
1053 5144 1360 5212 huiusmodi
1400 5146 1732 5217 dispensatio
1765 5154 1849 5201 est
1870 5152 2074 5215 myste-

485 5239 697 5295 riorum
734 5240 828 5294 Dei
860 5248 916 5294 et
942 5239 1232 5296 ministerii
1266 5238 1412 5310 quod
1458 5238 1691 5293 habetur
1737 5238 1790 5292 in
1843 5237 2069 5303 sanctis,

489 5332 626 5390 tales
677 5347 778 5388 nos
817 5332 1081 5388 exhibere
1122 5332 1416 5398 debemus,
1462 5340 1521 5386 ut
1567 5331 1716 5400 digni
1773 5328 2071 5386 eﬂiciamur

487 5421 653 5496 284
703 5421 895 5477 ordine
944 5421 1264 5488 sacerdotii,
1305 5437 1374 5477 ne
1408 5421 1556 5478 velut
1600 5420 2070 5477 irrationabilibus

486 5515 647 5571 nobis
679 5528 848 5570 onera
893 5514 1077 5584 gravia
1121 5513 1495 5582 imponantur,
1533 5512 1629 5569 sed
1682 5520 1941 5582 tanquam
1977 5527 2068 5566 ra-

486 5605 783 5663 tionabiles
820 5613 875 5660 et
904 5604 1080 5660 sancti
1133 5605 1566 5662 sacerdotalibus
1612 5604 1804 5662 ciliciis
1836 5608 2065 5677 depute-

489 5740 495 5747 '
558 5722 603 5755 “
642 5721 661 5778 l
698 5722 814 5778 Pet.
845 5739 915 5789 ιι,
948 5723 1003 5780 9.
1083 5721 1304 5779 "Num.
1335 5739 1408 5792 tv,
1446 5722 1529 5781 l8.

2184 617 2372 657 sumus
2418 610 2473 655 et
2518 596 2749 668 populus
2793 597 2846 651 in
2895 592 3321 664 acquisitionem
3351 592 3421 656 η,
3466 599 3676 645 tantum
3722 599 3782 644 ut

2183 703 2466 761 acceptam
2521 690 2752 760 gratiam
2794 688 2920 743 vitae
2952 684 3164 740 meritis
3208 693 3595 751 exsequentes,
3628 682 3779 753 digni

2182 787 2488 842 habeamur
2515 793 2707 838 saneto
2739 778 3090 836 ministerio:
3127 784 3183 830 ut
3212 789 3335 831 cum
3366 774 3781 829 discesserimus

2190 880 2258 935 de
2295 881 2398 934 hac
2429 878 2561 943 vita,
2591 888 2907 930 mereamur
2942 870 3178 935 assumi,
3223 876 3281 922 ut
3313 882 3475 936 supra
3519 866 3778 929 diximus,

2185 972 2334 1027 inter
2371 969 2688 1024 sacerdotes
2740 966 2859 1029 Dei,
2902 972 2956 1019 et
3001 960 3383 1016 ministrantes
3422 971 3564 1010 arere
3614 965 3784 1009 testar-

2186 1063 2378 1126 menti,
2424 1061 2475 1117 in
2509 1060 2727 1115 arcanis
2763 1057 2977 1114 scilicet
3018 1061 3076 1107 et
3119 1048 3420 1107 reconditis
3468 1047 3768 1118 mysteriis.

2183 1154 2424 1210 revelata
2473 1152 2610 1207 facie
2657 1150 2886 1222 gloriam
2936 1144 3147 1202 Domini
3200 1140 3570 1210 specnlcmur,
3607 1148 3661 1193 et
3694 1139 3782 1194 in-

2180 1247 2494 1316 grediamur
2517 1256 2720 1301 terram
2743 1252 3018 1301 sanctam,
3041 1238 3195 1308 cujus
3228 1237 3601 1291 luereditatem
3622 1233 3780 1287 nobis

2181 1337 2470 1407 praestabit
2506 1335 2771 1391 Dominus
2819 1340 3009 1386 noslet'
3055 1326 3216 1383 Jcsus
3263 1328 3540 1387 Christus,
3576 1324 3661 1377 cui
3694 1333 3781 1376 est

2180 1431 2349 1502 gloria
2378 1439 2434 1487 et
2466 1429 2755 1500 imperium
2787 1427 2840 1480 in
2875 1421 3074 1479 saecula
3108 1419 3451 1475 smculorum.
3473 1418 3668 1471 Amen.

2788 1512 3078 1572 HOMILIA
3121 1510 3184 1567 ν.

2184 1615 2260 1671 De
2288 1630 2350 1669 ec
2398 1613 2539 1683 quod
2575 1611 2830 1683 scriptum
2872 1620 2947 1683 est
2984 1621 3008 1683 _:
3045 1622 3064 1655 ι
3116 1602 3298 1683 ζγοΙὶίε
3336 1602 3690 1657 exterminare
3715 1599 3780 1653 de

2604 1673 2744 1736 tribu
2767 1695 2865 1733 sua
2893 1676 3089 1746 plebem
3110 1673 3300 1727 Caath.
3331 1694 3349 1724 ι

2254 1778 2304 1833 1.
2348 1775 2628 1845 Responsa
2660 1770 2796 1822 dans
2832 1763 3093 1819 Dominus
3128 1763 3194 1813 ad
3229 1759 3450 1830 Moysen
3478 1768 3533 1812 et
3563 1758 3777 1821 Aaron,

2113 1867 2153 1922 Β
2183 1867 2315 1922 dicit
2341 1866 2385 1897 ¹⁷
2416 1880 2431 1919 :
2476 1883 2493 1915 ι
2526 1859 2705 1916 Nolite
2744 1852 3115 1911 exterminare
3143 1850 3213 1905 de
3244 1849 3385 1904 tribu
3424 1863 3521 1903 sua
3565 1845 3777 1915 plebem

2183 1958 2355 2015 Caath
2386 1958 2454 2012 de
2486 1954 2664 2009 medio
2699 1950 2931 2005 ﬁliorum
2982 1944 3149 2011 Levi,
3201 1943 3295 1997 sed
3340 1943 3443 1995 hoc
3478 1938 3640 1993 facite
3673 1937 3774 2002 eis,

2183 2061 2235 2107 et
2270 2051 2458 2106 vivent
2485 2057 2535 2102 et
2573 2062 2682 2101 non
2710 2042 3018 2098 morientur
3038 2054 3162 2093 cum
3190 2035 3451 2091 accedent
3476 2032 3543 2087 ad
3574 2023 3774 2085 Sancta

2183 2151 2583 2204 sanctorum,»
2640 2147 2695 2193 ct
2742 2136 2977 2205 reliqua.
3028 2129 3218 2185 Primo
3270 2124 3640 2194 intelligamus
3686 2136 3775 2183 ea,

2182 2249 2303 2306 quae
2352 2230 2649 2288 secundum
2701 2228 2945 2282 litteram
3015 2220 3354 2282 referuntur,
3406 2227 3461 2272 et
3503 2218 3575 2270 ita
3632 2230 3762 2284 pra:-

2181 2305 2360 2382 stantc
2395 2322 2623 2378 Dcminc
2655 2319 2722 2373 ab
2750 2318 3028 2372 intellectu
3071 2312 3272 2366 litterm
3320 2309 3677 2363 ascendemus
3704 2305 3772 2358 ad

2181 2410 2601 2484 intelligentiam
2629 2407 2956 2479 spiritalem.
2986 2404 3227 2471 lntellige
3257 2415 3389 2471 ergo
3418 2400 3568 2468 prius
3599 2398 3770 2465 ipsam

2180 2505 2598 2564 collocationem
2652 2497 2993 2556 tabernaculi
3054 2494 3393 2559 testimonii,
3440 2490 3676 2560 intelligc
3717 2497 3773 2542 et

2179 2602 2379 2657 Sancta
2429 2608 2781 2658 sanctorum,
2828 2606 2947 2664 qua:
2998 2589 3284 2660 interiecto
3322 2601 3351 2640 a
3388 2583 3591 2639 sanctis
3628 2581 3774 2635 vela-

2179 2694 2327 2750 mine
2363 2692 2720 2752 dirimuntur,
2744 2701 2867 2756 qme
2905 2683 3099 2752 inspici
3137 2696 3241 2733 non
3285 2679 3409 2733 licet
3440 2676 3508 2729 ab
3541 2674 3650 2728 ullo
3677 2672 3775 2727 ho-

2179 2786 2408 2851 minum,
2440 2782 2543 2837 nisi
2569 2797 2596 2835 a
2625 2775 3004 2835 sacerdotibus
3028 2773 3176 2828 solis.
3211 2770 3340 2824 Post
3370 2769 3483 2822 hanc
3512 2763 3773 2831 intellige,

2177 2876 2451 2948 quomodo
2484 2875 2575 2929 ubi
2614 2882 2834 2927 ventum
2878 2867 3043 2924 fuerit
3071 2874 3127 2919 ut
3158 2875 3338 2919 castra
3384 2866 3637 2914 moveant
3680 2854 3785 2921 ﬁlii,

2181 2946 2370 3033 Israel,
2398 2966 2635 3021 solvitur
2667 2958 3101 3019 tabernaculum,
3128 2964 3179 3009 ct
3214 2953 3395 3007 Aaron
3433 2965 3495 3003 ac
3527 2947 3617 3000 ﬁlii
3656 2946 3775 3012 ejus

2179 3032 2492 3113 sacerdotes
2520 3054 2661 3107 intra
2696 3052 2898 3105 Sancta
2929 3056 3241 3103 sanctorum
3271 3041 3528 3110 operiunt
3559 3032 3773 3104 singula

2177 3160 2408 3217 quaeque
2434 3142 2794 3213 operimentis
2822 3153 2885 3193 ac
2916 3131 3277 3189 velaminibus
3311 3132 3443 3190 suis,
3472 3136 3528 3181 et
3555 3127 3773 3180 obtecta

2178 3216 2243 3291 ea
2282 3234 2656 3303 relinquentes
2704 3233 2757 3284 in
2802 3228 2993 3283 eodem
3039 3239 3147 3294 quo
3181 3221 3400 3275 fuerant
3433 3218 3570 3281 loco,
3604 3216 3776 3269 intro-

2180 3328 2385 3384 ducunt
2417 3324 2555 3379 ﬁlios
2593 3320 2788 3384 Caath,
2822 3318 2916 3386 qui
2951 3317 3019 3371 ad
3062 3313 3203 3370 istud
3246 3309 3485 3366 cilicium
3528 3305 3773 3375 deputati

2179 3424 2339 3482 sunt,
2366 3423 2421 3470 et
2449 3414 2655 3468 faciunt
2688 3425 2783 3465 eos
2806 3410 3023 3462 elevare
3047 3401 3293 3459 humeris
3331 3400 3446 3456 suis
3471 3397 3651 3453 omnia
3683 3395 3773 3451 illa

2179 3525 2300 3575 quae
2332 3522 2529 3562 manus
2558 3501 2917 3560 sacerdotalis
2958 3498 3267 3556 cbtexerat.
3312 3494 3377 3550 Et
3421 3502 3640 3564 propter
3671 3490 3775 3544 hoc

2179 3600 2378 3656 dicitur
2404 3615 2433 3653 a
2471 3597 2738 3652 Domino:
2783 3610 2800 3645 t
2829 3592 2905 3648 Ne
2947 3587 3329 3646 exterminetis
3373 3587 3440 3641 de
3491 3586 3631 3639 tribu
3671 3596 3771 3635 sua

2178 3690 2394 3762 plebem
2424 3688 2627 3754 Caath;
2654 3705 2674 3739 ι
2712 3684 2868 3755 quasi
2916 3683 2967 3735 in
2999 3696 3064 3735 eo
3109 3675 3506 3733 extet-minandi
3554 3681 3772 3736 esst'nt,

2179 3782 2223 3839 si
2261 3780 2459 3836 Sancta
2492 3788 2806 3833 sanctorum
2838 3774 2980 3829 nuda
3025 3783 3081 3829 et
3114 3770 3355 3842 patentia
3391 3767 3773 3835 contigissent,

2178 3886 2300 3942 quas
2355 3886 2461 3926 non
2514 3868 2691 3925 solum
2744 3883 2850 3923 nou
2900 3865 3255 3933 contingere,
3303 3862 3397 3916 sed
3449 3873 3516 3912 ne
3572 3854 3771 3909 intueri

2177 3965 2393 4033 quidem
2446 3964 2528 4017 fas
2578 3968 2697 4016 erat
2750 3975 2855 4014 non
2904 3958 3103 4014 velata.
3154 3956 3213 4011 Si
3270 3952 3583 4007 intellextsu
3641 3945 3771 4015 quid

2178 4052 2417 4107 historias
2465 4053 2599 4105 ordo
2641 4049 2955 4113 contineat,
2998 4045 3234 4101 ascemle
3281 4056 3426 4096 nunc
3469 4039 3535 4094 ad
3586 4037 3769 4107 splen-

2177 4144 2363 4198 dorem
2395 4142 2636 4212 mystcrii
2665 4158 2679 4194 :
2712 4149 2765 4195 et
2797 4139 2931 4209 legis
2972 4134 3236 4207 spiritalis
3269 4134 3471 4193 lumen,
3509 4130 3554 4184 si
3604 4141 3771 4198 purus

2178 4235 2274 4288 tibi
2311 4244 2394 4288 est
2426 4232 2621 4287 mentis
2655 4232 2869 4293 oculus,
2893 4239 3174 4284 contuere.
3210 4223 3266 4278 Si
3307 4224 3431 4292 quis
3469 4221 3665 4288 dignus
3703 4232 3769 4271 ex

2177 4324 2241 4380 iis
2264 4326 2357 4395 qui
2402 4326 2510 4379 Dco
2550 4323 2887 4385 ministrant,
2918 4319 3098 4374 divina
3133 4331 3331 4385 capere
3359 4323 3412 4367 et
3450 4313 3628 4365 videre
3656 4322 3768 4378 my—

2176 4417 2373 4481 steria,
2424 4416 2491 4471 ad
2536 4431 2657 4485 quae
2717 4414 3026 4469 contuenda
3076 4412 3255 4467 caueri
3313 4409 3493 4461 minus
3539 4418 3771 4473 capaces

2177 4518 2334 4574 sunt,
2363 4508 2451 4562 hic
2486 4509 2691 4573 Aaron,
2723 4506 2806 4560 vel
2848 4506 2992 4560 ﬁlius
3035 4506 3213 4558 Aaron
3260 4514 3379 4556 esse
3426 4496 3768 4566 intelligitur,

2179 4604 2272 4674 qui
2320 4601 2529 4672 ingredi
2573 4610 2751 4670 pctcst
2794 4601 2860 4653 ad
2908 4614 2969 4654 ea
3004 4614 3123 4666 qua:
3169 4595 3323 4649 adire
3371 4592 3495 4646 aliis
3535 4589 3616 4644 fas
3662 4602 3767 4643 non

2179 4705 2283 4753 est.
2311 4696 2368 4750 Si
2403 4694 2528 4764 quis
2558 4708 2686 4764 ergo
2731 4693 2856 4747 talis
2893 4702 2999 4758 est,
3043 4691 3170 4746 huic
3208 4688 3307 4744 scli
3352 4685 3587 4742 revelata
3622 4690 3767 4752 patet

2181 4802 2308 4842 arca
2366 4787 2709 4853 testamenti,
2760 4786 2848 4839 hic
2898 4785 3042 4838 videt
3106 4796 3298 4837 urnam
3358 4780 3503 4833 intra
3551 4790 3612 4831 se
3667 4775 3768 4827 ha-

2183 4877 2400 4933 bentem
2455 4892 2677 4943 manna,
2716 4877 2803 4931 hic
2841 4876 3155 4930 considerat
3183 4882 3237 4926 et
3290 4868 3547 4939 intelligit
3586 4864 3763 4937 propi-

2183 4970 2485 5024 tiatorium.
2531 4969 2633 5024 llic
2680 4968 2930 5023 intuetur
2994 4975 3052 5021 et
3120 4964 3405 5020 cherubim
3455 4971 3766 5027 utrumque,

2181 5069 2237 5115 et
2281 5074 2524 5116 mensam
2572 5067 2849 5125 sanctam,
2898 5067 2954 5113 et
3001 5055 3391 5113 candelabrum
3442 5050 3683 5116 huuiuis,
3714 5060 3765 5103 et

2181 5152 2356 5208 altare
2406 5152 2641 5207 incensi.
2690 5152 2797 5207 Iste
2872 5151 2991 5205 haec
3046 5148 3361 5204 considerat
3415 5154 3471 5201 et
3516 5141 3762 5211 intelligit

2181 5244 2526 5314 spiritaliter,
2557 5243 2608 5298 id
2638 5251 2723 5298 cst
2762 5243 2855 5313 qui
2885 5243 3051 5297 verbo
3093 5241 3186 5296 Dei
3223 5248 3281 5294 et
3321 5236 3602 5307 sapientiae
3650 5247 3761 5303 my-

2180 5337 2365 5392 steriis
2405 5351 2626 5405 cperam
2676 5337 2798 5400 dat,
2837 5344 2892 5389 et
2923 5334 3034 5391 Deo
3076 5334 3176 5389 soli
3231 5332 3282 5386 iu
3327 5328 3531 5384 sanctis
3583 5333 3762 5377 vacat.

2180 5428 2331 5484 Sciat
2373 5444 2507 5484 sane
2551 5429 2636 5484 cui
2680 5430 2796 5483 lucc
2840 5426 3175 5490 revelantur,
3221 5431 3277 5476 et
3319 5417 3639 5489 spiritaliter
3683 5414 3760 5469 in-

2177 5521 2451 5589 spicienda
2479 5521 2802 5585 creduntur,
2821 5535 2924 5574 non
2948 5517 3049 5573 sibi
3084 5526 3257 5568 tutum
3287 5526 3409 5566 esse
3436 5509 3649 5578 aperire
3674 5521 3760 5570 ea,

2176 5620 2231 5665 ct
2281 5610 2517 5679 pandere
2573 5611 2773 5680 quibus
2825 5621 2932 5661 non
2978 5604 3106 5658 licet
3146 5597 3348 5669 pandi,
3392 5594 3486 5649 scd
3549 5589 3764 5662 operire

560 5871 672 5944 (70)
712 5871 894 5929 Ccdcx
946 5869 1133 5928 Sancti
1180 5869 1535 5943 Theudorici,
1592 5889 1609 5927 ι
1641 5872 1831 5933 ordine
1870 5870 2160 5929 sacerdotii
2192 5870 2387 5937 sancti,
2415 5887 2481 5924 ue
2514 5867 2596 5921 vel
2628 5859 3097 5922 irrationabilibua
3125 5858 3463 5929 dcputctuur.
3492 5869 3511 5904 ι
