  <div class='ocr_page' id='page_1' title='image "/cluster/home/n/w/nwhite01/storage/ocr_20150623/12:no.2/coo.31924054873074/315.png"; bbox 0 0 4124 6450; ppageno 0'>
   <div class='ocr_carea' id='block_1_1' title="bbox 374 359 478 413">
    <p class='ocr_par' dir='ltr' id='par_1_1' title="bbox 374 359 478 413">
     <span class='ocr_line' id='line_1_1' title="bbox 374 359 478 413; baseline -0.019 0"><span class='ocrx_word' id='word_1_1' title='bbox 374 359 478 413; x_wconf 76' lang='grc' dir='ltr'>ϋῦῧ</span> 
     </span>
    </p>
   </div>
   <div class='ocr_carea' id='block_1_2' title="bbox 1862 355 2185 415">
    <p class='ocr_par' dir='ltr' id='par_1_2' title="bbox 1862 355 2185 415">
     <span class='ocr_line' id='line_1_2' title="bbox 1862 355 2185 415; baseline 0.006 -2"><span class='ocrx_word' id='word_1_2' title='bbox 1862 355 2185 415; x_wconf 78' lang='lat' dir='ltr'><strong>ORIGENIS</strong></span> 
     </span>
    </p>
   </div>
   <div class='ocr_carea' id='block_1_3' title="bbox 3561 362 3665 414">
    <p class='ocr_par' dir='ltr' id='par_1_3' title="bbox 3561 362 3665 414">
     <span class='ocr_line' id='line_1_3' title="bbox 3561 362 3665 414; baseline 0 0"><span class='ocrx_word' id='word_1_3' title='bbox 3561 362 3665 414; x_wconf 59' lang='grc'><strong>604</strong></span> 
     </span>
    </p>
   </div>
   <div class='ocr_carea' id='block_1_4' title="bbox 372 481 3660 554">
    <p class='ocr_par' dir='ltr' id='par_1_4' title="bbox 372 481 3660 554">
     <span class='ocr_line' id='line_1_4' title="bbox 372 481 3660 554; baseline -0.001 -15"><span class='ocrx_word' id='word_1_4' title='bbox 372 485 531 539; x_wconf 89' lang='lat' dir='ltr'><strong>debet</strong></span> <span class='ocrx_word' id='word_1_5' title='bbox 562 483 799 553; x_wconf 82' lang='lat' dir='ltr'><strong>singula,</strong></span> <span class='ocrx_word' id='word_1_6' title='bbox 845 491 900 538; x_wconf 90' lang='lat' dir='ltr'><strong>et</strong></span> <span class='ocrx_word' id='word_1_7' title='bbox 944 491 1132 554; x_wconf 89' lang='lat' dir='ltr'><strong>operta</strong></span> <span class='ocrx_word' id='word_1_8' title='bbox 1180 482 1397 538; x_wconf 67' lang='lat' dir='ltr'><strong>caeteris</strong></span> <span class='ocrx_word' id='word_1_9' title='bbox 1447 481 1629 536; x_wconf 90' lang='lat' dir='ltr'><strong>minus</strong></span> <span class='ocrx_word' id='word_1_10' title='bbox 1671 482 1967 552; x_wconf 81' lang='lat' dir='ltr'><strong>capacibus</strong></span> <span class='ocrx_word' id='word_1_11' title='bbox 1996 485 2043 542; x_wconf 77' lang='grc' dir='ltr'><strong>Α</strong></span> <span class='ocrx_word' id='word_1_12' title='bbox 2071 481 2188 537; x_wconf 84' lang='lat' dir='ltr'><strong>luce</strong></span> <span class='ocrx_word' id='word_1_13' title='bbox 2219 493 2274 537; x_wconf 91' lang='lat' dir='ltr'><strong>et</strong></span> <span class='ocrx_word' id='word_1_14' title='bbox 2321 484 2640 553; x_wconf 87' lang='lat' dir='ltr'><strong>operienda,</strong></span> <span class='ocrx_word' id='word_1_15' title='bbox 2687 484 2777 538; x_wconf 89' lang='lat' dir='ltr'><strong>ubi</strong></span> <span class='ocrx_word' id='word_1_16' title='bbox 2827 483 3041 539; x_wconf 66' lang='lat' dir='ltr'><strong>czcteris</strong></span> <span class='ocrx_word' id='word_1_17' title='bbox 3091 483 3206 538; x_wconf 87' lang='lat' dir='ltr'><strong>dari</strong></span> <span class='ocrx_word' id='word_1_18' title='bbox 3252 497 3315 537; x_wconf 87' lang='lat' dir='ltr'><strong>ea</strong></span> <span class='ocrx_word' id='word_1_19' title='bbox 3342 481 3484 537; x_wconf 87' lang='lat' dir='ltr'><strong>etin</strong></span> <span class='ocrx_word' id='word_1_20' title='bbox 3524 500 3660 553; x_wconf 75' lang='lat' dir='ltr'><strong>opus</strong></span> 
     </span>
    </p>
   </div>
   <div class='ocr_carea' id='block_1_5' title="bbox 380 573 1973 643">
    <p class='ocr_par' dir='ltr' id='par_1_5' title="bbox 380 573 1973 643">
     <span class='ocr_line' id='line_1_5' title="bbox 380 573 1973 643; baseline -0.003 -15"><span class='ocrx_word' id='word_1_21' title='bbox 380 577 599 628; x_wconf 73' lang='lat' dir='ltr'><strong>tradere</strong></span> <span class='ocrx_word' id='word_1_22' title='bbox 629 573 893 643; x_wconf 88' lang='lat' dir='ltr'><strong>portanda</strong></span> <span class='ocrx_word' id='word_1_23' title='bbox 940 576 993 628; x_wconf 89' lang='lat' dir='ltr'><strong>in</strong></span> <span class='ocrx_word' id='word_1_24' title='bbox 1039 574 1308 638; x_wconf 81' lang='lat' dir='ltr'><strong>humeris,</strong></span> <span class='ocrx_word' id='word_1_25' title='bbox 1348 582 1403 626; x_wconf 92' lang='lat' dir='ltr'><strong>et</strong></span> <span class='ocrx_word' id='word_1_26' title='bbox 1447 573 1754 628; x_wconf 75' lang='lat' dir='ltr'><strong>cervicibus</strong></span> <span class='ocrx_word' id='word_1_27' title='bbox 1800 573 1973 643; x_wconf 70' lang='lat' dir='ltr'><strong>iunpo.</strong></span> 
     </span>
    </p>
   </div>
   <div class='ocr_carea' id='block_1_6' title="bbox 376 666 1973 736">
    <p class='ocr_par' dir='ltr' id='par_1_6' title="bbox 376 666 1973 736">
     <span class='ocr_line' id='line_1_6' title="bbox 376 666 1973 736; baseline -0.003 -13"><span class='ocrx_word' id='word_1_28' title='bbox 376 669 577 723; x_wconf 79' lang='lat' dir='ltr'><strong>uetula.</strong></span> <span class='ocrx_word' id='word_1_29' title='bbox 615 667 752 723; x_wconf 88' lang='lat' dir='ltr'><strong>Cum</strong></span> <span class='ocrx_word' id='word_1_30' title='bbox 798 668 944 721; x_wconf 90' lang='lat' dir='ltr'><strong>enim</strong></span> <span class='ocrx_word' id='word_1_31' title='bbox 993 682 1059 722; x_wconf 74' lang='lat' dir='ltr'><strong>ex</strong></span> <span class='ocrx_word' id='word_1_32' title='bbox 1109 666 1291 720; x_wconf 80' lang='lat' dir='ltr'><strong>verbis</strong></span> <span class='ocrx_word' id='word_1_33' title='bbox 1338 666 1585 736; x_wconf 73' lang='lat' dir='ltr'><strong>mysticis</strong></span> <span class='ocrx_word' id='word_1_34' title='bbox 1631 666 1869 730; x_wconf 90' lang='lat' dir='ltr'><strong>eruditi,</strong></span> <span class='ocrx_word' id='word_1_35' title='bbox 1917 674 1973 719; x_wconf 85' lang='lat' dir='ltr'><strong>et</strong></span> 
     </span>
    </p>
   </div>
   <div class='ocr_carea' id='block_1_7' title="bbox 374 756 1974 829">
    <p class='ocr_par' dir='ltr' id='par_1_7' title="bbox 374 756 1974 829">
     <span class='ocr_line' id='line_1_7' title="bbox 374 756 1974 829; baseline -0.001 -18"><span class='ocrx_word' id='word_1_36' title='bbox 374 760 598 828; x_wconf 86' lang='lat' dir='ltr'><strong>perfecti</strong></span> <span class='ocrx_word' id='word_1_37' title='bbox 628 775 842 828; x_wconf 86' lang='lat' dir='ltr'><strong>quoque</strong></span> <span class='ocrx_word' id='word_1_38' title='bbox 867 760 1121 814; x_wconf 90' lang='lat' dir='ltr'><strong>doctores</strong></span> <span class='ocrx_word' id='word_1_39' title='bbox 1148 774 1310 829; x_wconf 81' lang='lat' dir='ltr'><strong>opera</strong></span> <span class='ocrx_word' id='word_1_40' title='bbox 1344 757 1557 827; x_wconf 85' lang='lat' dir='ltr'><strong>pupulis</strong></span> <span class='ocrx_word' id='word_1_41' title='bbox 1583 756 1893 827; x_wconf 72' lang='lat' dir='ltr'><strong>iniungunt,</strong></span> <span class='ocrx_word' id='word_1_42' title='bbox 1919 765 1974 810; x_wconf 90' lang='lat' dir='ltr'><strong>ct</strong></span> 
     </span>
    </p>
   </div>
   <div class='ocr_carea' id='block_1_8' title="bbox 375 849 1972 923">
    <p class='ocr_par' dir='ltr' id='par_1_8' title="bbox 375 849 1972 923">
     <span class='ocr_line' id='line_1_8' title="bbox 375 849 1972 923; baseline 0.001 -20"><span class='ocrx_word' id='word_1_43' title='bbox 375 852 530 919; x_wconf 88' lang='lat' dir='ltr'><strong>plebs</strong></span> <span class='ocrx_word' id='word_1_44' title='bbox 564 852 678 923; x_wconf 88' lang='lat' dir='ltr'><strong>agit</strong></span> <span class='ocrx_word' id='word_1_45' title='bbox 725 851 944 921; x_wconf 86' lang='lat' dir='ltr'><strong>quidem</strong></span> <span class='ocrx_word' id='word_1_46' title='bbox 972 861 1028 906; x_wconf 88' lang='lat' dir='ltr'><strong>et</strong></span> <span class='ocrx_word' id='word_1_47' title='bbox 1073 850 1259 920; x_wconf 90' lang='lat' dir='ltr'><strong>implet</strong></span> <span class='ocrx_word' id='word_1_48' title='bbox 1291 865 1412 919; x_wconf 72' lang='lat' dir='ltr'><strong>quae</strong></span> <span class='ocrx_word' id='word_1_49' title='bbox 1464 849 1812 914; x_wconf 79' lang='lat' dir='ltr'><strong>mandantur,</strong></span> <span class='ocrx_word' id='word_1_50' title='bbox 1864 864 1972 904; x_wconf 92' lang='lat' dir='ltr'><strong>non</strong></span> 
     </span>
    </p>
   </div>
   <div class='ocr_carea' id='block_1_9' title="bbox 377 942 1971 1015">
    <p class='ocr_par' dir='ltr' id='par_1_9' title="bbox 377 942 1971 1015">
     <span class='ocr_line' id='line_1_9' title="bbox 377 942 1971 1015; baseline 0.001 -18"><span class='ocrx_word' id='word_1_51' title='bbox 377 956 560 1001; x_wconf 86' lang='lat' dir='ltr'><strong>tamen</strong></span> <span class='ocrx_word' id='word_1_52' title='bbox 585 961 775 1000; x_wconf 89' lang='lat' dir='ltr'><strong>eorum</strong></span> <span class='ocrx_word' id='word_1_53' title='bbox 802 961 922 1015; x_wconf 75' lang='lat' dir='ltr'><strong>quze</strong></span> <span class='ocrx_word' id='word_1_54' title='bbox 946 956 1211 1015; x_wconf 89' lang='lat' dir='ltr'><strong>geruntur</strong></span> <span class='ocrx_word' id='word_1_55' title='bbox 1237 943 1487 1012; x_wconf 89' lang='lat' dir='ltr'><strong>intelligit</strong></span> <span class='ocrx_word' id='word_1_56' title='bbox 1512 942 1775 998; x_wconf 89' lang='lat' dir='ltr'><strong>rationem</strong></span> <span class='ocrx_word' id='word_1_57' title='bbox 1802 960 1815 996; x_wconf 90' lang='lat'><strong>:</strong></span> <span class='ocrx_word' id='word_1_58' title='bbox 1842 942 1971 1011; x_wconf 80' lang='lat' dir='ltr'><strong>quid</strong></span> 
     </span>
    </p>
   </div>
   <div class='ocr_carea' id='block_1_10' title="bbox 374 1034 1972 1108">
    <p class='ocr_par' dir='ltr' id='par_1_10' title="bbox 374 1034 1972 1108">
     <span class='ocr_line' id='line_1_10' title="bbox 374 1034 1972 1108; baseline -0.003 -17"><span class='ocrx_word' id='word_1_59' title='bbox 374 1036 524 1093; x_wconf 85' lang='lat' dir='ltr'><strong>aliud</strong></span> <span class='ocrx_word' id='word_1_60' title='bbox 556 1038 787 1108; x_wconf 92' lang='lat' dir='ltr'><strong>geritur,</strong></span> <span class='ocrx_word' id='word_1_61' title='bbox 814 1036 920 1091; x_wconf 90' lang='lat' dir='ltr'><strong>nisi</strong></span> <span class='ocrx_word' id='word_1_62' title='bbox 943 1044 1129 1107; x_wconf 90' lang='lat' dir='ltr'><strong>operta</strong></span> <span class='ocrx_word' id='word_1_63' title='bbox 1151 1042 1206 1089; x_wconf 89' lang='lat' dir='ltr'><strong>et</strong></span> <span class='ocrx_word' id='word_1_64' title='bbox 1232 1036 1405 1090; x_wconf 84' lang='lat' dir='ltr'><strong>velata</strong></span> <span class='ocrx_word' id='word_1_65' title='bbox 1432 1034 1629 1088; x_wconf 84' lang='lat' dir='ltr'><strong>Sancta</strong></span> <span class='ocrx_word' id='word_1_66' title='bbox 1657 1041 1972 1089; x_wconf 89' lang='lat' dir='ltr'><strong>sanctorum</strong></span> 
     </span>
    </p>
   </div>
   <div class='ocr_carea' id='block_1_11' title="bbox 376 1121 1972 1199">
    <p class='ocr_par' dir='ltr' id='par_1_11' title="bbox 376 1121 1972 1199">
     <span class='ocr_line' id='line_1_11' title="bbox 376 1121 1972 1199; baseline -0.002 -15"><span class='ocrx_word' id='word_1_67' title='bbox 376 1146 541 1199; x_wconf 83' lang='lat' dir='ltr'><strong>super</strong></span> <span class='ocrx_word' id='word_1_68' title='bbox 572 1131 830 1184; x_wconf 84' lang='lat' dir='ltr'><strong>humeros</strong></span> <span class='ocrx_word' id='word_1_69' title='bbox 859 1128 1183 1197; x_wconf 80' lang='lat' dir='ltr'><strong>portantur?</strong></span> <span class='ocrx_word' id='word_1_70' title='bbox 1231 1127 1297 1182; x_wconf 87' lang='lat' dir='ltr'><strong>Et</strong></span> <span class='ocrx_word' id='word_1_71' title='bbox 1321 1137 1379 1183; x_wconf 91' lang='lat' dir='ltr'><strong>ut</strong></span> <span class='ocrx_word' id='word_1_72' title='bbox 1406 1128 1585 1181; x_wconf 89' lang='lat' dir='ltr'><strong>adhuc</strong></span> <span class='ocrx_word' id='word_1_73' title='bbox 1625 1121 1972 1181; x_wconf 76' lang='lat' dir='ltr'><strong>manifestius</strong></span> 
     </span>
    </p>
   </div>
   <div class='ocr_carea' id='block_1_12' title="bbox 370 1218 1971 1292">
    <p class='ocr_par' dir='ltr' id='par_1_12' title="bbox 370 1218 1971 1292">
     <span class='ocr_line' id='line_1_12' title="bbox 370 1218 1971 1292; baseline -0.004 -15"><span class='ocrx_word' id='word_1_74' title='bbox 370 1239 495 1292; x_wconf 76' lang='lat' dir='ltr'><strong>qua:</strong></span> <span class='ocrx_word' id='word_1_75' title='bbox 532 1222 788 1277; x_wconf 89' lang='lat' dir='ltr'><strong>dicuntur</strong></span> <span class='ocrx_word' id='word_1_76' title='bbox 816 1222 1090 1288; x_wconf 90' lang='lat' dir='ltr'><strong>advertas,</strong></span> <span class='ocrx_word' id='word_1_77' title='bbox 1129 1220 1390 1291; x_wconf 82' lang='lat' dir='ltr'><strong>exemplis</strong></span> <span class='ocrx_word' id='word_1_78' title='bbox 1424 1231 1475 1274; x_wconf 90' lang='lat' dir='ltr'><strong>te</strong></span> <span class='ocrx_word' id='word_1_79' title='bbox 1502 1236 1564 1273; x_wconf 82' lang='lat' dir='ltr'><strong>ex</strong></span> <span class='ocrx_word' id='word_1_80' title='bbox 1601 1218 1800 1274; x_wconf 91' lang='lat' dir='ltr'><strong>divinis</strong></span> <span class='ocrx_word' id='word_1_81' title='bbox 1824 1219 1971 1273; x_wconf 83' lang='lat' dir='ltr'><strong>volu-</strong></span> 
     </span>
    </p>
   </div>
   <div class='ocr_carea' id='block_1_13' title="bbox 376 1309 1969 1382">
    <p class='ocr_par' dir='ltr' id='par_1_13' title="bbox 376 1309 1969 1382">
     <span class='ocr_line' id='line_1_13' title="bbox 376 1309 1969 1382; baseline -0.002 -15"><span class='ocrx_word' id='word_1_82' title='bbox 376 1313 615 1368; x_wconf 91' lang='lat' dir='ltr'><strong>minibus</strong></span> <span class='ocrx_word' id='word_1_83' title='bbox 659 1311 920 1365; x_wconf 84' lang='lat' dir='ltr'><strong>adhibitis</strong></span> <span class='ocrx_word' id='word_1_84' title='bbox 990 1311 1431 1365; x_wconf 83' lang='lat' dir='ltr'><strong>informabintus.</strong></span> <span class='ocrx_word' id='word_1_85' title='bbox 1492 1309 1706 1382; x_wconf 77' lang='lat' dir='ltr'><strong>Moyses</strong></span> <span class='ocrx_word' id='word_1_86' title='bbox 1772 1310 1969 1365; x_wconf 82' lang='lat' dir='ltr'><strong>intelli-</strong></span> 
     </span>
    </p>
   </div>
   <div class='ocr_carea' id='block_1_14' title="bbox 376 1402 1960 1475">
    <p class='ocr_par' dir='ltr' id='par_1_14' title="bbox 376 1402 1960 1475">
     <span class='ocr_line' id='line_1_14' title="bbox 376 1402 1960 1475; baseline -0.002 -16"><span class='ocrx_word' id='word_1_87' title='bbox 376 1408 540 1475; x_wconf 78' lang='lat' dir='ltr'><strong>gebat</strong></span> <span class='ocrx_word' id='word_1_88' title='bbox 569 1404 692 1460; x_wconf 89' lang='lat' dir='ltr'><strong>sine</strong></span> <span class='ocrx_word' id='word_1_89' title='bbox 731 1403 898 1458; x_wconf 88' lang='lat' dir='ltr'><strong>dubio</strong></span> <span class='ocrx_word' id='word_1_90' title='bbox 924 1418 1042 1473; x_wconf 84' lang='lat' dir='ltr'><strong>quae</strong></span> <span class='ocrx_word' id='word_1_91' title='bbox 1066 1413 1212 1458; x_wconf 76' lang='lat' dir='ltr'><strong>esset</strong></span> <span class='ocrx_word' id='word_1_92' title='bbox 1244 1417 1368 1455; x_wconf 81' lang='lat' dir='ltr'><strong>vera</strong></span> <span class='ocrx_word' id='word_1_93' title='bbox 1406 1403 1777 1467; x_wconf 87' lang='lat' dir='ltr'><strong>circumcisio,</strong></span> <span class='ocrx_word' id='word_1_94' title='bbox 1808 1402 1960 1457; x_wconf 85' lang='lat' dir='ltr'><strong>intel-</strong></span> 
     </span>
    </p>
   </div>
   <div class='ocr_carea' id='block_1_15' title="bbox 373 1497 1971 1569">
    <p class='ocr_par' dir='ltr' id='par_1_15' title="bbox 373 1497 1971 1569">
     <span class='ocr_line' id='line_1_15' title="bbox 373 1497 1971 1569; baseline -0.001 -17"><span class='ocrx_word' id='word_1_95' title='bbox 373 1498 573 1566; x_wconf 89' lang='lat' dir='ltr'><strong>Iigebat</strong></span> <span class='ocrx_word' id='word_1_96' title='bbox 598 1500 741 1569; x_wconf 91' lang='lat' dir='ltr'><strong>quod</strong></span> <span class='ocrx_word' id='word_1_97' title='bbox 771 1508 917 1555; x_wconf 87' lang='lat' dir='ltr'><strong>esset</strong></span> <span class='ocrx_word' id='word_1_98' title='bbox 944 1514 1129 1554; x_wconf 90' lang='lat' dir='ltr'><strong>vermu</strong></span> <span class='ocrx_word' id='word_1_99' title='bbox 1155 1498 1383 1563; x_wconf 80' lang='lat' dir='ltr'><strong>Pascha,</strong></span> <span class='ocrx_word' id='word_1_100' title='bbox 1412 1497 1615 1551; x_wconf 83' lang='lat' dir='ltr'><strong>sciebat</strong></span> <span class='ocrx_word' id='word_1_101' title='bbox 1640 1512 1760 1566; x_wconf 71' lang='lat' dir='ltr'><strong>qua:</strong></span> <span class='ocrx_word' id='word_1_102' title='bbox 1785 1508 1971 1553; x_wconf 88' lang='lat' dir='ltr'><strong>essent</strong></span> 
     </span>
    </p>
   </div>
   <div class='ocr_carea' id='block_1_16' title="bbox 372 1588 1971 1660">
    <p class='ocr_par' dir='ltr' id='par_1_16' title="bbox 372 1588 1971 1660">
     <span class='ocr_line' id='line_1_16' title="bbox 372 1588 1971 1660; baseline 0.002 -18"><span class='ocrx_word' id='word_1_103' title='bbox 372 1606 516 1645; x_wconf 67' lang='lat' dir='ltr'><strong>vera:</strong></span> <span class='ocrx_word' id='word_1_104' title='bbox 553 1590 889 1656; x_wconf 70' lang='lat' dir='ltr'><strong>Neomcnite,</strong></span> <span class='ocrx_word' id='word_1_105' title='bbox 916 1599 971 1645; x_wconf 92' lang='lat' dir='ltr'><strong>et</strong></span> <span class='ocrx_word' id='word_1_106' title='bbox 1007 1606 1127 1660; x_wconf 74' lang='lat' dir='ltr'><strong>quze</strong></span> <span class='ocrx_word' id='word_1_107' title='bbox 1156 1603 1280 1642; x_wconf 86' lang='lat' dir='ltr'><strong>vera</strong></span> <span class='ocrx_word' id='word_1_108' title='bbox 1312 1588 1548 1643; x_wconf 88' lang='lat' dir='ltr'><strong>Sabbata</strong></span> <span class='ocrx_word' id='word_1_109' title='bbox 1578 1610 1590 1643; x_wconf 91' lang='lat'>:</span> <span class='ocrx_word' id='word_1_110' title='bbox 1620 1600 1818 1644; x_wconf 91' lang='lat' dir='ltr'><strong>etcum</strong></span> <span class='ocrx_word' id='word_1_111' title='bbox 1855 1590 1971 1645; x_wconf 70' lang='lat' dir='ltr'><strong>hmo</strong></span> 
     </span>
    </p>
   </div>
   <div class='ocr_carea' id='block_1_17' title="bbox 371 1680 1971 1749">
    <p class='ocr_par' dir='ltr' id='par_1_17' title="bbox 371 1680 1971 1749">
     <span class='ocr_line' id='line_1_17' title="bbox 371 1680 1971 1749; baseline -0.001 -14"><span class='ocrx_word' id='word_1_112' title='bbox 371 1681 555 1735; x_wconf 87' lang='lat' dir='ltr'><strong>omnia</strong></span> <span class='ocrx_word' id='word_1_113' title='bbox 590 1681 945 1737; x_wconf 77' lang='lat' dir='ltr'><strong>intellexisset</strong></span> <span class='ocrx_word' id='word_1_114' title='bbox 992 1683 1044 1734; x_wconf 91' lang='lat' dir='ltr'><strong>in</strong></span> <span class='ocrx_word' id='word_1_115' title='bbox 1086 1680 1303 1749; x_wconf 84' lang='lat' dir='ltr'><strong>spiritu,</strong></span> <span class='ocrx_word' id='word_1_116' title='bbox 1345 1680 1526 1735; x_wconf 83' lang='lat' dir='ltr'><strong>verbis</strong></span> <span class='ocrx_word' id='word_1_117' title='bbox 1557 1690 1737 1735; x_wconf 88' lang='lat' dir='ltr'><strong>tamen</strong></span> <span class='ocrx_word' id='word_1_118' title='bbox 1780 1697 1841 1735; x_wconf 89' lang='lat' dir='ltr'><strong>ea</strong></span> <span class='ocrx_word' id='word_1_119' title='bbox 1876 1696 1971 1749; x_wconf 88' lang='lat' dir='ltr'><strong>per</strong></span> 
     </span>
    </p>
   </div>
   <div class='ocr_carea' id='block_1_18' title="bbox 373 1770 1967 1842">
    <p class='ocr_par' dir='ltr' id='par_1_18' title="bbox 373 1770 1967 1842">
     <span class='ocr_line' id='line_1_18' title="bbox 373 1770 1967 1842; baseline 0.001 -17"><span class='ocrx_word' id='word_1_120' title='bbox 373 1787 554 1825; x_wconf 90' lang='lat' dir='ltr'><strong>rerum</strong></span> <span class='ocrx_word' id='word_1_121' title='bbox 598 1771 962 1841; x_wconf 87' lang='lat' dir='ltr'><strong>corporalium</strong></span> <span class='ocrx_word' id='word_1_122' title='bbox 1003 1772 1211 1840; x_wconf 84' lang='lat' dir='ltr'><strong>species</strong></span> <span class='ocrx_word' id='word_1_123' title='bbox 1269 1770 1827 1842; x_wconf 68' lang='lat' dir='ltr'><strong>atlutnbratiouesque</strong></span> <span class='ocrx_word' id='word_1_124' title='bbox 1871 1786 1967 1828; x_wconf 54' lang='lat' dir='ltr'><strong>ve-</strong></span> 
     </span>
    </p>
   </div>
   <div class='ocr_carea' id='block_1_19' title="bbox 372 1862 1963 1918">
    <p class='ocr_par' dir='ltr' id='par_1_19' title="bbox 372 1862 1963 1918">
     <span class='ocr_line' id='line_1_19' title="bbox 372 1862 1963 1918; baseline -0.001 -1"><span class='ocrx_word' id='word_1_125' title='bbox 372 1863 577 1918; x_wconf 88' lang='lat' dir='ltr'><strong>labat:</strong></span> <span class='ocrx_word' id='word_1_126' title='bbox 629 1874 685 1918; x_wconf 89' lang='lat' dir='ltr'><strong>et</strong></span> <span class='ocrx_word' id='word_1_127' title='bbox 738 1879 859 1917; x_wconf 90' lang='lat' dir='ltr'><strong>cum</strong></span> <span class='ocrx_word' id='word_1_128' title='bbox 921 1863 1086 1917; x_wconf 89' lang='lat' dir='ltr'><strong>sciret</strong></span> <span class='ocrx_word' id='word_1_129' title='bbox 1147 1875 1334 1915; x_wconf 88' lang='lat' dir='ltr'><strong>verum</strong></span> <span class='ocrx_word' id='word_1_130' title='bbox 1402 1862 1607 1918; x_wconf 83' lang='lat' dir='ltr'><strong>Pascha</strong></span> <span class='ocrx_word' id='word_1_131' title='bbox 1671 1862 1963 1918; x_wconf 89' lang='lat' dir='ltr'><strong>immolan-</strong></span> 
     </span>
    </p>
   </div>
   <div class='ocr_carea' id='block_1_20' title="bbox 370 1953 1965 2023">
    <p class='ocr_par' dir='ltr' id='par_1_20' title="bbox 370 1953 1965 2023">
     <span class='ocr_line' id='line_1_20' title="bbox 370 1953 1965 2023; baseline 0 -14"><span class='ocrx_word' id='word_1_132' title='bbox 370 1957 497 2009; x_wconf 90' lang='lat' dir='ltr'><strong>dum</strong></span> <span class='ocrx_word' id='word_1_133' title='bbox 541 1969 663 2010; x_wconf 80' lang='lat' dir='ltr'><strong>esse</strong></span> <span class='ocrx_word' id='word_1_134' title='bbox 706 1955 1024 2019; x_wconf 86' lang='lat' dir='ltr'><strong>Christum,</strong></span> <span class='ocrx_word' id='word_1_135' title='bbox 1074 1969 1228 2008; x_wconf 88' lang='lat' dir='ltr'><strong>ovem</strong></span> <span class='ocrx_word' id='word_1_136' title='bbox 1283 1953 1625 2023; x_wconf 89' lang='lat' dir='ltr'><strong>corporalem</strong></span> <span class='ocrx_word' id='word_1_137' title='bbox 1682 1954 1965 2009; x_wconf 90' lang='lat' dir='ltr'><strong>immolare</strong></span> 
     </span>
    </p>
   </div>
   <div class='ocr_carea' id='block_1_21' title="bbox 373 2046 1963 2115">
    <p class='ocr_par' dir='ltr' id='par_1_21' title="bbox 373 2046 1963 2115">
     <span class='ocr_line' id='line_1_21' title="bbox 373 2046 1963 2115; baseline -0.001 -14"><span class='ocrx_word' id='word_1_138' title='bbox 373 2048 592 2101; x_wconf 82' lang='lat' dir='ltr'><strong>mandat</strong></span> <span class='ocrx_word' id='word_1_139' title='bbox 650 2047 703 2102; x_wconf 88' lang='lat' dir='ltr'><strong>in</strong></span> <span class='ocrx_word' id='word_1_140' title='bbox 760 2047 995 2103; x_wconf 90' lang='lat' dir='ltr'><strong>Pascha.</strong></span> <span class='ocrx_word' id='word_1_141' title='bbox 1044 2047 1289 2115; x_wconf 79' lang='lat' dir='ltr'><strong>Cumque</strong></span> <span class='ocrx_word' id='word_1_142' title='bbox 1353 2046 1521 2101; x_wconf 80' lang='lat' dir='ltr'><strong>Sciret</strong></span> <span class='ocrx_word' id='word_1_143' title='bbox 1572 2046 1715 2101; x_wconf 87' lang='lat' dir='ltr'><strong>diem</strong></span> <span class='ocrx_word' id='word_1_144' title='bbox 1767 2046 1963 2100; x_wconf 85' lang='lat' dir='ltr'><strong>festum</strong></span> 
     </span>
    </p>
   </div>
   <div class='ocr_carea' id='block_1_22' title="bbox 371 2137 1961 2209">
    <p class='ocr_par' dir='ltr' id='par_1_22' title="bbox 371 2137 1961 2209">
     <span class='ocr_line' id='line_1_22' title="bbox 371 2137 1961 2209; baseline 0.002 -19"><span class='ocrx_word' id='word_1_145' title='bbox 371 2138 459 2208; x_wconf 84' lang='lat' dir='ltr'><strong>agi</strong></span> <span class='ocrx_word' id='word_1_146' title='bbox 524 2138 723 2192; x_wconf 87' lang='lat' dir='ltr'><strong>debere</strong></span> <span class='ocrx_word' id='word_1_147' title='bbox 784 2137 837 2192; x_wconf 87' lang='lat' dir='ltr'><strong>in</strong></span> <span class='ocrx_word' id='word_1_148' title='bbox 906 2138 1115 2209; x_wconf 85' lang='lat' dir='ltr'><strong>azymis</strong></span> <span class='ocrx_word' id='word_1_149' title='bbox 1177 2137 1515 2192; x_wconf 83' lang='lat' dir='ltr'><strong>sinceritatis</strong></span> <span class='ocrx_word' id='word_1_150' title='bbox 1583 2147 1638 2193; x_wconf 91' lang='lat' dir='ltr'><strong>et</strong></span> <span class='ocrx_word' id='word_1_151' title='bbox 1690 2138 1961 2202; x_wconf 84' lang='lat' dir='ltr'><strong>veritatis,</strong></span> 
     </span>
    </p>
   </div>
   <div class='ocr_carea' id='block_1_23' title="bbox 372 2229 1964 2302">
    <p class='ocr_par' dir='ltr' id='par_1_23' title="bbox 372 2229 1964 2302">
     <span class='ocr_line' id='line_1_23' title="bbox 372 2229 1964 2302; baseline 0.001 -19"><span class='ocrx_word' id='word_1_152' title='bbox 372 2240 555 2284; x_wconf 89' lang='lat' dir='ltr'><strong>tamen</strong></span> <span class='ocrx_word' id='word_1_153' title='bbox 611 2230 677 2285; x_wconf 88' lang='lat' dir='ltr'><strong>de</strong></span> <span class='ocrx_word' id='word_1_154' title='bbox 730 2229 920 2285; x_wconf 77' lang='lat' dir='ltr'><strong>farina:</strong></span> <span class='ocrx_word' id='word_1_155' title='bbox 988 2232 1198 2301; x_wconf 79' lang='lat' dir='ltr'><strong>azymis</strong></span> <span class='ocrx_word' id='word_1_156' title='bbox 1262 2230 1614 2302; x_wconf 65' lang='lat' dir='ltr'><strong>praecipiebat</strong></span> <span class='ocrx_word' id='word_1_157' title='bbox 1676 2230 1761 2301; x_wconf 83' lang='lat' dir='ltr'><strong>agi</strong></span> <span class='ocrx_word' id='word_1_158' title='bbox 1820 2231 1964 2285; x_wconf 91' lang='lat' dir='ltr'><strong>diem</strong></span> 
     </span>
    </p>
   </div>
   <div class='ocr_carea' id='block_1_24' title="bbox 372 2322 1964 2395">
    <p class='ocr_par' dir='ltr' id='par_1_24' title="bbox 372 2322 1964 2395">
     <span class='ocr_line' id='line_1_24' title="bbox 372 2322 1964 2395; baseline 0.001 -18"><span class='ocrx_word' id='word_1_159' title='bbox 372 2322 590 2378; x_wconf 87' lang='lat' dir='ltr'><strong>festum.</strong></span> <span class='ocrx_word' id='word_1_160' title='bbox 657 2322 784 2378; x_wconf 67' lang='lat' dir='ltr'><strong>llaec</strong></span> <span class='ocrx_word' id='word_1_161' title='bbox 854 2338 985 2395; x_wconf 87' lang='lat' dir='ltr'><strong>ergo</strong></span> <span class='ocrx_word' id='word_1_162' title='bbox 1036 2334 1089 2379; x_wconf 92' lang='lat' dir='ltr'><strong>et</strong></span> <span class='ocrx_word' id='word_1_163' title='bbox 1148 2324 1458 2392; x_wconf 88' lang='lat' dir='ltr'><strong>hujusmodi</strong></span> <span class='ocrx_word' id='word_1_164' title='bbox 1529 2334 1687 2380; x_wconf 89' lang='lat' dir='ltr'><strong>erant</strong></span> <span class='ocrx_word' id='word_1_165' title='bbox 1763 2325 1964 2378; x_wconf 84' lang='lat' dir='ltr'><strong>Sancta</strong></span> 
     </span>
    </p>
   </div>
   <div class='ocr_carea' id='block_1_25' title="bbox 372 2412 1966 2485">
    <p class='ocr_par' dir='ltr' id='par_1_25' title="bbox 372 2412 1966 2485">
     <span class='ocr_line' id='line_1_25' title="bbox 372 2412 1966 2485; baseline 0.001 -18"><span class='ocrx_word' id='word_1_166' title='bbox 372 2422 722 2479; x_wconf 86' lang='lat' dir='ltr'><strong>sanctorum,</strong></span> <span class='ocrx_word' id='word_1_167' title='bbox 784 2428 906 2484; x_wconf 79' lang='lat' dir='ltr'><strong>qua:</strong></span> <span class='ocrx_word' id='word_1_168' title='bbox 964 2428 1086 2470; x_wconf 89' lang='lat' dir='ltr'><strong>cum</strong></span> <span class='ocrx_word' id='word_1_169' title='bbox 1144 2412 1357 2485; x_wconf 77' lang='lat' dir='ltr'><strong>Moyses</strong></span> <span class='ocrx_word' id='word_1_170' title='bbox 1420 2415 1687 2484; x_wconf 86' lang='lat' dir='ltr'><strong>portanda</strong></span> <span class='ocrx_word' id='word_1_171' title='bbox 1747 2414 1966 2469; x_wconf 69' lang='lat' dir='ltr'><strong>caneris</strong></span> 
     </span>
    </p>
   </div>
   <div class='ocr_carea' id='block_1_26' title="bbox 377 2503 1965 2575">
    <p class='ocr_par' dir='ltr' id='par_1_26' title="bbox 377 2503 1965 2575">
     <span class='ocr_line' id='line_1_26' title="bbox 377 2503 1965 2575; baseline 0.003 -20"><span class='ocrx_word' id='word_1_172' title='bbox 377 2505 647 2567; x_wconf 87' lang='lat' dir='ltr'><strong>traderet,</strong></span> <span class='ocrx_word' id='word_1_173' title='bbox 716 2503 768 2558; x_wconf 91' lang='lat' dir='ltr'><strong>id</strong></span> <span class='ocrx_word' id='word_1_174' title='bbox 809 2515 893 2559; x_wconf 86' lang='lat' dir='ltr'><strong>est</strong></span> <span class='ocrx_word' id='word_1_175' title='bbox 934 2505 1096 2559; x_wconf 86' lang='lat' dir='ltr'><strong>rebus</strong></span> <span class='ocrx_word' id='word_1_176' title='bbox 1137 2515 1194 2560; x_wconf 90' lang='lat' dir='ltr'><strong>et</strong></span> <span class='ocrx_word' id='word_1_177' title='bbox 1237 2504 1498 2575; x_wconf 86' lang='lat' dir='ltr'><strong>operibus</strong></span> <span class='ocrx_word' id='word_1_178' title='bbox 1547 2504 1840 2573; x_wconf 90' lang='lat' dir='ltr'><strong>implenda,</strong></span> <span class='ocrx_word' id='word_1_179' title='bbox 1868 2520 1965 2559; x_wconf 90' lang='lat' dir='ltr'><strong>co-</strong></span> 
     </span>
    </p>
   </div>
   <div class='ocr_carea' id='block_1_27' title="bbox 372 2596 1966 2665">
    <p class='ocr_par' dir='ltr' id='par_1_27' title="bbox 372 2596 1966 2665">
     <span class='ocr_line' id='line_1_27' title="bbox 372 2596 1966 2665; baseline -0.001 -13"><span class='ocrx_word' id='word_1_180' title='bbox 372 2607 559 2665; x_wconf 88' lang='lat' dir='ltr'><strong>operta</strong></span> <span class='ocrx_word' id='word_1_181' title='bbox 601 2606 777 2650; x_wconf 89' lang='lat' dir='ltr'><strong>tamen</strong></span> <span class='ocrx_word' id='word_1_182' title='bbox 812 2612 873 2650; x_wconf 91' lang='lat' dir='ltr'><strong>ca</strong></span> <span class='ocrx_word' id='word_1_183' title='bbox 902 2606 956 2651; x_wconf 90' lang='lat' dir='ltr'><strong>et</strong></span> <span class='ocrx_word' id='word_1_184' title='bbox 986 2596 1163 2651; x_wconf 88' lang='lat' dir='ltr'><strong>velata</strong></span> <span class='ocrx_word' id='word_1_185' title='bbox 1202 2598 1477 2653; x_wconf 89' lang='lat' dir='ltr'><strong>communi</strong></span> <span class='ocrx_word' id='word_1_186' title='bbox 1509 2612 1819 2651; x_wconf 88' lang='lat' dir='ltr'><strong>sermonum</strong></span> <span class='ocrx_word' id='word_1_187' title='bbox 1852 2607 1966 2651; x_wconf 84' lang='lat' dir='ltr'><strong>tra-</strong></span> 
     </span>
    </p>
   </div>
   <div class='ocr_carea' id='block_1_28' title="bbox 372 2686 1965 2760">
    <p class='ocr_par' dir='ltr' id='par_1_28' title="bbox 372 2686 1965 2760">
     <span class='ocr_line' id='line_1_28' title="bbox 372 2686 1965 2760; baseline 0.001 -19"><span class='ocrx_word' id='word_1_188' title='bbox 372 2688 535 2742; x_wconf 71' lang='lat' dir='ltr'><strong>debat</strong></span> <span class='ocrx_word' id='word_1_189' title='bbox 554 2687 791 2757; x_wconf 88' lang='lat' dir='ltr'><strong>eloquio.</strong></span> <span class='ocrx_word' id='word_1_190' title='bbox 821 2686 1039 2743; x_wconf 84' lang='lat' dir='ltr'><strong>lluuteri</strong></span> <span class='ocrx_word' id='word_1_191' title='bbox 1065 2699 1247 2745; x_wconf 87' lang='lat' dir='ltr'><strong>autem</strong></span> <span class='ocrx_word' id='word_1_192' title='bbox 1273 2690 1417 2760; x_wconf 91' lang='lat' dir='ltr'><strong>quod</strong></span> <span class='ocrx_word' id='word_1_193' title='bbox 1447 2704 1671 2759; x_wconf 87' lang='lat' dir='ltr'><strong>Operutu</strong></span> <span class='ocrx_word' id='word_1_194' title='bbox 1702 2688 1965 2742; x_wconf 90' lang='lat' dir='ltr'><strong>indicium</strong></span> 
     </span>
    </p>
   </div>
   <div class='ocr_carea' id='block_1_29' title="bbox 374 2780 1966 2849">
    <p class='ocr_par' dir='ltr' id='par_1_29' title="bbox 374 2780 1966 2849">
     <span class='ocr_line' id='line_1_29' title="bbox 374 2780 1966 2849; baseline 0.002 -19"><span class='ocrx_word' id='word_1_195' title='bbox 374 2790 625 2845; x_wconf 81' lang='lat' dir='ltr'><strong>teneant,</strong></span> <span class='ocrx_word' id='word_1_196' title='bbox 671 2780 722 2833; x_wconf 91' lang='lat' dir='ltr'><strong>in</strong></span> <span class='ocrx_word' id='word_1_197' title='bbox 766 2780 949 2836; x_wconf 90' lang='lat' dir='ltr'><strong>multis</strong></span> <span class='ocrx_word' id='word_1_198' title='bbox 988 2780 1287 2849; x_wconf 65' lang='lat' dir='ltr'><strong>Scripturze</strong></span> <span class='ocrx_word' id='word_1_199' title='bbox 1335 2796 1478 2848; x_wconf 69' lang='lat' dir='ltr'><strong>saepe</strong></span> <span class='ocrx_word' id='word_1_200' title='bbox 1534 2780 1666 2835; x_wconf 88' lang='lat' dir='ltr'><strong>locis</strong></span> <span class='ocrx_word' id='word_1_201' title='bbox 1718 2780 1966 2835; x_wconf 83' lang='lat' dir='ltr'><strong>ostendi-</strong></span> 
     </span>
    </p>
   </div>
   <div class='ocr_carea' id='block_1_30' title="bbox 374 2872 1968 2930">
    <p class='ocr_par' dir='ltr' id='par_1_30' title="bbox 374 2872 1968 2930">
     <span class='ocr_line' id='line_1_30' title="bbox 374 2872 1968 2930; baseline -0.001 -5"><span class='ocrx_word' id='word_1_202' title='bbox 374 2887 518 2927; x_wconf 82' lang='lat' dir='ltr'><strong>mus.</strong></span> <span class='ocrx_word' id='word_1_203' title='bbox 549 2873 654 2927; x_wconf 85' lang='lat' dir='ltr'><strong>Sed</strong></span> <span class='ocrx_word' id='word_1_204' title='bbox 692 2882 747 2926; x_wconf 91' lang='lat' dir='ltr'><strong>et</strong></span> <span class='ocrx_word' id='word_1_205' title='bbox 798 2874 850 2927; x_wconf 92' lang='lat' dir='ltr'><strong>in</strong></span> <span class='ocrx_word' id='word_1_206' title='bbox 888 2874 1282 2930; x_wconf 82' lang='lat' dir='ltr'><strong>ecclesiasticis</strong></span> <span class='ocrx_word' id='word_1_207' title='bbox 1319 2872 1795 2927; x_wconf 86' lang='lat' dir='ltr'><strong>observationibus</strong></span> <span class='ocrx_word' id='word_1_208' title='bbox 1841 2880 1968 2925; x_wconf 80' lang='lat' dir='ltr'><strong>sunt</strong></span> 
     </span>
    </p>
   </div>
   <div class='ocr_carea' id='block_1_31' title="bbox 375 2962 1968 3035">
    <p class='ocr_par' dir='ltr' id='par_1_31' title="bbox 375 2962 1968 3035">
     <span class='ocr_line' id='line_1_31' title="bbox 375 2962 1968 3035; baseline 0.003 -20"><span class='ocrx_word' id='word_1_209' title='bbox 375 2962 633 3016; x_wconf 89' lang='lat' dir='ltr'><strong>nonnulla</strong></span> <span class='ocrx_word' id='word_1_210' title='bbox 682 2963 1026 3033; x_wconf 77' lang='lat' dir='ltr'><strong>huiusmodi,</strong></span> <span class='ocrx_word' id='word_1_211' title='bbox 1072 2980 1192 3035; x_wconf 74' lang='lat' dir='ltr'><strong>quae</strong></span> <span class='ocrx_word' id='word_1_212' title='bbox 1233 2965 1487 3019; x_wconf 89' lang='lat' dir='ltr'><strong>omnibus</strong></span> <span class='ocrx_word' id='word_1_213' title='bbox 1531 2964 1748 3032; x_wconf 88' lang='lat' dir='ltr'><strong>quidem</strong></span> <span class='ocrx_word' id='word_1_214' title='bbox 1787 2963 1968 3019; x_wconf 81' lang='lat' dir='ltr'><strong>facere</strong></span> 
     </span>
    </p>
   </div>
   <div class='ocr_carea' id='block_1_32' title="bbox 376 3056 1967 3125">
    <p class='ocr_par' dir='ltr' id='par_1_32' title="bbox 376 3056 1967 3125">
     <span class='ocr_line' id='line_1_32' title="bbox 376 3056 1967 3125; baseline 0.001 -18"><span class='ocrx_word' id='word_1_215' title='bbox 376 3070 599 3109; x_wconf 87' lang='lat' dir='ltr'><strong>necesse</strong></span> <span class='ocrx_word' id='word_1_216' title='bbox 643 3063 757 3119; x_wconf 74' lang='lat' dir='ltr'><strong>est,</strong></span> <span class='ocrx_word' id='word_1_217' title='bbox 798 3071 899 3111; x_wconf 89' lang='lat' dir='ltr'><strong>nec</strong></span> <span class='ocrx_word' id='word_1_218' title='bbox 944 3067 1122 3111; x_wconf 90' lang='lat' dir='ltr'><strong>tamen</strong></span> <span class='ocrx_word' id='word_1_219' title='bbox 1168 3068 1305 3110; x_wconf 90' lang='lat' dir='ltr'><strong>ratto</strong></span> <span class='ocrx_word' id='word_1_220' title='bbox 1344 3071 1533 3109; x_wconf 91' lang='lat' dir='ltr'><strong>eorum</strong></span> <span class='ocrx_word' id='word_1_221' title='bbox 1575 3056 1833 3111; x_wconf 91' lang='lat' dir='ltr'><strong>omnibus</strong></span> <span class='ocrx_word' id='word_1_222' title='bbox 1873 3072 1967 3125; x_wconf 84' lang='lat' dir='ltr'><strong>pa-</strong></span> 
     </span>
    </p>
   </div>
   <div class='ocr_carea' id='block_1_33' title="bbox 377 3145 2034 3246">
    <p class='ocr_par' dir='ltr' id='par_1_33' title="bbox 377 3145 2034 3246">
     <span class='ocr_line' id='line_1_33' title="bbox 377 3145 2034 3246; baseline 0.002 -48"><span class='ocrx_word' id='word_1_223' title='bbox 377 3154 470 3201; x_wconf 88' lang='lat' dir='ltr'><strong>tet.</strong></span> <span class='ocrx_word' id='word_1_224' title='bbox 497 3145 632 3201; x_wconf 91' lang='lat' dir='ltr'><strong>Nam</strong></span> <span class='ocrx_word' id='word_1_225' title='bbox 662 3148 825 3217; x_wconf 90' lang='lat' dir='ltr'><strong>quod,</strong></span> <span class='ocrx_word' id='word_1_226' title='bbox 872 3148 1021 3201; x_wconf 91' lang='lat' dir='ltr'><strong>verbi</strong></span> <span class='ocrx_word' id='word_1_227' title='bbox 1053 3146 1247 3216; x_wconf 88' lang='lat' dir='ltr'><strong>gratia,</strong></span> <span class='ocrx_word' id='word_1_228' title='bbox 1282 3162 1459 3216; x_wconf 88' lang='lat' dir='ltr'><strong>genua</strong></span> <span class='ocrx_word' id='word_1_229' title='bbox 1491 3146 1763 3203; x_wconf 84' lang='lat' dir='ltr'><strong>ﬂectimus</strong></span> <span class='ocrx_word' id='word_1_230' title='bbox 1799 3163 1964 3201; x_wconf 91' lang='lat' dir='ltr'><strong>oran-</strong></span> <span class='ocrx_word' id='word_1_231' title='bbox 1992 3187 2034 3246; x_wconf 66' lang='grc' dir='ltr'>ϐ</span> 
     </span>
    </p>
   </div>
   <div class='ocr_carea' id='block_1_34' title="bbox 374 3238 1965 3310">
    <p class='ocr_par' dir='ltr' id='par_1_34' title="bbox 374 3238 1965 3310">
     <span class='ocr_line' id='line_1_34' title="bbox 374 3238 1965 3310; baseline 0.003 -19"><span class='ocrx_word' id='word_1_232' title='bbox 374 3244 478 3304; x_wconf 84' lang='lat' dir='ltr'><strong>tes,</strong></span> <span class='ocrx_word' id='word_1_233' title='bbox 508 3248 563 3293; x_wconf 91' lang='lat' dir='ltr'><strong>et</strong></span> <span class='ocrx_word' id='word_1_234' title='bbox 589 3239 731 3308; x_wconf 93' lang='lat' dir='ltr'><strong>quod</strong></span> <span class='ocrx_word' id='word_1_235' title='bbox 757 3254 824 3294; x_wconf 76' lang='lat' dir='ltr'><strong>ex</strong></span> <span class='ocrx_word' id='word_1_236' title='bbox 848 3238 1101 3295; x_wconf 89' lang='lat' dir='ltr'><strong>omnibus</strong></span> <span class='ocrx_word' id='word_1_237' title='bbox 1128 3238 1252 3293; x_wconf 61' lang='grc' dir='ltr'>(ταδιί</span> <span class='ocrx_word' id='word_1_238' title='bbox 1284 3238 1455 3310; x_wconf 81' lang='lat' dir='ltr'><strong>plagis</strong></span> <span class='ocrx_word' id='word_1_239' title='bbox 1479 3240 1545 3294; x_wconf 89' lang='lat' dir='ltr'><strong>ad</strong></span> <span class='ocrx_word' id='word_1_240' title='bbox 1580 3240 1751 3297; x_wconf 88' lang='lat' dir='ltr'><strong>solam</strong></span> <span class='ocrx_word' id='word_1_241' title='bbox 1785 3242 1965 3295; x_wconf 85' lang='lat' dir='ltr'><strong>oricu-</strong></span> 
     </span>
    </p>
   </div>
   <div class='ocr_carea' id='block_1_35' title="bbox 378 3328 1963 3402">
    <p class='ocr_par' dir='ltr' id='par_1_35' title="bbox 378 3328 1963 3402">
     <span class='ocr_line' id='line_1_35' title="bbox 378 3328 1963 3402; baseline 0.002 -19"><span class='ocrx_word' id='word_1_242' title='bbox 378 3330 445 3384; x_wconf 91' lang='lat' dir='ltr'><strong>tis</strong></span> <span class='ocrx_word' id='word_1_243' title='bbox 477 3339 686 3400; x_wconf 83' lang='lat' dir='ltr'><strong>partem</strong></span> <span class='ocrx_word' id='word_1_244' title='bbox 737 3332 987 3387; x_wconf 90' lang='lat' dir='ltr'><strong>conversi</strong></span> <span class='ocrx_word' id='word_1_245' title='bbox 1034 3329 1340 3385; x_wconf 88' lang='lat' dir='ltr'><strong>orationem</strong></span> <span class='ocrx_word' id='word_1_246' title='bbox 1387 3328 1661 3385; x_wconf 89' lang='lat' dir='ltr'><strong>fundimus</strong></span> <span class='ocrx_word' id='word_1_247' title='bbox 1690 3332 1826 3402; x_wconf 77' lang='lat' dir='ltr'><strong>(7i),</strong></span> <span class='ocrx_word' id='word_1_248' title='bbox 1857 3348 1963 3386; x_wconf 91' lang='lat' dir='ltr'><strong>non</strong></span> 
     </span>
    </p>
   </div>
   <div class='ocr_carea' id='block_1_36' title="bbox 378 3418 1967 3491">
    <p class='ocr_par' dir='ltr' id='par_1_36' title="bbox 378 3418 1967 3491">
     <span class='ocr_line' id='line_1_36' title="bbox 378 3418 1967 3491; baseline 0.004 -21"><span class='ocrx_word' id='word_1_249' title='bbox 378 3418 538 3474; x_wconf 78' lang='lat' dir='ltr'><strong>facile</strong></span> <span class='ocrx_word' id='word_1_250' title='bbox 581 3420 834 3491; x_wconf 88' lang='lat' dir='ltr'><strong>cuiquam</strong></span> <span class='ocrx_word' id='word_1_251' title='bbox 894 3430 1024 3490; x_wconf 89' lang='lat' dir='ltr'><strong>puto</strong></span> <span class='ocrx_word' id='word_1_252' title='bbox 1084 3420 1302 3475; x_wconf 87' lang='lat' dir='ltr'><strong>ratione</strong></span> <span class='ocrx_word' id='word_1_253' title='bbox 1347 3430 1712 3490; x_wconf 88' lang='lat' dir='ltr'><strong>compertum.</strong></span> <span class='ocrx_word' id='word_1_254' title='bbox 1761 3423 1867 3477; x_wconf 85' lang='lat' dir='ltr'><strong>Sed</strong></span> <span class='ocrx_word' id='word_1_255' title='bbox 1912 3432 1967 3477; x_wconf 88' lang='lat' dir='ltr'><strong>et</strong></span> 
     </span>
    </p>
   </div>
   <div class='ocr_carea' id='block_1_37' title="bbox 377 3511 1967 3585">
    <p class='ocr_par' dir='ltr' id='par_1_37' title="bbox 377 3511 1967 3585">
     <span class='ocr_line' id='line_1_37' title="bbox 377 3511 1967 3585; baseline 0.002 -19"><span class='ocrx_word' id='word_1_256' title='bbox 377 3511 544 3583; x_wconf 70' lang='lat'><strong>285</strong></span> <span class='ocrx_word' id='word_1_257' title='bbox 571 3512 930 3568; x_wconf 87' lang='lat' dir='ltr'><strong>Eucharistiae</strong></span> <span class='ocrx_word' id='word_1_258' title='bbox 959 3512 1077 3567; x_wconf 89' lang='lat' dir='ltr'><strong>sive</strong></span> <span class='ocrx_word' id='word_1_259' title='bbox 1104 3512 1469 3581; x_wconf 67' lang='lat' dir='ltr'><strong>percipienda:</strong></span> <span class='ocrx_word' id='word_1_260' title='bbox 1490 3513 1605 3568; x_wconf 92' lang='lat' dir='ltr'><strong>sive</strong></span> <span class='ocrx_word' id='word_1_261' title='bbox 1627 3529 1693 3569; x_wconf 91' lang='lat' dir='ltr'><strong>eo</strong></span> <span class='ocrx_word' id='word_1_262' title='bbox 1728 3514 1834 3568; x_wconf 91' lang='lat' dir='ltr'><strong>ritu</strong></span> <span class='ocrx_word' id='word_1_263' title='bbox 1858 3529 1967 3585; x_wconf 92' lang='lat' dir='ltr'><strong>quo</strong></span> 
     </span>
    </p>
   </div>
   <div class='ocr_carea' id='block_1_38' title="bbox 381 3605 1965 3677">
    <p class='ocr_par' dir='ltr' id='par_1_38' title="bbox 381 3605 1965 3677">
     <span class='ocr_line' id='line_1_38' title="bbox 381 3605 1965 3677; baseline 0 -16"><span class='ocrx_word' id='word_1_264' title='bbox 381 3608 593 3675; x_wconf 77' lang='lat' dir='ltr'><strong>geritur</strong></span> <span class='ocrx_word' id='word_1_265' title='bbox 641 3606 1014 3677; x_wconf 71' lang='lat' dir='ltr'><strong>explicandae,</strong></span> <span class='ocrx_word' id='word_1_266' title='bbox 1062 3605 1149 3660; x_wconf 89' lang='lat' dir='ltr'><strong>vel</strong></span> <span class='ocrx_word' id='word_1_267' title='bbox 1199 3619 1386 3661; x_wconf 87' lang='lat' dir='ltr'><strong>eorum</strong></span> <span class='ocrx_word' id='word_1_268' title='bbox 1439 3621 1561 3677; x_wconf 64' lang='lat' dir='ltr'><strong>quae</strong></span> <span class='ocrx_word' id='word_1_269' title='bbox 1608 3619 1875 3676; x_wconf 86' lang='lat' dir='ltr'><strong>geruntur</strong></span> <span class='ocrx_word' id='word_1_270' title='bbox 1913 3607 1965 3661; x_wconf 90' lang='lat' dir='ltr'><strong>in</strong></span> 
     </span>
    </p>
   </div>
   <div class='ocr_carea' id='block_1_39' title="bbox 380 3698 1969 3770">
    <p class='ocr_par' dir='ltr' id='par_1_39' title="bbox 380 3698 1969 3770">
     <span class='ocr_line' id='line_1_39' title="bbox 380 3698 1969 3770; baseline 0.001 -19"><span class='ocrx_word' id='word_1_271' title='bbox 380 3699 652 3770; x_wconf 89' lang='lat' dir='ltr'><strong>baptismo</strong></span> <span class='ocrx_word' id='word_1_272' title='bbox 683 3700 999 3763; x_wconf 87' lang='lat' dir='ltr'><strong>verborum,</strong></span> <span class='ocrx_word' id='word_1_273' title='bbox 1035 3706 1422 3769; x_wconf 87' lang='lat' dir='ltr'><strong>gestorumque</strong></span> <span class='ocrx_word' id='word_1_274' title='bbox 1448 3708 1503 3752; x_wconf 91' lang='lat' dir='ltr'><strong>et</strong></span> <span class='ocrx_word' id='word_1_275' title='bbox 1531 3698 1782 3753; x_wconf 84' lang='lat' dir='ltr'><strong>ordinum</strong></span> <span class='ocrx_word' id='word_1_276' title='bbox 1805 3709 1969 3768; x_wconf 86' lang='lat' dir='ltr'><strong>atque</strong></span> 
     </span>
    </p>
   </div>
   <div class='ocr_carea' id='block_1_40' title="bbox 381 3786 1971 3857">
    <p class='ocr_par' dir='ltr' id='par_1_40' title="bbox 381 3786 1971 3857">
     <span class='ocr_line' id='line_1_40' title="bbox 381 3786 1971 3857; baseline -0.001 -15"><span class='ocrx_word' id='word_1_277' title='bbox 381 3788 874 3857; x_wconf 83' lang='lat' dir='ltr'><strong>interrogationum</strong></span> <span class='ocrx_word' id='word_1_278' title='bbox 901 3802 967 3841; x_wconf 91' lang='lat' dir='ltr'><strong>ac</strong></span> <span class='ocrx_word' id='word_1_279' title='bbox 998 3786 1415 3857; x_wconf 86' lang='lat' dir='ltr'><strong>responsionum</strong></span> <span class='ocrx_word' id='word_1_280' title='bbox 1444 3788 1569 3857; x_wconf 87' lang='lat' dir='ltr'><strong>quis</strong></span> <span class='ocrx_word' id='word_1_281' title='bbox 1599 3786 1762 3842; x_wconf 84' lang='lat' dir='ltr'><strong>facile</strong></span> <span class='ocrx_word' id='word_1_282' title='bbox 1797 3788 1971 3856; x_wconf 70' lang='lat' dir='ltr'><strong>espli-</strong></span> 
     </span>
    </p>
   </div>
   <div class='ocr_carea' id='block_1_41' title="bbox 378 3878 1967 3948">
    <p class='ocr_par' dir='ltr' id='par_1_41' title="bbox 378 3878 1967 3948">
     <span class='ocr_line' id='line_1_41' title="bbox 378 3878 1967 3948; baseline -0.003 -12"><span class='ocrx_word' id='word_1_283' title='bbox 378 3891 465 3936; x_wconf 86' lang='lat' dir='ltr'><strong>cet</strong></span> <span class='ocrx_word' id='word_1_284' title='bbox 491 3878 799 3935; x_wconf 83' lang='lat' dir='ltr'><strong>rationem?</strong></span> <span class='ocrx_word' id='word_1_285' title='bbox 828 3878 891 3932; x_wconf 82' lang='lat' dir='ltr'><strong>Et</strong></span> <span class='ocrx_word' id='word_1_286' title='bbox 924 3888 1104 3933; x_wconf 89' lang='lat' dir='ltr'><strong>tamen</strong></span> <span class='ocrx_word' id='word_1_287' title='bbox 1138 3879 1321 3932; x_wconf 90' lang='lat' dir='ltr'><strong>omnia</strong></span> <span class='ocrx_word' id='word_1_288' title='bbox 1357 3878 1474 3933; x_wconf 64' lang='lat' dir='ltr'><strong>haec</strong></span> <span class='ocrx_word' id='word_1_289' title='bbox 1497 3889 1685 3948; x_wconf 89' lang='lat' dir='ltr'><strong>operta</strong></span> <span class='ocrx_word' id='word_1_290' title='bbox 1715 3888 1770 3933; x_wconf 84' lang='lat' dir='ltr'><strong>et</strong></span> <span class='ocrx_word' id='word_1_291' title='bbox 1793 3879 1967 3932; x_wconf 83' lang='lat' dir='ltr'><strong>velata</strong></span> 
     </span>
    </p>
   </div>
   <div class='ocr_carea' id='block_1_42' title="bbox 382 3970 1968 4040">
    <p class='ocr_par' dir='ltr' id='par_1_42' title="bbox 382 3970 1968 4040">
     <span class='ocr_line' id='line_1_42' title="bbox 382 3970 1968 4040; baseline -0.001 -14"><span class='ocrx_word' id='word_1_292' title='bbox 382 3980 668 4040; x_wconf 89' lang='lat' dir='ltr'><strong>portamus</strong></span> <span class='ocrx_word' id='word_1_293' title='bbox 701 3983 865 4039; x_wconf 90' lang='lat' dir='ltr'><strong>super</strong></span> <span class='ocrx_word' id='word_1_294' title='bbox 906 3971 1168 4024; x_wconf 83' lang='lat' dir='ltr'><strong>humeros</strong></span> <span class='ocrx_word' id='word_1_295' title='bbox 1201 3980 1421 4025; x_wconf 89' lang='lat' dir='ltr'><strong>nostros</strong></span> <span class='ocrx_word' id='word_1_296' title='bbox 1456 3986 1471 4026; x_wconf 89' lang='lat'>:</span> <span class='ocrx_word' id='word_1_297' title='bbox 1516 3986 1640 4024; x_wconf 87' lang='lat' dir='ltr'><strong>eum</strong></span> <span class='ocrx_word' id='word_1_298' title='bbox 1675 3971 1747 4022; x_wconf 92' lang='lat' dir='ltr'><strong>ita</strong></span> <span class='ocrx_word' id='word_1_299' title='bbox 1781 3970 1968 4038; x_wconf 86' lang='lat' dir='ltr'><strong>imple-</strong></span> 
     </span>
    </p>
   </div>
   <div class='ocr_carea' id='block_1_43' title="bbox 381 4062 1971 4134">
    <p class='ocr_par' dir='ltr' id='par_1_43' title="bbox 381 4062 1971 4134">
     <span class='ocr_line' id='line_1_43' title="bbox 381 4062 1971 4134; baseline 0.001 -18"><span class='ocrx_word' id='word_1_300' title='bbox 381 4079 501 4117; x_wconf 91' lang='lat' dir='ltr'><strong>mus</strong></span> <span class='ocrx_word' id='word_1_301' title='bbox 523 4076 587 4119; x_wconf 89' lang='lat' dir='ltr'><strong>ea</strong></span> <span class='ocrx_word' id='word_1_302' title='bbox 615 4071 670 4116; x_wconf 91' lang='lat' dir='ltr'><strong>et</strong></span> <span class='ocrx_word' id='word_1_303' title='bbox 703 4062 1079 4131; x_wconf 85' lang='lat' dir='ltr'><strong>exsequimur,</strong></span> <span class='ocrx_word' id='word_1_304' title='bbox 1128 4072 1185 4118; x_wconf 94' lang='lat' dir='ltr'><strong>ut</strong></span> <span class='ocrx_word' id='word_1_305' title='bbox 1219 4077 1249 4116; x_wconf 90' lang='lat' dir='ltr'><strong>a</strong></span> <span class='ocrx_word' id='word_1_306' title='bbox 1283 4078 1480 4134; x_wconf 86' lang='lat' dir='ltr'><strong>magno</strong></span> <span class='ocrx_word' id='word_1_307' title='bbox 1524 4064 1780 4132; x_wconf 73' lang='lat' dir='ltr'><strong>pontifice</strong></span> <span class='ocrx_word' id='word_1_308' title='bbox 1808 4072 1971 4132; x_wconf 89' lang='lat' dir='ltr'><strong>atque</strong></span> 
     </span>
    </p>
   </div>
   <div class='ocr_carea' id='block_1_44' title="bbox 379 4155 1969 4226">
    <p class='ocr_par' dir='ltr' id='par_1_44' title="bbox 379 4155 1969 4226">
     <span class='ocr_line' id='line_1_44' title="bbox 379 4155 1969 4226; baseline -0.001 -17"><span class='ocrx_word' id='word_1_309' title='bbox 379 4157 503 4226; x_wconf 74' lang='lat' dir='ltr'><strong>ejus</strong></span> <span class='ocrx_word' id='word_1_310' title='bbox 534 4155 660 4212; x_wconf 81' lang='lat' dir='ltr'><strong>ﬁliis</strong></span> <span class='ocrx_word' id='word_1_311' title='bbox 688 4157 883 4210; x_wconf 85' lang='lat' dir='ltr'><strong>tradita</strong></span> <span class='ocrx_word' id='word_1_312' title='bbox 919 4165 975 4211; x_wconf 87' lang='lat' dir='ltr'><strong>et</strong></span> <span class='ocrx_word' id='word_1_313' title='bbox 1000 4156 1386 4210; x_wconf 80' lang='lat' dir='ltr'><strong>commendata</strong></span> <span class='ocrx_word' id='word_1_314' title='bbox 1432 4157 1793 4226; x_wconf 73' lang='lat' dir='ltr'><strong>suscepimus.</strong></span> <span class='ocrx_word' id='word_1_315' title='bbox 1818 4156 1969 4212; x_wconf 86' lang='lat' dir='ltr'><strong>Cun-</strong></span> 
     </span>
    </p>
   </div>
   <div class='ocr_carea' id='block_1_45' title="bbox 381 4247 1974 4319">
    <p class='ocr_par' dir='ltr' id='par_1_45' title="bbox 381 4247 1974 4319">
     <span class='ocr_line' id='line_1_45' title="bbox 381 4247 1974 4319; baseline 0.001 -18"><span class='ocrx_word' id='word_1_316' title='bbox 381 4258 471 4302; x_wconf 86' lang='lat' dir='ltr'><strong>cta</strong></span> <span class='ocrx_word' id='word_1_317' title='bbox 500 4250 617 4305; x_wconf 68' lang='lat' dir='ltr'><strong>haec</strong></span> <span class='ocrx_word' id='word_1_318' title='bbox 646 4264 781 4319; x_wconf 88' lang='lat' dir='ltr'><strong>ergo</strong></span> <span class='ocrx_word' id='word_1_319' title='bbox 805 4258 859 4304; x_wconf 93' lang='lat' dir='ltr'><strong>et</strong></span> <span class='ocrx_word' id='word_1_320' title='bbox 890 4250 1084 4303; x_wconf 88' lang='lat' dir='ltr'><strong>horum</strong></span> <span class='ocrx_word' id='word_1_321' title='bbox 1122 4247 1323 4303; x_wconf 78' lang='lat' dir='ltr'><strong>similia</strong></span> <span class='ocrx_word' id='word_1_322' title='bbox 1369 4262 1492 4302; x_wconf 90' lang='lat' dir='ltr'><strong>cum</strong></span> <span class='ocrx_word' id='word_1_323' title='bbox 1535 4249 1780 4318; x_wconf 75' lang='lat' dir='ltr'><strong>gerimus</strong></span> <span class='ocrx_word' id='word_1_324' title='bbox 1802 4288 1819 4314; x_wconf 93' lang='lat'><strong>,</strong></span> <span class='ocrx_word' id='word_1_325' title='bbox 1870 4263 1974 4303; x_wconf 90' lang='lat' dir='ltr'><strong>nec</strong></span> 
     </span>
    </p>
   </div>
   <div class='ocr_carea' id='block_1_46' title="bbox 385 4341 1973 4412">
    <p class='ocr_par' dir='ltr' id='par_1_46' title="bbox 385 4341 1973 4412">
     <span class='ocr_line' id='line_1_46' title="bbox 385 4341 1973 4412; baseline 0.002 -17"><span class='ocrx_word' id='word_1_326' title='bbox 385 4352 567 4398; x_wconf 91' lang='lat' dir='ltr'><strong>tamen</strong></span> <span class='ocrx_word' id='word_1_327' title='bbox 598 4358 786 4398; x_wconf 89' lang='lat' dir='ltr'><strong>eorum</strong></span> <span class='ocrx_word' id='word_1_328' title='bbox 812 4342 1161 4412; x_wconf 90' lang='lat' dir='ltr'><strong>assequimur</strong></span> <span class='ocrx_word' id='word_1_329' title='bbox 1190 4341 1485 4405; x_wconf 88' lang='lat' dir='ltr'><strong>rationem,</strong></span> <span class='ocrx_word' id='word_1_330' title='bbox 1514 4341 1760 4397; x_wconf 87' lang='lat' dir='ltr'><strong>levamus</strong></span> <span class='ocrx_word' id='word_1_331' title='bbox 1789 4343 1973 4398; x_wconf 87' lang='lat' dir='ltr'><strong>hume-</strong></span> 
     </span>
    </p>
   </div>
   <div class='ocr_carea' id='block_1_47' title="bbox 386 4438 1972 4509">
    <p class='ocr_par' dir='ltr' id='par_1_47' title="bbox 386 4438 1972 4509">
     <span class='ocr_line' id='line_1_47' title="bbox 386 4438 1972 4509; baseline 0.004 -20"><span class='ocrx_word' id='word_1_332' title='bbox 386 4438 462 4493; x_wconf 83' lang='lat' dir='ltr'><strong>ris</strong></span> <span class='ocrx_word' id='word_1_333' title='bbox 493 4439 695 4494; x_wconf 88' lang='lat' dir='ltr'><strong>nostris</strong></span> <span class='ocrx_word' id='word_1_334' title='bbox 720 4448 776 4494; x_wconf 91' lang='lat' dir='ltr'><strong>et</strong></span> <span class='ocrx_word' id='word_1_335' title='bbox 819 4448 1105 4509; x_wconf 91' lang='lat' dir='ltr'><strong>portamus</strong></span> <span class='ocrx_word' id='word_1_336' title='bbox 1137 4438 1397 4508; x_wconf 86' lang='lat' dir='ltr'><strong>adoperta</strong></span> <span class='ocrx_word' id='word_1_337' title='bbox 1436 4446 1491 4492; x_wconf 89' lang='lat' dir='ltr'><strong>et</strong></span> <span class='ocrx_word' id='word_1_338' title='bbox 1532 4440 1747 4494; x_wconf 85' lang='lat' dir='ltr'><strong>obtecta</strong></span> <span class='ocrx_word' id='word_1_339' title='bbox 1790 4439 1972 4495; x_wconf 88' lang='lat' dir='ltr'><strong>divina</strong></span> 
     </span>
    </p>
   </div>
   <div class='ocr_carea' id='block_1_48' title="bbox 2079 575 2842 644">
    <p class='ocr_par' dir='ltr' id='par_1_48' title="bbox 2079 575 2842 644">
     <span class='ocr_line' id='line_1_48' title="bbox 2079 575 2842 644; baseline 0.004 -18"><span class='ocrx_word' id='word_1_340' title='bbox 2079 575 2312 644; x_wconf 79' lang='lat' dir='ltr'><strong>proferri</strong></span> <span class='ocrx_word' id='word_1_341' title='bbox 2351 578 2490 629; x_wconf 90' lang='lat' dir='ltr'><strong>ratio</strong></span> <span class='ocrx_word' id='word_1_342' title='bbox 2514 576 2842 643; x_wconf 85' lang='lat' dir='ltr'><strong>poposcerit.</strong></span> 
     </span>
    </p>
   </div>
   <div class='ocr_carea' id='block_1_49' title="bbox 2145 662 3651 735">
    <p class='ocr_par' dir='ltr' id='par_1_49' title="bbox 2145 662 3651 735">
     <span class='ocr_line' id='line_1_49' title="bbox 2145 662 3651 735; baseline 0.002 -19"><span class='ocrx_word' id='word_1_343' title='bbox 2145 665 2200 718; x_wconf 72' lang='grc' dir='ltr'><strong>Ξ.</strong></span> <span class='ocrx_word' id='word_1_344' title='bbox 2236 663 2358 719; x_wconf 83' lang='lat' dir='ltr'><strong>Post</strong></span> <span class='ocrx_word' id='word_1_345' title='bbox 2387 665 2501 718; x_wconf 63' lang='lat' dir='ltr'><strong>hare</strong></span> <span class='ocrx_word' id='word_1_346' title='bbox 2532 666 2734 719; x_wconf 91' lang='lat' dir='ltr'><strong>dicitur</strong></span> <span class='ocrx_word' id='word_1_347' title='bbox 2776 664 2841 717; x_wconf 92' lang='lat' dir='ltr'><strong>de</strong></span> <span class='ocrx_word' id='word_1_348' title='bbox 2873 662 3079 718; x_wconf 82' lang='lat' dir='ltr'><strong>Levitis</strong></span> <span class='ocrx_word' id='word_1_349' title='bbox 3116 679 3130 715; x_wconf 90' lang='lat'><strong>:</strong></span> <span class='ocrx_word' id='word_1_350' title='bbox 3169 664 3259 733; x_wconf 91' lang='lat' dir='ltr'><strong>qui</strong></span> <span class='ocrx_word' id='word_1_351' title='bbox 3303 672 3598 735; x_wconf 89' lang='lat' dir='ltr'><strong>operentur</strong></span> <span class='ocrx_word' id='word_1_352' title='bbox 3622 681 3651 719; x_wconf 90' lang='lat' dir='ltr'><strong>a</strong></span> 
     </span>
    </p>
   </div>
   <div class='ocr_carea' id='block_1_50' title="bbox 2075 754 3657 829">
    <p class='ocr_par' dir='ltr' id='par_1_50' title="bbox 2075 754 3657 829">
     <span class='ocr_line' id='line_1_50' title="bbox 2075 754 3657 829; baseline 0.004 -23"><span class='ocrx_word' id='word_1_353' title='bbox 2075 754 2339 810; x_wconf 81' lang='lat' dir='ltr'><strong>vicesimo</strong></span> <span class='ocrx_word' id='word_1_354' title='bbox 2391 757 2583 825; x_wconf 89' lang='lat' dir='ltr'><strong>quinto</strong></span> <span class='ocrx_word' id='word_1_355' title='bbox 2618 772 2761 810; x_wconf 93' lang='lat' dir='ltr'><strong>anno</strong></span> <span class='ocrx_word' id='word_1_356' title='bbox 2794 767 2848 811; x_wconf 90' lang='lat' dir='ltr'><strong>et</strong></span> <span class='ocrx_word' id='word_1_357' title='bbox 2880 773 3043 826; x_wconf 88' lang='lat' dir='ltr'><strong>supra</strong></span> <span class='ocrx_word' id='word_1_358' title='bbox 3097 772 3270 825; x_wconf 88' lang='lat' dir='ltr'><strong>usque</strong></span> <span class='ocrx_word' id='word_1_359' title='bbox 3298 760 3363 812; x_wconf 87' lang='lat' dir='ltr'><strong>ad</strong></span> <span class='ocrx_word' id='word_1_360' title='bbox 3393 760 3657 829; x_wconf 70' lang='lat' dir='ltr'><strong>quinquao</strong></span> 
     </span>
    </p>
   </div>
   <div class='ocr_carea' id='block_1_51' title="bbox 2076 846 3659 920">
    <p class='ocr_par' dir='ltr' id='par_1_51' title="bbox 2076 846 3659 920">
     <span class='ocr_line' id='line_1_51' title="bbox 2076 846 3659 920; baseline 0.003 -21"><span class='ocrx_word' id='word_1_361' title='bbox 2076 846 2344 916; x_wconf 85' lang='lat' dir='ltr'><strong>gesimum</strong></span> <span class='ocrx_word' id='word_1_362' title='bbox 2389 865 2616 902; x_wconf 90' lang='lat' dir='ltr'><strong>annum.</strong></span> <span class='ocrx_word' id='word_1_363' title='bbox 2656 866 2675 899; x_wconf 73' lang='grc' dir='ltr'><strong>ι</strong></span> <span class='ocrx_word' id='word_1_364' title='bbox 2711 847 2923 913; x_wconf 84' lang='lat' dir='ltr'><strong>Omnis,</strong></span> <span class='ocrx_word' id='word_1_365' title='bbox 2964 848 3139 917; x_wconf 82' lang='lat' dir='ltr'><strong>inquit</strong></span> <span class='ocrx_word' id='word_1_366' title='bbox 3169 848 3245 912; x_wconf 77' lang='lat'><strong>&quot;,</strong></span> <span class='ocrx_word' id='word_1_367' title='bbox 3293 851 3384 919; x_wconf 86' lang='lat' dir='ltr'><strong>qui</strong></span> <span class='ocrx_word' id='word_1_368' title='bbox 3416 849 3659 920; x_wconf 83' lang='lat' dir='ltr'><strong>procedit</strong></span> 
     </span>
    </p>
   </div>
   <div class='ocr_carea' id='block_1_52' title="bbox 2075 940 3656 1009">
    <p class='ocr_par' dir='ltr' id='par_1_52' title="bbox 2075 940 3656 1009">
     <span class='ocr_line' id='line_1_52' title="bbox 2075 940 3656 1009; baseline 0.001 -16"><span class='ocrx_word' id='word_1_369' title='bbox 2075 940 2143 993; x_wconf 89' lang='lat' dir='ltr'><strong>ad</strong></span> <span class='ocrx_word' id='word_1_370' title='bbox 2175 954 2312 1009; x_wconf 87' lang='lat' dir='ltr'><strong>opus</strong></span> <span class='ocrx_word' id='word_1_371' title='bbox 2336 955 2564 1009; x_wconf 89' lang='lat' dir='ltr'><strong>operum</strong></span> <span class='ocrx_word' id='word_1_372' title='bbox 2594 949 2650 996; x_wconf 88' lang='lat' dir='ltr'><strong>et</strong></span> <span class='ocrx_word' id='word_1_373' title='bbox 2691 944 2758 993; x_wconf 85' lang='lat' dir='ltr'><strong>ad</strong></span> <span class='ocrx_word' id='word_1_374' title='bbox 2802 955 2965 1009; x_wconf 87' lang='lat' dir='ltr'><strong>opera</strong></span> <span class='ocrx_word' id='word_1_375' title='bbox 3000 954 3122 1009; x_wconf 65' lang='lat' dir='ltr'><strong>quae</strong></span> <span class='ocrx_word' id='word_1_376' title='bbox 3153 951 3441 1009; x_wconf 88' lang='lat' dir='ltr'><strong>portantur</strong></span> <span class='ocrx_word' id='word_1_377' title='bbox 3474 942 3656 995; x_wconf 82' lang='lat' dir='ltr'><strong>taber—</strong></span> 
     </span>
    </p>
   </div>
   <div class='ocr_carea' id='block_1_53' title="bbox 2077 1032 3659 1087">
    <p class='ocr_par' dir='ltr' id='par_1_53' title="bbox 2077 1032 3659 1087">
     <span class='ocr_line' id='line_1_53' title="bbox 2077 1032 3659 1087; baseline -0.001 -1"><span class='ocrx_word' id='word_1_378' title='bbox 2077 1032 2254 1086; x_wconf 82' lang='lat' dir='ltr'><strong>naculi</strong></span> <span class='ocrx_word' id='word_1_379' title='bbox 2292 1032 2615 1086; x_wconf 89' lang='lat' dir='ltr'><strong>testimonii.</strong></span> <span class='ocrx_word' id='word_1_380' title='bbox 2653 1050 2671 1084; x_wconf 75' lang='grc' dir='ltr'><strong>ι</strong></span> <span class='ocrx_word' id='word_1_381' title='bbox 2712 1032 2960 1087; x_wconf 83' lang='lat' dir='ltr'><strong>Observa</strong></span> <span class='ocrx_word' id='word_1_382' title='bbox 3018 1033 3071 1086; x_wconf 92' lang='lat' dir='ltr'><strong>in</strong></span> <span class='ocrx_word' id='word_1_383' title='bbox 3125 1033 3209 1087; x_wconf 91' lang='lat' dir='ltr'><strong>his</strong></span> <span class='ocrx_word' id='word_1_384' title='bbox 3252 1033 3659 1086; x_wconf 89' lang='lat' dir='ltr'><strong>distinctionem</strong></span> 
     </span>
    </p>
   </div>
   <div class='ocr_carea' id='block_1_54' title="bbox 2080 1124 3659 1196">
    <p class='ocr_par' dir='ltr' id='par_1_54' title="bbox 2080 1124 3659 1196">
     <span class='ocr_line' id='line_1_54' title="bbox 2080 1124 3659 1196; baseline 0.001 -18"><span class='ocrx_word' id='word_1_385' title='bbox 2080 1137 2396 1178; x_wconf 88' lang='lat' dir='ltr'><strong>sermonum</strong></span> <span class='ocrx_word' id='word_1_386' title='bbox 2428 1124 2627 1180; x_wconf 70' lang='lat' dir='ltr'><strong>divina:</strong></span> <span class='ocrx_word' id='word_1_387' title='bbox 2667 1125 2988 1193; x_wconf 60' lang='lat' dir='ltr'><strong>Scriptura.</strong></span> <span class='ocrx_word' id='word_1_388' title='bbox 3014 1126 3116 1182; x_wconf 88' lang='lat' dir='ltr'><strong>Ubi</strong></span> <span class='ocrx_word' id='word_1_389' title='bbox 3151 1126 3218 1181; x_wconf 90' lang='lat' dir='ltr'><strong>de</strong></span> <span class='ocrx_word' id='word_1_390' title='bbox 3235 1126 3491 1196; x_wconf 85' lang='lat' dir='ltr'><strong>operibus</strong></span> <span class='ocrx_word' id='word_1_391' title='bbox 3523 1127 3659 1180; x_wconf 86' lang='lat' dir='ltr'><strong>lilio-</strong></span> 
     </span>
    </p>
   </div>
   <div class='ocr_carea' id='block_1_55' title="bbox 2076 1216 3661 1289">
    <p class='ocr_par' dir='ltr' id='par_1_55' title="bbox 2076 1216 3661 1289">
     <span class='ocr_line' id='line_1_55' title="bbox 2076 1216 3661 1289; baseline 0.003 -18"><span class='ocrx_word' id='word_1_392' title='bbox 2076 1232 2197 1271; x_wconf 92' lang='lat' dir='ltr'><strong>rum</strong></span> <span class='ocrx_word' id='word_1_393' title='bbox 2242 1216 2407 1271; x_wconf 81' lang='lat' dir='ltr'><strong>Israel</strong></span> <span class='ocrx_word' id='word_1_394' title='bbox 2444 1216 2713 1287; x_wconf 87' lang='lat' dir='ltr'><strong>loquitur,</strong></span> <span class='ocrx_word' id='word_1_395' title='bbox 2756 1233 2864 1274; x_wconf 92' lang='lat' dir='ltr'><strong>non</strong></span> <span class='ocrx_word' id='word_1_396' title='bbox 2903 1218 3035 1273; x_wconf 89' lang='lat' dir='ltr'><strong>dicit</strong></span> <span class='ocrx_word' id='word_1_397' title='bbox 3069 1234 3233 1289; x_wconf 87' lang='lat' dir='ltr'><strong>opera</strong></span> <span class='ocrx_word' id='word_1_398' title='bbox 3266 1234 3516 1289; x_wconf 89' lang='lat' dir='ltr'><strong>operum,</strong></span> <span class='ocrx_word' id='word_1_399' title='bbox 3562 1218 3661 1275; x_wconf 87' lang='lat' dir='ltr'><strong>sed</strong></span> 
     </span>
    </p>
   </div>
   <div class='ocr_carea' id='block_1_56' title="bbox 2074 1308 3661 1377">
    <p class='ocr_par' dir='ltr' id='par_1_56' title="bbox 2074 1308 3661 1377">
     <span class='ocr_line' id='line_1_56' title="bbox 2074 1308 3661 1377; baseline 0 -13"><span class='ocrx_word' id='word_1_400' title='bbox 2074 1308 2187 1364; x_wconf 80' lang='lat' dir='ltr'><strong>sola</strong></span> <span class='ocrx_word' id='word_1_401' title='bbox 2215 1324 2402 1377; x_wconf 89' lang='lat' dir='ltr'><strong>opera.</strong></span> <span class='ocrx_word' id='word_1_402' title='bbox 2444 1308 2545 1363; x_wconf 91' lang='lat' dir='ltr'><strong>Ubi</strong></span> <span class='ocrx_word' id='word_1_403' title='bbox 2577 1323 2707 1364; x_wconf 85' lang='lat' dir='ltr'><strong>vero</strong></span> <span class='ocrx_word' id='word_1_404' title='bbox 2736 1311 2805 1365; x_wconf 88' lang='lat' dir='ltr'><strong>de</strong></span> <span class='ocrx_word' id='word_1_405' title='bbox 2830 1309 3020 1365; x_wconf 77' lang='lat' dir='ltr'><strong>Ofﬁciis</strong></span> <span class='ocrx_word' id='word_1_406' title='bbox 3056 1310 3393 1376; x_wconf 83' lang='lat' dir='ltr'><strong>chitarum,</strong></span> <span class='ocrx_word' id='word_1_407' title='bbox 3434 1327 3536 1364; x_wconf 90' lang='lat' dir='ltr'><strong>non</strong></span> <span class='ocrx_word' id='word_1_408' title='bbox 3573 1309 3661 1364; x_wconf 81' lang='lat' dir='ltr'><strong>di—</strong></span> 
     </span>
    </p>
   </div>
   <div class='ocr_carea' id='block_1_57' title="bbox 2073 1402 3664 1472">
    <p class='ocr_par' dir='ltr' id='par_1_57' title="bbox 2073 1402 3664 1472">
     <span class='ocr_line' id='line_1_57' title="bbox 2073 1402 3664 1472; baseline 0.002 -17"><span class='ocrx_word' id='word_1_409' title='bbox 2073 1402 2149 1455; x_wconf 88' lang='lat' dir='ltr'><strong>cit</strong></span> <span class='ocrx_word' id='word_1_410' title='bbox 2184 1402 2294 1455; x_wconf 90' lang='lat' dir='ltr'><strong>sola</strong></span> <span class='ocrx_word' id='word_1_411' title='bbox 2319 1416 2514 1469; x_wconf 90' lang='lat' dir='ltr'><strong>opera,</strong></span> <span class='ocrx_word' id='word_1_412' title='bbox 2549 1402 2641 1455; x_wconf 92' lang='lat' dir='ltr'><strong>sed</strong></span> <span class='ocrx_word' id='word_1_413' title='bbox 2673 1416 2838 1471; x_wconf 90' lang='lat' dir='ltr'><strong>opera</strong></span> <span class='ocrx_word' id='word_1_414' title='bbox 2872 1417 3121 1472; x_wconf 88' lang='lat' dir='ltr'><strong>operum.</strong></span> <span class='ocrx_word' id='word_1_415' title='bbox 3155 1403 3312 1458; x_wconf 91' lang='lat' dir='ltr'><strong>Sicut</strong></span> <span class='ocrx_word' id='word_1_416' title='bbox 3357 1403 3504 1457; x_wconf 92' lang='lat' dir='ltr'><strong>enim</strong></span> <span class='ocrx_word' id='word_1_417' title='bbox 3535 1410 3664 1458; x_wconf 83' lang='lat' dir='ltr'><strong>sunt</strong></span> 
     </span>
    </p>
   </div>
   <div class='ocr_carea' id='block_1_58' title="bbox 2072 1495 3662 1563">
    <p class='ocr_par' dir='ltr' id='par_1_58' title="bbox 2072 1495 3662 1563">
     <span class='ocr_line' id='line_1_58' title="bbox 2072 1495 3662 1563; baseline 0.003 -19"><span class='ocrx_word' id='word_1_418' title='bbox 2072 1496 2317 1563; x_wconf 68' lang='lat' dir='ltr'><strong>quaedam</strong></span> <span class='ocrx_word' id='word_1_419' title='bbox 2350 1504 2567 1559; x_wconf 84' lang='lat' dir='ltr'><strong>sancta,</strong></span> <span class='ocrx_word' id='word_1_420' title='bbox 2591 1505 2721 1548; x_wconf 88' lang='lat' dir='ltr'><strong>sunt</strong></span> <span class='ocrx_word' id='word_1_421' title='bbox 2749 1505 2930 1549; x_wconf 88' lang='lat' dir='ltr'><strong>autem</strong></span> <span class='ocrx_word' id='word_1_422' title='bbox 2966 1505 3022 1550; x_wconf 85' lang='lat' dir='ltr'><strong>ct</strong></span> <span class='ocrx_word' id='word_1_423' title='bbox 3067 1495 3169 1550; x_wconf 85' lang='lat' dir='ltr'><strong>alia</strong></span> <span class='ocrx_word' id='word_1_424' title='bbox 3222 1504 3411 1550; x_wconf 90' lang='lat' dir='ltr'><strong>sancta</strong></span> <span class='ocrx_word' id='word_1_425' title='bbox 3448 1506 3662 1549; x_wconf 87' lang='lat' dir='ltr'><strong>sancto-</strong></span> 
     </span>
    </p>
   </div>
   <div class='ocr_carea' id='block_1_59' title="bbox 2075 1586 3661 1657">
    <p class='ocr_par' dir='ltr' id='par_1_59' title="bbox 2075 1586 3661 1657">
     <span class='ocr_line' id='line_1_59' title="bbox 2075 1586 3661 1657; baseline 0 -16"><span class='ocrx_word' id='word_1_426' title='bbox 2075 1602 2234 1642; x_wconf 81' lang='lat' dir='ltr'><strong>rum:</strong></span> <span class='ocrx_word' id='word_1_427' title='bbox 2269 1586 2341 1639; x_wconf 90' lang='lat' dir='ltr'><strong>ita</strong></span> <span class='ocrx_word' id='word_1_428' title='bbox 2370 1595 2495 1641; x_wconf 89' lang='lat' dir='ltr'><strong>sunt</strong></span> <span class='ocrx_word' id='word_1_429' title='bbox 2532 1586 2780 1656; x_wconf 66' lang='lat' dir='ltr'><strong>quaedam</strong></span> <span class='ocrx_word' id='word_1_430' title='bbox 2813 1603 3002 1657; x_wconf 86' lang='lat' dir='ltr'><strong>opera,</strong></span> <span class='ocrx_word' id='word_1_431' title='bbox 3044 1596 3098 1642; x_wconf 83' lang='lat' dir='ltr'><strong>et</strong></span> <span class='ocrx_word' id='word_1_432' title='bbox 3148 1586 3251 1642; x_wconf 91' lang='lat' dir='ltr'><strong>alia</strong></span> <span class='ocrx_word' id='word_1_433' title='bbox 3307 1603 3481 1657; x_wconf 68' lang='lat' dir='ltr'><strong>opera</strong></span> <span class='ocrx_word' id='word_1_434' title='bbox 3529 1604 3661 1657; x_wconf 71' lang='grc' dir='ltr'><strong>ορε-</strong></span> 
     </span>
    </p>
   </div>
   <div class='ocr_carea' id='block_1_60' title="bbox 2074 1675 3663 1751">
    <p class='ocr_par' dir='ltr' id='par_1_60' title="bbox 2074 1675 3663 1751">
     <span class='ocr_line' id='line_1_60' title="bbox 2074 1675 3663 1751; baseline 0.001 -20"><span class='ocrx_word' id='word_1_435' title='bbox 2074 1693 2216 1733; x_wconf 91' lang='lat' dir='ltr'><strong>rum.</strong></span> <span class='ocrx_word' id='word_1_436' title='bbox 2273 1675 2425 1731; x_wconf 87' lang='lat' dir='ltr'><strong>Unde</strong></span> <span class='ocrx_word' id='word_1_437' title='bbox 2459 1677 2679 1732; x_wconf 88' lang='lat' dir='ltr'><strong>videtur</strong></span> <span class='ocrx_word' id='word_1_438' title='bbox 2728 1679 2860 1733; x_wconf 92' lang='lat' dir='ltr'><strong>mihi</strong></span> <span class='ocrx_word' id='word_1_439' title='bbox 2905 1682 3033 1748; x_wconf 80' lang='lat' dir='ltr'><strong>quia</strong></span> <span class='ocrx_word' id='word_1_440' title='bbox 3082 1679 3297 1751; x_wconf 74' lang='lat' dir='ltr'><strong>Moyses</strong></span> <span class='ocrx_word' id='word_1_441' title='bbox 3349 1680 3436 1733; x_wconf 91' lang='lat' dir='ltr'><strong>ubi</strong></span> <span class='ocrx_word' id='word_1_442' title='bbox 3486 1681 3663 1733; x_wconf 76' lang='lat' dir='ltr'><strong>sensit</strong></span> 
     </span>
    </p>
   </div>
   <div class='ocr_carea' id='block_1_61' title="bbox 2073 1771 3665 1842">
    <p class='ocr_par' dir='ltr' id='par_1_61' title="bbox 2073 1771 3665 1842">
     <span class='ocr_line' id='line_1_61' title="bbox 2073 1771 3665 1842; baseline 0.001 -16"><span class='ocrx_word' id='word_1_443' title='bbox 2073 1787 2194 1826; x_wconf 71' lang='lat' dir='ltr'><strong>e~se</strong></span> <span class='ocrx_word' id='word_1_444' title='bbox 2245 1771 2495 1840; x_wconf 78' lang='lat' dir='ltr'><strong>quaedam</strong></span> <span class='ocrx_word' id='word_1_445' title='bbox 2554 1786 2722 1840; x_wconf 82' lang='lat' dir='ltr'><strong>Opera</strong></span> <span class='ocrx_word' id='word_1_446' title='bbox 2771 1772 3007 1827; x_wconf 75' lang='lat' dir='ltr'><strong>visibilia</strong></span> <span class='ocrx_word' id='word_1_447' title='bbox 3040 1773 3260 1842; x_wconf 89' lang='lat' dir='ltr'><strong>quidem</strong></span> <span class='ocrx_word' id='word_1_448' title='bbox 3281 1814 3297 1839; x_wconf 96' lang='lat'><strong>,</strong></span> <span class='ocrx_word' id='word_1_449' title='bbox 3331 1774 3426 1827; x_wconf 86' lang='lat' dir='ltr'><strong>sed</strong></span> <span class='ocrx_word' id='word_1_450' title='bbox 3459 1773 3665 1841; x_wconf 84' lang='lat' dir='ltr'><strong>quibus</strong></span> 
     </span>
    </p>
   </div>
   <div class='ocr_carea' id='block_1_62' title="bbox 2071 1862 3663 1934">
    <p class='ocr_par' dir='ltr' id='par_1_62' title="bbox 2071 1862 3663 1934">
     <span class='ocr_line' id='line_1_62' title="bbox 2071 1862 3663 1934; baseline -0.001 -18"><span class='ocrx_word' id='word_1_451' title='bbox 2071 1862 2525 1917; x_wconf 84' lang='lat' dir='ltr'><strong>iuessetinterior</strong></span> <span class='ocrx_word' id='word_1_452' title='bbox 2555 1863 2659 1917; x_wconf 85' lang='lat' dir='ltr'><strong>alia</strong></span> <span class='ocrx_word' id='word_1_453' title='bbox 2686 1863 2912 1934; x_wconf 85' lang='lat' dir='ltr'><strong>mystica</strong></span> <span class='ocrx_word' id='word_1_454' title='bbox 2946 1873 3001 1917; x_wconf 92' lang='lat' dir='ltr'><strong>et</strong></span> <span class='ocrx_word' id='word_1_455' title='bbox 3027 1864 3238 1919; x_wconf 90' lang='lat' dir='ltr'><strong>occulta</strong></span> <span class='ocrx_word' id='word_1_456' title='bbox 3276 1863 3663 1933; x_wconf 74' lang='lat' dir='ltr'><strong>intelligentia,</strong></span> 
     </span>
    </p>
   </div>
   <div class='ocr_carea' id='block_1_63' title="bbox 2070 1955 3658 2027">
    <p class='ocr_par' dir='ltr' id='par_1_63' title="bbox 2070 1955 3658 2027">
     <span class='ocr_line' id='line_1_63' title="bbox 2070 1955 3658 2027; baseline -0.002 -17"><span class='ocrx_word' id='word_1_457' title='bbox 2070 1957 2187 2011; x_wconf 68' lang='lat' dir='ltr'><strong>haec</strong></span> <span class='ocrx_word' id='word_1_458' title='bbox 2219 1971 2327 2010; x_wconf 90' lang='lat' dir='ltr'><strong>non</strong></span> <span class='ocrx_word' id='word_1_459' title='bbox 2361 1956 2538 2010; x_wconf 89' lang='lat' dir='ltr'><strong>solum</strong></span> <span class='ocrx_word' id='word_1_460' title='bbox 2583 1971 2775 2026; x_wconf 82' lang='lat' dir='ltr'><strong>Opera,</strong></span> <span class='ocrx_word' id='word_1_461' title='bbox 2804 1957 2897 2011; x_wconf 90' lang='lat' dir='ltr'><strong>sed</strong></span> <span class='ocrx_word' id='word_1_462' title='bbox 2934 1971 3099 2025; x_wconf 83' lang='lat' dir='ltr'><strong>opera</strong></span> <span class='ocrx_word' id='word_1_463' title='bbox 3132 1971 3367 2027; x_wconf 85' lang='lat' dir='ltr'><strong>operum</strong></span> <span class='ocrx_word' id='word_1_464' title='bbox 3408 1955 3658 2021; x_wconf 72' lang='lat' dir='ltr'><strong>dixerit;</strong></span> 
     </span>
    </p>
   </div>
   <div class='ocr_carea' id='block_1_64' title="bbox 2069 2046 3665 2117">
    <p class='ocr_par' dir='ltr' id='par_1_64' title="bbox 2069 2046 3665 2117">
     <span class='ocr_line' id='line_1_64' title="bbox 2069 2046 3665 2117; baseline 0.003 -20"><span class='ocrx_word' id='word_1_465' title='bbox 2069 2060 2190 2116; x_wconf 71' lang='lat' dir='ltr'><strong>quae</strong></span> <span class='ocrx_word' id='word_1_466' title='bbox 2214 2062 2346 2102; x_wconf 89' lang='lat' dir='ltr'><strong>vero</strong></span> <span class='ocrx_word' id='word_1_467' title='bbox 2374 2048 2711 2112; x_wconf 89' lang='lat' dir='ltr'><strong>communia,</strong></span> <span class='ocrx_word' id='word_1_468' title='bbox 2745 2056 2799 2103; x_wconf 92' lang='lat' dir='ltr'><strong>et</strong></span> <span class='ocrx_word' id='word_1_469' title='bbox 2824 2047 3113 2117; x_wconf 69' lang='lat' dir='ltr'><strong>praesentis</strong></span> <span class='ocrx_word' id='word_1_470' title='bbox 3166 2048 3343 2103; x_wconf 82' lang='lat' dir='ltr'><strong>solum</strong></span> <span class='ocrx_word' id='word_1_471' title='bbox 3399 2046 3665 2116; x_wconf 88' lang='lat' dir='ltr'><strong>temporis</strong></span> 
     </span>
    </p>
   </div>
   <div class='ocr_carea' id='block_1_65' title="bbox 2067 2139 3660 2211">
    <p class='ocr_par' dir='ltr' id='par_1_65' title="bbox 2067 2139 3660 2211">
     <span class='ocr_line' id='line_1_65' title="bbox 2067 2139 3660 2211; baseline 0 -16"><span class='ocrx_word' id='word_1_472' title='bbox 2067 2155 2235 2209; x_wconf 88' lang='lat' dir='ltr'><strong>opera</strong></span> <span class='ocrx_word' id='word_1_473' title='bbox 2269 2139 2562 2205; x_wconf 75' lang='lat' dir='ltr'><strong>intellexit,</strong></span> <span class='ocrx_word' id='word_1_474' title='bbox 2587 2141 2702 2197; x_wconf 59' lang='lat' dir='ltr'><strong>hac</strong></span> <span class='ocrx_word' id='word_1_475' title='bbox 2728 2140 2903 2195; x_wconf 93' lang='lat' dir='ltr'><strong>solum</strong></span> <span class='ocrx_word' id='word_1_476' title='bbox 2926 2155 3097 2211; x_wconf 83' lang='lat' dir='ltr'><strong>opera</strong></span> <span class='ocrx_word' id='word_1_477' title='bbox 3123 2140 3660 2196; x_wconf 82' lang='lat' dir='ltr'><strong>nominaverit.Sunt</strong></span> 
     </span>
    </p>
   </div>
   <div class='ocr_carea' id='block_1_66' title="bbox 2067 2233 3661 2304">
    <p class='ocr_par' dir='ltr' id='par_1_66' title="bbox 2067 2233 3661 2304">
     <span class='ocr_line' id='line_1_66' title="bbox 2067 2233 3661 2304; baseline 0 -17"><span class='ocrx_word' id='word_1_478' title='bbox 2067 2248 2199 2303; x_wconf 89' lang='lat' dir='ltr'><strong>ergo</strong></span> <span class='ocrx_word' id='word_1_479' title='bbox 2236 2233 2485 2301; x_wconf 68' lang='lat' dir='ltr'><strong>quaedam</strong></span> <span class='ocrx_word' id='word_1_480' title='bbox 2535 2248 2703 2303; x_wconf 89' lang='lat' dir='ltr'><strong>opera</strong></span> <span class='ocrx_word' id='word_1_481' title='bbox 2752 2243 2982 2299; x_wconf 81' lang='lat' dir='ltr'><strong>operum</strong></span> <span class='ocrx_word' id='word_1_482' title='bbox 3028 2247 3152 2302; x_wconf 66' lang='lat' dir='ltr'><strong>qua:</strong></span> <span class='ocrx_word' id='word_1_483' title='bbox 3190 2248 3293 2304; x_wconf 86' lang='lat' dir='ltr'><strong>ego</strong></span> <span class='ocrx_word' id='word_1_484' title='bbox 3370 2243 3503 2302; x_wconf 91' lang='lat' dir='ltr'><strong>puto</strong></span> <span class='ocrx_word' id='word_1_485' title='bbox 3535 2248 3661 2289; x_wconf 84' lang='lat' dir='ltr'><strong>esse</strong></span> 
     </span>
    </p>
   </div>
   <div class='ocr_carea' id='block_1_67' title="bbox 2068 2324 3660 2395">
    <p class='ocr_par' dir='ltr' id='par_1_67' title="bbox 2068 2324 3660 2395">
     <span class='ocr_line' id='line_1_67' title="bbox 2068 2324 3660 2395; baseline 0.001 -17"><span class='ocrx_word' id='word_1_486' title='bbox 2068 2326 2253 2379; x_wconf 89' lang='lat' dir='ltr'><strong>omnia</strong></span> <span class='ocrx_word' id='word_1_487' title='bbox 2293 2328 2432 2390; x_wconf 78' lang='lat' dir='ltr'><strong>lucc,</strong></span> <span class='ocrx_word' id='word_1_488' title='bbox 2460 2326 2525 2380; x_wconf 92' lang='lat' dir='ltr'><strong>de</strong></span> <span class='ocrx_word' id='word_1_489' title='bbox 2554 2324 2754 2395; x_wconf 85' lang='lat' dir='ltr'><strong>quibus</strong></span> <span class='ocrx_word' id='word_1_490' title='bbox 2780 2325 2864 2380; x_wconf 87' lang='lat' dir='ltr'><strong>vel</strong></span> <span class='ocrx_word' id='word_1_491' title='bbox 2901 2325 2952 2379; x_wconf 92' lang='lat' dir='ltr'><strong>in</strong></span> <span class='ocrx_word' id='word_1_492' title='bbox 2999 2327 3255 2395; x_wconf 61' lang='lat' dir='ltr'><strong>praesenti</strong></span> <span class='ocrx_word' id='word_1_493' title='bbox 3293 2326 3545 2392; x_wconf 89' lang='lat' dir='ltr'><strong>lectione,</strong></span> <span class='ocrx_word' id='word_1_494' title='bbox 3574 2324 3660 2379; x_wconf 88' lang='lat' dir='ltr'><strong>vel</strong></span> 
     </span>
    </p>
   </div>
   <div class='ocr_carea' id='block_1_68' title="bbox 2074 2416 3664 2487">
    <p class='ocr_par' dir='ltr' id='par_1_68' title="bbox 2074 2416 3664 2487">
     <span class='ocr_line' id='line_1_68' title="bbox 2074 2416 3664 2487; baseline -0.001 -16"><span class='ocrx_word' id='word_1_495' title='bbox 2074 2417 2128 2471; x_wconf 93' lang='lat' dir='ltr'><strong>iu</strong></span> <span class='ocrx_word' id='word_1_496' title='bbox 2173 2418 2358 2471; x_wconf 82' lang='lat' dir='ltr'><strong>Exodo</strong></span> <span class='ocrx_word' id='word_1_497' title='bbox 2403 2427 2459 2471; x_wconf 88' lang='lat' dir='ltr'><strong>et</strong></span> <span class='ocrx_word' id='word_1_498' title='bbox 2494 2417 2710 2471; x_wconf 68' lang='lat' dir='ltr'><strong>caeteris</strong></span> <span class='ocrx_word' id='word_1_499' title='bbox 2748 2416 2886 2472; x_wconf 87' lang='lat' dir='ltr'><strong>locis</strong></span> <span class='ocrx_word' id='word_1_500' title='bbox 2929 2416 3029 2471; x_wconf 89' lang='lat' dir='ltr'><strong>sub</strong></span> <span class='ocrx_word' id='word_1_501' title='bbox 3073 2417 3310 2473; x_wconf 83' lang='lat' dir='ltr'><strong>occultis</strong></span> <span class='ocrx_word' id='word_1_502' title='bbox 3346 2418 3664 2487; x_wconf 64' lang='lat' dir='ltr'><strong>praecipitur</strong></span> 
     </span>
    </p>
   </div>
   <div class='ocr_carea' id='block_1_69' title="bbox 2072 2508 3667 2578">
    <p class='ocr_par' dir='ltr' id='par_1_69' title="bbox 2072 2508 3667 2578">
     <span class='ocr_line' id='line_1_69' title="bbox 2072 2508 3667 2578; baseline 0.001 -17"><span class='ocrx_word' id='word_1_503' title='bbox 2072 2508 2379 2578; x_wconf 78' lang='lat' dir='ltr'><strong>mysteriis,</strong></span> <span class='ocrx_word' id='word_1_504' title='bbox 2402 2516 2458 2562; x_wconf 90' lang='lat' dir='ltr'><strong>et</strong></span> <span class='ocrx_word' id='word_1_505' title='bbox 2483 2524 2580 2576; x_wconf 92' lang='lat' dir='ltr'><strong>pro</strong></span> <span class='ocrx_word' id='word_1_506' title='bbox 2615 2516 2774 2577; x_wconf 89' lang='lat' dir='ltr'><strong>parte</strong></span> <span class='ocrx_word' id='word_1_507' title='bbox 2798 2508 2851 2562; x_wconf 88' lang='lat' dir='ltr'><strong>in</strong></span> <span class='ocrx_word' id='word_1_508' title='bbox 2886 2509 3164 2576; x_wconf 59' lang='lat' dir='ltr'><strong>presenti,</strong></span> <span class='ocrx_word' id='word_1_509' title='bbox 3204 2524 3303 2578; x_wconf 90' lang='lat' dir='ltr'><strong>pro</strong></span> <span class='ocrx_word' id='word_1_510' title='bbox 3346 2519 3503 2577; x_wconf 90' lang='lat' dir='ltr'><strong>parte</strong></span> <span class='ocrx_word' id='word_1_511' title='bbox 3530 2524 3667 2562; x_wconf 85' lang='lat' dir='ltr'><strong>vero</strong></span> 
     </span>
    </p>
   </div>
   <div class='ocr_carea' id='block_1_70' title="bbox 2074 2599 3661 2669">
    <p class='ocr_par' dir='ltr' id='par_1_70' title="bbox 2074 2599 3661 2669">
     <span class='ocr_line' id='line_1_70' title="bbox 2074 2599 3661 2669; baseline -0.002 -14"><span class='ocrx_word' id='word_1_512' title='bbox 2074 2600 2364 2669; x_wconf 79' lang='lat' dir='ltr'><strong>cxplendis</strong></span> <span class='ocrx_word' id='word_1_513' title='bbox 2420 2599 2472 2653; x_wconf 94' lang='lat' dir='ltr'><strong>in</strong></span> <span class='ocrx_word' id='word_1_514' title='bbox 2533 2600 2798 2655; x_wconf 87' lang='lat' dir='ltr'><strong>futurttm.</strong></span> <span class='ocrx_word' id='word_1_515' title='bbox 2856 2600 2987 2665; x_wconf 80' lang='lat' dir='ltr'><strong>Quze</strong></span> <span class='ocrx_word' id='word_1_516' title='bbox 3021 2610 3227 2667; x_wconf 88' lang='lat' dir='ltr'><strong>tamen,</strong></span> <span class='ocrx_word' id='word_1_517' title='bbox 3284 2614 3344 2655; x_wconf 92' lang='lat' dir='ltr'><strong>ut</strong></span> <span class='ocrx_word' id='word_1_518' title='bbox 3398 2601 3661 2662; x_wconf 74' lang='lat' dir='ltr'><strong>diximus,</strong></span> 
     </span>
    </p>
   </div>
   <div class='ocr_carea' id='block_1_71' title="bbox 2070 2691 3657 2761">
    <p class='ocr_par' dir='ltr' id='par_1_71' title="bbox 2070 2691 3657 2761">
     <span class='ocr_line' id='line_1_71' title="bbox 2070 2691 3657 2761; baseline -0.003 -16"><span class='ocrx_word' id='word_1_519' title='bbox 2070 2708 2239 2761; x_wconf 87' lang='lat' dir='ltr'><strong>opera</strong></span> <span class='ocrx_word' id='word_1_520' title='bbox 2281 2707 2534 2761; x_wconf 91' lang='lat' dir='ltr'><strong>operum,</strong></span> <span class='ocrx_word' id='word_1_521' title='bbox 2582 2707 2689 2745; x_wconf 90' lang='lat' dir='ltr'><strong>non</strong></span> <span class='ocrx_word' id='word_1_522' title='bbox 2725 2691 2973 2757; x_wconf 89' lang='lat' dir='ltr'><strong>cuilibet,</strong></span> <span class='ocrx_word' id='word_1_523' title='bbox 3012 2694 3108 2747; x_wconf 89' lang='lat' dir='ltr'><strong>sed</strong></span> <span class='ocrx_word' id='word_1_524' title='bbox 3142 2692 3346 2747; x_wconf 84' lang='lat' dir='ltr'><strong>Levitis</strong></span> <span class='ocrx_word' id='word_1_525' title='bbox 3386 2692 3520 2746; x_wconf 84' lang='lat' dir='ltr'><strong>solis</strong></span> <span class='ocrx_word' id='word_1_526' title='bbox 3546 2699 3657 2743; x_wconf 78' lang='lat' dir='ltr'><strong>tra-</strong></span> 
     </span>
    </p>
   </div>
   <div class='ocr_carea' id='block_1_72' title="bbox 2072 2786 3663 2855">
    <p class='ocr_par' dir='ltr' id='par_1_72' title="bbox 2072 2786 3663 2855">
     <span class='ocr_line' id='line_1_72' title="bbox 2072 2786 3663 2855; baseline -0.001 -14"><span class='ocrx_word' id='word_1_527' title='bbox 2072 2787 2247 2842; x_wconf 88' lang='lat' dir='ltr'><strong>denda</strong></span> <span class='ocrx_word' id='word_1_528' title='bbox 2287 2787 2635 2843; x_wconf 85' lang='lat' dir='ltr'><strong>mandantur.</strong></span> <span class='ocrx_word' id='word_1_529' title='bbox 2668 2787 2733 2840; x_wconf 85' lang='lat' dir='ltr'><strong>Et</strong></span> <span class='ocrx_word' id='word_1_530' title='bbox 2769 2788 2912 2842; x_wconf 90' lang='lat' dir='ltr'><strong>inter</strong></span> <span class='ocrx_word' id='word_1_531' title='bbox 2952 2787 3166 2842; x_wconf 81' lang='lat' dir='ltr'><strong>Levitas</strong></span> <span class='ocrx_word' id='word_1_532' title='bbox 3191 2788 3341 2855; x_wconf 88' lang='lat' dir='ltr'><strong>ipsos</strong></span> <span class='ocrx_word' id='word_1_533' title='bbox 3372 2801 3476 2841; x_wconf 93' lang='lat' dir='ltr'><strong>non</strong></span> <span class='ocrx_word' id='word_1_534' title='bbox 3507 2786 3663 2855; x_wconf 75' lang='lat' dir='ltr'><strong>prius</strong></span> 
     </span>
    </p>
   </div>
   <div class='ocr_carea' id='block_1_73' title="bbox 2070 2877 3661 2946">
    <p class='ocr_par' dir='ltr' id='par_1_73' title="bbox 2070 2877 3661 2946">
     <span class='ocr_line' id='line_1_73' title="bbox 2070 2877 3661 2946; baseline -0.001 -16"><span class='ocrx_word' id='word_1_535' title='bbox 2070 2880 2138 2931; x_wconf 90' lang='lat' dir='ltr'><strong>ad</strong></span> <span class='ocrx_word' id='word_1_536' title='bbox 2181 2877 2295 2931; x_wconf 72' lang='lat' dir='ltr'><strong>haec</strong></span> <span class='ocrx_word' id='word_1_537' title='bbox 2328 2892 2491 2946; x_wconf 82' lang='lat' dir='ltr'><strong>Opera</strong></span> <span class='ocrx_word' id='word_1_538' title='bbox 2533 2877 2822 2946; x_wconf 87' lang='lat' dir='ltr'><strong>quisquam</strong></span> <span class='ocrx_word' id='word_1_539' title='bbox 2870 2888 3140 2941; x_wconf 86' lang='lat' dir='ltr'><strong>vocatur,</strong></span> <span class='ocrx_word' id='word_1_540' title='bbox 3190 2878 3293 2933; x_wconf 91' lang='lat' dir='ltr'><strong>nisi</strong></span> <span class='ocrx_word' id='word_1_541' title='bbox 3330 2893 3360 2931; x_wconf 88' lang='lat' dir='ltr'><strong>a</strong></span> <span class='ocrx_word' id='word_1_542' title='bbox 3394 2877 3661 2931; x_wconf 90' lang='lat' dir='ltr'><strong>vicesimo</strong></span> 
     </span>
    </p>
   </div>
   <div class='ocr_carea' id='block_1_74' title="bbox 2068 2966 3661 3037">
    <p class='ocr_par' dir='ltr' id='par_1_74' title="bbox 2068 2966 3661 3037">
     <span class='ocr_line' id='line_1_74' title="bbox 2068 2966 3661 3037; baseline -0.004 -15"><span class='ocrx_word' id='word_1_543' title='bbox 2068 2968 2288 3022; x_wconf 89' lang='lat' dir='ltr'><strong>demum</strong></span> <span class='ocrx_word' id='word_1_544' title='bbox 2323 2976 2379 3022; x_wconf 87' lang='lat' dir='ltr'><strong>et</strong></span> <span class='ocrx_word' id='word_1_545' title='bbox 2401 2968 2597 3036; x_wconf 84' lang='lat' dir='ltr'><strong>quinto</strong></span> <span class='ocrx_word' id='word_1_546' title='bbox 2625 2982 2770 3021; x_wconf 91' lang='lat' dir='ltr'><strong>anno</strong></span> <span class='ocrx_word' id='word_1_547' title='bbox 2798 2970 2923 3022; x_wconf 75' lang='lat' dir='ltr'><strong>vita:</strong></span> <span class='ocrx_word' id='word_1_548' title='bbox 2952 2982 3063 3021; x_wconf 73' lang='lat' dir='ltr'><strong>sua:</strong></span> <span class='ocrx_word' id='word_1_549' title='bbox 3097 2982 3267 3037; x_wconf 88' lang='lat' dir='ltr'><strong>usque</strong></span> <span class='ocrx_word' id='word_1_550' title='bbox 3294 2966 3360 3020; x_wconf 88' lang='lat' dir='ltr'><strong>ad</strong></span> <span class='ocrx_word' id='word_1_551' title='bbox 3393 2966 3661 3036; x_wconf 88' lang='lat' dir='ltr'><strong>quinqua-</strong></span> 
     </span>
    </p>
   </div>
   <div class='ocr_carea' id='block_1_75' title="bbox 2070 3056 3666 3128">
    <p class='ocr_par' dir='ltr' id='par_1_75' title="bbox 2070 3056 3666 3128">
     <span class='ocr_line' id='line_1_75' title="bbox 2070 3056 3666 3128; baseline -0.002 -14"><span class='ocrx_word' id='word_1_552' title='bbox 2070 3060 2361 3128; x_wconf 82' lang='lat' dir='ltr'><strong>gesimum.</strong></span> <span class='ocrx_word' id='word_1_553' title='bbox 2401 3057 2507 3113; x_wconf 87' lang='lat' dir='ltr'><strong>Sed</strong></span> <span class='ocrx_word' id='word_1_554' title='bbox 2545 3075 2652 3113; x_wconf 91' lang='lat' dir='ltr'><strong>non</strong></span> <span class='ocrx_word' id='word_1_555' title='bbox 2688 3067 2841 3112; x_wconf 82' lang='lat' dir='ltr'><strong>caret</strong></span> <span class='ocrx_word' id='word_1_556' title='bbox 2884 3069 3233 3114; x_wconf 88' lang='lat' dir='ltr'><strong>sacramento</strong></span> <span class='ocrx_word' id='word_1_557' title='bbox 3270 3073 3337 3113; x_wconf 88' lang='lat' dir='ltr'><strong>ne</strong></span> <span class='ocrx_word' id='word_1_558' title='bbox 3385 3058 3501 3128; x_wconf 90' lang='lat' dir='ltr'><strong>ipse</strong></span> <span class='ocrx_word' id='word_1_559' title='bbox 3538 3056 3666 3127; x_wconf 85' lang='lat' dir='ltr'><strong>qui-</strong></span> 
     </span>
    </p>
   </div>
   <div class='ocr_carea' id='block_1_76' title="bbox 2071 3150 3663 3222">
    <p class='ocr_par' dir='ltr' id='par_1_76' title="bbox 2071 3150 3663 3222">
     <span class='ocr_line' id='line_1_76' title="bbox 2071 3150 3663 3222; baseline -0.003 -15"><span class='ocrx_word' id='word_1_560' title='bbox 2071 3153 2193 3207; x_wconf 87' lang='lat' dir='ltr'><strong>dem</strong></span> <span class='ocrx_word' id='word_1_561' title='bbox 2224 3151 2413 3222; x_wconf 79' lang='lat' dir='ltr'><strong>viginti</strong></span> <span class='ocrx_word' id='word_1_562' title='bbox 2445 3152 2687 3222; x_wconf 87' lang='lat' dir='ltr'><strong>quinque</strong></span> <span class='ocrx_word' id='word_1_563' title='bbox 2713 3160 2767 3205; x_wconf 91' lang='lat' dir='ltr'><strong>et</strong></span> <span class='ocrx_word' id='word_1_564' title='bbox 2793 3150 3189 3222; x_wconf 74' lang='lat' dir='ltr'><strong>quinquaginta</strong></span> <span class='ocrx_word' id='word_1_565' title='bbox 3209 3165 3470 3206; x_wconf 80' lang='lat' dir='ltr'><strong>numerus</strong></span> <span class='ocrx_word' id='word_1_566' title='bbox 3489 3165 3663 3204; x_wconf 82' lang='lat' dir='ltr'><strong>anno-</strong></span> 
     </span>
    </p>
   </div>
   <div class='ocr_carea' id='block_1_77' title="bbox 2075 3243 3666 3314">
    <p class='ocr_par' dir='ltr' id='par_1_77' title="bbox 2075 3243 3666 3314">
     <span class='ocr_line' id='line_1_77' title="bbox 2075 3243 3666 3314; baseline -0.001 -16"><span class='ocrx_word' id='word_1_567' title='bbox 2075 3260 2217 3301; x_wconf 86' lang='lat' dir='ltr'><strong>rum.</strong></span> <span class='ocrx_word' id='word_1_568' title='bbox 2239 3243 2373 3298; x_wconf 86' lang='lat' dir='ltr'><strong>Nam</strong></span> <span class='ocrx_word' id='word_1_569' title='bbox 2410 3246 2464 3299; x_wconf 90' lang='lat' dir='ltr'><strong>in</strong></span> <span class='ocrx_word' id='word_1_570' title='bbox 2502 3244 2690 3312; x_wconf 86' lang='lat' dir='ltr'><strong>viginti</strong></span> <span class='ocrx_word' id='word_1_571' title='bbox 2720 3245 2963 3314; x_wconf 81' lang='lat' dir='ltr'><strong>quinque</strong></span> <span class='ocrx_word' id='word_1_572' title='bbox 2996 3258 3249 3307; x_wconf 81' lang='lat' dir='ltr'><strong>numero,</strong></span> <span class='ocrx_word' id='word_1_573' title='bbox 3282 3244 3524 3313; x_wconf 88' lang='lat' dir='ltr'><strong>quinque</strong></span> <span class='ocrx_word' id='word_1_574' title='bbox 3547 3258 3666 3297; x_wconf 80' lang='lat' dir='ltr'><strong>sen-</strong></span> 
     </span>
    </p>
   </div>
   <div class='ocr_carea' id='block_1_78' title="bbox 2072 3336 3667 3406">
    <p class='ocr_par' dir='ltr' id='par_1_78' title="bbox 2072 3336 3667 3406">
     <span class='ocr_line' id='line_1_78' title="bbox 2072 3336 3667 3406; baseline -0.001 -15"><span class='ocrx_word' id='word_1_575' title='bbox 2072 3351 2235 3391; x_wconf 87' lang='lat' dir='ltr'><strong>suum</strong></span> <span class='ocrx_word' id='word_1_576' title='bbox 2286 3336 2554 3406; x_wconf 82' lang='lat' dir='ltr'><strong>perfectio</strong></span> <span class='ocrx_word' id='word_1_577' title='bbox 2587 3337 2920 3402; x_wconf 85' lang='lat' dir='ltr'><strong>declaratur,</strong></span> <span class='ocrx_word' id='word_1_578' title='bbox 2968 3338 3041 3390; x_wconf 87' lang='lat' dir='ltr'><strong>ita</strong></span> <span class='ocrx_word' id='word_1_579' title='bbox 3080 3348 3131 3389; x_wconf 92' lang='lat' dir='ltr'><strong>ut</strong></span> <span class='ocrx_word' id='word_1_580' title='bbox 3163 3336 3459 3405; x_wconf 88' lang='lat' dir='ltr'><strong>quinquies</strong></span> <span class='ocrx_word' id='word_1_581' title='bbox 3494 3336 3667 3404; x_wconf 78' lang='lat' dir='ltr'><strong>quina</strong></span> 
     </span>
    </p>
   </div>
   <div class='ocr_carea' id='block_1_79' title="bbox 2074 3426 3667 3497">
    <p class='ocr_par' dir='ltr' id='par_1_79' title="bbox 2074 3426 3667 3497">
     <span class='ocr_line' id='line_1_79' title="bbox 2074 3426 3667 3497; baseline -0.004 -11"><span class='ocrx_word' id='word_1_582' title='bbox 2074 3440 2459 3486; x_wconf 89' lang='lat' dir='ltr'><strong>numerentur.</strong></span> <span class='ocrx_word' id='word_1_583' title='bbox 2493 3429 2652 3497; x_wconf 85' lang='lat' dir='ltr'><strong>Quod</strong></span> <span class='ocrx_word' id='word_1_584' title='bbox 2706 3429 2894 3497; x_wconf 87' lang='lat' dir='ltr'><strong>utique</strong></span> <span class='ocrx_word' id='word_1_585' title='bbox 2940 3428 3147 3482; x_wconf 90' lang='lat' dir='ltr'><strong>indicat</strong></span> <span class='ocrx_word' id='word_1_586' title='bbox 3192 3442 3318 3483; x_wconf 86' lang='lat' dir='ltr'><strong>eum</strong></span> <span class='ocrx_word' id='word_1_587' title='bbox 3367 3426 3550 3481; x_wconf 86' lang='lat' dir='ltr'><strong>vocari</strong></span> <span class='ocrx_word' id='word_1_588' title='bbox 3596 3427 3667 3480; x_wconf 91' lang='lat' dir='ltr'><strong>ad</strong></span> 
     </span>
    </p>
   </div>
   <div class='ocr_carea' id='block_1_80' title="bbox 2072 3516 3668 3592">
    <p class='ocr_par' dir='ltr' id='par_1_80' title="bbox 2072 3516 3668 3592">
     <span class='ocr_line' id='line_1_80' title="bbox 2072 3516 3668 3592; baseline -0.004 -16"><span class='ocrx_word' id='word_1_589' title='bbox 2072 3537 2240 3592; x_wconf 87' lang='lat' dir='ltr'><strong>opera</strong></span> <span class='ocrx_word' id='word_1_590' title='bbox 2274 3537 2505 3590; x_wconf 88' lang='lat' dir='ltr'><strong>Opcrum</strong></span> <span class='ocrx_word' id='word_1_591' title='bbox 2532 3522 2584 3575; x_wconf 92' lang='lat' dir='ltr'><strong>in</strong></span> <span class='ocrx_word' id='word_1_592' title='bbox 2619 3522 2886 3590; x_wconf 84' lang='lat' dir='ltr'><strong>mysterio</strong></span> <span class='ocrx_word' id='word_1_593' title='bbox 2914 3517 3227 3590; x_wconf 83' lang='lat' dir='ltr'><strong>peragenda</strong></span> <span class='ocrx_word' id='word_1_594' title='bbox 3248 3557 3264 3582; x_wconf 97' lang='lat'><strong>,</strong></span> <span class='ocrx_word' id='word_1_595' title='bbox 3297 3516 3390 3587; x_wconf 83' lang='lat' dir='ltr'><strong>qui</strong></span> <span class='ocrx_word' id='word_1_596' title='bbox 3420 3532 3487 3571; x_wconf 82' lang='lat' dir='ltr'><strong>ex</strong></span> <span class='ocrx_word' id='word_1_597' title='bbox 3515 3518 3668 3571; x_wconf 77' lang='lat' dir='ltr'><strong>eunti</strong></span> 
     </span>
    </p>
   </div>
   <div class='ocr_carea' id='block_1_81' title="bbox 2074 3607 3666 3685">
    <p class='ocr_par' dir='ltr' id='par_1_81' title="bbox 2074 3607 3666 3685">
     <span class='ocr_line' id='line_1_81' title="bbox 2074 3607 3666 3685; baseline -0.004 -18"><span class='ocrx_word' id='word_1_598' title='bbox 2074 3623 2229 3685; x_wconf 89' lang='lat' dir='ltr'><strong>parte</strong></span> <span class='ocrx_word' id='word_1_599' title='bbox 2265 3611 2646 3680; x_wconf 79' lang='lat' dir='ltr'><strong>multiplicatis</strong></span> <span class='ocrx_word' id='word_1_600' title='bbox 2676 3622 2731 3665; x_wconf 92' lang='lat' dir='ltr'><strong>et</strong></span> <span class='ocrx_word' id='word_1_601' title='bbox 2756 3610 3063 3680; x_wconf 83' lang='lat' dir='ltr'><strong>puriticatis</strong></span> <span class='ocrx_word' id='word_1_602' title='bbox 3101 3609 3353 3664; x_wconf 87' lang='lat' dir='ltr'><strong>sensibus</strong></span> <span class='ocrx_word' id='word_1_603' title='bbox 3386 3607 3666 3663; x_wconf 90' lang='lat' dir='ltr'><strong>invenitur</strong></span> 
     </span>
    </p>
   </div>
   <div class='ocr_carea' id='block_1_82' title="bbox 2076 3704 3669 3776">
    <p class='ocr_par' dir='ltr' id='par_1_82' title="bbox 2076 3704 3669 3776">
     <span class='ocr_line' id='line_1_82' title="bbox 2076 3704 3669 3776; baseline -0.003 -17"><span class='ocrx_word' id='word_1_604' title='bbox 2076 3721 2203 3760; x_wconf 89' lang='lat' dir='ltr'><strong>esse</strong></span> <span class='ocrx_word' id='word_1_605' title='bbox 2264 3707 2561 3776; x_wconf 88' lang='lat' dir='ltr'><strong>perfectus.</strong></span> <span class='ocrx_word' id='word_1_606' title='bbox 2616 3704 3110 3773; x_wconf 77' lang='lat' dir='ltr'><strong>Quinmragt-simus</strong></span> <span class='ocrx_word' id='word_1_607' title='bbox 3167 3711 3346 3757; x_wconf 88' lang='lat' dir='ltr'><strong>autem</strong></span> <span class='ocrx_word' id='word_1_608' title='bbox 3408 3714 3669 3755; x_wconf 83' lang='lat' dir='ltr'><strong>numerus</strong></span> 
     </span>
    </p>
   </div>
   <div class='ocr_carea' id='block_1_83' title="bbox 2075 3792 3663 3863">
    <p class='ocr_par' dir='ltr' id='par_1_83' title="bbox 2075 3792 3663 3863">
     <span class='ocr_line' id='line_1_83' title="bbox 2075 3792 3663 3863; baseline -0.003 -17"><span class='ocrx_word' id='word_1_609' title='bbox 2075 3793 2220 3861; x_wconf 89' lang='lat' dir='ltr'><strong>quod</strong></span> <span class='ocrx_word' id='word_1_610' title='bbox 2280 3792 2619 3848; x_wconf 88' lang='lat' dir='ltr'><strong>remissionis</strong></span> <span class='ocrx_word' id='word_1_611' title='bbox 2648 3801 2700 3847; x_wconf 89' lang='lat' dir='ltr'><strong>et</strong></span> <span class='ocrx_word' id='word_1_612' title='bbox 2736 3792 3088 3863; x_wconf 80' lang='lat' dir='ltr'><strong>indulgentia:</strong></span> <span class='ocrx_word' id='word_1_613' title='bbox 3121 3801 3305 3846; x_wconf 88' lang='lat' dir='ltr'><strong>teneat</strong></span> <span class='ocrx_word' id='word_1_614' title='bbox 3348 3805 3663 3845; x_wconf 87' lang='lat' dir='ltr'><strong>sacramen-</strong></span> 
     </span>
    </p>
   </div>
   <div class='ocr_carea' id='block_1_84' title="bbox 2078 3884 3667 3956">
    <p class='ocr_par' dir='ltr' id='par_1_84' title="bbox 2078 3884 3667 3956">
     <span class='ocr_line' id='line_1_84' title="bbox 2078 3884 3667 3956; baseline -0.003 -16"><span class='ocrx_word' id='word_1_615' title='bbox 2078 3896 2214 3949; x_wconf 89' lang='lat' dir='ltr'><strong>tmu,</strong></span> <span class='ocrx_word' id='word_1_616' title='bbox 2252 3885 2306 3940; x_wconf 93' lang='lat' dir='ltr'><strong>in</strong></span> <span class='ocrx_word' id='word_1_617' title='bbox 2340 3886 2527 3940; x_wconf 84' lang='lat' dir='ltr'><strong>multis</strong></span> <span class='ocrx_word' id='word_1_618' title='bbox 2558 3885 2973 3956; x_wconf 86' lang='lat' dir='ltr'><strong>Scripturarurn</strong></span> <span class='ocrx_word' id='word_1_619' title='bbox 3004 3884 3143 3939; x_wconf 86' lang='lat' dir='ltr'><strong>locis</strong></span> <span class='ocrx_word' id='word_1_620' title='bbox 3196 3897 3340 3951; x_wconf 57' lang='lat' dir='ltr'><strong>sape</strong></span> <span class='ocrx_word' id='word_1_621' title='bbox 3394 3891 3447 3938; x_wconf 89' lang='lat' dir='ltr'><strong>ct</strong></span> <span class='ocrx_word' id='word_1_622' title='bbox 3489 3885 3667 3936; x_wconf 84' lang='lat' dir='ltr'><strong>abun-</strong></span> 
     </span>
    </p>
   </div>
   <div class='ocr_carea' id='block_1_85' title="bbox 2076 3976 3669 4046">
    <p class='ocr_par' dir='ltr' id='par_1_85' title="bbox 2076 3976 3669 4046">
     <span class='ocr_line' id='line_1_85' title="bbox 2076 3976 3669 4046; baseline -0.002 -13"><span class='ocrx_word' id='word_1_623' title='bbox 2076 3978 2269 4033; x_wconf 88' lang='lat' dir='ltr'><strong>danter</strong></span> <span class='ocrx_word' id='word_1_624' title='bbox 2291 3978 2657 4034; x_wconf 82' lang='lat' dir='ltr'><strong>ostendimus.</strong></span> <span class='ocrx_word' id='word_1_625' title='bbox 2704 3977 2842 4031; x_wconf 84' lang='lat' dir='ltr'><strong>Nam</strong></span> <span class='ocrx_word' id='word_1_626' title='bbox 2878 3985 2932 4031; x_wconf 90' lang='lat' dir='ltr'><strong>et</strong></span> <span class='ocrx_word' id='word_1_627' title='bbox 2960 3976 3445 4046; x_wconf 83' lang='lat' dir='ltr'><strong>quinquagesitnus</strong></span> <span class='ocrx_word' id='word_1_628' title='bbox 3490 3989 3669 4030; x_wconf 78' lang='lat' dir='ltr'><strong>annus</strong></span> 
     </span>
    </p>
   </div>
   <div class='ocr_carea' id='block_1_86' title="bbox 2077 4068 3667 4140">
    <p class='ocr_par' dir='ltr' id='par_1_86' title="bbox 2077 4068 3667 4140">
     <span class='ocr_line' id='line_1_86' title="bbox 2077 4068 3667 4140; baseline -0.002 -16"><span class='ocrx_word' id='word_1_629' title='bbox 2077 4080 2164 4125; x_wconf 88' lang='lat' dir='ltr'><strong>est</strong></span> <span class='ocrx_word' id='word_1_630' title='bbox 2193 4072 2283 4140; x_wconf 91' lang='lat' dir='ltr'><strong>qui</strong></span> <span class='ocrx_word' id='word_1_631' title='bbox 2313 4081 2369 4127; x_wconf 90' lang='lat' dir='ltr'><strong>ct</strong></span> <span class='ocrx_word' id='word_1_632' title='bbox 2388 4070 2642 4139; x_wconf 73' lang='lat' dir='ltr'><strong>jubilams</strong></span> <span class='ocrx_word' id='word_1_633' title='bbox 2670 4069 2872 4124; x_wconf 89' lang='lat' dir='ltr'><strong>dicitur</strong></span> <span class='ocrx_word' id='word_1_634' title='bbox 2911 4073 3053 4139; x_wconf 86' lang='lat' dir='ltr'><strong>apud</strong></span> <span class='ocrx_word' id='word_1_635' title='bbox 3085 4068 3371 4135; x_wconf 71' lang='lat' dir='ltr'><strong>Hebrazos,</strong></span> <span class='ocrx_word' id='word_1_636' title='bbox 3398 4068 3452 4121; x_wconf 92' lang='lat' dir='ltr'><strong>iu</strong></span> <span class='ocrx_word' id='word_1_637' title='bbox 3481 4084 3589 4137; x_wconf 92' lang='lat' dir='ltr'><strong>quo</strong></span> <span class='ocrx_word' id='word_1_638' title='bbox 3610 4076 3667 4123; x_wconf 81' lang='lat' dir='ltr'><strong>et</strong></span> 
     </span>
    </p>
   </div>
   <div class='ocr_carea' id='block_1_87' title="bbox 2080 4160 3668 4230">
    <p class='ocr_par' dir='ltr' id='par_1_87' title="bbox 2080 4160 3668 4230">
     <span class='ocr_line' id='line_1_87' title="bbox 2080 4160 3668 4230; baseline 0.001 -17"><span class='ocrx_word' id='word_1_639' title='bbox 2080 4163 2491 4230; x_wconf 84' lang='lat' dir='ltr'><strong>possessionum</strong></span> <span class='ocrx_word' id='word_1_640' title='bbox 2520 4176 2574 4217; x_wconf 89' lang='lat' dir='ltr'><strong>et</strong></span> <span class='ocrx_word' id='word_1_641' title='bbox 2605 4162 2891 4218; x_wconf 86' lang='lat' dir='ltr'><strong>servitutis</strong></span> <span class='ocrx_word' id='word_1_642' title='bbox 2920 4172 2976 4217; x_wconf 91' lang='lat' dir='ltr'><strong>et</strong></span> <span class='ocrx_word' id='word_1_643' title='bbox 3016 4160 3183 4216; x_wconf 76' lang='lat' dir='ltr'><strong>debiti</strong></span> <span class='ocrx_word' id='word_1_644' title='bbox 3216 4161 3274 4215; x_wconf 78' lang='lat' dir='ltr'><strong>fit</strong></span> <span class='ocrx_word' id='word_1_645' title='bbox 3309 4162 3581 4227; x_wconf 84' lang='lat' dir='ltr'><strong>remissio,</strong></span> <span class='ocrx_word' id='word_1_646' title='bbox 3611 4170 3668 4215; x_wconf 89' lang='lat' dir='ltr'><strong>et</strong></span> 
     </span>
    </p>
   </div>
   <div class='ocr_carea' id='block_1_88' title="bbox 2080 4252 3671 4325">
    <p class='ocr_par' dir='ltr' id='par_1_88' title="bbox 2080 4252 3671 4325">
     <span class='ocr_line' id='line_1_88' title="bbox 2080 4252 3671 4325; baseline -0.001 -17"><span class='ocrx_word' id='word_1_647' title='bbox 2080 4254 2722 4325; x_wconf 67' lang='lat' dir='ltr'><strong>quinquagesimus/dies</strong></span> <span class='ocrx_word' id='word_1_648' title='bbox 2750 4265 2873 4325; x_wconf 88' lang='lat' dir='ltr'><strong>post</strong></span> <span class='ocrx_word' id='word_1_649' title='bbox 2897 4254 3106 4309; x_wconf 84' lang='lat' dir='ltr'><strong>Pascha</strong></span> <span class='ocrx_word' id='word_1_650' title='bbox 3141 4254 3313 4308; x_wconf 83' lang='lat' dir='ltr'><strong>festus</strong></span> <span class='ocrx_word' id='word_1_651' title='bbox 3350 4254 3587 4306; x_wconf 91' lang='lat' dir='ltr'><strong>traditur</strong></span> <span class='ocrx_word' id='word_1_652' title='bbox 3611 4252 3671 4306; x_wconf 77' lang='lat' dir='ltr'><strong>in</strong></span> 
     </span>
    </p>
   </div>
   <div class='ocr_carea' id='block_1_89' title="bbox 2081 4341 3666 4416">
    <p class='ocr_par' dir='ltr' id='par_1_89' title="bbox 2081 4341 3666 4416">
     <span class='ocr_line' id='line_1_89' title="bbox 2081 4341 3666 4416; baseline -0.004 -17"><span class='ocrx_word' id='word_1_653' title='bbox 2081 4347 2219 4416; x_wconf 85' lang='lat' dir='ltr'><strong>lege.</strong></span> <span class='ocrx_word' id='word_1_654' title='bbox 2246 4346 2354 4400; x_wconf 84' lang='lat' dir='ltr'><strong>Sed</strong></span> <span class='ocrx_word' id='word_1_655' title='bbox 2382 4354 2437 4399; x_wconf 88' lang='lat' dir='ltr'><strong>et</strong></span> <span class='ocrx_word' id='word_1_656' title='bbox 2469 4345 2733 4400; x_wconf 87' lang='lat' dir='ltr'><strong>Dominus</strong></span> <span class='ocrx_word' id='word_1_657' title='bbox 2762 4347 2815 4399; x_wconf 92' lang='lat' dir='ltr'><strong>iu</strong></span> <span class='ocrx_word' id='word_1_658' title='bbox 2860 4344 3163 4414; x_wconf 78' lang='lat' dir='ltr'><strong>Evangelio</strong></span> <span class='ocrx_word' id='word_1_659' title='bbox 3196 4358 3320 4396; x_wconf 91' lang='lat' dir='ltr'><strong>cum</strong></span> <span class='ocrx_word' id='word_1_660' title='bbox 3350 4341 3666 4410; x_wconf 78' lang='lat' dir='ltr'><strong>parabolatn</strong></span> 
     </span>
    </p>
   </div>
   <div class='ocr_carea' id='block_1_90' title="bbox 2081 4435 3673 4505">
    <p class='ocr_par' dir='ltr' id='par_1_90' title="bbox 2081 4435 3673 4505">
     <span class='ocr_line' id='line_1_90' title="bbox 2081 4435 3673 4505; baseline -0.004 -13"><span class='ocrx_word' id='word_1_661' title='bbox 2081 4438 2426 4494; x_wconf 86' lang='lat' dir='ltr'><strong>remissionis</strong></span> <span class='ocrx_word' id='word_1_662' title='bbox 2452 4438 2675 4493; x_wconf 86' lang='lat' dir='ltr'><strong>doceret</strong></span> <span class='ocrx_word' id='word_1_663' title='bbox 2718 4448 2773 4491; x_wconf 91' lang='lat' dir='ltr'><strong>et</strong></span> <span class='ocrx_word' id='word_1_664' title='bbox 2821 4435 3199 4505; x_wconf 61' lang='lat' dir='ltr'><strong>indulgentia,</strong></span> <span class='ocrx_word' id='word_1_665' title='bbox 3227 4435 3501 4487; x_wconf 85' lang='lat' dir='ltr'><strong>debitores</strong></span> <span class='ocrx_word' id='word_1_666' title='bbox 3529 4448 3673 4501; x_wconf 89' lang='lat' dir='ltr'><strong>quos</strong></span> 
     </span>
    </p>
   </div>
   <div class='ocr_carea' id='block_1_91' title="bbox 385 4522 3669 4608">
    <p class='ocr_par' dir='ltr' id='par_1_91' title="bbox 385 4522 3669 4608">
     <span class='ocr_line' id='line_1_91' title="bbox 385 4522 3669 4608; baseline -0.004 -24"><span class='ocrx_word' id='word_1_667' title='bbox 385 4530 669 4601; x_wconf 84' lang='lat' dir='ltr'><strong>mysteria,</strong></span> <span class='ocrx_word' id='word_1_668' title='bbox 727 4530 832 4585; x_wconf 89' lang='lat' dir='ltr'><strong>nisi</strong></span> <span class='ocrx_word' id='word_1_669' title='bbox 886 4531 1009 4600; x_wconf 88' lang='lat' dir='ltr'><strong>quis</strong></span> <span class='ocrx_word' id='word_1_670' title='bbox 1057 4530 1131 4584; x_wconf 86' lang='lat' dir='ltr'><strong>sit</strong></span> <span class='ocrx_word' id='word_1_671' title='bbox 1161 4528 1308 4585; x_wconf 92' lang='lat' dir='ltr'><strong>inter</strong></span> <span class='ocrx_word' id='word_1_672' title='bbox 1346 4544 1447 4585; x_wconf 91' lang='lat' dir='ltr'><strong>nos</strong></span> <span class='ocrx_word' id='word_1_673' title='bbox 1483 4530 1664 4585; x_wconf 84' lang='lat' dir='ltr'><strong>Aaron</strong></span> <span class='ocrx_word' id='word_1_674' title='bbox 1697 4541 1792 4585; x_wconf 92' lang='lat' dir='ltr'><strong>aut</strong></span> <span class='ocrx_word' id='word_1_675' title='bbox 1829 4531 1974 4588; x_wconf 79' lang='lat' dir='ltr'><strong>filius</strong></span> <span class='ocrx_word' id='word_1_676' title='bbox 2006 4552 2050 4608; x_wconf 83' lang='grc' dir='ltr'>ι)</span> <span class='ocrx_word' id='word_1_677' title='bbox 2084 4530 2404 4597; x_wconf 91' lang='lat' dir='ltr'><strong>introducit,</strong></span> <span class='ocrx_word' id='word_1_678' title='bbox 2436 4544 2601 4584; x_wconf 88' lang='lat' dir='ltr'><strong>unum</strong></span> <span class='ocrx_word' id='word_1_679' title='bbox 2629 4530 2683 4585; x_wconf 85' lang='lat' dir='ltr'><strong>in</strong></span> <span class='ocrx_word' id='word_1_680' title='bbox 2712 4528 3129 4598; x_wconf 85' lang='lat' dir='ltr'><strong>quinquaginta,</strong></span> <span class='ocrx_word' id='word_1_681' title='bbox 3156 4534 3211 4578; x_wconf 91' lang='lat' dir='ltr'><strong>et</strong></span> <span class='ocrx_word' id='word_1_682' title='bbox 3233 4524 3398 4577; x_wconf 85' lang='lat' dir='ltr'><strong>alium</strong></span> <span class='ocrx_word' id='word_1_683' title='bbox 3427 4522 3483 4576; x_wconf 92' lang='lat' dir='ltr'><strong>iu</strong></span> <span class='ocrx_word' id='word_1_684' title='bbox 3507 4522 3669 4590; x_wconf 83' lang='lat' dir='ltr'><strong>quin-</strong></span> 
     </span>
    </p>
   </div>
   <div class='ocr_carea' id='block_1_92' title="bbox 385 4621 1973 4693">
    <p class='ocr_par' dir='ltr' id='par_1_92' title="bbox 385 4621 1973 4693">
     <span class='ocr_line' id='line_1_92' title="bbox 385 4621 1973 4693; baseline 0.001 -18"><span class='ocrx_word' id='word_1_685' title='bbox 385 4627 591 4689; x_wconf 77' lang='lat' dir='ltr'><strong>Aaron,</strong></span> <span class='ocrx_word' id='word_1_686' title='bbox 626 4622 825 4691; x_wconf 86' lang='lat' dir='ltr'><strong>quibus</strong></span> <span class='ocrx_word' id='word_1_687' title='bbox 856 4623 959 4676; x_wconf 90' lang='lat' dir='ltr'><strong>ista</strong></span> <span class='ocrx_word' id='word_1_688' title='bbox 984 4621 1307 4677; x_wconf 90' lang='lat' dir='ltr'><strong>conceditur</strong></span> <span class='ocrx_word' id='word_1_689' title='bbox 1327 4623 1468 4677; x_wconf 88' lang='lat' dir='ltr'><strong>nuda</strong></span> <span class='ocrx_word' id='word_1_690' title='bbox 1497 4634 1551 4676; x_wconf 91' lang='lat' dir='ltr'><strong>et</strong></span> <span class='ocrx_word' id='word_1_691' title='bbox 1577 4622 1818 4677; x_wconf 88' lang='lat' dir='ltr'><strong>revelata</strong></span> <span class='ocrx_word' id='word_1_692' title='bbox 1848 4638 1973 4693; x_wconf 91' lang='lat' dir='ltr'><strong>per-</strong></span> 
     </span>
    </p>
   </div>
   <div class='ocr_carea' id='block_1_93' title="bbox 387 4712 1975 4787">
    <p class='ocr_par' dir='ltr' id='par_1_93' title="bbox 387 4712 1975 4787">
     <span class='ocr_line' id='line_1_93' title="bbox 387 4712 1975 4787; baseline 0.001 -19"><span class='ocrx_word' id='word_1_693' title='bbox 387 4713 618 4783; x_wconf 80' lang='lat' dir='ltr'><strong>spicere.</strong></span> <span class='ocrx_word' id='word_1_694' title='bbox 658 4712 735 4767; x_wconf 86' lang='lat' dir='ltr'><strong>lta</strong></span> <span class='ocrx_word' id='word_1_695' title='bbox 762 4724 946 4769; x_wconf 90' lang='lat' dir='ltr'><strong>tamen</strong></span> <span class='ocrx_word' id='word_1_696' title='bbox 966 4715 1380 4787; x_wconf 83' lang='lat' dir='ltr'><strong>conceditur,ut</strong></span> <span class='ocrx_word' id='word_1_697' title='bbox 1407 4714 1586 4770; x_wconf 87' lang='lat' dir='ltr'><strong>sciant</strong></span> <span class='ocrx_word' id='word_1_698' title='bbox 1614 4713 1716 4770; x_wconf 85' lang='lat' dir='ltr'><strong>sibi</strong></span> <span class='ocrx_word' id='word_1_699' title='bbox 1742 4714 1975 4769; x_wconf 89' lang='lat' dir='ltr'><strong>velanda</strong></span> 
     </span>
    </p>
   </div>
   <div class='ocr_carea' id='block_1_94' title="bbox 484 4805 955 4872">
    <p class='ocr_par' dir='ltr' id='par_1_94' title="bbox 484 4805 955 4872">
     <span class='ocr_line' id='line_1_94' title="bbox 484 4805 955 4872; baseline 0.002 -12"><span class='ocrx_word' id='word_1_700' title='bbox 484 4807 530 4840; x_wconf 82' lang='grc'>¹⁸</span> <span class='ocrx_word' id='word_1_701' title='bbox 558 4805 720 4860; x_wconf 85' lang='lat' dir='ltr'><strong>Num.</strong></span> <span class='ocrx_word' id='word_1_702' title='bbox 754 4821 832 4872; x_wconf 84' lang='lat' dir='ltr'><strong>tv,</strong></span> <span class='ocrx_word' id='word_1_703' title='bbox 862 4807 955 4861; x_wconf 73' lang='grc'><strong>47.</strong></span> 
     </span>
    </p>
   </div>
   <div class='ocr_carea' id='block_1_95' title="bbox 460 4898 1971 4969">
    <p class='ocr_par' dir='ltr' id='par_1_95' title="bbox 460 4898 1971 4969">
     <span class='ocr_line' id='line_1_95' title="bbox 460 4898 1971 4969; baseline 0.001 -17"><span class='ocrx_word' id='word_1_704' title='bbox 460 4899 575 4969; x_wconf 81' lang='lat'><strong>(7|)</strong></span> <span class='ocrx_word' id='word_1_705' title='bbox 615 4898 695 4952; x_wconf 80' lang='lat' dir='ltr'><strong>Ad</strong></span> <span class='ocrx_word' id='word_1_706' title='bbox 729 4899 898 4969; x_wconf 66' lang='lat' dir='ltr'><strong>solum</strong></span> <span class='ocrx_word' id='word_1_707' title='bbox 928 4900 1146 4954; x_wconf 81' lang='lat' dir='ltr'><strong>orientis</strong></span> <span class='ocrx_word' id='word_1_708' title='bbox 1184 4910 1385 4967; x_wconf 81' lang='lat' dir='ltr'><strong>partem</strong></span> <span class='ocrx_word' id='word_1_709' title='bbox 1414 4900 1643 4954; x_wconf 79' lang='lat' dir='ltr'><strong>converri</strong></span> <span class='ocrx_word' id='word_1_710' title='bbox 1677 4898 1971 4969; x_wconf 78' lang='lat' dir='ltr'><strong>orationem</strong></span> 
     </span>
    </p>
   </div>
   <div class='ocr_carea' id='block_1_96' title="bbox 391 4967 1972 5041">
    <p class='ocr_par' dir='ltr' id='par_1_96' title="bbox 391 4967 1972 5041">
     <span class='ocr_line' id='line_1_96' title="bbox 391 4967 1972 5041; baseline 0.002 -19"><span class='ocrx_word' id='word_1_711' title='bbox 391 4967 687 5040; x_wconf 74' lang='lat' dir='ltr'><strong>fundimus.</strong></span> <span class='ocrx_word' id='word_1_712' title='bbox 736 4967 881 5041; x_wconf 80' lang='lat' dir='ltr'><strong>Idem</strong></span> <span class='ocrx_word' id='word_1_713' title='bbox 938 4971 1097 5025; x_wconf 86' lang='lat' dir='ltr'><strong>docet</strong></span> <span class='ocrx_word' id='word_1_714' title='bbox 1131 4969 1397 5041; x_wconf 87' lang='lat' dir='ltr'><strong>Origenes</strong></span> <span class='ocrx_word' id='word_1_715' title='bbox 1443 4972 1545 5041; x_wconf 87' lang='lat' dir='ltr'><strong>sub</strong></span> <span class='ocrx_word' id='word_1_716' title='bbox 1591 4970 1752 5023; x_wconf 88' lang='lat' dir='ltr'><strong>linem</strong></span> <span class='ocrx_word' id='word_1_717' title='bbox 1804 4968 1972 5025; x_wconf 77' lang='lat' dir='ltr'><strong>libelli</strong></span> 
     </span>
    </p>
   </div>
   <div class='ocr_carea' id='block_1_97' title="bbox 396 5037 1976 5109">
    <p class='ocr_par' dir='ltr' id='par_1_97' title="bbox 396 5037 1976 5109">
     <span class='ocr_line' id='line_1_97' title="bbox 396 5037 1976 5109; baseline 0.001 -16"><span class='ocrx_word' id='word_1_718' title='bbox 396 5037 471 5094; x_wconf 78' lang='lat' dir='ltr'><strong>De</strong></span> <span class='ocrx_word' id='word_1_719' title='bbox 512 5041 769 5093; x_wconf 83' lang='lat' dir='ltr'><strong>oratione.</strong></span> <span class='ocrx_word' id='word_1_720' title='bbox 796 5037 947 5109; x_wconf 72' lang='lat' dir='ltr'><strong>idem</strong></span> <span class='ocrx_word' id='word_1_721' title='bbox 981 5042 1168 5096; x_wconf 77' lang='lat' dir='ltr'><strong>videre</strong></span> <span class='ocrx_word' id='word_1_722' title='bbox 1197 5037 1281 5095; x_wconf 80' lang='lat' dir='ltr'><strong>est</strong></span> <span class='ocrx_word' id='word_1_723' title='bbox 1312 5040 1453 5109; x_wconf 89' lang='lat' dir='ltr'><strong>apud</strong></span> <span class='ocrx_word' id='word_1_724' title='bbox 1483 5041 1816 5094; x_wconf 70' lang='lat' dir='ltr'><strong>Clementem</strong></span> <span class='ocrx_word' id='word_1_725' title='bbox 1850 5041 1976 5095; x_wconf 81' lang='lat' dir='ltr'><strong>Ale-</strong></span> 
     </span>
    </p>
   </div>
   <div class='ocr_carea' id='block_1_98' title="bbox 395 5108 1975 5181">
    <p class='ocr_par' dir='ltr' id='par_1_98' title="bbox 395 5108 1975 5181">
     <span class='ocr_line' id='line_1_98' title="bbox 395 5108 1975 5181; baseline 0 -18"><span class='ocrx_word' id='word_1_726' title='bbox 395 5110 729 5164; x_wconf 76' lang='lat' dir='ltr'><strong>xandrinum</strong></span> <span class='ocrx_word' id='word_1_727' title='bbox 777 5108 971 5163; x_wconf 83' lang='lat' dir='ltr'><strong>Strom.</strong></span> <span class='ocrx_word' id='word_1_728' title='bbox 1000 5127 1094 5176; x_wconf 82' lang='lat' dir='ltr'><strong>vn,</strong></span> <span class='ocrx_word' id='word_1_729' title='bbox 1122 5122 1173 5165; x_wconf 89' lang='lat' dir='ltr'><strong>et</strong></span> <span class='ocrx_word' id='word_1_730' title='bbox 1206 5113 1346 5181; x_wconf 83' lang='lat' dir='ltr'><strong>apud</strong></span> <span class='ocrx_word' id='word_1_731' title='bbox 1379 5121 1661 5165; x_wconf 87' lang='lat' dir='ltr'><strong>auctorem</strong></span> <span class='ocrx_word' id='word_1_732' title='bbox 1695 5110 1900 5175; x_wconf 70' lang='lat' dir='ltr'><strong>Qurcvt.</strong></span> <span class='ocrx_word' id='word_1_733' title='bbox 1927 5121 1975 5163; x_wconf 82' lang='lat' dir='ltr'><strong>et</strong></span> 
     </span>
    </p>
   </div>
   <div class='ocr_carea' id='block_1_99' title="bbox 395 5180 1978 5249">
    <p class='ocr_par' dir='ltr' id='par_1_99' title="bbox 395 5180 1978 5249">
     <span class='ocr_line' id='line_1_99' title="bbox 395 5180 1978 5249; baseline 0.001 -18"><span class='ocrx_word' id='word_1_734' title='bbox 395 5197 629 5249; x_wconf 74' lang='lat' dir='ltr'><strong>respons.</strong></span> <span class='ocrx_word' id='word_1_735' title='bbox 656 5182 725 5233; x_wconf 84' lang='lat' dir='ltr'><strong>ad</strong></span> <span class='ocrx_word' id='word_1_736' title='bbox 758 5181 1121 5249; x_wconf 71' lang='lat' dir='ltr'><strong>grthodoxos,</strong></span> <span class='ocrx_word' id='word_1_737' title='bbox 1164 5180 1459 5249; x_wconf 68' lang='lat' dir='ltr'><strong>reSp.“8,</strong></span> <span class='ocrx_word' id='word_1_738' title='bbox 1497 5182 1588 5236; x_wconf 85' lang='lat' dir='ltr'><strong>ubi</strong></span> <span class='ocrx_word' id='word_1_739' title='bbox 1639 5182 1766 5249; x_wconf 84' lang='lat' dir='ltr'><strong>ait:</strong></span> <span class='ocrx_word' id='word_1_740' title='bbox 1800 5181 1873 5233; x_wconf 86' lang='grc' dir='ltr'>Τὸ</span> <span class='ocrx_word' id='word_1_741' title='bbox 1920 5180 1978 5233; x_wconf 78' lang='grc' dir='ltr'>δὲ</span> 
     </span>
    </p>
   </div>
   <div class='ocr_carea' id='block_1_100' title="bbox 394 5198 1978 5336">
    <p class='ocr_par' dir='ltr' id='par_1_100' title="bbox 394 5198 1978 5336">
     <span class='ocr_line' id='line_1_100' title="bbox 395 5198 1978 5249; baseline 0.001 -18"><span class='ocrx_word' id='word_1_742' title='bbox 395 5198 629 5249; x_wconf 74' lang='lat' dir='ltr'><strong>respons.</strong></span> <span class='ocrx_word' id='word_1_743' title='bbox 656 5198 722 5233; x_wconf 90' lang='lat' dir='ltr'><strong>aa</strong></span> <span class='ocrx_word' id='word_1_744' title='bbox 767 5198 1121 5249; x_wconf 75' lang='lat' dir='ltr'><strong>ortuoaoxos,</strong></span> <span class='ocrx_word' id='word_1_745' title='bbox 1164 5198 1250 5236; x_wconf 85' lang='lat' dir='ltr'><strong>res</strong></span> <span class='ocrx_word' id='word_1_746' title='bbox 1292 5220 1307 5235; x_wconf 93' lang='lat'><strong>.</strong></span> <span class='ocrx_word' id='word_1_747' title='bbox 1332 5198 1459 5246; x_wconf 76' lang='lat' dir='ltr'><strong>ne,</strong></span> <span class='ocrx_word' id='word_1_748' title='bbox 1497 5198 1588 5236; x_wconf 86' lang='lat' dir='ltr'><strong>uut</strong></span> <span class='ocrx_word' id='word_1_749' title='bbox 1639 5198 1713 5234; x_wconf 89' lang='lat' dir='ltr'><strong>att</strong></span> <span class='ocrx_word' id='word_1_750' title='bbox 1752 5199 1766 5233; x_wconf 88' lang='lat'><strong>:</strong></span> <span class='ocrx_word' id='word_1_751' title='bbox 1801 5198 1873 5233; x_wconf 70' lang='lat'><strong>&#39;10</strong></span> <span class='ocrx_word' id='word_1_752' title='bbox 1920 5198 1978 5233; x_wconf 85' lang='grc' dir='ltr'>οε</span> 
     </span>
     <span class='ocr_line' id='line_1_101' title="bbox 394 5198 1978 5336; baseline -0.001 -33"><span class='ocrx_word' id='word_1_753' title='bbox 394 5250 533 5336; x_wconf 38' lang='grc' dir='ltr'><strong>ἔθος.</strong></span> <span class='ocrx_word' id='word_1_754' title='bbox 568 5251 699 5336; x_wconf 71' lang='grc' dir='ltr'>παρ’</span> <span class='ocrx_word' id='word_1_755' title='bbox 750 5243 825 5304; x_wconf 83' lang='grc' dir='ltr'><strong>ὧν</strong></span> <span class='ocrx_word' id='word_1_756' title='bbox 848 5250 1100 5336; x_wconf 40' lang='grc' dir='ltr'><strong>Ἇεῐληφεν</strong></span> <span class='ocrx_word' id='word_1_757' title='bbox 1154 5254 1208 5336; x_wconf 44' lang='grc' dir='ltr'><strong>ὴ.</strong></span> <span class='ocrx_word' id='word_1_758' title='bbox 1234 5198 1540 5336; x_wconf 36' lang='grc' dir='ltr'><strong>’ἐκκλησίαν</strong></span> <span class='ocrx_word' id='word_1_759' title='bbox 1570 5251 1631 5304; x_wconf 84' lang='grc' dir='ltr'>τὸ</span> <span class='ocrx_word' id='word_1_760' title='bbox 1653 5248 1938 5336; x_wconf 50' lang='grc' dir='ltr'><strong>Λεΰχεεθαι</strong></span> <span class='ocrx_word' id='word_1_761' title='bbox 1964 5290 1978 5313; x_wconf 84' lang='grc'><em>,</em></span> 
     </span>
    </p>
   </div>
   <div class='ocr_carea' id='block_1_101' title="bbox 395 5320 1982 5395">
    <p class='ocr_par' dir='ltr' id='par_1_101' title="bbox 395 5320 1982 5395">
     <span class='ocr_line' id='line_1_102' title="bbox 395 5320 1982 5395; baseline -0.001 -21"><span class='ocrx_word' id='word_1_762' title='bbox 395 5321 548 5395; x_wconf 51' lang='lat' dir='ltr'><strong>accpi</strong></span> <span class='ocrx_word' id='word_1_763' title='bbox 577 5320 783 5395; x_wconf 72' lang='grc' dir='ltr'>τρύτῳν</span> <span class='ocrx_word' id='word_1_764' title='bbox 812 5320 1091 5395; x_wconf 66' lang='grc' dir='ltr'><strong>εἰληφέναι</strong></span> <span class='ocrx_word' id='word_1_765' title='bbox 1125 5320 1219 5395; x_wconf 46' lang='grc' dir='ltr'><strong>κάξ</strong></span> <span class='ocrx_word' id='word_1_766' title='bbox 1246 5322 1305 5375; x_wconf 77' lang='grc' dir='ltr'>τὸ</span> <span class='ocrx_word' id='word_1_767' title='bbox 1336 5320 1439 5376; x_wconf 77' lang='grc' dir='ltr'><strong>ποῦ</strong></span> <span class='ocrx_word' id='word_1_768' title='bbox 1485 5320 1777 5395; x_wconf 58' lang='grc' dir='ltr'>εὖχεσβαιζ</span> <span class='ocrx_word' id='word_1_769' title='bbox 1806 5320 1982 5395; x_wconf 73' lang='grc' dir='ltr'>Τοῦτο</span> 
     </span>
    </p>
   </div>
   <div class='ocr_carea' id='block_1_102' title="bbox 394 5391 1982 5461">
    <p class='ocr_par' dir='ltr' id='par_1_102' title="bbox 394 5391 1982 5461">
     <span class='ocr_line' id='line_1_103' title="bbox 394 5391 1982 5461; baseline 0 -16"><span class='ocrx_word' id='word_1_770' title='bbox 394 5392 452 5445; x_wconf 76' lang='grc' dir='ltr'><strong>δὲ</strong></span> <span class='ocrx_word' id='word_1_771' title='bbox 479 5391 636 5461; x_wconf 59' lang='grc' dir='ltr'>ἆταρὰ</span> <span class='ocrx_word' id='word_1_772' title='bbox 666 5391 776 5445; x_wconf 87' lang='grc' dir='ltr'>τῶν</span> <span class='ocrx_word' id='word_1_773' title='bbox 798 5392 971 5461; x_wconf 77' lang='grc' dir='ltr'><strong>ἁγίων</strong></span> <span class='ocrx_word' id='word_1_774' title='bbox 999 5393 1333 5447; x_wconf 80' lang='grc' dir='ltr'><strong>ἀποστόλων.</strong></span> <span class='ocrx_word' id='word_1_775' title='bbox 1376 5391 1582 5447; x_wconf 69' lang='lat' dir='ltr'><strong>licvera</strong></span> <span class='ocrx_word' id='word_1_776' title='bbox 1627 5391 1696 5445; x_wconf 87' lang='lat' dir='ltr'><strong>ab</strong></span> <span class='ocrx_word' id='word_1_777' title='bbox 1723 5392 1982 5461; x_wconf 74' lang='lat' dir='ltr'><strong>apostolis</strong></span> 
     </span>
    </p>
   </div>
   <div class='ocr_carea' id='block_1_103' title="bbox 401 5459 1981 5519">
    <p class='ocr_par' dir='ltr' id='par_1_103' title="bbox 401 5459 1981 5519">
     <span class='ocr_line' id='line_1_104' title="bbox 401 5459 1981 5519; baseline -0.001 -4"><span class='ocrx_word' id='word_1_778' title='bbox 401 5464 544 5518; x_wconf 90' lang='lat' dir='ltr'><strong>hunc</strong></span> <span class='ocrx_word' id='word_1_779' title='bbox 558 5459 813 5519; x_wconf 78' lang='lat' dir='ltr'><strong>Ecclesia:</strong></span> <span class='ocrx_word' id='word_1_780' title='bbox 828 5459 1034 5518; x_wconf 87' lang='lat' dir='ltr'><strong>morem</strong></span> <span class='ocrx_word' id='word_1_781' title='bbox 1061 5466 1317 5518; x_wconf 88' lang='lat' dir='ltr'><strong>traditum</strong></span> <span class='ocrx_word' id='word_1_782' title='bbox 1335 5478 1453 5518; x_wconf 85' lang='lat' dir='ltr'><strong>esse</strong></span> <span class='ocrx_word' id='word_1_783' title='bbox 1465 5464 1621 5517; x_wconf 85' lang='lat' dir='ltr'><strong>docet</strong></span> <span class='ocrx_word' id='word_1_784' title='bbox 1637 5459 1828 5515; x_wconf 84' lang='lat' dir='ltr'><strong>auctor</strong></span> <span class='ocrx_word' id='word_1_785' title='bbox 1841 5459 1981 5514; x_wconf 84' lang='lat' dir='ltr'><strong>Cou-</strong></span> 
     </span>
    </p>
   </div>
   <div class='ocr_carea' id='block_1_104' title="bbox 399 5532 1982 5602">
    <p class='ocr_par' dir='ltr' id='par_1_104' title="bbox 399 5532 1982 5602">
     <span class='ocr_line' id='line_1_105' title="bbox 399 5532 1982 5602; baseline 0.001 -19"><span class='ocrx_word' id='word_1_786' title='bbox 399 5534 737 5588; x_wconf 61' lang='lat' dir='ltr'><strong>stitutionum</strong></span> <span class='ocrx_word' id='word_1_787' title='bbox 792 5536 1203 5599; x_wconf 77' lang='lat' dir='ltr'><strong>apostolicuruut</strong></span> <span class='ocrx_word' id='word_1_788' title='bbox 1248 5534 1339 5587; x_wconf 89' lang='lat' dir='ltr'><strong>lib.</strong></span> <span class='ocrx_word' id='word_1_789' title='bbox 1372 5551 1439 5599; x_wconf 89' lang='lat' dir='ltr'><strong>tt,</strong></span> <span class='ocrx_word' id='word_1_790' title='bbox 1486 5548 1605 5602; x_wconf 84' lang='lat' dir='ltr'><strong>cap.</strong></span> <span class='ocrx_word' id='word_1_791' title='bbox 1634 5532 1722 5589; x_wconf 79' lang='grc'><strong>57,</strong></span> <span class='ocrx_word' id='word_1_792' title='bbox 1756 5548 1809 5599; x_wconf 88' lang='lat' dir='ltr'><strong>p.</strong></span> <span class='ocrx_word' id='word_1_793' title='bbox 1837 5532 1940 5585; x_wconf 69' lang='lat'><strong>207</strong></span> <span class='ocrx_word' id='word_1_794' title='bbox 1968 5546 1982 5584; x_wconf 87' lang='lat'><strong>:</strong></span> 
     </span>
    </p>
   </div>
   <div class='ocr_carea' id='block_1_105' title="bbox 400 5602 1985 5674">
    <p class='ocr_par' dir='ltr' id='par_1_105' title="bbox 400 5602 1985 5674">
     <span class='ocr_line' id='line_1_106' title="bbox 400 5602 1985 5674; baseline -0.001 -20"><span class='ocrx_word' id='word_1_795' title='bbox 400 5603 511 5655; x_wconf 68' lang='grc' dir='ltr'>Καὶ</span> <span class='ocrx_word' id='word_1_796' title='bbox 541 5603 676 5673; x_wconf 79' lang='grc' dir='ltr'>μετὰ</span> <span class='ocrx_word' id='word_1_797' title='bbox 694 5604 853 5656; x_wconf 77' lang='grc' dir='ltr'>τοῦτο</span> <span class='ocrx_word' id='word_1_798' title='bbox 880 5603 1186 5674; x_wconf 76' lang='grc' dir='ltr'><strong>συμφώνως</strong></span> <span class='ocrx_word' id='word_1_799' title='bbox 1207 5603 1446 5668; x_wconf 79' lang='grc' dir='ltr'>ἅπαντες</span> <span class='ocrx_word' id='word_1_800' title='bbox 1469 5602 1865 5674; x_wconf 73' lang='grc' dir='ltr'>ἐξαναστάντες</span> <span class='ocrx_word' id='word_1_801' title='bbox 1891 5602 1985 5653; x_wconf 78' lang='grc' dir='ltr'><strong>καὶ</strong></span> 
     </span>
    </p>
   </div>
   <div class='ocr_carea' id='block_1_106' title="bbox 402 5673 1989 5744">
    <p class='ocr_par' dir='ltr' id='par_1_106' title="bbox 402 5673 1989 5744">
     <span class='ocr_line' id='line_1_107' title="bbox 402 5673 1989 5744; baseline -0.001 -20"><span class='ocrx_word' id='word_1_802' title='bbox 402 5676 488 5744; x_wconf 64' lang='grc' dir='ltr'><strong>ἐπ’</strong></span> <span class='ocrx_word' id='word_1_803' title='bbox 515 5674 780 5744; x_wconf 80' lang='grc' dir='ltr'><strong>ἀνατολὰς</strong></span> <span class='ocrx_word' id='word_1_804' title='bbox 806 5673 1262 5743; x_wconf 67' lang='grc' dir='ltr'><strong>κατανοήσαντες,</strong></span> <span class='ocrx_word' id='word_1_805' title='bbox 1296 5677 1431 5744; x_wconf 78' lang='grc' dir='ltr'>μετὰ</span> <span class='ocrx_word' id='word_1_806' title='bbox 1453 5674 1554 5744; x_wconf 21' lang='grc' dir='ltr'><strong>*τὴν</strong></span> <span class='ocrx_word' id='word_1_807' title='bbox 1576 5673 1685 5725; x_wconf 81' lang='grc' dir='ltr'><strong>τῶν</strong></span> <span class='ocrx_word' id='word_1_808' title='bbox 1719 5688 1989 5744; x_wconf 55' lang='grc' dir='ltr'>κατηχρτι-</span> 
     </span>
    </p>
   </div>
   <div class='ocr_carea' id='block_1_107' title="bbox 405 5740 1988 5813">
    <p class='ocr_par' dir='ltr' id='par_1_107' title="bbox 405 5740 1988 5813">
     <span class='ocr_line' id='line_1_108' title="bbox 405 5740 1988 5813; baseline 0 -20"><span class='ocrx_word' id='word_1_809' title='bbox 405 5741 581 5809; x_wconf 81' lang='grc' dir='ltr'>μένων</span> <span class='ocrx_word' id='word_1_810' title='bbox 603 5744 695 5797; x_wconf 71' lang='grc' dir='ltr'>καὶ</span> <span class='ocrx_word' id='word_1_811' title='bbox 735 5743 832 5813; x_wconf 79' lang='grc' dir='ltr'><strong>τὴν</strong></span> <span class='ocrx_word' id='word_1_812' title='bbox 870 5745 979 5796; x_wconf 81' lang='grc' dir='ltr'>τῶν</span> <span class='ocrx_word' id='word_1_813' title='bbox 1020 5740 1419 5813; x_wconf 58' lang='grc' dir='ltr'>μετανοούεᾶτων</span> <span class='ocrx_word' id='word_1_814' title='bbox 1440 5740 1641 5809; x_wconf 62' lang='lat' dir='ltr'><strong>egeam,</strong></span> <span class='ocrx_word' id='word_1_815' title='bbox 1684 5740 1988 5813; x_wconf 60' lang='grc' dir='ltr'><strong>προᾳὲυξάςέ</strong></span> 
     </span>
    </p>
   </div>
   <div class='ocr_carea' id='block_1_108' title="bbox 405 5811 1988 5886">
    <p class='ocr_par' dir='ltr' id='par_1_108' title="bbox 405 5811 1988 5886">
     <span class='ocr_line' id='line_1_109' title="bbox 405 5811 1988 5886; baseline -0.001 -19"><span class='ocrx_word' id='word_1_816' title='bbox 405 5813 617 5868; x_wconf 69' lang='grc' dir='ltr'><strong>σθωσαν</strong></span> <span class='ocrx_word' id='word_1_817' title='bbox 641 5813 718 5886; x_wconf 82' lang='grc' dir='ltr'>τῷ</span> <span class='ocrx_word' id='word_1_818' title='bbox 739 5811 879 5885; x_wconf 52' lang='lat' dir='ltr'><strong>eaq),</strong></span> <span class='ocrx_word' id='word_1_819' title='bbox 902 5813 979 5886; x_wconf 80' lang='grc' dir='ltr'>τῷ</span> <span class='ocrx_word' id='word_1_820' title='bbox 1001 5811 1353 5884; x_wconf 68' lang='grc' dir='ltr'><strong>ἔπιϐεϐηκότι</strong></span> <span class='ocrx_word' id='word_1_821' title='bbox 1389 5816 1481 5868; x_wconf 77' lang='grc' dir='ltr'><strong>ἐπὶ</strong></span> <span class='ocrx_word' id='word_1_822' title='bbox 1509 5814 1599 5869; x_wconf 66' lang='grc' dir='ltr'><strong>τὸν</strong></span> <span class='ocrx_word' id='word_1_823' title='bbox 1639 5811 1865 5875; x_wconf 62' lang='grc' dir='ltr'><strong>οὐρανὸν</strong></span> <span class='ocrx_word' id='word_1_824' title='bbox 1896 5811 1988 5865; x_wconf 78' lang='grc' dir='ltr'>τοῦ</span> 
     </span>
    </p>
   </div>
   <div class='ocr_carea' id='block_1_109' title="bbox 2084 4614 3672 4693">
    <p class='ocr_par' dir='ltr' id='par_1_109' title="bbox 2084 4614 3672 4693">
     <span class='ocr_line' id='line_1_110' title="bbox 2084 4614 3672 4693; baseline -0.008 -16"><span class='ocrx_word' id='word_1_825' title='bbox 2084 4622 2261 4693; x_wconf 87' lang='lat' dir='ltr'><strong>gentis</strong></span> <span class='ocrx_word' id='word_1_826' title='bbox 2288 4620 2456 4675; x_wconf 86' lang='lat' dir='ltr'><strong>fuisse</strong></span> <span class='ocrx_word' id='word_1_827' title='bbox 2481 4622 2725 4675; x_wconf 90' lang='lat' dir='ltr'><strong>denariis</strong></span> <span class='ocrx_word' id='word_1_828' title='bbox 2753 4620 2887 4674; x_wconf 91' lang='lat' dir='ltr'><strong>dicit</strong></span> <span class='ocrx_word' id='word_1_829' title='bbox 2930 4616 3220 4671; x_wconf 81' lang='lat' dir='ltr'><strong>obnoxios.</strong></span> <span class='ocrx_word' id='word_1_830' title='bbox 3253 4614 3672 4684; x_wconf 76' lang='lat' dir='ltr'><strong>Quinquaginta</strong></span> 
     </span>
    </p>
   </div>
   <div class='ocr_carea' id='block_1_110' title="bbox 2084 4703 3675 4783">
    <p class='ocr_par' dir='ltr' id='par_1_110' title="bbox 2084 4703 3675 4783">
     <span class='ocr_line' id='line_1_111' title="bbox 2084 4703 3675 4783; baseline -0.008 -13"><span class='ocrx_word' id='word_1_831' title='bbox 2084 4726 2272 4770; x_wconf 87' lang='lat' dir='ltr'><strong>autem</strong></span> <span class='ocrx_word' id='word_1_832' title='bbox 2319 4724 2376 4769; x_wconf 89' lang='lat' dir='ltr'><strong>et</strong></span> <span class='ocrx_word' id='word_1_833' title='bbox 2407 4712 2693 4783; x_wconf 78' lang='lat' dir='ltr'><strong>quingenti</strong></span> <span class='ocrx_word' id='word_1_834' title='bbox 2722 4719 2990 4781; x_wconf 86' lang='lat' dir='ltr'><strong>cognatus</strong></span> <span class='ocrx_word' id='word_1_835' title='bbox 3024 4717 3107 4762; x_wconf 84' lang='lat' dir='ltr'><strong>est</strong></span> <span class='ocrx_word' id='word_1_836' title='bbox 3132 4721 3412 4761; x_wconf 84' lang='lat' dir='ltr'><strong>numerus.</strong></span> <span class='ocrx_word' id='word_1_837' title='bbox 3442 4703 3675 4760; x_wconf 64' lang='lat' dir='ltr'><strong>Decada</strong></span> 
     </span>
    </p>
   </div>
   <div class='ocr_carea' id='block_1_111' title="bbox 2080 4886 3671 4971">
    <p class='ocr_par' dir='ltr' id='par_1_111' title="bbox 2080 4886 3671 4971">
     <span class='ocr_line' id='line_1_112' title="bbox 2080 4886 3671 4971; baseline -0.011 -18"><span class='ocrx_word' id='word_1_838' title='bbox 2080 4897 2334 4971; x_wconf 68' lang='grc' dir='ltr'><strong>οὐρανοῦ,</strong></span> <span class='ocrx_word' id='word_1_839' title='bbox 2377 4896 2519 4971; x_wconf 58' lang='grc' dir='ltr'>κατὰ</span> <span class='ocrx_word' id='word_1_840' title='bbox 2550 4892 2836 4971; x_wconf 64' lang='grc' dir='ltr'>ἀνατολὰς,</span> <span class='ocrx_word' id='word_1_841' title='bbox 2868 4888 3411 4971; x_wconf 42' lang='grc' dir='ltr'><strong>ῥπομεμὶνησκόμεγοξ</strong></span> <span class='ocrx_word' id='word_1_842' title='bbox 3452 4886 3671 4971; x_wconf 38' lang='grc' dir='ltr'><strong>καὶκῖῆς</strong></span> 
     </span>
    </p>
   </div>
   <div class='ocr_carea' id='block_1_112' title="bbox 2082 4958 3676 5040">
    <p class='ocr_par' dir='ltr' id='par_1_112' title="bbox 2082 4958 3676 5040">
     <span class='ocr_line' id='line_1_113' title="bbox 2082 4958 3676 5040; baseline -0.009 -17"><span class='ocrx_word' id='word_1_843' title='bbox 2082 4958 2509 5040; x_wconf 53' lang='grc' dir='ltr'><strong>ἁράαίαένοεξῆς</strong></span> <span class='ocrx_word' id='word_1_844' title='bbox 2556 4962 2647 5018; x_wconf 73' lang='grc' dir='ltr'>τοῦ</span> <span class='ocrx_word' id='word_1_845' title='bbox 2694 4962 2835 5040; x_wconf 57' lang='grc' dir='ltr'>κατὰ</span> <span class='ocrx_word' id='word_1_846' title='bbox 2870 4958 3519 5040; x_wconf 27' lang='grc' dir='ltr'><strong>ανατολᾲςίἰτᾳρςιιᾷεξίσου.3</strong></span> <span class='ocrx_word' id='word_1_847' title='bbox 3549 4958 3676 5010; x_wconf 79' lang='grc' dir='ltr'><strong>ὅθεν</strong></span> 
     </span>
    </p>
   </div>
   <div class='ocr_carea' id='block_1_113' title="bbox 2083 5027 3670 5110">
    <p class='ocr_par' dir='ltr' id='par_1_113' title="bbox 2083 5027 3670 5110">
     <span class='ocr_line' id='line_1_114' title="bbox 2083 5027 3670 5110; baseline -0.009 -18"><span class='ocrx_word' id='word_1_848' title='bbox 2083 5027 2362 5110; x_wconf 34' lang='grc' dir='ltr'><strong>ὁἝρῶτῖος</strong></span> <span class='ocrx_word' id='word_1_849' title='bbox 2401 5027 2699 5110; x_wconf 52' lang='grc' dir='ltr'><strong>’ἆῦθρῳττος</strong></span> <span class='ocrx_word' id='word_1_850' title='bbox 2726 5033 3018 5110; x_wconf 29' lang='grc' dir='ltr'><strong>’ὰοερτἠςξας</strong></span> <span class='ocrx_word' id='word_1_851' title='bbox 3049 5032 3147 5110; x_wconf 47' lang='lat' dir='ltr'><strong>ei?)</strong></span> <span class='ocrx_word' id='word_1_852' title='bbox 3180 5027 3430 5110; x_wconf 46' lang='lat' dir='ltr'><strong>-é\2‘CO‘A‘hV</strong></span> <span class='ocrx_word' id='word_1_853' title='bbox 3451 5068 3465 5091; x_wconf 93' lang='lat'><strong>,</strong></span> <span class='ocrx_word' id='word_1_854' title='bbox 3488 5027 3670 5110; x_wconf 58' lang='grc' dir='ltr'><strong>Δῐξςρεως</strong></span> 
     </span>
    </p>
   </div>
   <div class='ocr_carea' id='block_1_114' title="bbox 2086 5101 3667 5180">
    <p class='ocr_par' dir='ltr' id='par_1_114' title="bbox 2086 5101 3667 5180">
     <span class='ocr_line' id='line_1_115' title="bbox 2086 5101 3667 5180; baseline -0.009 -17"><span class='ocrx_word' id='word_1_855' title='bbox 2086 5101 2389 5180; x_wconf 59' lang='grc' dir='ltr'><strong>συμϐουλίᾳ</strong></span> <span class='ocrx_word' id='word_1_856' title='bbox 2420 5101 2685 5168; x_wconf 73' lang='grc' dir='ltr'><strong>πειξῖοεὶς,</strong></span> <span class='ocrx_word' id='word_1_857' title='bbox 2714 5101 3017 5180; x_wconf 50' lang='grc' dir='ltr'><strong>ἀπτόλήοη.</strong></span> <span class='ocrx_word' id='word_1_858' title='bbox 3055 5121 3073 5151; x_wconf 69' lang='grc' dir='ltr'>ς</span> <span class='ocrx_word' id='word_1_859' title='bbox 3104 5101 3303 5155; x_wconf 84' lang='lat' dir='ltr'><strong>Deinde</strong></span> <span class='ocrx_word' id='word_1_860' title='bbox 3324 5101 3523 5180; x_wconf 27' lang='lat' dir='ltr'><strong>‘cuneti</strong></span> <span class='ocrx_word' id='word_1_861' title='bbox 3569 5115 3667 5180; x_wconf 81' lang='lat' dir='ltr'><strong>pa-</strong></span> 
     </span>
    </p>
   </div>
   <div class='ocr_carea' id='block_1_115' title="bbox 2092 5169 3671 5246">
    <p class='ocr_par' dir='ltr' id='par_1_115' title="bbox 2092 5169 3671 5246">
     <span class='ocr_line' id='line_1_116' title="bbox 2092 5169 3671 5246; baseline -0.009 -12"><span class='ocrx_word' id='word_1_862' title='bbox 2092 5169 2226 5234; x_wconf 74' lang='lat' dir='ltr'><strong>riter</strong></span> <span class='ocrx_word' id='word_1_863' title='bbox 2265 5169 2683 5246; x_wconf 79' lang='lat' dir='ltr'><strong>consurgentes,</strong></span> <span class='ocrx_word' id='word_1_864' title='bbox 2714 5184 2770 5229; x_wconf 90' lang='lat' dir='ltr'><strong>et</strong></span> <span class='ocrx_word' id='word_1_865' title='bbox 2815 5176 2866 5227; x_wconf 92' lang='lat' dir='ltr'><strong>in</strong></span> <span class='ocrx_word' id='word_1_866' title='bbox 2912 5169 3181 5246; x_wconf 67' lang='lat' dir='ltr'><strong>Orientem</strong></span> <span class='ocrx_word' id='word_1_867' title='bbox 3214 5169 3671 5246; x_wconf 67' lang='lat' dir='ltr'><strong>contemplantes,</strong></span> 
     </span>
    </p>
   </div>
   <div class='ocr_carea' id='block_1_116' title="bbox 2090 5241 3662 5320">
    <p class='ocr_par' dir='ltr' id='par_1_116' title="bbox 2090 5241 3662 5320">
     <span class='ocr_line' id='line_1_117' title="bbox 2090 5241 3662 5320; baseline -0.01 -17"><span class='ocrx_word' id='word_1_868' title='bbox 2090 5251 2326 5318; x_wconf 71' lang='lat' dir='ltr'><strong>egressis</strong></span> <span class='ocrx_word' id='word_1_869' title='bbox 2349 5241 2758 5320; x_wconf 68' lang='lat' dir='ltr'><strong>catechumenis</strong></span> <span class='ocrx_word' id='word_1_870' title='bbox 2800 5253 2854 5320; x_wconf 82' lang='lat' dir='ltr'><strong>et</strong></span> <span class='ocrx_word' id='word_1_871' title='bbox 2880 5244 3292 5320; x_wconf 67' lang='lat' dir='ltr'><strong>pmnitentibus.</strong></span> <span class='ocrx_word' id='word_1_872' title='bbox 3312 5250 3469 5320; x_wconf 79' lang='lat' dir='ltr'><strong>orent</strong></span> <span class='ocrx_word' id='word_1_873' title='bbox 3497 5241 3662 5292; x_wconf 88' lang='lat' dir='ltr'><strong>Deum</strong></span> 
     </span>
    </p>
   </div>
   <div class='ocr_carea' id='block_1_117' title="bbox 2091 5311 3672 5388">
    <p class='ocr_par' dir='ltr' id='par_1_117' title="bbox 2091 5311 3672 5388">
     <span class='ocr_line' id='line_1_118' title="bbox 2091 5311 3672 5388; baseline -0.009 -15"><span class='ocrx_word' id='word_1_874' title='bbox 2091 5311 2183 5388; x_wconf 74' lang='lat' dir='ltr'><strong>qui</strong></span> <span class='ocrx_word' id='word_1_875' title='bbox 2221 5319 2465 5373; x_wconf 88' lang='lat' dir='ltr'><strong>ascendit</strong></span> <span class='ocrx_word' id='word_1_876' title='bbox 2514 5331 2676 5384; x_wconf 90' lang='lat' dir='ltr'><strong>super</strong></span> <span class='ocrx_word' id='word_1_877' title='bbox 2723 5311 2921 5369; x_wconf 66' lang='lat' dir='ltr'><strong>caelum</strong></span> <span class='ocrx_word' id='word_1_878' title='bbox 2983 5311 3106 5388; x_wconf 67' lang='lat' dir='ltr'><strong>cteli</strong></span> <span class='ocrx_word' id='word_1_879' title='bbox 3156 5312 3221 5365; x_wconf 87' lang='lat' dir='ltr'><strong>ad</strong></span> <span class='ocrx_word' id='word_1_880' title='bbox 3261 5311 3559 5388; x_wconf 70' lang='lat' dir='ltr'><strong>orientem,</strong></span> <span class='ocrx_word' id='word_1_881' title='bbox 3604 5322 3672 5388; x_wconf 70' lang='lat' dir='ltr'><strong>ac</strong></span> 
     </span>
    </p>
   </div>
   <div class='ocr_carea' id='block_1_118' title="bbox 2095 5374 3670 5455">
    <p class='ocr_par' dir='ltr' id='par_1_118' title="bbox 2095 5374 3670 5455">
     <span class='ocr_line' id='line_1_119' title="bbox 2095 5374 3670 5455; baseline -0.009 -11"><span class='ocrx_word' id='word_1_882' title='bbox 2095 5374 2449 5444; x_wconf 72' lang='lat' dir='ltr'><strong>recordantes</strong></span> <span class='ocrx_word' id='word_1_883' title='bbox 2494 5374 2776 5455; x_wconf 74' lang='lat' dir='ltr'><strong>antiquam</strong></span> <span class='ocrx_word' id='word_1_884' title='bbox 2830 5383 3256 5455; x_wconf 69' lang='lat' dir='ltr'><strong>possessionem</strong></span> <span class='ocrx_word' id='word_1_885' title='bbox 3289 5379 3560 5455; x_wconf 83' lang='lat' dir='ltr'><strong>paradisi,</strong></span> <span class='ocrx_word' id='word_1_886' title='bbox 3600 5374 3670 5430; x_wconf 85' lang='lat' dir='ltr'><strong>ad</strong></span> 
     </span>
    </p>
   </div>
   <div class='ocr_carea' id='block_1_119' title="bbox 2088 5450 3671 5523">
    <p class='ocr_par' dir='ltr' id='par_1_119' title="bbox 2088 5450 3671 5523">
     <span class='ocr_line' id='line_1_120' title="bbox 2088 5450 3671 5523; baseline -0.008 -9"><span class='ocrx_word' id='word_1_887' title='bbox 2088 5464 2355 5514; x_wconf 87' lang='lat' dir='ltr'><strong>Orientem</strong></span> <span class='ocrx_word' id='word_1_888' title='bbox 2388 5458 2499 5522; x_wconf 89' lang='lat' dir='ltr'><strong>siti,</strong></span> <span class='ocrx_word' id='word_1_889' title='bbox 2534 5450 2677 5511; x_wconf 80' lang='lat' dir='ltr'><strong>unde</strong></span> <span class='ocrx_word' id='word_1_890' title='bbox 2706 5450 2916 5523; x_wconf 81' lang='lat' dir='ltr'><strong>priuius</strong></span> <span class='ocrx_word' id='word_1_891' title='bbox 2949 5454 3135 5515; x_wconf 86' lang='lat' dir='ltr'><strong>homo,</strong></span> <span class='ocrx_word' id='word_1_892' title='bbox 3168 5452 3260 5506; x_wconf 83' lang='lat' dir='ltr'><strong>Dei</strong></span> <span class='ocrx_word' id='word_1_893' title='bbox 3286 5450 3671 5523; x_wconf 59' lang='lat' dir='ltr'><strong>mandatam:-</strong></span> 
     </span>
    </p>
   </div>
   <div class='ocr_carea' id='block_1_120' title="bbox 2090 5517 3669 5598">
    <p class='ocr_par' dir='ltr' id='par_1_120' title="bbox 2090 5517 3669 5598">
     <span class='ocr_line' id='line_1_121' title="bbox 2090 5517 3669 5598; baseline -0.008 -16"><span class='ocrx_word' id='word_1_894' title='bbox 2090 5531 2288 5598; x_wconf 85' lang='lat' dir='ltr'><strong>glecto,</strong></span> <span class='ocrx_word' id='word_1_895' title='bbox 2335 5517 2627 5598; x_wconf 85' lang='lat' dir='ltr'><strong>persuasus</strong></span> <span class='ocrx_word' id='word_1_896' title='bbox 2659 5517 2888 5598; x_wconf 69' lang='lat' dir='ltr'><strong>consilio</strong></span> <span class='ocrx_word' id='word_1_897' title='bbox 2933 5523 3242 5598; x_wconf 26' lang='lat' dir='ltr'><strong>serpentist</strong></span> <span class='ocrx_word' id='word_1_898' title='bbox 3265 5522 3473 5590; x_wconf 88' lang='lat' dir='ltr'><strong>cjectus</strong></span> <span class='ocrx_word' id='word_1_899' title='bbox 3502 5517 3622 5570; x_wconf 89' lang='lat' dir='ltr'><strong>fuit.</strong></span> <span class='ocrx_word' id='word_1_900' title='bbox 3647 5534 3669 5569; x_wconf 73' lang='grc' dir='ltr'><strong>ι</strong></span> 
     </span>
    </p>
   </div>
   <div class='ocr_carea' id='block_1_121' title="bbox 2093 5592 3676 5662">
    <p class='ocr_par' dir='ltr' id='par_1_121' title="bbox 2093 5592 3676 5662">
     <span class='ocr_line' id='line_1_122' title="bbox 2093 5592 3676 5662; baseline -0.011 -8"><span class='ocrx_word' id='word_1_901' title='bbox 2093 5592 2480 5654; x_wconf 65' lang='lat' dir='ltr'><strong>Verumtamen</strong></span> <span class='ocrx_word' id='word_1_902' title='bbox 2514 5613 2629 5653; x_wconf 89' lang='lat' dir='ltr'><strong>mos</strong></span> <span class='ocrx_word' id='word_1_903' title='bbox 2680 5594 2984 5649; x_wconf 87' lang='lat' dir='ltr'><strong>inlleetendi</strong></span> <span class='ocrx_word' id='word_1_904' title='bbox 3029 5592 3277 5662; x_wconf 82' lang='lat' dir='ltr'><strong>corporis</strong></span> <span class='ocrx_word' id='word_1_905' title='bbox 3315 5602 3547 5662; x_wconf 87' lang='lat' dir='ltr'><strong>versus_</strong></span> <span class='ocrx_word' id='word_1_906' title='bbox 3576 5602 3676 5662; x_wconf 75' lang='lat' dir='ltr'><strong>na-</strong></span> 
     </span>
    </p>
   </div>
   <div class='ocr_carea' id='block_1_122' title="bbox 2096 5654 3677 5736">
    <p class='ocr_par' dir='ltr' id='par_1_122' title="bbox 2096 5654 3677 5736">
     <span class='ocr_line' id='line_1_123' title="bbox 2096 5654 3677 5736; baseline -0.012 -12"><span class='ocrx_word' id='word_1_907' title='bbox 2096 5670 2530 5725; x_wconf 86' lang='lat' dir='ltr'><strong>scentcmsolem</strong></span> <span class='ocrx_word' id='word_1_908' title='bbox 2583 5685 2688 5722; x_wconf 89' lang='lat' dir='ltr'><strong>non</strong></span> <span class='ocrx_word' id='word_1_909' title='bbox 2743 5666 2942 5736; x_wconf 82' lang='lat' dir='ltr'><strong>placuit</strong></span> <span class='ocrx_word' id='word_1_910' title='bbox 2993 5662 3051 5719; x_wconf 91' lang='lat' dir='ltr'><strong>S.</strong></span> <span class='ocrx_word' id='word_1_911' title='bbox 3089 5654 3255 5718; x_wconf 54' lang='lat' dir='ltr'><strong>L&#39;eoui</strong></span> <span class='ocrx_word' id='word_1_912' title='bbox 3309 5673 3477 5713; x_wconf 79' lang='lat' dir='ltr'><strong>serui.</strong></span> <span class='ocrx_word' id='word_1_913' title='bbox 3518 5657 3548 5709; x_wconf 87' lang='lat'><strong>7</strong></span> <span class='ocrx_word' id='word_1_914' title='bbox 3600 5654 3677 5707; x_wconf 82' lang='lat' dir='ltr'><strong>Dc</strong></span> 
     </span>
    </p>
   </div>
   <div class='ocr_carea' id='block_1_123' title="bbox 2094 5738 2692 5805">
    <p class='ocr_par' dir='ltr' id='par_1_123' title="bbox 2094 5738 2692 5805">
     <span class='ocr_line' id='line_1_124' title="bbox 2094 5738 2692 5805; baseline -0.008 -8"><span class='ocrx_word' id='word_1_915' title='bbox 2094 5741 2290 5797; x_wconf 81' lang='lat' dir='ltr'><strong>Christi</strong></span> <span class='ocrx_word' id='word_1_916' title='bbox 2326 5739 2532 5805; x_wconf 82' lang='lat' dir='ltr'><strong>Nativ.,</strong></span> <span class='ocrx_word' id='word_1_917' title='bbox 2565 5754 2613 5797; x_wconf 85' lang='lat' dir='ltr'><strong>c.</strong></span> <span class='ocrx_word' id='word_1_918' title='bbox 2639 5738 2692 5792; x_wconf 76' lang='grc'><strong>4.</strong></span> 
     </span>
    </p>
   </div>
  </div>
