4124 6488
476 410 578 466 605

1679 393 1744 447 IN
1787 388 2122 448 NUMEROS
2162 386 2445 448 IIOMILIA
2486 385 2553 443 V.

3634 395 3740 456 606

475 529 623 582 enim
675 525 1068 597 quinquaginta
1122 522 1328 577 faciunt.
1378 518 1728 591 quingentos.
1761 518 1866 571 Sed
1909 525 1962 570 et
1996 531 2062 568 ex
2095 517 2137 573 Α
2168 508 2787 580 niunt,propitiatorium
2822 509 3192 565 nominentur.
3218 512 3286 567 At
3308 514 3397 584 qui
3443 521 3744 575 meruerint

475 622 579 673 alia
634 628 791 690 parte
823 630 1083 672 numerus
1109 615 1220 671 iste
1261 624 1511 670 sacratus
1546 612 1625 666 fit.
1658 612 1874 679 Septem
1912 610 2059 663 enim

475 711 802 781 septimanis
831 710 876 764 si
904 708 1136 763 addatur
1165 707 1327 761 unius
1351 698 1560 759 numeri
1586 701 1874 772 perfectio,
1901 700 2062 769 quin-

476 803 738 872 quaginta
779 799 984 855 faciunt
1022 798 1162 854 dies.
1197 796 1469 852 Similiter
1500 804 1556 850 et
1583 792 1931 865 septuaginta
1982 805 2061 845 se-

480 894 740 964 ptimanis
786 894 831 948 si
873 892 1113 948 addatur
1153 890 1314 945 unius
1367 887 1588 944 decada:
1637 883 2059 949 consummatio,

480 986 687 1042 faciunt
725 986 1074 1057 quingentos.
1110 981 1263 1049 Quod
1297 991 1352 1037 et
1394 981 1438 1036 si
1487 979 1856 1034 abundantius
1886 976 2061 1029 adhuc

477 1088 819 1135 sacramenta
848 1077 1251 1147 quinquaginta
1287 1083 1341 1128 et
1378 1074 1800 1143 quingentorum
1847 1070 2056 1124 tnuneri

475 1172 655 1242 placet
681 1170 959 1240 colligere.
990 1169 1254 1223 habemus
1284 1174 1341 1220 et
1378 1166 1430 1221 in
1457 1166 1560 1221 hoc
1597 1165 1712 1233 ipso
1743 1163 1833 1232 qui
1868 1162 1920 1217 in
1946 1176 2059 1216 ma-

477 1264 639 1320 nibus
662 1272 747 1318 est
775 1261 1139 1316 Numerorum
1176 1258 1313 1312 libro
1349 1259 1412 1325 ¹⁹,
1444 1258 1531 1312 ubi
1562 1259 1628 1312 de
1664 1255 1900 1311 hostium
1931 1269 2056 1323 spo-

473 1354 562 1410 liis
592 1355 816 1425 quidam
844 1353 1064 1424 quidem
1098 1351 1335 1406 offerunt
1380 1352 1435 1405 in
1477 1348 1618 1403 dona
1655 1347 1750 1403 Dei
1789 1347 2057 1416 quinqua-

473 1448 739 1520 gesimam
810 1446 1160 1517 portionem,
1238 1444 1328 1513 qui
1385 1457 1493 1498 non
1552 1447 1938 1510 processerunt
1989 1438 2056 1493 ad

473 1539 693 1604 bellum,
716 1539 932 1608 quidam
962 1550 1092 1591 vero
1108 1533 1626 1606 quingentesimam;
1657 1540 1712 1586 et
1738 1531 1921 1600 utique
1949 1545 2055 1584 non

473 1636 709 1690 inaniter
731 1635 895 1688 etiam
922 1633 1009 1688 hie
1050 1618 1532 1702 quinquagesimus
1575 1637 1625 1684 et
1674 1625 2050 1698 quingentesi-

472 1738 593 1778 mus
626 1738 891 1777 numerus
924 1722 1178 1776 habetur.
1232 1719 1337 1774 Sed
1371 1729 1426 1773 et
1459 1718 1513 1772 in
1547 1718 1746 1774 Genesi
1786 1718 1874 1772 ubi
1911 1717 2054 1771 Deus

472 1813 747 1870 tractabat
790 1815 857 1870 de
910 1813 1251 1884 indulgentia
1285 1811 1645 1867 Sodomorum
1675 1811 1721 1866 si
1753 1810 1892 1865 forte
1929 1825 2052 1880 pos-

2167 604 2566 658 multitudinem
2612 600 2874 666 scientiae,
2923 613 2976 655 et
3034 602 3378 659 almndautes
3430 607 3653 663 divitias
3686 612 3740 664 in

2164 697 2445 766 agnitione
2504 695 2618 761 Dei,
2654 694 2933 749 cherubim
2970 695 3196 765 intelligi
3239 712 3486 767 possunt.
3533 704 3740 757 Cheru-

2164 791 2273 846 bitn
2308 802 2537 857 namque
2568 788 2618 841 in
2659 796 2845 840 nostra
2877 786 3058 859 lingua
3102 791 3385 845 multitudo
3408 796 3637 850 scientia:
3666 799 3745 851 in-

2164 890 2518 949 ιετρτθιίιιιιτ.
2549 879 2654 934 Sed
2701 880 2798 933 hos
2845 894 3063 946 onmes,
3114 882 3205 950 qui
3243 897 3337 949 per
3369 885 3481 939 haec
3527 880 3738 959 singula

2163 990 2282 1044 quae
2333 989 2495 1044 supra
2556 982 2870 1027 enumerata
2929 982 3053 1026 sum
3105 976 3478 1047 designantur,
3534 984 3739 1051 portari

2164 1082 2386 1121 necesse
2407 1076 2509 1131 est,
2552 1076 2606 1120 et
2639 1067 2843 1136 portari
2880 1066 2930 1119 in
2967 1067 3225 1123 humeris.
3254 1069 3405 1124 Unde
3451 1074 3740 1144 fortassis,

2164 1172 2220 1214 ut
2258 1177 2357 1231 ego
2409 1163 2624 1232 opinor,
2672 1162 2849 1233 angeli
2900 1165 2990 1233 qui
3045 1165 3285 1219 ordinati
3341 1179 3465 1223 sunt
3521 1185 3736 1242 propter

2161 1269 2277 1317 eos,
2320 1255 2410 1323 qui
2460 1255 2834 1309 hzereditatem
2884 1258 3108 1325 capiunt
3143 1258 3334 1314 salutis
3366 1262 3434 1324 ",
3472 1265 3572 1333 ipsi
3603 1266 3735 1329 sint,

2159 1346 2253 1414 qui
2304 1346 2552 1414 singulos
2579 1361 2767 1400 eorum
2822 1363 2959 1416 quos
3012 1364 3170 1419 supra
3222 1352 3461 1409 diximus
3494 1367 3735 1427 portant.

2160 1434 2294 1489 Cum
2327 1435 2468 1488 enim
2493 1434 2729 1489 solutum
2760 1437 2922 1491 fuerit
2953 1441 3364 1498 tabernaculum
3390 1447 3511 1512 hoc,
3544 1458 3597 1502 et
3624 1464 3737 1503 cte—

2159 1527 2399 1593 perimus
2430 1526 2540 1597 {72)
2577 1527 2784 1596 ingredi
2831 1532 2895 1582 ad
2928 1530 3015 1583 illa
3057 1543 3242 1587 saneta
3270 1573 3284 1599 ,
3328 1546 3383 1591 et
3412 1554 3639 1610 pergere
3668 1545 3735 1595 ad

2157 1612 2334 1671 locum
2372 1619 2834 1687 repromissionis,
2860 1622 2893 1674 ii
2922 1623 3013 1690 qui
3040 1640 3168 1680 vere
3203 1629 3378 1683 sancti
3406 1640 3553 1694 sunt,
3583 1642 3638 1685 et
3680 1632 3734 1687 in

2156 1708 2362 1762 sanctis
2392 1717 2705 1763 sanctorum
2738 1710 3025 1780 habentur,
3048 1718 3255 1786 angelis
3277 1721 3393 1773 sine
3420 1722 3581 1777 dubio
3607 1726 3734 1779 sub-

2157 1799 2505 1855 vectantibus
2535 1800 2817 1866 incedunt,
2842 1814 2893 1859 et
2923 1821 3202 1877 usquequo
3224 1813 3523 1882 requiescat
3555 1816 3737 1870 taber-

469 1916 592 1963 sent
615 1909 683 1961 ad
715 1910 931 1963 veniam
961 1880 1275 1976 pervenire,
1302 1906 1610 1975 huiusmodi
1662 1904 2045 1975 mysteriorum
2086 1880 2127 1934 Β
2158 1897 2404 1953 naculum
2440 1902 2552 1969 Dei,
2578 1911 2865 1970 portantur
2892 1903 2944 1955 in
2971 1902 3214 1956 humeris
3238 1911 3294 1957 et
3317 1907 3657 1965 extolluntur
3681 1912 3733 1964 in

467 1997 726 2051 conscius
755 1997 1069 2065 patriarcha
1102 1997 1374 2051 Abraham
1415 2013 1444 2051 a
1469 1995 1920 2066 quithttagesittto
1955 2011 2048 2048 nu-

467 2101 619 2143 mero
652 2087 847 2159 incipit
897 2103 997 2159 pro
1044 2088 1377 2159 indulgentia
1419 2089 1778 2142 Sodomorum
1817 2086 2048 2141 Domino

467 2179 798 2247 supplicare,
826 2189 880 2234 et.
911 2180 1045 2235 dicit
1071 2179 1119 2211 ’⁸
1156 2194 1171 2231 :
1207 2199 1223 2231 ι
1260 2178 1318 2234 Si
1371 2179 1576 2234 inventi
1631 2178 1834 2232 fuerint
1883 2178 2047 2246 quin-

465 2270 724 2339 quaginta
764 2271 817 2325 in
846 2271 1085 2340 civitate,
1120 2288 1224 2327 non
1260 2270 1498 2327 salvahis
1524 2255 1749 2341 propler
1782 2271 2049 2342 quinqua-

464 2360 613 2431 ginta
643 2361 954 2417 civitatem?
990 2382 1009 2415 ι

534 2454 587 2508 5.
615 2454 721 2510 Sed
752 2456 817 2509 ad
848 2458 1188 2527 propositmn
1241 2469 1598 2515 revertamur.
1645 2457 1875 2529 Oportet
1918 2471 2048 2530 ergo

462 2546 677 2613 Operari
713 2544 933 2602 Levitas
981 2548 1034 2601 in
1087 2550 1293 2603 sanctis
1321 2563 1494 2618 usque
1545 2549 1611 2604 ad
1646 2549 2044 2619 quinquaginta

461 2652 653 2701 annos,
673 2636 963 2694 inferiores
987 2641 1209 2709 quidem
1233 2655 1420 2711 opera,
1446 2642 1702 2697 meliores
1725 2656 1856 2696 vero
1879 2655 2045 2710 opera

460 2744 685 2795 operum
735 2748 750 2785 :
792 2732 985 2787 horum
1042 2745 1222 2789 autem
1278 2737 1635 2806 superiores,
1702 2735 2044 2806 spiritalibus

464 2820 657 2877 officiis
680 2822 983 2891 deservire,
1018 2836 1073 2881 et
1103 2828 1334 2883 introire
1370 2830 1423 2882 in
1461 2828 1662 2883 Sancta
1701 2837 2043 2893 sanctorum,

463 2912 646 2983 ibique
675 2917 892 2984 operire
922 2932 1044 2986 qua:
1066 2919 1360 2983 operienda
1388 2930 1534 2984 sunt,
1580 2929 1636 2975 et
1669 2919 1887 2977 tradere
1917 2918 2044 2973 ﬁliis

460 3003 629 3059 Caath
661 3008 931 3076 portanda
969 3010 1232 3075 humeris,
1257 3019 1311 3064 et
1334 3011 1585 3066 manibus
1616 3009 2042 3068 evehenda.Sed

460 3106 515 3150 et
548 3095 774 3167 reliquis
808 3099 1101 3169 unicuique
1133 3102 1431 3156 secundum
1463 3119 1525 3156 ea
1565 3119 1686 3171 quae
1731 3102 1842 3170 jam
1876 3118 2042 3170 supe-

460 3186 574 3241 rius
604 3203 749 3257 saepe
768 3189 997 3244 disserta
1026 3201 1151 3244 sunt
1174 3193 1517 3249 ordinantur.
1555 3191 1753 3248 Verum
1778 3209 1845 3247 ne
1876 3192 2041 3247 nimia
2071 3224 2117 3286 Ο

412 3317 417 3321 -
462 3279 578 3335 hare
616 3281 1077 3350 operimentorum
1111 3283 1655 3354 velamentorumque
1693 3285 1903 3339 cautela
1951 3286 2046 3339 de-

458 3372 827 3441 Sperationem
859 3375 1152 3444 quamdam
1178 3385 1233 3431 et
1264 3378 1581 3432 maestitiam
1622 3385 1845 3447 generet
1886 3375 2043 3431 audi-

462 3462 692 3529 toribus,
738 3478 907 3532 pauca
947 3465 1124 3534 aliqua
1157 3482 1275 3535 qua:
1303 3477 1357 3522 et
1400 3468 1555 3522 nobis
1584 3468 1824 3537 pandere
1864 3478 2038 3522 tutum

456 3554 548 3615 sit,
580 3564 635 3608 et
672 3555 827 3611 vobis
859 3553 940 3610 fas
981 3557 1052 3610 sit
1092 3557 1360 3626 aspicere,
1409 3560 1670 3629 quoniam
1704 3560 1945 3629 quidem,
1981 3568 2041 3615 ut

456 3646 607 3716 prius
649 3648 914 3712 diximus,
955 3663 1125 3718 genus
1160 3649 1340 3720 regale
1383 3660 1441 3704 et
1484 3651 1868 3717 sacerdotium,
1905 3666 2038 3721 gens

455 3750 642 3795 sancta
688 3749 745 3795 et
795 3741 1026 3811 populus
1075 3741 1128 3794 in
1164 3742 1526 3811 acquisitione
1566 3743 1694 3797 dicti
1745 3758 1933 3799 sumus
1965 3743 2036 3808 “,

455 3831 670 3896 aperire
721 3831 1076 3887 tentabimus.
1112 3830 1490 3902 lntelliga'mus
1531 3847 1663 3904 ergo
1708 3834 2034 3889 tabernacu-

454 3921 563 3975 lum
595 3922 894 3979 testimonii
943 3937 1133 3978 omnes
1177 3933 1422 3986 sanctos,
1450 3923 1544 3992 qui
1575 3924 1675 3978 sub
1707 3933 2035 3981 testamento

457 4012 547 4067 Dei
578 4021 871 4069 censentur
897 4030 911 4065 :
947 4024 1002 4067 et
1027 4014 1079 4067 in
1118 4013 1219 4066 hoc
1243 4013 1594 4066 tabernaculo
1616 4027 1739 4069 esse
1769 4015 2033 4083 quosdam

452 4103 716 4159 celsiores
741 4104 952 4160 meritis
974 4113 1026 4158 et
1060 4104 1233 4173 gratia
1266 4102 1614 4172 superiores:
1652 4112 1706 4157 et
1735 4118 1801 4158 ex
1833 4105 1897 4159 iis
1936 4105 2037 4161 ali-

457 4207 593 4263 quos
633 4194 853 4265 quidem
893 4194 1280 4249 candelabrum
1313 4193 1442 4259 dici,
1478 4193 1624 4262 ipsos
1657 4192 1797 4247 forte
1822 4203 2037 4263 aposto-

457 4285 559 4351 los,
587 4285 679 4354 qui
713 4284 1023 4339 illuminant
1048 4286 1377 4339 accedentes
1420 4284 1487 4336 ad
1522 4285 1716 4337 Deum.
1747 4284 1858 4339 Sed
1890 4295 1944 4339 et
1987 4284 2032 4338 si

452 4377 545 4446 qui
577 4377 667 4432 alii
707 4386 853 4443 sunt,
885 4378 976 4447 qui
1007 4378 1060 4432 in
1107 4378 1210 4433 hoc
1258 4376 1610 4431 tabernaculo
1652 4377 1743 4431 Dei
1781 4377 2035 4432 omnibus

452 4468 885 4538 ingredientibus
918 4468 1161 4524 scientia:
1206 4477 1261 4523 et
1305 4467 1569 4522 doctrina:
1621 4467 1802 4523 lumen
1848 4478 2033 4523 osten-

2155 1991 2424 2048 manihus.
2452 1991 2605 2060 Quod
2633 1995 2967 2063 prospiciens
2996 1995 3048 2048 in
3075 1997 3268 2065 Spiritu
3292 1996 3561 2068 Propheta
3587 2004 3735 2057 diee-

2154 2078 2245 2134 bat
2275 2081 2320 2112 ’³
2354 2100 2367 2136 :
2409 2101 2428 2133 ι
2460 2084 2725 2149 Quoniam
2756 2086 2965 2156 angelis
3001 2087 3116 2141 suis
3166 2090 3444 2147 mandavit
3474 2093 3539 2147 de
3570 2105 3643 2158 te,
3677 2106 3732 2149 ut

2152 2171 2205 2225 in
2233 2173 2482 2229 manibus
2512 2175 2701 2230 tollant
2733 2186 2804 2244 te,
2842 2194 2909 2234 ne
2950 2178 3090 2233 forte
3134 2178 3380 2236 offendas
3400 2186 3465 2238 ad
3498 2186 3731 2254 lapidem

2150 2263 2342 2332 pedem
2369 2274 2538 2320 tuum.
2574 2286 2592 2319 ι
2627 2267 2779 2334 Quod
2812 2272 3028 2339 quidem
3070 2275 3269 2328 dictum
3302 2277 3512 2344 putavit
3544 2278 3736 2333 diabo-

2150 2352 2233 2408 lus
2265 2354 2330 2409 de
2367 2355 2651 2414 Salvatore
2681 2361 3081 2430 accipiendum,
3110 2366 3202 2418 sed
3239 2376 3474 2422 emeatus
3502 2369 3732 2435 malitia,

2151 2462 2259 2500 non
2290 2448 2561 2505 intellexit
2593 2452 2810 2522 eloquia
2841 2454 3055 2509 Domini
3082 2457 3339 2526 mystica.
3378 2457 3565 2529 Neque
3587 2462 3731 2515 enim

2151 2537 2402 2619 Salvator
2436 2558 2587 2598 meus
2609 2545 2818 2612 angelis
2856 2546 3156 2616 indigebat,
3200 2560 3259 2604 ut
3291 2567 3397 2606 non
3433 2550 3735 2608 offenderet

2149 2630 2217 2684 ad
2251 2630 2482 2700 lapidem
2508 2635 2700 2703 pedem
2742 2652 2921 2691 Suum.
2952 2637 3195 2708 Namque
3225 2640 3591 2696 caluumiatur
3616 2645 3734 2698 dia-

2148 2718 2304 2776 bolus
2323 2722 2661 2790 Scripturam
2681 2725 2942 2790 divinam,
2962 2730 3051 2797 qui
3072 2729 3182 2783 haec
3202 2730 3266 2784 de
3285 2728 3568 2787 Salvatore
3587 2734 3731 2789 dicta

2148 2815 2476 2884 protulerit:
2515 2833 2622 2872 non
2650 2821 2715 2872 de
2746 2818 2860 2885 illo,
2896 2822 2988 2874 sed
3025 2822 3091 2875 de
3110 2823 3361 2880 omnibus
3395 2828 3600 2882 sanctis
3632 2830 3737 2883 hoe

2146 2905 2368 2968 dicitur,
2399 2908 2525 2976 quia
2552 2908 2763 2977 angelis
2796 2911 2909 2964 suis
2942 2914 3220 2967 mandavit
3254 2915 3508 2986 Deuspro
3535 2921 3735 2989 popqu

2147 3012 2267 3062 suo,
2301 3008 2358 3050 ut
2391 3014 2496 3054 non
2521 2999 2759 3055 offendat
2787 3004 2854 3055 ad
2894 3003 3126 3072 lapidem
3166 3009 3358 3075 pedem
3399 3025 3580 3064 suum.
3624 3012 3731 3067 Sed

2146 3097 2200 3141 et
2235 3090 2418 3141 omnia
2454 3106 2573 3159 qua:
2603 3091 2654 3143 in
2693 3091 2795 3145 hoc
2846 3094 3055 3161 psalmo
3105 3097 3307 3166 scripta
3365 3110 3512 3163 sunt,
3561 3103 3733 3167 justis

2148 3180 2463 3248 quibusque
2493 3181 2667 3249 magis
2696 3198 2858 3251 quam
2896 3186 3163 3240 Salvatori
3192 3192 3546 3245 conveniunt.
3572 3193 3733 3250 Libe-

2152 3282 2233 3324 rat
2258 3273 2400 3325 enim
2438 3271 2698 3330 Dominus
2727 3293 2753 3329 a
2793 3274 2972 3342 ruina,
3016 3288 3071 3334 et
3127 3280 3400 3336 daemonio
3429 3288 3733 3345 meridiano

2152 3378 2261 3417 non
2297 3363 2669 3428 Salvatorem,
2703 3369 2847 3436 quod
2884 3368 3024 3423 absit
3055 3385 3082 3423 a
3114 3372 3269 3428 nobis
3302 3375 3374 3427 ita
3408 3376 3728 3446 intelligere,

2146 3454 2240 3507 sed
2275 3469 2491 3508 onmem
2522 3456 2753 3524 justum.
2802 3457 2943 3513 Justi
2972 3462 3116 3515 enim
3170 3473 3316 3528 sunt,
3347 3468 3438 3536 qui
3490 3470 3732 3541 indigent

2146 3544 2420 3614 adiutorio
2452 3548 2768 3617 angelorum
2806 3551 2919 3619 Dei,
2961 3554 3036 3607 uti
3073 3572 3139 3610 ne
3169 3571 3198 3609 a
3228 3558 3568 3617 dzemouihus
3603 3565 3732 3618 suh-

2145 3647 2404 3703 ruautur,
2461 3649 2515 3693 et
2572 3656 2639 3694 ne
2689 3642 2853 3696 corda
2917 3660 3106 3700 eorum
3160 3652 3355 3721 sagitta
3408 3653 3622 3707 volante
3673 3658 3728 3710 in

2144 3731 2387 3785 tenebris
2417 3733 2781 3787 terehrentur.
2812 3735 2916 3789 Per
2951 3737 3099 3807 ipsos
3143 3744 3365 3813 angelos
3396 3748 3497 3802 sub
3535 3752 3725 3805 eodem

2142 3824 2403 3893 mysterio
2427 3824 2629 3880 Paulus
2654 3828 2950 3894 portandus
2983 3845 3104 3887 esse
3135 3838 3401 3903 quosdam
3437 3841 3728 3897 continuat

2141 3914 2195 3968 in
2232 3914 2465 3971 nubibus
2492 3931 2613 3971 cum
2646 3916 2777 3974 dicit
2806 3918 2851 3951 “
2880 3937 2894 3973 :
2941 3938 2959 3972 ι
2995 3919 3101 3977 Sed
3131 3935 3186 3978 et
3223 3943 3321 3982 nos
3348 3929 3439 3997 qui
3471 3932 3725 3998 vivimus,

2142 4006 2234 4073 qui
2268 4006 2460 4075 reliqui
2496 4023 2707 4073 sumus,
2737 4010 2898 4065 simul
2929 4028 3052 4068 cum
3085 4016 3197 4071 illis
3243 4020 3517 4088 rapiemur
3551 4024 3600 4077 in
3634 4042 3728 4079 nu-

2138 4099 2297 4155 bibus
2326 4102 2540 4155 obviam
2582 4103 2801 4159 Christo
2835 4104 2886 4159 in
2915 4121 3064 4161 aera.
3101 4126 3119 4159 ι
3161 4108 3471 4180 Rapiuntur
3506 4118 3727 4186 ergoah

2140 4191 2345 4261 angelis
2376 4193 2410 4246 ii
2437 4193 2525 4262 qui
2551 4193 2768 4262 penitus
2799 4198 3012 4265 purgati
3066 4208 3122 4254 et
3156 4199 3299 4257 leves
3331 4203 3506 4259 effecti
3535 4218 3660 4260 sunt
3696 4225 3725 4261 a

2141 4286 2372 4341 delictis.
2402 4286 2700 4342 Portantur
2739 4306 2870 4345 vero
2898 4292 2934 4345 ii
2960 4294 3051 4362 qui
3085 4294 3361 4365 aliquibus
3392 4302 3570 4355 adhuc
3594 4303 3723 4357 reli-

2139 4379 2280 4447 quiis
2312 4391 2745 4449 prmgravantur.
2775 4381 3073 4438 Portantur
3096 4400 3225 4441 vero
3252 4398 3307 4442 et
3331 4389 3597 4446 columnae
3642 4404 3727 4446 ιιι-η

2140 4471 2417 4525 bernaculi
2445 4487 2475 4526 a
2506 4472 2860 4541 quibusdam,
2888 4483 2944 4529 et
2991 4474 3157 4543 atria,
3187 4487 3243 4532 et
3273 4489 3470 4536 caetera
3520 4498 3640 4552 quae
3690 4499 3722 4537 a

454 4566 606 4631 dunt,
647 4577 842 4618 omnes
873 4564 962 4618 isti
993 4562 1378 4619 candelabrum
1421 4563 1708 4632 mysticum
1746 4564 2028 4618 nontinen-
2062 4563 2106 4620 D
2136 4562 2420 4631 Scriptura
2474 4562 2815 4619 referuntur.
2881 4563 3183 4622 Portautur
3244 4581 3423 4625 autem
3488 4590 3591 4628 non
3653 4576 3725 4631 ah

454 4666 563 4710 tur.
592 4655 695 4711 Alii
722 4656 833 4711 sint
864 4670 1051 4721 mensa
1108 4670 1286 4719 sacra,
1330 4654 1548 4710 scilicet
1588 4654 1902 4725 quicunque
1933 4657 2034 4710 ha-

450 4749 581 4803 bent
603 4764 772 4820 panes
810 4749 924 4816 Dei,
950 4759 1007 4804 et
1029 4747 1280 4803 reﬁciunt
1306 4762 1369 4802 ac
1398 4758 1628 4817 pascunt
1661 4749 1872 4805 animas
1906 4766 2034 4806 esu-

454 4844 661 4900 rientes
699 4843 994 4911 justitiam.
1024 4843 1129 4899 Alii
1162 4843 1273 4899 sint
1313 4844 1486 4898 altare
1539 4844 1771 4913 incensi,
1804 4844 2036 4914 quicun-

452 4952 559 5007 que
595 4935 939 4992 orationibus
970 4944 1025 4992 et
1061 4935 1287 5007 jejuuiis
1321 4937 1410 4991 die
1442 4952 1506 4991 ac
1547 4946 1706 4992 nocte
1752 4947 1949 4993 vacant
1980 4937 2032 4992 in

451 5029 649 5101 templo
674 5028 791 5095 Dei,
813 5037 1041 5085 orantes
1074 5044 1180 5083 non
1205 5030 1371 5102 286
1392 5028 1567 5084 solum
1593 5046 1689 5100 pro
1706 5031 2040 5103 semetipsis,

449 5124 540 5177 sed
575 5132 627 5177 et
677 5136 776 5190 pro
824 5122 1081 5177 universo
1125 5122 1345 5190 pupulo.
1372 5121 1411 5175 li
1449 5134 1579 5175 vero
1616 5119 1814 5191 quibus
1840 5135 2039 5175 arcana

2134 4653 2422 4719 lsraelitis,
2454 4654 2547 4709 sed
2576 4670 2605 4707 a
2652 4653 2882 4721 Levitis,
2943 4661 3248 4714 secundum
3307 4662 3451 4717 hunc
3498 4680 3721 4721 sensum

2133 4760 2293 4816 quem
2321 4747 2373 4800 in
2408 4757 2728 4802 transcursu
2757 4748 3007 4804 videmur
3035 4750 3185 4807 brevi
3219 4755 3537 4824 contigisse,
3561 4760 3726 4815 relin-

2131 4849 2365 4910 quentes
2394 4840 2650 4896 sensibus
2673 4842 3008 4909 auditorum,
3035 4854 3093 4901 ut
3120 4849 3165 4902 si
3186 4850 3310 4919 quis
3327 4850 3392 4905 de
3423 4849 3490 4905 iis
3515 4850 3725 4919 majore

2132 4930 2405 4987 desiderio
2431 4930 2770 5003 flagraverit,
2805 4936 3072 4991 accendat
3097 4936 3200 4994 sibi
3241 4940 3419 4996 lumen
3457 4943 3720 5007 scientiae,

2142 5032 2200 5081 et
2251 5023 2456 5093 majora
2527 5025 2722 5081 horum
2772 5029 2931 5084 oculo
2985 5034 3388 5101 perspicaciore
3445 5034 3720 5103 conjiciat.

2144 5113 2313 5170 Nobis
2354 5125 2534 5171 autem
2564 5118 2836 5173 concedat
2867 5118 3150 5188 Dominus,
3200 5131 3258 5176 ut
3288 5139 3317 5177 a
3373 5123 3570 5178 talibus
3595 5140 3725 5191 ope-

450 5215 708 5283 mysteria
726 5214 957 5271 credidit
976 5212 1542 5277 Deus,etoccultorum
1559 5209 1909 5281 providentiae
1926 5227 2038 5268 suae

2147 5207 2301 5263 rariis
2333 5208 2535 5277 portati
2563 5218 2616 5262 et
2635 5208 2934 5276 sublevati,
2963 5210 3266 5267 liberemur
3291 5222 3345 5268 et
3368 5213 3723 5272 defendamur

452 5307 772 5380 ‘pdiciorum
825 5314 1035 5361 secreta
1096 5304 1391 5371 commisit,
1427 5318 1554 5359 area
1592 5304 1899 5356 testamenti
1940 5302 2032 5358 Dei

447 5402 805 5474 appellentur.
833 5400 1004 5457 Porro
1032 5398 1124 5468 qui
1150 5413 1272 5454 eum
1297 5399 1447 5453 omni
1480 5396 1674 5451 fiducia
1705 5409 1801 5465 per
1821 5395 2030 5451 hostias

450 5507 701 5565 precum,
760 5490 1325 5562 supplicatiouumque
1357 5486 1609 5541 victimas
1641 5485 1807 5539 Deum
1861 5484 2027 5538 homi-

451 5586 612 5642 nibus
644 5585 1021 5656 repropitiant,
1067 5592 1118 5637 et
1150 5598 1247 5652 pro
1292 5579 1507 5635 delictis
1546 5577 1724 5649 populi
1777 5577 2019 5631 interve-

527 5726 569 5758 "
596 5721 754 5777 Num.
787 5736 939 5776 XXXI.
1018 5720 1063 5751 ²⁰
1094 5717 1229 5774 Gen.
1259 5713 1535 5779 “111,24.

1610 5713 1653 5745 ’⁸
1691 5712 1709 5767 ι
1734 5711 1881 5766 Petr.
1908 5727 1969 5779 ιι,
1990 5711 2043 5765 9.

2136 5313 2166 5352 a
2197 5299 2392 5369 sagitta
2419 5300 2638 5357 volante
2670 5302 2724 5356 in
2762 5303 3035 5371 tenebris,
3084 5312 3140 5359 et
3169 5319 3197 5357 a
3228 5306 3405 5371 ruina,
3439 5316 3494 5360 et
3518 5307 3720 5360 datum-

2133 5394 2226 5448 nio
2250 5393 2574 5462 meridiano,
2616 5410 2685 5450 ne
2711 5395 2852 5452 forte
2880 5396 3225 5452 offendamus
3256 5397 3323 5450 ad
3351 5397 3579 5465 lapidem
3618 5411 3716 5464 ρος

2129 5485 2251 5540 dem
2282 5496 2554 5552 nostrum,
2592 5503 2876 5558 nsquequo
2902 5494 3287 5559 perveniamus
3323 5490 3390 5543 ad
3431 5490 3607 5542 locum
3640 5504 3730 5543 re—

2128 5577 2515 5646 promissionis
2564 5590 2907 5649 sanctorum,
2951 5597 3052 5653 per
3088 5582 3367 5639 Christum
3421 5582 3711 5637 Dominum

2120 5713 2163 5744 ¹²
2198 5711 2361 5770 llehr.
2398 5732 2435 5781 ι,
2463 5714 2546 5769 14.
2622 5718 2666 5749 ³³
2689 5715 2830 5775 Psal.
2866 5731 2973 5780 χοι,
3014 5717 3099 5772 ll.
3179 5717 3224 5749 ’³
3254 5716 3273 5772 Ι
3305 5716 3496 5776 Thess.
3525 5731 3598 5784 tv,
3632 5716 3710 5774 l6.

520 5861 639 5929 t7?)
688 5862 846 5931 8153.,
892 5880 908 5915 ς
956 5860 1301 5933 cmpcrimus.
1348 5877 1364 5910 ι
1404 5856 1560 5914 Libb.
1601 5857 1762 5924 editi,
1812 5874 1829 5910 ι
1866 5855 2148 5927 coepimus.
2189 5874 2209 5910 ι
