4124 6484
439 390 542 445 609

1645 380 1711 433 IN
1750 378 2082 433 NUMICROS
2124 378 2415 433 llOMlldA
2456 380 2545 436 Vl.

3614 388 3716 443 6l0

437 519 493 561 et
540 501 1364 573 intellectus,spiritus-consilii
1403 510 1456 555 et
1498 501 1737 566 virtutis,
1786 502 2018 569 Spiritus
2048 505 2088 561 Α
2126 509 2235 564 tur,
2269 502 2466 555 nonde
2504 501 2710 571 Spiritu
2739 510 2929 558 sancto
2964 503 3176 560 locutus
3222 506 3314 570 sit,
3353 508 3446 561 sed
3491 509 3556 562 de
3604 514 3717 577 spi-

442 600 685 654 scientim
737 606 793 651 et
833 596 1064 665 pietatis
1100 633 1115 653 .
1191 602 1246 648 et
1322 593 1553 661 replebit
1615 607 1741 646 eum
1795 594 2023 661 Spir-itus

444 686 662 740 timoris
726 684 961 738 Domini.
996 701 1014 733 ι
1092 680 1201 737 Sed
1282 681 1513 735 fortasse
1573 682 1703 736 dicit
1754 682 1954 751 aliquis
2008 700 2022 736 :

440 777 579 832 Nihil
640 776 869 845 amplius
942 773 1227 828 ostendisti
1297 772 1561 842 scriptum
1623 774 1691 828 de
1759 773 2024 839 Christo,

441 885 604 940 quam
671 870 738 923 de
790 868 1010 936 reliquis
1102 866 1434 920 hominibus.
1506 865 1659 921 Sicut
1738 867 1882 920 enim
1960 868 2028 924 de

444 963 663 1015 caeteris
697 962 897 1015 dictum
932 969 1036 1021 est,
1069 958 1196 1027 quia
1235 956 1497 1025 requievit
1547 971 1711 1024 super
1773 972 1865 1011 eos
1892 997 1908 1021 ,
1951 958 2027 1013 ita

446 1063 501 1106 et
533 1050 911 1106 de-Salvalore
942 1050 1150 1103 dictum
1178 1058 1283 1109 est,
1313 1067 1333 1099 ‹
1372 1048 1669 1115 requiescit
1708 1063 1873 1113 super
1896 1064 2025 1102 eum

444 1145 669 1214 spiritus
706 1143 824 1197 Dei.
850 1161 877 1194 ο
921 1141 1028 1195 Sed
1060 1141 1182 1193 vide
1206 1141 1333 1208 quia
1376 1156 1547 1210 supra
1608 1141 1812 1193 nullum
1860 1140 2023 1194 alium

446 1236 671 1303 spiritus
724 1235 817 1289 Dei
867 1232 1202 1301 rcquievisse
1269 1232 1611 1300 septeniplici
1666 1232 1767 1286 hac
1824 1233 2026 1286 virtute

446 1327 795 1392 describitur,
830 1340 929 1394 per
964 1324 1107 1393 quod
1147 1325 1279 1392 {sine
1326 1323 1492 1377 dubio
1542 1324 1653 1392 ipso
1713 1324 1799 1378 illa
1855 1326 2024 1379 divini

448 1420 685 1490 Spiritus
708 1418 1035 1479 substantia,
1055 1432 1190 1485 quae
1218 1416 1348 1485 quia
1383 1431 1490 1470 uno
1526 1418 1748 1471 nomine
1785 1434 1889 1471 non
1918 1433 2023 1487 po-

450 1519 629 1574 terat,
684 1508 917 1563 diversis
968 1508 1249 1562 vocabulis
1298 1507 1641 1575 explanatur,
1679 1510 2027 1580 requiescere

445 1616 612 1668 super
639 1599 847 1670 virgam
877 1614 996 1668 quae
1026 1599 1094 1653 de
1128 1598 1483 1668 stirpe-Jesse
1516 1602 1856 1670 procederet,
1895 1617 2026 1671 pro-

445 1696 722 1762 phetatnr.
776 1690 960 1745 Habeo
995 1700 1047 1744 et
1079 1690 1225 1744 aliud
1276 1693 1646 1748 testimonium
1686 1709 1795 1762 quo
1830 1695 2027 1749 docere

444 1802 663 1856 possum
699 1785 749 1839 in
775 1785 1014 1839 Domino
1042 1795 1093 1838 et
1130 1784 1422 1840 Salvatore
1454 1801 1576 1840 meo
1612 1786 1874 1855 Spiritum
1909 1788 2026 1842 exi-

446 1879 556 1933 mio
589 1877 828 1947 quodam
875 1891 1094 1945 genere,
1134 1886 1189 1930 et
1222 1877 1378 1947 longe
1428 1878 1587 1933 aliter
1637 1879 1977 1948 rcquievisse
2008 1919 2023 1942 ,

444 1993 606 2046 quam
634 1977 882 2032 refertur
913 1978 967 2031 in
1004 1976 1237 2032 caateris.
1274 1977 1417 2033 Dicit
1458 1979 1603 2032 enim
1641 1977 1883 2033 Joannes
1923 1977 2027 2030 Ba-

444 2070 612 2138 ptista
652 2071 717 2124 de
758 2085 824 2124 eo
858 2070 903 2101 “
935 2088 949 2124 :
993 2087 1011 2122 ι
1052 2069 1153 2137 Qui
1188 2070 1339 2124 misit
1372 2086 1456 2125 me
1483 2069 1761 2139 baptizare
1785 2070 1838 2124 in
1864 2087 2025 2140 aqua,

446 2159 535 2214 ille
562 2159 694 2213 mihi
728 2159 868 2214 dixit
898 2175 913 2214 :
944 2160 1124 2228 Super
1160 2174 1320 2227 quem
1372 2159 1577 2215 videris
1622 2161 1874 2230 spiritum
1929 2162 2027 2215 dc-

445 2251 837 2317 scendentem,
888 2261 943 2307 et
996 2263 1307 2306 manentem
1361 2253 1412 2306 in
1459 2268 1565 2318 eo,
1608 2272 1625 2304 ι
1675 2254 1788 2323 ipse
1818 2264 1923 2308 est.
1969 2254 2024 2309 Si

446 2342 674 2397 dixisset
721 2362 740 2394 ί
766 2344 1027 2413 spiritum
1072 2346 1498 2400 descemlentem
1522 2386 1536 2407 ,
1576 2365 1594 2398 ι
1648 2356 1701 2399 et
1737 2361 1844 2399 non
1876 2346 2029 2399 addi-

446 2433 614 2485 disset
663 2452 682 2484 ‹
714 2444 1024 2489 manentem
1078 2436 1130 2488 in
1166 2452 1311 2498 eo,»
1367 2436 1501 2490 nihil
1538 2436 1871 2506 praecipuum
1917 2452 2029 2506 prie

447 2525 662 2580 caeteris
687 2527 892 2581 habere
923 2527 1217 2582 videretur.
1259 2528 1411 2582 Nunc
1450 2540 1630 2583 autem
1657 2530 1883 2594 addidit,
1913 2549 1931 2581 ι
1974 2540 2030 2585 et

448 2627 754 2671 manentem
788 2618 839 2672 in
877 2634 966 2685 eo,
1009 2639 1026 2672 ι
1067 2628 1123 2673 ιιι
1154 2630 1303 2675 esset
1357 2620 1459 2675 hoc
1503 2621 1717 2691 signum
1756 2622 1808 2675 in
1839 2620 2031 2676 Salva-

450 2715 603 2771 tore,
638 2709 782 2777 quod
826 2710 877 2762 in
914 2711 1061 2765 nullo
1109 2711 1219 2765 alio
1270 2722 1451 2780 posset
1486 2713 1732 2766 ostendi.
1774 2715 1847 2768 De
1882 2716 2029 2771 nuHo

451 2801 594 2853 enim
629 2803 887 2868 scriptum
926 2814 1052 2867 est,
1092 2804 1228 2872 quia
1273 2806 1535 2858 manserit
1573 2805 1625 2859 in
1678 2818 1744 2858 eo
1790 2804 2028 2873 Spiritus

450 2900 695 2945 sanctus.
727 2893 792 2945 Et
830 2909 896 2947 ne
928 2895 1049 2962 quis
1084 2910 1170 2949 me
1200 2904 1348 2963 putet
1374 2894 1435 2949 in
1468 2894 1571 2950 hoc
1608 2898 1870 2964 derogare
1906 2914 2023 2966 pro-

451 2981 650 3046 thetis,
688 2983 868 3035 sciunt
901 2984 1000 3052 ipsi
1043 2985 1166 3052 quia
1212 3000 1321 3039 non
1368 2987 1448 3041 eis
1475 2987 1698 3054 derogo,
1734 2987 2030 3054 pr:rfercns

449 3072 533 3125 eis
592 3073 877 3125 Dominum
929 3089 1105 3127 meum
1156 3074 1346 3129 Jesum
1399 3075 1702 3130 Christum.
1763 3076 2030 3131 Recolunt

448 3162 595 3214 enim
629 3162 825 3231 singuli
856 3164 996 3217 dicta
1024 3179 1144 3228 sua,
1172 3176 1224 3218 et
1253 3165 1536 3219 inveniunt
1576 3166 1717 3235 quod
1767 3168 1834 3222 de
1882 3167 2027 3221 nullo

451 3254 557 3305 alio
586 3255 789 3307 dictant
825 3265 909 3309 est
940 3257 981 3287 ⁸⁷
1004 3298 1018 3322 ,
1058 3258 1182 3325 quia
1219 3275 1237 3308 ι
1272 3267 1552 3327 peceatum
1592 3275 1697 3311 non
1753 3259 1898 3326 fecit,
1927 3275 2027 3315 nec

450 3345 705 3400 inventus
736 3356 819 3400 est
848 3347 1001 3401 dotus
1046 3349 1098 3402 in
1149 3365 1245 3403 ore
1296 3347 1434 3416 ejus.
1475 3369 1492 3400 ι
1534 3350 1666 3415 Quia
1703 3351 1847 3404 enim
1876 3350 2026 3405 solus

449 3447 531 3490 est
582 3439 701 3492 sine
753 3451 995 3507 Pct'CﬂIO,
1042 3442 1130 3511 qui
1175 3449 1457 3511 peceatum
1501 3460 1605 3496 non
1638 3443 1795 3506 fecit,
1823 3445 2027 3499 idcirco

453 3529 504 3582 in
535 3530 650 3599 ipso
690 3535 805 3588 solo
844 3536 1043 3589 mansit
1084 3545 1138 3589 et
1189 3537 1486 3605 peritiamit
1516 3536 1770 3604 Spiritus.
1801 3539 1854 3590 Si
1880 3538 2025 3591 enim

452 3621 565 3689 ipse
599 3634 684 3677 est
716 3627 781 3679 de
813 3641 922 3693 quo
965 3626 1248 3696 singulare
1294 3626 1497 3694 aliquid
1540 3639 1593 3681 et
1635 3629 1896 3682 eximium
1946 3631 2027 3682 di-

447 3715 603 3775 citur,
636 3715 736 3770 hoc
775 3718 919 3786 quod
964 3732 1127 3785 supra
1167 3717 1402 3771 diximus
1432 3719 1557 3786 quia
1586 3730 1868 3786 peceatum
1919 3736 2024 3775 non

449 3805 597 3870 fecit,
629 3817 842 3861 constat
899 3809 1136 3877 reliquos
1188 3822 1378 3862 omnes
1422 3809 1597 3863 fuisse
1643 3812 1743 3863 sub
1777 3820 2023 3879 peccato.

453 3900 508 3951 Si
552 3914 742 3955 omnes
772 3942 786 3965 ,
841 3903 1152 3956 necessario
1206 3911 1261 3956 et
1306 3903 1621 3973 prepbetas.
1656 3888 1729 3956 Et
1757 3905 2028 3973 quomodo

448 3993 737 4047 conveniet
763 4003 819 4048 ut
857 4003 1098 4063 tempore
1138 3996 1348 4064 peccati
1386 3994 1657 4049 mansisse
1690 3995 1742 4048 in
1773 3994 1854 4050 eis
1879 3998 2028 4051 dica-

452 4100 574 4139 mus
596 4085 858 4155 Spiritum
897 4099 1146 4140 sancutm
1176 4102 1189 4139 :
1223 4094 1316 4139 aut
1348 4085 1393 4140 si
1444 4085 1539 4139 tibi
1590 4086 1909 4141 incredibile
1945 4089 2026 4140 vi-

451 4177 612 4231 detur
644 4172 959 4247 'prophetas
1004 4187 1292 4246 postquam
1343 4186 1673 4246 acceperant
1702 4177 1870 4247 288
1918 4179 2029 4247 spi-

452 4268 615 4323 ritmn
672 4271 912 4338 potuisse
955 4285 1183 4339 peccare
1210 4308 1227 4334 ,
1297 4272 1365 4325 ad
1411 4271 1553 4324 hunc
1594 4270 1769 4338 ipsum
1808 4270 2027 4341 Moysen

451 4344 611 4429 quem
643 4350 907 4415 habemus
939 4363 991 4416 in
1025 4362 1281 4417 manibus
1314 4370 1684 4421 revertamur,
1719 4362 1813 4429 qui
1846 4366 2029 4430 utique

452 4453 720 4507 maximus
749 4463 833 4507 est
861 4463 916 4508 et
944 4454 1178 4508 eximius
1208 4453 1625 4522 prophetarum.
1678 4450 1797 4521 Ipse
1851 4452 1916 4506 de
1971 4466 2031 4506 se

2132 594 2237 645 ritu
2271 594 2500 661 peccati.
2535 593 2687 660 Quod
2736 595 2781 649 si
2827 594 3126 665 Scriptum
3176 601 3490 653 testimonio
3532 610 3718 655 tantus

2133 684 2397 753 propheta
2442 683 2654 755 Moyses
2696 685 3007 740 ostenditur
3042 687 3336 756 aliquando
3377 693 3632 747 habuisse
3666 694 3717 745 in

2132 789 2190 828 se
2225 775 2481 845 spiritum
2515 775 2633 839 Dei,
2662 775 2963 845 aliquando
2991 794 3121 833 vero
3141 796 3247 834 non
3277 782 3554 848 habuisse,
3590 798 3721 852 pcc-

2133 867 2241 921 cati
2271 866 2486 922 scilicet
2511 877 2776 936 tempore,
2805 880 3015 925 certum
3044 881 3128 925 est
3158 873 3284 940 quia
3310 882 3364 927 et
3389 876 3456 928 de
3488 875 3718 946 reliquis

2132 959 2412 1027 prophetis
2442 960 2642 1014 si-milis
2675 960 2848 1015 forma
2888 963 3118 1015 tenenda
3155 964 3247 1019 sit.
3281 964 3419 1029 Quid
3454 976 3634 1021 autem
3665 978 3721 1023 ct

2133 1051 2199 1104 de
2226 1049 2401 1104 «David
2438 1052 2652 1106 dicam?
2693 1054 2784 1122 qui
2818 1069 2920 1123 pro
2959 1053 3165 1123 Spiritu
3209 1066 3421 1121 sancto,
3457 1068 3717 1129 tanquam

2131 1145 2222 1211 qui
2256 1159 2283 1195 a
2312 1158 2372 1198 se
2397 1144 2567 1212 possit
2593 1145 2823 1211 auferri,
2856 1156 2975 1201 orat
3006 1163 3072 1203 ne
3097 1147 3379 1203 auferatur
3399 1160 3454 1205 et
3475 1152 3604 1205 dicit
3633 1154 3676 1185 ⁸⁹
3704 1170 3720 1208 :

2137 1252 2155 1284 ι
2182 1233 2264 1287 Nc
2289 1234 2554 1304 projicias
2588 1253 2673 1291 me
2699 1254 2726 1291 a
2754 1239 2893 1293 faeie
2926 1249 3038 1303 tua,
3074 1251 3129 1293 et
3166 1239 3432 1310 Spiritum
3467 1253 3717 1297 sanctqu

2135 1336 2283 1378 tuum
2318 1341 2384 1380 ne
2415 1328 2635 1382 auferas
2668 1344 2696 1382 a
2736 1324 2843 1384 me.
2877 1348 2896 1382 ι
2934 1329 2990 1384 lu
3031 1331 3388 1399 sequentibus
3436 1347 3566 1385 vero
3598 1343 3720 1385 tan-

2131 1433 2296 1485 quam
2333 1435 2430 1489 pro
2471 1420 2627 1491 culpa
2676 1422 2914 1476 ablatum
2958 1439 2986 1477 a
3037 1439 3096 1478 se
3131 1441 3326 1478 munus
3362 1426 3636 1493 reposcit,
3667 1434 3724 1479 et

2132 1508 2305 1561 dicit:
2334 1529 2352 1560 ι
2390 1510 2574 1565 Redde
2600 1513 2730 1566 mihi
2760 1513 3004 1567 laetitiam
3036 1514 3297 1569 salutaris
3322 1516 3427 1580 tui,
3452 1526 3503 1569 ct
3528 1516 3722 1584 spiritu

2132 1602 2421 1672 principali
2450 1604 2711 1658 confirma
2746 1622 2851 1659 me.
2885 1625 2905 1659 ν
2948 1606 3089 1673 Quid
3128 1623 3255 1660 vero
3296 1608 3465 1662 etiam
3512 1610 3577 1663 de
3628 1606 3726 1662 Sa-

2132 1693 2347 1748 lomone
2385 1698 2848 1752 commemorem?
2898 1713 3058 1766 quem
3108 1700 3293 1768 utique
3330 1715 3493 1755 nemo
3532 1700 3723 1766 dicet,

2133 1787 2371 1840 autsine
2408 1787 2613 1856 Spiritu
2655 1800 2851 1845 sancto
2886 1791 3171 1860 judieasse
3208 1791 3437 1858 judicia,
3470 1794 3553 1848 vel
3585 1802 3725 1847 tem-

2133 1881 2277 1948 plum
2322 1881 2549 1935 Domino
2593 1883 3014 1948 ronstruxisse;
3058 1892 3150 1936 aut
3198 1900 3390 1939 rursus
3437 1886 3487 1938 iu
3533 1898 3725 1941 sancto

2135 1972 2342 2042 Spiritu
2380 1974 2720 2029 dmmoaibus
2765 1976 2962 2045 templa
3013 1977 3229 2037 fecisse.
3260 1988 3355 2030 aut
3388 1977 3571 2047 impiis
3604 1996 3725 2032 mu-

2135 2067 2360 2121 lieribus
2387 2067 2612 2123 ﬂexisse
2645 2070 2817 2125 latera
2846 2085 2965 2124 sua.
2993 2070 3166 2124 Etiam
3202 2071 3288 2124 ille
3314 2071 3598 2140 propheta,
3629 2072 3721 2142 qui

2133 2159 2183 2211 in
2233 2161 2392 2213 tertio
2443 2161 2757 2230 Regnorum
2801 2162 2938 2215 libro
2991 2162 3041 2215 in
3088 2161 3275 2216 Bethel
3332 2163 3647 2217 mittebatur
3688 2180 3719 2217 a

2133 2254 2384 2315 Domino,
2429 2254 2481 2306 in
2524 2253 2720 2320 spiritu
2765 2255 2953 2322 nt'qne
3010 2252 3126 2314 Dei,
3174 2253 3339 2304 verba
3370 2251 3465 2306 Dei
3511 2253 3724 2307 locutus

2130 2356 2214 2399 est
2239 2344 2325 2399 ’⁵ος
2358 2360 2462 2399 non
2501 2354 2682 2400 tamen
2728 2346 2781 2399 in
2822 2346 3019 2413 spiritu
3055 2344 3151 2398 Dei
3182 2344 3577 2414 praevaricatus
3600 2360 3723 2399 esse

2129 2447 2467 2506 prteceptum
2499 2436 2711 2491 Domini
2738 2438 3045 2492 credendus
3072 2446 3179 2499 est,
3208 2452 3316 2505 quo
3340 2436 3525 2503 jussus
3552 2437 3727 2490 fuerat

2135 2544 2241 2582 non
2274 2527 2605 2582 manducare
2638 2543 2831 2597 panem
2881 2529 2932 2581 in
2982 2527 3212 2594 Dethel,
3235 2536 3458 2596 propter
3488 2528 3633 2597 quod
3668 2537 3724 2581 et

2132 2635 2162 2672 a
2194 2620 2348 2674 leone
2384 2620 2671 2690 perimitur
2703 2621 2769 2675 ιι.
2809 2621 2916 2674 Sed
2969 2620 3188 2690 loogum
3227 2632 3307 2675 est
3351 2622 3430 2674 ire
3478 2634 3575 2687 per
3616 2620 3726 2672 sin-

2131 2710 2306 2781 gulos.
2352 2712 2463 2781 Ego
2497 2722 2679 2766 autem
2714 2712 2841 2765 licet
2877 2728 2982 2765 non
3032 2726 3425 2782 usquequaque
3480 2726 3725 2780 pronun-

2133 2802 2259 2856 tiem
2285 2843 2299 2867 ,
2336 2815 2466 2871 puto
2504 2814 2683 2859 tamen
2722 2805 2862 2873 quod
2917 2805 3026 2858 sint
3075 2805 3339 2859 nonnulla
3383 2804 3547 2858 etiam
3576 2818 3726 2858 com-

2133 2894 2381 2947 munium
2438 2895 2724 2949 hominum
2761 2905 2933 2963 gesta,
2965 2911 3085 2963 qua?
3112 2896 3364 2964 quamvis
3392 2902 3616 2964 peccato
3637 2909 3726 2948 ca-

2134 2992 2310 3048 reant,
2341 2999 2445 3038 non
2484 2995 2660 3039 tamen
2693 2986 2852 3056 digna
2899 2987 3190 3039 videantur
3222 2986 3423 3054 quibus
3457 2985 3725 3042 interesse

2134 3084 2386 3144 putemus
2418 3074 2678 3143 Spiritum
2713 3086 2983 3130 sanctum.
3039 3076 3102 3131 Ut
3164 3076 3312 3130 terbi
3356 3078 3531 3147 gratia
3569 3077 3723 3131 dixe-

2135 3164 2260 3226 rim,
2291 3164 2562 3218 connubia
2591 3164 2811 3233 quidem
2843 3164 3078 3234 legitima
3120 3174 3310 3219 carent
3339 3165 3555 3234 quidem
3593 3180 3723 3234 pec.

2134 3264 2258 3307 cato
2288 3295 2305 3320 ,
2359 3268 2458 3307 nec
2492 3262 2673 3307 tamen
2725 3236 2967 3323 tempore
3003 3254 3090 3307 illo
3126 3252 3240 3324 (75)
3271 3268 3378 3321 quo
3406 3252 3722 3323 c0njugales

2131 3354 2288 3401 actus
2342 3356 2611 3415 geruntur
2651 3345 2938 3413 prtesentia
2979 3345 3155 3399 sancti
3210 3344 3449 3413 Spiritus
3479 3344 3721 3409 dabitur,

2130 3438 2349 3492 etiamsi
2395 3437 2658 3506 propheta
2689 3452 2810 3492 esse
2844 3437 3115 3502 videatur,
3147 3437 3238 3507 qui
3274 3436 3453 3490 uﬂicio
3482 3450 3715 3503 genera-

2133 3529 2297 3584 tionis
2326 3530 2676 3599 obsequitur.
2713 3530 2817 3583 Sed
2847 3537 2901 3583 et
2927 3530 3030 3583 alia
3065 3530 3215 3597 plura
3261 3539 3407 3589 sunt,
3435 3529 3487 3581 in
3517 3528 3718 3596 quibus

2131 3620 2329 3683 sufﬁcit
2358 3621 2473 3675 sola
2500 3623 2583 3677 vis
2617 3622 2878 3684 humana,
2923 3630 2979 3674 et
3019 3636 3194 3689 neque
3233 3635 3319 3675 res
3369 3618 3600 3688 indiget,
3629 3633 3724 3672 ne-

2130 3728 2237 3781 que
2268 3714 2427 3768 decet
2458 3713 2651 3769 adesse
2697 3713 3043 3783 pra-sentiam
3098 3712 3337 3781 Spiritus
3381 3711 3579 3767 sancti.
3613 3710 3722 3765 Sed

2132 3805 2183 3858 in
2233 3805 2347 3860 haec
2397 3821 2496 3874 per
2540 3819 2832 3859 excessum
2862 3805 3158 3874 quemdam
3193 3803 3551 3867 incurrimus,
3593 3801 3720 3854 dum

2131 3898 2420 3953 ostendere
2449 3896 2719 3962 volumus,
2754 3913 2917 3966 super
2949 3896 3126 3950 solum
3172 3895 3483 3958 Dominum,
3514 3904 3568 3947 et
3601 3893 3724 3948 Sal-

2133 4001 2377 4044 vatorem
2424 4004 2601 4044 meum
2632 3988 2815 4044 Jesum
2873 3989 3146 4044 mansisse
3196 4004 3414 4057 semper
3463 3988 3720 4056 spiritum

2136 4083 2250 4148 Dei,
2283 4084 2335 4136 in
2373 4082 2591 4138 cmtetis
2637 4092 2822 4135 autem
2861 4082 3118 4136 omnibus
3149 4082 3383 4144 sanctis,
3416 4091 3470 4135 et
3502 4082 3641 4134 sicut
3666 4081 3719 4133 in

2135 4173 2487 4244 Septuaginta
2551 4172 2879 4238 Senioribus,
2912 4187 2939 4223 a
2975 4171 3173 4241 quibus
3219 4172 3368 4225 verbi
3406 4170 3564 4238 hujus
3598 4184 3722 4237 pro-

2132 4266 2295 4319 cessit
2341 4262 2650 4327 exordium,
2685 4261 3018 4331 requievisse
3061 4271 3269 4317 tantmn
3308 4262 3561 4330 spiritum
3601 4259 3717 4321 Dei,

2135 4366 2189 4412 et
2215 4364 2498 4425 operatum
2530 4368 2652 4409 esse
2682 4355 2733 4408 in
2774 4365 3019 4424 tempore
3049 4369 3136 4416 eo,
3166 4369 3274 4422 quo
3299 4353 3626 4421 expediebat
3654 4353 3721 4406 iis

2134 4464 2232 4519 per
2267 4462 2402 4518 quos
2450 4449 2806 4515 operabatur,
2853 4456 2908 4501 et
2957 4446 3085 4500 utile
3115 4456 3236 4501 erat
3283 4447 3369 4510 iis,
3395 4444 3589 4515 quibus
3621 4447 3722 4500 mi.

449 4546 660 4611 scribit,
690 4557 746 4599 et
767 4545 1139 4600 testimonium
1168 4546 1259 4599 dat
1291 4545 1357 4599 de
1385 4543 1702 4613 semetipso,
1739 4543 1865 4612 quia
1909 4558 2028 4612 pec—
2062 4550 2103 4605 ι)
2136 4539 2495 4594 nistrabatur.

446 4638 653 4693 caverit
695 4638 746 4692 in
784 4652 848 4692 eo
876 4652 986 4709 quo
1018 4638 1158 4690 dixit
1187 4636 1234 4668 ³⁸
1272 4652 1286 4689 :
1318 4653 1335 4686 ε
1368 4635 1565 4690 Audite
1598 4649 1702 4701 me,
1741 4633 2024 4689 increduli.

446 4724 699 4801 Nunquid
740 4732 806 4785 de
850 4741 1000 4801 petra
1049 4732 1152 4785 ista
1202 4730 1507 4800 producere
1539 4728 1696 4782 vobis
1731 4726 2028 4795 poterimus

447 4828 682 4895 aquam?
720 4847 738 4879 ι
773 4827 827 4880 In
858 4828 925 4881 iis
951 4828 1095 4881 enim
1132 4826 1296 4882 dictis
1324 4842 1428 4880 non
1455 4824 1822 4881 sanctificavit
1853 4825 2029 4878 Domi-

450 4937 575 4974 num
606 4922 658 4974 in
695 4936 832 4989 aqua
861 4920 1311 4975 contradictionis
1357 4938 1369 4972 :
1415 4919 1464 4972 id
1501 4926 1606 4981 est,
1637 4931 1745 4970 non
1778 4925 1861 4969 est
1897 4916 2029 4969 iis-us

450 5014 502 5067 in
542 5015 742 5066 virtute
795 5012 910 5076 Dei.
943 5022 998 5066 et
1032 5026 1136 5065 non
1167 5011 1340 5076 dixit,
1368 5011 1495 5079 quia
1535 5017 1732 5076 potens
1761 5018 1844 5061 cst
1887 5006 2028 5061 Deus

449 5110 514 5160 de
545 5117 697 5176 petra
737 5109 837 5160 hac
865 5106 1098 5160 educere
1131 5106 1287 5159 vobis
1333 5118 1573 5172 aquam,
1619 5104 1714 5156 sed
1762 5100 1915 5170 quasi
1961 5113 2029 5153 ex

450 5199 759 5253 difﬁdentiae
787 5198 1069 5266 cujusdam
1105 5197 1402 5268 fragilitate
1457 5195 1757 5265 respondit,
1792 5194 1981 5246 dicens
2012 5207 2026 5243 :

456 5310 473 5343 ι
514 5292 763 5360 Nunquid
799 5293 1100 5362 poterimus
1143 5293 1297 5347 vobis
1340 5293 1408 5346 de
1452 5302 1607 5358 petra
1654 5287 1754 5341 hac
1797 5286 2031 5339 educere

451 5385 688 5454 aquam?
723 5404 740 5435 ι
783 5384 920 5451 Quia
955 5400 1086 5455 ergo
1118 5394 1405 5454 peccatum
1436 5382 1488 5437 ei
1526 5382 1579 5435 in
1611 5379 1679 5434 iis
1723 5376 1905 5432 verbis
1945 5390 2031 5428 re-

452 5487 673 5547 putatur
700 5493 728 5530 a
760 5476 867 5531 Deo
890 5514 905 5540 ,
934 5487 1145 5531 certum
1178 5485 1262 5530 est
1304 5474 1448 5545 quod
1482 5472 1598 5528 haec
1627 5485 1750 5525 cunt
1779 5469 2030 5536 loquere-

1045 5594 1087 5625 ³⁷
1122 5593 1224 5647 Isa.
1257 5607 1371 5658 LIII,
1411 5591 1464 5646 9.
1541 5589 1586 5622 ⁸⁸
1615 5588 1772 5643 Num.
1803 5601 1897 5650 xx,
1932 5583 2017 5636 lO.

524 5595 568 5626 ³⁵
589 5593 745 5652 Joau.
775 5612 816 5659 ἰ,
847 5595 938 5650 53.

456 5682 553 5726 xu,
580 5666 631 5719 ‘2.

528 5760 639 5829 (75)
690 5754 1141 5837 qu'entﬂuidem
1187 5762 1441 5837 p'e‘ccato,’
1467 5767 1558 5805 nec
1587 5758 1761 5837 tamenn
1802 5756 2030 5837 tempore

454 5820 569 5894 illo,
602 5820 707 5884 etc.
742 5827 877 5883 llinc
907 5820 960 5881 in
993 5824 1174 5882 libello
1210 5822 1283 5880 De
1307 5824 1541 5878 oratione
1579 5821 1680 5877 sub
1711 5820 1872 5876 linem
1902 5830 2029 5871 sua-

2207 4632 2259 4685 4.
2288 4630 2475 4685 Sedet
2520 4629 2574 4685 in
2612 4629 3068 4698 consequentibus
3113 4628 3360 4682 continet
3402 4629 3560 4683 lectio
3600 4643 3721 4698 quin

2138 4726 2359 4777 recitata
2425 4732 2505 4776 e.,t
2536 4762 2551 4785 ,
2603 4725 2749 4791 quod
2794 4723 3007 4791 Moyses
3063 4721 3456 4790 Ethinpissam
3504 4720 3719 4775 duxerit

2137 4813 2641 4881 uxorem,etMaria
2665 4823 2832 4881 atque
2861 4816 3042 4868 Aaron
3074 4812 3411 4866 detraxerint
3440 4812 3506 4865 de
3538 4811 3720 4882 Moyse

2135 4922 2234 4960 cur
2266 4905 2668 4976 Aﬂtltiopissam
2702 4905 2940 4967 duxerit,
2992 4913 3047 4957 et
3100 4903 3251 4956 aiunt
3278 4902 3321 4934 ’⁵³
3357 4920 3371 4955 :
3409 4921 3426 4954 ι
3463 4902 3717 4973 Nunquid

2136 4998 2239 5051 soli
2271 4997 2439 5068 Moysi
2469 4996 2680 5051 locutus
2709 5004 2791 5050 est
2823 4995 3124 5050 Dominus?
3150 4995 3342 5049 Nonne
3379 5003 3433 5049 et
3457 4995 3613 5048 nobis
3646 4996 3722 5049 lo—

2137 5100 2294 5144 cutus
2326 5088 2450 5143 est?
2480 5087 2545 5142 Et
2574 5087 2816 5152 audivit,
2870 5087 3081 5155 inquit,
3131 5086 3414 5140 Dominus.
3448 5104 3465 5136 ι
3495 5084 3559 5138 Et
3593 5096 3718 5153 post

2137 5183 2252 5236 hazc
2278 5180 2435 5247 jubet
2465 5195 2560 5233 eos
2593 5179 2747 5233 exire
2798 5179 2865 5232 ad
2918 5176 3327 5233 tabernaculum
3381 5174 3716 5239 testimonii,

2135 5283 2301 5342 atque
2352 5272 2425 5327 i‘bi
2468 5270 2674 5341 judicio
2725 5270 2958 5339 quodam
2993 5270 3178 5323 habito
3212 5269 3431 5338 leprosa
3484 5265 3717 5320 eﬂicilur

2136 5366 2305 5420 Maria
2355 5380 2524 5434 usque
2567 5365 2634 5418 ad
2686 5376 2897 5419 certum
2938 5372 3187 5432 tempus,
3231 5370 3284 5416 et
3316 5361 3398 5415 sic
3431 5370 3719 5412 revocatur

2137 5459 2205 5512 ad
2237 5466 2444 5511 castra.
2483 5454 2638 5522 Quod
2666 5463 2725 5508 ut
2757 5453 3199 5525 compendiosius
3226 5451 3580 5520 explicemus,
3608 5447 3719 5501 Ma-

2145 5576 2189 5608 ”
2214 5573 2439 5637 Psal.u,
2476 5569 2563 5626 l3.
2639 5570 2685 5603 “
2717 5570 2782 5626 lll
2815 5570 2947 5639 lleg.
2982 5583 3101 5623 xm.
3177 5563 3221 5596 “
3262 5563 3396 5621 ibid.
3471 5561 3518 5594 “
3556 5561 3717 5617 Num.

2139 5741 2231 5795 det
2259 5750 2313 5794 ut
2349 5740 2502 5792 locus
2532 5736 2618 5791 ubi
2655 5732 3033 5804 conjugalibus
3071 5729 3284 5786 actibus
3319 5727 3480 5784 datur
3512 5740 3673 5797 opera
3697 5764 3715 5794 ,

2138 5811 2368 5867 orationi
2403 5826 2507 5864 tton
2536 5809 2840 5876 deputetur.
