4124 6426
284 18 301 21 -
354 2 539 23 ρη-..Ὕ-Δν

434 345 529 397 ϋΗ
1938 354 2261 411 ORIGENIS

439 460 584 511 riam
619 458 852 511 dicimus
878 456 1109 511 formam
1142 459 1397 516 habuisse
1425 464 1597 532 plebis
1624 469 1850 537 prioris;
1879 468 2022 541 Moy-
2052 475 2101 533 Α
2132 475 2243 528 veri
2276 475 2544 544 videmus,

439 564 566 613 Sen,
599 551 648 602 id
687 560 770 602 est
831 550 999 616 legem
1047 552 1255 607 Domini
1290 558 1556 613 transisse
1595 561 1661 613 ad
1690 565 2016 618 connuhium

434 638 787 709 Ethiopissa:
822 640 986 707 hujus
1013 656 1131 709 qua:
1173 660 1240 698 ex
1267 650 1525 712 gentibus
1552 665 1879 723 congregata
1910 665 2015 711 82L

434 730 587 786 lianc
625 750 755 805 ergo
799 736 1032 808 Moyses,
1085 741 1133 793 id
1190 752 1306 805 est,
1360 743 1443 797 lex
1493 746 1755 813 spiritalis
1807 750 2018 818 accepit

438 840 667 881 uxorem
707 846 719 881 :
754 840 803 883 et
837 846 935 897 pro
984 833 1085 887 hoc
1128 834 1271 887 facto
1303 834 1505 899 Maria,
1542 852 1661 906 qua:
1693 855 1834 895 nunc
1862 857 2018 913 syna-

426 930 567 987 goga
604 928 710 985 est,
754 922 1091 990 indignatur,
1132 936 1187 979 et
1226 928 1481 990 detrahit,
1521 945 1623 983 una
1656 946 1779 985 cum
1808 932 2011 1001 Aaron,

424 1023 551 1062 cum
602 1016 985 1070 sacerdoribus
1037 1018 1253 1073 scilicet
1300 1030 1356 1074 et
1408 1020 1720 1079 Pharisacis.
1781 1025 2014 1099 Derogat
2117 1026 2181 1082 iis
2217 1029 2385 1098 igitur
2422 1033 2676 1091 omnibus
2735 1039 2937 1095 divina:
2977 1042 3279 1116 Scripturze
3325 1058 3694 1124 sermonibus,

426 1115 558 1171 ergo
591 1120 761 1170 usque
805 1107 856 1159 in
896 1108 1221 1164 hudiernmn
1278 1112 1444 1184 Moysi
1501 1117 1781 1172 uobiscum
1830 1123 2011 1188 posito
2116 1122 2468 1192 velulgladiis
2491 1128 2814 1195 quihusdaru
2844 1107 3324 1209 utrinque-acutis,
3352 1107 3691 1211 obtrectandi

2293 1191 2299 1192 ,
2509 1191 2521 1195 _
3012 1191 3054 1206 ,τ
3081 1191 3095 1193 -
3354 1191 3687 1211 ν...ην.υ.....

421 1191 580 1257 plebs
623 1196 749 1263 illa,
789 1211 841 1252 et
881 1210 1039 1270 turpe
1090 1204 1137 1258 ei
1183 1204 1394 1259 videtur
1421 1247 1435 1269 ,
1464 1208 1589 1277 quia
1639 1210 2010 1269 circumcisio-
2113 1208 2397 1276 fratribus,
2453 1225 2507 1269 et
2540 1218 2840 1287 derogandi
2897 1227 3109 1283 sanctis
3132 1231 3322 1287 vitium
3360 1252 3687 1299 resecemus.

425 1300 547 1339 nem
578 1291 764 1344 carnis
793 1308 896 1345 non
935 1295 1093 1348 docet
1115 1298 1254 1363 apud
1288 1314 1407 1363 nos,
1443 1316 1542 1355 nec
1569 1303 2005 1361 observationem
2108 1299 2281 1369 Lepra
2322 1305 2465 1358 enim
2509 1312 2871 1380 consequitur
2921 1316 3249 1388 derogantes
3287 1336 3341 1380 et
3379 1332 3688 1404 cacologus,

425 1375 650 1404 Q..I.I....:
719 1398 813 1404 μ--
856 1385 958 1404 κτκ-
1104 1390 1115 1401 .
1525 1394 1575 1404 ....
1620 1397 1631 1404 .
1877 1401 1886 1404 ,
1938 1402 1948 1404 Α
2109 1395 2159 1404 ..
2422 1398 2433 1404 -
2476 1399 2486 1404 -
2725 1403 2740 1404 γ

2696 1375 2712 1380 -
3057 1375 3086 1388 υ
3205 1375 3244 1377 ν-
3293 1375 3339 1380 ν
3383 1375 3687 1404 --ην-νυ--υ,

418 1375 673 1444 Sahbati,
719 1398 817 1439 nec
856 1385 1169 1442 Ncomeuiae
1192 1430 1206 1453 ,
1258 1406 1357 1446 nec
1395 1394 1665 1449 sacrificia
1700 1401 2001 1468 sanguinis,
2108 1395 2159 1448 id
2191 1406 2297 1461 est.
2328 1398 2687 1470 maleloqnos.
2722 1403 2849 1460 Post
2885 1408 2999 1464 haec
3025 1422 3208 1468 autem
3236 1431 3264 1471 a
3303 1422 3596 1478 moralibus
3622 1428 3687 1482 ad

418 1472 514 1523 sed
570 1474 1049 1532 circumcisioneru
1102 1484 1283 1535 cordis
1315 1524 1330 1546 ,
1379 1495 1433 1538 et
1480 1490 1738 1553 peccandi
1784 1493 1953 1547 mirum
1982 1534 2000 1560 ,
2106 1488 2525 1556 intelligentiam
2573 1496 2859 1565 mysticam
2906 1510 3271 1563 transeamus.
3328 1511 3587 1577 Quamvis
3631 1530 3686 1573 et

423 1562 651 1633 diesque
684 1566 854 1624 festos
887 1571 938 1623 in
969 1576 1176 1642 azymis
1210 1578 1542 1634 sinceritatis
1566 1592 1616 1634 et
1644 1584 1916 1651 veritatis,
1949 1603 1977 1642 e

2103 1581 2155 1635 in
2200 1586 2485 1652 superiore
2538 1597 2771 1643 tractatu
2820 1597 3128 1665 paucajam
3161 1599 3303 1656 dicta
3341 1605 3470 1672 sint,
3505 1618 3680 1667 tamen

415 1658 688 1714 sacrificia
713 1662 904 1726 laudis,
935 1675 985 1719 et
1021 1682 1122 1719 non
1147 1668 1257 1736 jam
1293 1676 1582 1739 pecudum.
1617 1680 1713 1731 sed
1742 1680 1977 1735 vi:iorun

415 1749 545 1773 ιιι-ι.Ιέ
580 1751 825 1773 ..2-ι2-,.--
881 1770 956 1773 κμ-
1048 1767 1059 1773 -
1134 1757 1152 1773 1
1218 1760 1248 1773 ι.
1332 1772 1337 1773 ,
1573 1769 1585 1773 _
1649 1769 1680 1773 --
1752 1771 1763 1773 -

2101 1687 2221 1742 quae
2261 1674 2500 1731 defuisse
2565 1680 2834 1747 videntur,
2894 1685 3176 1745 addemus.
3226 1693 3517 1753 Videamus
3552 1717 3686 1773 ergo

410 1749 545 1801 caedi
580 1751 830 1807 victimas
881 1767 1084 1812 mouet.
1126 1757 1343 1815 Judicat
1394 1778 1522 1834 ergo
1555 1769 1619 1821 de
1648 1769 1713 1824 iis
1750 1771 1911 1838 Deus,
1945 1790 1975 1828 c

414 1840 635 1864 .....-.o!....
689 1841 778 1864 Du
805 1845 848 1864 9-
900 1847 961 1864 0,,
1168 1854 1194 1864 ..
1335 1863 1339 1864 ,
1517 1857 1563 1864 --

2100 1765 2226 1833 quis
2247 1774 2331 1819 est
2359 1767 2452 1835 qui
2494 1770 2722 1842 derogat
2759 1774 2956 1846 Moysi,
2986 1781 3108 1848 quis
3135 1782 3203 1837 de
3244 1800 3309 1839 eo
3344 1749 3689 1864 male‘loqi‘t’E-v-

414 1840 636 1906 nuptias
668 1841 1019 1913 ASIhiOpissa:
1054 1854 1347 1907 confirmat
1379 1871 1393 1908 :
1432 1867 1483 1910 et
1516 1857 1735 1929 Moysen
1776 1864 1977 1933 quiden

2104 1866 2212 1911 tnr.
2244 1856 2361 1912 Non
2387 1859 2561 1915 solum
2596 1862 2791 1934 Juda'i,
2823 1869 2916 1923 scd
2951 1879 3005 1924 et
3038 1872 3306 1940 haeretici,
3344 1881 3434 1948 qui
3467 1840 3684 1940 nouare-

410 1930 648 1987 libenter
674 1950 797 1988 cum
825 1954 891 1991 ea
922 1940 1168 1996 habitare
1191 1945 1341 2011 sinit,
1374 1964 1438 2003 ac
1466 1954 1810 2020 requiescere
1843 1976 1857 2012 :
1887 1957 1998 2013 Ma-

3605 385 3710 442 619.

2586 491 2641 543 et
2678 482 2863 542 dicere
2888 487 2932 520 ⁸⁷
2968 508 2982 545 :
3018 509 3037 544 r
3077 492 3281 552 Sedens
3312 501 3575 559 adversus
3600 506 3705 561 fra-

2127 578 2264 621 trem
2320 578 2469 624 tuurn
2528 573 2878 645 detrahebas,
2905 592 2962 636 et
3009 586 3273 645 adversus
3309 591 3479 648 filium
3516 602 3706 658 matris

2123 666 2226 713 tua:
2255 664 2497 727 ponebas
2537 669 2879 725 scandalum.
2928 692 2945 724 ι
2995 674 3261 734 Similiter
3311 696 3495 739 autem
3544 699 3597 741 et
3651 691 3706 746 in

2120 748 2224 801 alio
2263 754 2472 820 psalmo
2503 772 2567 811 ex
2595 772 2828 825 persona
2851 762 2984 830 justi
3016 768 3241 826 scienlis
3274 773 3377 831 huc
3403 776 3511 832 Deo
3539 794 3699 848 quam

2118 844 2358 899 maxime
2417 848 2709 917 displicere
2762 854 2959 911 dicitur
2982 859 3067 912 ⁸⁸ε
3111 881 3128 913 ι
3176 844 3571 925 Detrahcntcm
3607 889 3700 929 oc-

2116 936 2259 990 culte
2288 938 2554 996 adversus
2589 946 2897 1011 proximum
2952 967 3110 1006 suum
3157 964 3541 1031 persequebar.
3575 986 3591 1018 ι
3623 967 3699 1021 Ex

411 2023 548 2077 riarit
591 2040 720 2081 vero
766 2027 913 2093 ejit-it
955 2044 1111 2088 extra
1148 2047 1352 2104 castra,
1389 2052 1443 2095 et
1474 2058 1636 2111 porro
1665 2045 1796 2102 facit
1828 2066 1856 2104 a
1911 2058 1994 2106 ta-

406 2112 704 2171 bernaculo
730 2122 1050 2188 testimonii,
1075 2140 1198 2181 cum
1223 2146 1328 2200 qua
1354 2132 1574 2202 ejicitnr
1597 2138 1760 2193 etiam
1786 2141 1991 2199 Aaron.

404 2207 630 2277 Insuper
680 2221 858 2267 autem
912 2225 965 2269 et
1020 2216 1234 2286 leprosa
1286 2222 1517 2281 efﬁcitur
1552 2227 1741 2284 Maria.
1795 2233 1993 2303 Aspice

405 2316 549 2354 nunc
599 2304 666 2355 ad
721 2304 866 2357 illam
917 2306 1163 2375 plebem,
1199 2326 1253 2366 et
1284 2315 1410 2370 vide
1448 2329 1649 2386 quanta
1693 2322 1747 2375 in
1790 2323 1875 2376 illa
1896 2310 1991 2381 ἐει

398 2392 546 2458 lepra
602 2395 830 2459 peccati,
883 2409 1085 2465 quanta
1148 2402 1520 2474 intelligentia:
1550 2410 1742 2479 caligo,
1783 2427 1987 2482 quanta

392 2484 761 2539 observantia:
806 2486 1050 2557 fteditas,
1089 2506 1293 2561 quanta
1331 2499 1613 2567 turpitudo
1635 2516 1985 2573 conspectus.

400 2572 791 2634 Verumtamen
846 2582 963 2639 hazc
1013 2583 1161 2654 lepra
1212 2604 1322 2642 non
1366 2603 1630 2661 perpetuo
1664 2610 1985 2666 permanet,

393 2664 490 2713 sed
525 2663 613 2717 ubi
651 2669 953 2736 septimana
989 2674 1250 2743 compleri
1302 2683 1535 2748 cmperit
1580 2687 1791 2752 mundi,
1831 2704 1987 2744 revo-

389 2755 612 2809 cabit-ur
640 2760 704 2811 ad
738 2770 941 2815 castra.
999 2764 1053 2818 ln
1091 2768 1197 2820 tine
1238 2769 1384 2823 enim
1421 2774 1604 2827 mundi
1638 2791 1761 2829 cum
1804 2779 1983 2848 pleni-

391 2847 526 2900 tudo
570 2851 812 2919 geutinm
848 2855 1142 2923 introierit,
1194 2868 1327 2913 tunc
1371 2865 1536 2917 etiam
1585 2870 1766 2923 omnis
1805 2847 1983 2928 ilsracl

388 2938 696 2995 salvabitur
725 2943 793 3009 “,
826 2957 878 3000 et
912 2958 1040 3003 tunc
1075 2960 1160 3005 est
1193 2966 1316 3005 cum
1348 2955 1586 3010 cessabit
1619 2958 1764 3029 lepra
1798 2964 1862 3017 de
1898 2964 1981 3019 fa-

387 3031 479 3086 cie
501 3031 688 3090 Marize
723 3054 737 3091 :
780 3041 1009 3109 recipiet
1034 3044 1186 3097 enim
1229 3046 1397 3101 decus
1448 3051 1597 3118 fidei,
1634 3064 1689 3107 et
1728 3055 1982 3124 splendo-

2098 1948 2306 2018 cipiunt
2338 1951 2506 2022 legeru
2537 1964 2590 2009 et
2612 1958 2926 2028 prophetas,
2952 1964 3120 2018 etiam
3145 1968 3242 2036 ipsi
3279 1970 3574 2029 detrahunt
3616 1978 3683 2032 de

2097 2039 2302 2112 Moyse.
2330 2043 2569 2115 Denique
2592 2048 2771 2103 solent
2803 2051 2852 2105 ei
2891 2054 3056 2109 etiam
3111 2058 3317 2115 crimen
3359 2063 3675 2135 impingere,

2096 2138 2360 2201 dicentes,
2396 2138 2522 2206 quia
2562 2140 2836 2198 homicida
2864 2144 2964 2201 fuit
2990 2146 3512 2220 M0yses,interfecit
3534 2162 3677 2214 enim

2094 2227 2446 2300 Algyptium:
2479 2241 2535 2287 et
2564 2232 2667 2287 alia
2697 2237 2889 2304 multa,
2915 2238 3000 2295 vel
3040 2242 3092 2296 in
3124 2243 3320 2313 ipsum,
3357 2250 3439 2303 vel
3471 2250 3520 2303 in
3554 2268 3679 2321 pro-

2093 2323 2283 2393 phetas
2334 2327 2656 2396 hlasphemo
2700 2346 2797 2387 ore
2842 2336 3196 2393 concinnant.
3238 2338 3513 2413 lsti'ergo
3545 2347 3672 2414 quia

2091 2417 2389 2473 detrahunt
2444 2420 2633 2490 Moysi,
2690 2425 2895 2483 habent
2936 2428 3145 2499 lepraru
3182 2432 3234 2485 in
3271 2435 3451 2488 anima
3494 2450 3592 2491 sua
3620 2446 3675 2492 et

2091 2517 2217 2561 sunt
2250 2509 2302 2563 in
2347 2515 2565 2567 homine
2598 2516 2862 2573 interiore
2907 2522 3129 2589 leprosi,
3168 2535 3221 2577 et
3255 2525 3374 2581 ideo
3406 2529 3675 2584 habentur

2089 2608 2243 2653 extra
2273 2614 2456 2659 castra
2495 2606 2756 2662 Ecclesiae
2787 2608 2903 2664 Dei.
2939 2611 3068 2666 Sive
3125 2628 3256 2685 ergo
3284 2617 3525 2672 haeretici
3563 2620 3674 2673 sint

2087 2690 2179 2755 qui
2212 2690 2472 2761 derogant
2524 2694 2719 2765 Moysi,
2755 2697 2872 2750 sive
2903 2700 2970 2752 de
3017 2701 3259 2756 Ecclesia
3309 2704 3418 2757 sint
3450 2705 3540 2774 qui
3572 2706 3670 2759 de-

2090 2782 2314 2836 trahunt
2359 2784 2640 2854 fratribus,
2674 2798 2730 2842 et
2774 2789 2914 2844 male
2963 2791 3263 2862 loquuntur
3303 2796 3369 2849 de
3407 2798 3671 2865 proximis

2087 2874 2220 2938 suis,
2260 2891 2450 2931 omnes
2482 2881 2571 2948 qui
2604 2882 2706 2937 hoc
2724 2883 2858 2937 vitio
2890 2897 3139 2955 aguntur,
3169 2888 3526 2943 dubitandum
3560 2905 3668 2944 non

2085 2975 2170 3019 est
2193 2966 2321 3033 quin
2349 2967 2544 3037 lcprosi
2573 2970 2683 3025 sint
2707 2972 2759 3026 in
2786 2974 2965 3027 anima
2992 2990 3116 3029 sua.
3152 2976 3217 3031 Et
3249 2977 3414 3032 Maria
3449 2982 3666 3048 quidem

2085 3056 2483 3114 interveniente
2514 3060 2695 3117 Aaron
2725 3064 2981 3132 pontifice
3013 3068 3244 3135 septima
3283 3069 3370 3123 die
3400 3081 3666 3126 curatur:

389 3139 507 3178 rem
528 3125 731 3182 Christi
767 3132 1064 3201 agnitionis
1086 3139 1336 3208 accipiet,
1367 3150 1420 3194 et
1452 3145 1771 3201 restituetur
1796 3149 1974 3205 vultus
2008 3182 2056 3244 ο
2088 3165 2187 3205 nos
2247 3166 2377 3207 vero
2413 3152 2457 3206 si
2520 3154 2940 3211 obtrectationis
2975 3163 2977 3167 ‘
3010 3157 3143 3213 vitio
3193 3158 3550 3216 inciderimus
3614 3163 3665 3217 iu

389 3216 504 3244 ηε..-
573 3236 689 3244 --μμ
738 3223 826 3244 η-.
884 3237 937 3244 μ.
1020 3243 1025 3244 ,
2161 3242 2170 3244 _
2298 3241 2307 3244 -

384 3216 527 3287 ejus,
570 3236 691 3275 cum
738 3223 832 3278 ﬁet
883 3237 1112 3299 uterque
1146 3246 1288 3287 llllllS
1325 3251 1479 3305 grex,
1513 3246 1566 3292 et
1590 3255 1730 3294 unus
1766 3251 1971 3309 pastor.

384 3309 442 3363 ln
468 3326 579 3381 quo
608 3328 735 3369 vere
774 3316 1064 3374 dicendum
1101 3334 1185 3378 est
1222 3325 1268 3357 ’δ”
1298 3345 1314 3381 :
1362 3346 1381 3379 ε
1411 3328 1455 3383 Ο
1485 3330 1719 3386 altitudo
1756 3334 1976 3388 divitia—

384 3418 507 3457 rum
540 3408 841 3474 sapientiae,
875 3421 929 3464 et
957 3414 1202 3471 scientiae
1244 3419 1358 3484 Dei,
1402 3439 1420 3472 ι
1456 3424 1550 3491 qui
1587 3426 1657 3477 ita
1701 3428 1978 3483 conclusit

378 3509 576 3550 omnes
612 3499 714 3552 sub
754 3512 1028 3569 peccato,
1090 3516 1147 3560 ut
1206 3512 1464 3567 omnibus
1533 3517 1861 3571 misereatur
1920 3521 1972 3574 in

380 3582 602 3639 Christo
632 3585 761 3640 Jesu
812 3591 1037 3648 Domino
1069 3607 1276 3664 nostro,
1318 3604 1402 3654 cui
1449 3614 1535 3656 est
1566 3605 1738 3674 gloria
1789 3608 1841 3662 in
1872 3624 1973 3664 sae-

378 3677 498 3730 cula
528 3681 876 3738 saeculorum.
912 3689 1108 3743 Amen.

858 3802 1028 3873 289
1061 3804 1340 3863 IIOMIIJA
1378 3810 1488 3868 \‘ll.

379 3888 610 3942 Rursum
638 3891 701 3944 de
723 3890 1081 3962 Αῐιήἰυρίδδα,
1099 3908 1165 3980 ,ει
1211 3901 1275 3952 de
1295 3901 1455 3980 lepra
1516 3905 1708 3963 Maride
1731 3926 1851 3980 qaw
1878 3929 1969 3964 su-

994 3968 1263 4037 perfuerat
1294 3968 1361 4025 “.

448 4053 603 4108 Sicut
643 4056 934 4127 Apostolus
981 4058 1212 4127 dicit“,
1252 4082 1271 4115 ι
1307 4064 1430 4120 ll.ec
1475 4082 1655 4122 ounua
1693 4071 1744 4125 iu
1796 4073 1966 4143 tigura

373 4147 767 4218 contingebant
795 4151 923 4218 illis,
949 4154 1153 4223 scripta
1189 4166 1315 4210 sunt
1349 4170 1531 4215 autem
1569 4172 1791 4232 propter
1822 4182 1968 4219 com-

374 4238 728 4293 monitionem
760 4250 1004 4297 nostram
1036 4258 1050 4296 :
1096 4264 1115 4296 υ
1158 4261 1345 4313 quarm
1367 4249 1496 4319 quid
1520 4255 1966 4310 commonitiouis

370 4330 704 4400 accipiamus
753 4349 820 4388 ex
865 4350 931 4390 eo
964 4336 1108 4405 quod
1152 4339 1352 4394 lectum
1398 4351 1480 4395 est
1508 4345 1684 4411 nobis,
1715 4347 1842 4414 quia
1871 4349 1955 4401 de-

371 4431 656 4479 traxerunt
682 4425 866 4479 Aaron
898 4438 951 4481 et
976 4427 1141 4482 Maria
1181 4433 1249 4485 de
1276 4432 1481 4502 Moyse,
1509 4447 1564 4489 et
1600 4448 1822 4506 propter
1857 4441 1961 4495 hoc

2082 3241 2523 3311 animaelepram,
2567 3258 2738 3312 usque
2772 3244 2839 3298 ad
2878 3246 3040 3299 finem
3094 3247 3412 3315 septimame
3457 3249 3665 3314 mumli,

2082 3332 2135 3386 id
2168 3341 2275 3397 est,
2312 3346 2486 3401 usque
2523 3333 2592 3389 ad
2655 3337 3079 3390 resurrectionis
3117 3346 3329 3407 tempus
3381 3339 3575 3408 leprosi
3608 3341 3662 3394 in

2080 3427 2263 3479 anima
2304 3429 2745 3496 pcrmanebimus
2786 3428 2922 3500 (76),
2972 3441 3027 3484 et
3064 3431 3328 3486 immundi
3361 3450 3373 3486 :
3404 3434 3504 3487 nisi
3535 3433 3661 3488 dum

2078 3518 2376 3589 pmniteudi
2409 3528 2626 3590 tempus
2648 3532 2753 3586 est,
2777 3523 3145 3593 corrigamur,
3183 3533 3239 3578 et
3282 3526 3532 3579 conveni
3594 3527 3660 3579 ad

2081 3612 2368 3667 Dominuru
2408 3610 2618 3682 Jesum,
2665 3629 2729 3668 ac
2766 3616 3136 3686 supplicantes
3175 3616 3223 3669 ei
3265 3631 3362 3684 per
3388 3617 3659 3683 paeniten-

2080 3704 2211 3757 tiam
2249 3718 2543 3774 purgernnr
2593 3704 2661 3757 ab
2717 3704 3058 3759 immunditia
3084 3704 3249 3772 lepra:
3279 3713 3498 3761 nostra.
3548 3704 3660 3774 Ego

2078 3806 2259 3847 autem
2289 3803 2420 3862 puto
2443 3792 2589 3861 quod
2621 3808 2724 3845 non
2750 3794 2897 3847 solus
2920 3792 3008 3845 ille
3028 3792 3256 3861 populus
3286 3792 3452 3861 prior,
3483 3806 3659 3861 neque

2075 3886 2175 3940 soli
2218 3885 2497 3949 haeretici,
2534 3884 2601 3937 de
2645 3884 2845 3952 quibus
2883 3900 3047 3955 supra
3100 3883 3546 3948 metuoravitnus,
3572 3887 3661 3935 de-

2077 3981 2302 4032 trahunt
2348 3979 2413 4032 de
2473 3975 2689 4046 Moyse;
2747 3978 2841 4031 sed
2872 3990 2927 4032 et
2965 3978 3144 4032 omnis
3171 3977 3261 4045 qui
3301 3977 3505 4046 scripta
3541 3976 3659 4041 ejus

2075 4072 2214 4125 male
2247 4070 2523 4138 intelligit,
2557 4083 2612 4125 et
2638 4069 2727 4142 qui
2786 4069 3088 4139 spiritalem
3142 4070 3312 4138 legent
3362 4068 3658 4120 carnaliter

2073 4163 2321 4231 suscipit,
2352 4160 2524 4232 Moysi
2549 4164 2793 4232 derogat,
2819 4163 2945 4231 quia
2975 4163 3041 4216 de
3077 4160 3255 4214 verbis
3292 4162 3513 4229 spiritus
3537 4173 3656 4212 car-

2073 4255 2269 4309 naliter
2306 4256 2552 4310 homines
2575 4256 2752 4310 docet.
2780 4256 3026 4311 Audistis
3050 4254 3177 4323 quid
3207 4253 3308 4306 sibi
3335 4252 3524 4321 judicii
3557 4253 3653 4303 oh-

2072 4353 2400 4400 trectatores
2436 4356 2492 4399 et
2535 4346 2855 4415 maleloqui,
2886 4358 2942 4399 et
2978 4344 3110 4414 quid
3153 4343 3520 4397 damnationis
3565 4357 3653 4395 ac-

2068 4439 2541 4507 quirant:audile
2598 4454 2739 4491 nunc
2790 4447 2844 4491 et
2871 4447 3134 4506 quantum
3171 4434 3415 4489 beneficii
3462 4435 3650 4489 confe-

370 4518 603 4584 correpti
653 4528 800 4583 sunt,
844 4518 1017 4573 Maria
1068 4535 1196 4575 vero
1242 4525 1411 4577 etiam
1447 4527 1659 4595 leprusa
1705 4530 1954 4587 efﬁcitur.
1989 4531 2039 4590 D
2068 4540 2190 4584 rant
2236 4530 2326 4597 iis,
2374 4531 2577 4599 quibus
2630 4531 2961 4582 obtrectant.
3012 4526 3294 4593 Nunquam
3347 4525 3653 4579 invenimus

370 4604 543 4661 Tanta
573 4619 755 4663 autem
793 4609 894 4663 fuit
940 4626 1072 4665 cura
1114 4617 1483 4683 correptionis
1529 4619 1717 4689 hujus,
1745 4632 1802 4675 ut
1830 4623 1957 4677 dum

370 4695 537 4751 Maria
579 4701 893 4769 septimame
923 4712 1132 4775 tempus
1152 4707 1403 4777 expleret
1437 4712 1490 4764 iu
1527 4712 1699 4781 lepra,
1727 4715 1959 4783 populus

370 4792 466 4845 Dei
514 4808 617 4846 non
671 4806 860 4864 ageret
907 4797 1014 4851 iter
1038 4801 1105 4854 ad
1149 4812 1350 4857 terram
1384 4809 1848 4874 repromissionis,
1891 4827 1958 4865 ne

370 4885 782 4940 tabernaculum
816 4889 1112 4945 testimonii
1138 4905 1473 4950 moveretur.
1514 4896 1699 4953 Primo
1741 4902 1956 4956 interim

372 4992 620 5043 moneor,
671 4988 726 5032 et
772 4980 981 5034 utiliter
1023 4998 1087 5037 ac
1134 4988 1451 5042 necessario
1504 5005 1728 5045 moneor
1759 5009 1823 5047 ex
1857 4995 1956 5051 hoc

371 5068 512 5123 facto
546 5086 611 5124 ne
628 5072 908 5127 detraham
944 5074 1119 5143 fratri,
1151 5092 1217 5133 ne
1240 5080 1379 5135 male
1405 5080 1598 5150 loquar
1624 5084 1689 5137 de
1713 5087 1960 5155 proximo

371 5178 510 5225 meo,
553 5178 617 5217 ne
639 5166 880 5233 aperiam
921 5182 981 5221 os
1009 5183 1187 5223 meum
1222 5172 1287 5224 ad
1318 5172 1695 5240 derogandum
1728 5192 1832 5230 non
1869 5194 1958 5231 so—

369 5254 477 5307 lum
512 5258 740 5321 sanctis,
769 5257 861 5313 scd
898 5270 950 5314 et
976 5262 1310 5330 quibuslibet
1336 5266 1771 5333 proximismeis.
1798 5268 1957 5325 Vides

367 5360 569 5418 quanta
603 5368 667 5407 ex
698 5353 801 5407 hoc
825 5354 1127 5425 indignatio
1149 5356 1238 5411 Dei
1272 5356 1458 5422 fuerit,
1484 5371 1685 5425 quanta
1719 5362 1955 5417 vindicta

367 5444 719 5509 processerit.
765 5444 1013 5514 Denique
1054 5448 1341 5502 adversum
1383 5459 1665 5517 peccatum
1712 5451 1853 5503 istud
1890 5454 1956 5506 si-

367 5533 478 5585 mili
517 5534 888 5605 indignatioue
940 5540 1106 5594 etiam
1156 5541 1207 5593 in
1253 5540 1483 5599 Psalmis
1512 5542 1679 5596 Deum
1711 5559 1955 5598 commo-

438 5626 481 5656 υ
511 5627 665 5681 nom.
693 5646 768 5691 xi,
793 5630 993 5696 25,26.
1087 5632 1133 5665 δι
1173 5635 1302 5689 ibid.
1332 5634 1420 5688 33.
1528 5635 1572 5665 “'
1611 5633 1771 5691 Num.
1808 5652 1906 5692 xu.

366 5695 409 5727 "
435 5696 595 5753 Num.
644 5715 743 5765 χιι,
776 5701 809 5754 5
835 5695 891 5755 et
937 5718 1098 5774 seqq.

1985 5638 2032 5669 “
2065 5641 2082 5693 Ι
2113 5640 2241 5693 Cor.
2273 5655 2328 5706 λ,
2353 5639 2441 5692 Η.

2067 4633 2246 4678 tantas
2270 4624 2456 4677 laudes
2501 4624 2666 4677 Deum
2726 4621 2932 4675 dixisse
2959 4622 3026 4673 de
3076 4618 3255 4689 Moyse
3297 4618 3500 4671 famulo
3528 4634 3647 4679 suo,

2063 4726 2297 4786 quantas
2330 4730 2473 4769 nunc
2526 4715 2632 4767 dici
2656 4714 2945 4777 'videntus,
2979 4715 3196 4780 quando
3235 4714 3302 4763 ab
3330 4711 3648 4765 hominibus

2062 4807 2109 4859 ei
2143 4808 2460 4874 derogatum
2484 4813 2587 4860 est.

2133 4899 2187 4952 2.
2223 4898 2359 4950 Audi
2394 4912 2524 4966 ergo
2557 4898 2609 4950 in
2650 4896 3117 4965 consequentibus
3153 4895 3279 4963 quid
3315 4895 3544 4961 referat,
3589 4905 3646 4951 et

2063 4992 2260 5060 quibus
2310 4990 2527 5058 Moysen
2575 4989 2825 5043 laudibus
2872 4988 3061 5043 efferat
3112 4987 3352 5056 Spiritus
3398 4998 3640 5043 sanctus.

2067 5103 2085 5134 ι
2122 5084 2182 5136 Et
2220 5083 2527 5143 descendit,
2561 5081 2737 5149 inquit
2764 5079 2835 5144 ⁵³,
2877 5080 3138 5134 Dominus
3171 5081 3221 5133 in
3262 5080 3515 5133 columna
3553 5097 3647 5133 nu-

2064 5178 2169 5235 bis,
2198 5187 2254 5227 et
2295 5174 2445 5227 stetit
2484 5176 2549 5227 ad
2589 5174 2788 5227 ostium
2839 5172 3176 5227 tabernaculi
3224 5173 3543 5226 teSIirnonii.
3582 5173 3647 5224 Et

2064 5268 2239 5320 vocati
2271 5278 2399 5318 snnt
2428 5267 2610 5320 Aaron
2665 5274 2718 5318 et
2775 5265 2940 5319 Maria
3001 5274 3053 5318 ct
3076 5272 3350 5318 steterunt
3378 5262 3560 5325 ambo,
3592 5272 3646 5315 ct

2047 5362 2201 5416 ‘dixit
2224 5362 2287 5413 ad
2321 5375 2415 5414 eos
2442 5377 2455 5412 :
2484 5358 2682 5412 Audite
2708 5358 2871 5412 verba
2908 5373 3048 5411 ruea.
3093 5357 3148 5412 Si
3192 5357 3349 5410 fuerit
3378 5356 3645 5425 prepheta

2062 5456 2186 5522 quis
2222 5464 2464 5509 vestrum
2497 5454 2735 5516 Domini,
2774 5453 2827 5506 in
2858 5452 3159 5507 visionibus
3200 5452 3249 5507 ci
3275 5466 3562 5519 agnoscar,
3588 5458 3641 5503 et

2062 5548 2114 5600 in
2149 5548 2358 5601 somnis
2380 5546 2576 5616 loquar
2614 5546 2688 5610 ei,
2723 5562 2828 5600 non
2865 5546 3007 5598 sicut
3048 5544 3250 5598 famqu
3274 5559 3412 5596 meo
3449 5539 3636 5612 Moysi,

2556 5639 2599 5672 ⁸⁷
2627 5638 2769 5694 Psal.
2804 5654 2954 5704 ηυξ,
2990 5638 3083 5693 20.
3198 5636 3240 5668 ⁵⁸
3294 5636 3435 5692 Psal.
3482 5649 3554 5700 Cl,
3583 5634 3637 5688 5.

432 5790 545 5863 (γε)
579 5789 730 5858 Mss,
770 5811 787 5843 ι
824 5798 1289 5863 pcrmanebimus.
1332 5820 1349 5853 ι
1385 5799 1542 5856 Libb.
1575 5802 1728 5869 editi,
1767 5820 1786 5855 ι
1827 5816 2263 5871 ρετιηωιεῐηυε.»
