4124 6466
462 417 569 474 1515

1652 403 1716 458 IN
1760 397 2095 457 NUMEROS
2134 397 2418 454 llOMlLlA
2476 396 2589 456 Vl-l.

3655 406 3755 459 illi

463 535 636 606 quiin
697 536 805 588 tota
839 531 998 586 domo
1045 543 1164 582 mea
1216 523 1394 580 ﬁdelis
1433 532 1543 585 est,
1573 537 1634 576 os
1667 522 1733 575 ad
1768 535 1830 574 os
1860 519 2053 589 loquor
2083 525 2131 581 Α
2158 515 2285 585 legi,
2328 516 2422 570 sed
2448 515 2621 569 simus
2671 528 2778 568 non
2840 514 3021 570 solum
3069 516 3348 571 auditores
3393 515 3549 587 legis,
3582 515 3677 571 sed
3706 528 3755 569 et

465 632 530 687 ad
552 647 694 698 eum,
728 632 782 684 in
812 625 1017 697 specie,
1047 631 1103 678 et
1130 635 1237 676 non
1270 622 1322 675 in
1356 618 1672 688 aenigmate,
1712 623 1766 668 et
1814 612 2049 683 gloriam

468 724 679 782 Domini
703 721 860 776 vidit.
895 718 961 771 Et
991 730 1165 786 quare
1200 728 1305 767 non
1335 708 1598 763 timuistis
1635 706 1933 761 detrahere
1971 704 2053 758 l'a-

398 826 409 831 '
466 820 610 874 mulo
643 830 764 871 meo
811 809 1023 884 Moysi?
1058 808 1125 863 Et
1175 807 1253 861 ira
1298 803 1505 858 furoris
1539 799 1755 855 Domini
1794 798 1937 871 facta
1970 804 2054 853 cst

464 925 631 980 super
666 907 810 973 illos,
864 905 1267 959 discesserunt,
1314 905 1369 951 et
1406 892 1582 949 nubes
1622 889 1872 946 discessit
1901 904 1930 943 a
1967 898 2050 942 ta-

466 1000 787 1065 bernaculo,
838 1006 895 1051 et
947 1008 1077 1049 ecce
1125 990 1296 1045 Maria
1351 985 1494 1042 facta
1544 994 1629 1039 est
1657 982 1869 1052 leprosa
1909 980 2052 1035 sicut

448 1066 580 1158 inix.
620 1111 640 1145 ο
676 1092 869 1145 Videte
902 1087 1030 1158 quid
1063 1084 1163 1138 sibi
1189 1095 1366 1151 paenae
1398 1074 1739 1132 contulerint
1769 1074 2051 1129 obtrecta-

445 1152 637 1247 itores,
685 1181 815 1251 quid
866 1193 996 1231 vero
1028 1176 1103 1229 illi
1138 1174 1224 1227 cui
1278 1171 1748 1229 obtrectaverunt,
1782 1165 2052 1235 quaesive-

466 1278 577 1332 rint
609 1273 809 1329 laudis.
868 1268 984 1324 Sibi
1040 1263 1463 1335 turpitudinem,
1523 1260 1599 1314 illi
1666 1257 2049 1327 Splendoretn;

467 1366 569 1420 sibi
602 1364 833 1434 lepram,
860 1358 936 1413 illi
961 1358 1190 1426 gloriam
1215 1368 1230 1418 ;
1260 1353 1364 1407 sibi
1417 1349 1793 1419 opprobrium,
1837 1346 1911 1401 illi
1940 1363 2058 1401 rna-

468 1453 842 1525 gniﬁcentiam
911 1448 1303 1519 quaesiverunt.
1374 1440 1770 1493 Verumtamen
1835 1437 2052 1508 Moyses

468 1546 784 1615 priusquam
810 1540 1083 1607 acciperet
1111 1533 1530 1602 Ethiopissam,
1556 1546 1660 1584 non
1679 1540 1763 1585 est
1782 1532 2051 1599 scriptum

464 1638 592 1707 quia
618 1637 672 1689 in
700 1633 884 1704 specie
931 1631 1163 1697 locutus,
1198 1627 1270 1683 sit
1300 1626 1348 1680 ei
1398 1625 1560 1689 Deus,
1592 1632 1648 1677 et
1675 1638 1780 1678 non
1823 1623 1876 1678 in
1916 1622 2053 1677 aeui-

458 1738 648 1799 gmate
686 1743 700 1779 :
740 1726 837 1780 sed
872 1724 962 1778 ubi
992 1721 1207 1791 accepit
1268 1717 1690 1787 Ethiopissam,
1740 1726 1869 1772 tunc
1918 1715 2055 1770 dicit

460 1818 532 1870 de
556 1832 621 1871 eo
658 1816 822 1879 Deus,
869 1815 995 1884 quia
1032 1832 1050 1865 ι
1091 1828 1154 1867 os
1189 1812 1256 1866 ad
1279 1825 1343 1864 os
1372 1810 1569 1879 loquar
1593 1809 1657 1862 ad
1674 1820 1822 1871 eum,
1848 1807 1899 1859 in
1931 1821 2057 1874 spe-

2159 608 2421 673 l'actores,
2464 618 2523 661 ut
2549 623 2673 662 cum
2706 606 2824 675 ipso
2858 606 3040 677 Moyse
3097 609 3511 677 conglorilicari
3544 625 3759 666 merea-

2160 716 2302 753 mur.
2329 698 2442 770 Ego
2506 708 2688 754 autem
2752 707 2885 769 puto
2919 701 3063 768 quod
3110 710 3164 756 et
3195 702 3269 757 illi
3301 703 3591 757 materiam
3619 719 3759 772 prae—

2158 801 2305 846 stant
2340 792 2406 846 ad
2442 792 2815 863 derogandum
2850 794 3042 862 Moysi,
3073 795 3190 863 qui,
3229 796 3379 850 verbi
3412 810 3607 864 causa,
3630 813 3756 851 cum

2163 884 2365 956 legitur
2394 886 2531 942 liber
2585 885 2835 953 Levitiei,
2861 886 2944 940 vel
2992 886 3154 941 lectio
3200 886 3595 953 Numerorum,
3640 906 3752 946 non

2156 979 2455 1033 ostendunt
2503 980 2778 1048 quomodo
2822 980 2937 1036 haec
2983 995 3103 1049 quae
3136 981 3187 1034 in
3216 984 3508 1052 aenigmate
3552 986 3757 1053 scripta

2159 1081 2309 1131 sunt,
2336 1072 2561 1144 intelligi
2597 1089 2693 1142 per
2720 1076 2959 1142 speciem
2984 1076 3243 1140 debeant,
3280 1077 3333 1130 id
3369 1088 3475 1143 est,
3513 1080 3602 1147 qui
3646 1095 3754 1134 uozt

2157 1163 2480 1232 spiritaliter
2503 1179 2567 1218 ea
2597 1180 2721 1235 qua:
2755 1168 2807 1219 in
2849 1166 2968 1237 lege
3016 1167 3272 1239 leguntur
3312 1180 3619 1239 exponunt.
3650 1170 3756 1226 Ne-

2159 1257 2406 1310 cessario
2436 1258 2580 1310 enim
2602 1259 2694 1327 qui
2732 1260 2959 1315 audiunt
2995 1259 3157 1315 ritum
3200 1263 3623 1329 sacriﬁciorum,
3674 1266 3757 1320 vel

2160 1348 2525 1403 Sabbatorttm
2555 1351 2987 1418 observantiam,
3013 1354 3093 1407 vel
3132 1365 3459 1411 cmterorum
3487 1358 3749 1412 similiqu

2161 1439 2214 1494 in
2262 1441 2501 1495 ecclesia
2559 1442 2804 1507 recitari,
2847 1444 3222 1514 olfenduutur,
3267 1458 3320 1502 et
3352 1448 3583 1503 dicunt:
3614 1448 3757 1515 Quid

2162 1533 2264 1587 hoc
2299 1548 2523 1588 necesse
2572 1542 2661 1588 est
2705 1535 2758 1589 in
2817 1536 3052 1592 ecclesia
3096 1537 3237 1608 legi?
3270 1537 3389 1605 Quo
3434 1541 3591 1596 nobis
3627 1558 3757 1611 pro-

2160 1635 2284 1680 sunt
2311 1636 2581 1696 prmcepta
2603 1625 2855 1692 Judaica,
2879 1639 2934 1683 et
2958 1631 3127 1700 spreti
3151 1633 3332 1703 popult
3358 1633 3760 1690 observantiae?

2163 1715 2288 1772 Haec
2314 1715 2623 1774 Judaeorum
2680 1728 2833 1783 sunt,
2890 1729 2947 1775 et
2981 1718 3151 1776 Judaei
3182 1724 3247 1777 de
3274 1725 3339 1779 iis
3377 1727 3630 1781 viderint.
3678 1727 3759 1782 Ne

2162 1824 2293 1878 ergo
2308 1808 2617 1878 hujusutodi
2634 1810 2963 1866 oll‘endicula
2991 1814 3332 1869 auditoribus
3347 1818 3756 1889 aceidaut(77).

460 1907 566 1966 cie.
592 1917 646 1959 et
674 1922 779 1959 non
813 1904 866 1959 in
898 1903 1211 1974 aenigmate.
1247 1919 1266 1953 ι
1302 1899 1458 1953 Modo
1491 1903 1638 1953 enim
1676 1914 1798 1953 cum
1837 1895 2052 1968 Moyses
2089 1893 2126 1946 Β
2157 1899 2336 1954 danda
2381 1915 2546 1970 Opera
2592 1912 2676 1956 est
2702 1903 2768 1956 ad
2799 1903 3085 1957 scientiam
3134 1903 3303 1975 legis,
3350 1916 3405 1961 et
3444 1910 3746 1962 secundum

462 1996 611 2049 venit
642 1995 707 2048 ad
741 2009 858 2059 nos,
880 2002 934 2047 et
971 1992 1301 2060 coniunctus
1332 1998 1416 2044 est
1445 1990 1575 2044 huic
1604 1999 1804 2043 nostrae
1832 1986 2051 2041 Ethio-

464 2088 647 2156 pissae,
682 2086 764 2141 ιο(
808 2086 899 2140 Dei
929 2083 1041 2153 iam
1077 2100 1183 2139 non
1227 2083 1279 2137 in
1312 2083 1524 2153 ﬁguris,
1546 2093 1601 2138 et
1630 2081 1682 2135 in
1717 2081 2051 2150 imaginibus

462 2182 603 2235 sicut
634 2180 804 2249 prius,
837 2180 929 2232 sed
965 2179 1016 2233 in
1052 2178 1169 2248 ipsa
1210 2177 1392 2247 specie
1416 2175 1668 2230 veritatis
1694 2176 2046 2244 agnoscitur;

458 2282 660 2341 etqua:
683 2273 830 2341 prius
890 2271 942 2324 in
992 2269 1282 2340 aenigmate
1335 2268 1783 2337 designabantur,
1821 2281 1963 2320 nunc
1998 2266 2049 2319 in

460 2364 645 2432 specie
687 2371 742 2418 et
805 2360 1041 2416 veritate
1097 2359 1459 2429 complentur.
1502 2356 1566 2411 Et
1620 2357 1745 2413 ideo
1801 2356 1913 2422 ille,
1958 2359 2051 2427 qui

463 2450 673 2520 species
730 2449 1031 2519 ﬁgurarum
1082 2459 1135 2504 et
1186 2449 1535 2520 aenigmatqu
1586 2448 1912 2513 disserebat,
1967 2449 2054 2501 di-

464 2544 539 2597 cit
570 2543 615 2574 ⁸⁰
650 2561 663 2596 :
698 2561 716 2594 ‹
763 2541 981 2597 Scimus
1007 2550 1190 2595 autem
1224 2543 1486 2610 quoniam
1519 2550 1705 2612 patres
1725 2541 1904 2595 nostri
1932 2557 2052 2594 om-

466 2649 562 2689 nes
586 2634 687 2689 sub
710 2636 851 2689 nube
879 2634 1127 2701 fuerunt,
1154 2644 1211 2690 et
1239 2649 1433 2689 omnes
1478 2633 1533 2688 in
1564 2632 1750 2705 Moyse
1786 2633 2049 2702 baptizati

462 2736 593 2781 sunt
646 2726 700 2781 in
760 2727 904 2782 nube
935 2735 993 2781 et
1019 2726 1072 2780 in
1114 2726 1273 2793 mari,
1302 2735 1357 2781 et
1382 2740 1572 2782 omnes
1593 2727 1838 2781 eamdem
1869 2740 2049 2780 escam

464 2819 764 2891 spiritalem
806 2820 1297 2883 tuanducaverunt,
1342 2828 1399 2873 et
1442 2835 1633 2874 omnes
1668 2820 1917 2874 eumdem
1950 2836 2053 2890 po—

464 2922 580 2968 tum
618 2914 917 2983 spiritalem
949 2913 1225 2967 biberunt.
1271 2910 1535 2966 Dibebant
1572 2922 1753 2967 autem
1791 2914 1856 2967 de
1888 2913 2054 2981 spiri-

462 3005 560 3061 tali
589 3015 954 3075 consequente
974 3019 1068 3058 eos
1090 3012 1268 3072 petra.
1311 3004 1471 3057 Petra
1514 3012 1698 3058 autem
1738 3012 1860 3058 erat
1892 3004 2053 3059 Chri-

463 3107 599 3153 stus.
641 3116 658 3149 ι
690 3095 855 3151 Vides
902 3094 1172 3164 quomodo
1220 3095 1507 3163 aenigmata
1548 3095 1682 3165 legis
1724 3094 1925 3150 Paulus
1952 3096 2053 3149 ab-

465 3187 649 3251 solvit,
682 3195 737 3240 et
793 3187 1005 3255 species
1045 3189 1394 3260 aenigmatum
1428 3187 1609 3252 docet,
1644 3194 1696 3240 et
1750 3185 1882 3240 dicit
1924 3188 2051 3257 quia

2161 1992 2266 2046 hoc
2317 1993 2460 2062 quod
2508 1994 2775 2062 spiritalis
2823 2004 2909 2049 est
2939 1994 3050 2058 lex,
3084 1997 3437 2069 intelligenda
3481 2010 3536 2054 et
3564 2001 3756 2070 expla-

2162 2082 2337 2136 nanda
2367 2094 2494 2139 sunt
2519 2087 2842 2156 omniaquae
2868 2090 3144 2159 leguntur,
3165 2104 3231 2145 ne
3259 2091 3547 2146 doctorum
3564 2108 3757 2155 causa,

2160 2175 2271 2232 imo
2298 2167 2506 2231 desidia
2537 2188 2592 2232 et
2618 2179 2969 2250 negligentia,
2999 2182 3068 2235 ab
3111 2181 3380 2252 imperitis
3417 2193 3473 2238 et
3519 2184 3757 2239 indoctis

2158 2264 2452 2336 derogetur
2475 2266 2642 2339 Moysi
2665 2286 2679 2336 ;
2702 2270 2797 2323 sed
2829 2281 3218 2327 convertanmr
3243 2274 3308 2327 ad
3344 2274 3656 2340 Dominum,
3692 2286 3753 2329 ttt

2159 2356 2370 2412 auferat
2400 2373 2429 2412 a
2481 2361 2637 2415 nobis
2678 2362 2924 2418 velamen
2982 2363 3214 2431 litterae;
3246 2374 3303 2419 ιιι
3333 2380 3440 2419 non
3480 2367 3637 2421 nobis
3662 2367 3755 2420 de-

2164 2448 2351 2505 formis
2382 2451 2561 2508 vultus
2586 2452 2783 2523 Moysi,
2830 2456 2924 2509 sed
2972 2455 3247 2524 gloriosus
3281 2471 3345 2512 ac
3384 2458 3613 2512 decorus
3663 2472 3760 2522 ap-

2160 2550 2371 2609 pareat,
2405 2542 2477 2595 ita
2512 2554 2569 2597 ut
2611 2560 2719 2599 non
2765 2545 2940 2599 solum
2984 2562 3093 2601 non
3137 2548 3536 2612 obtrectetnus,
3576 2549 3670 2601 sed
3700 2559 3758 2602 et

2161 2649 2258 2703 pro
2274 2636 2645 2705 magnitudine
2671 2654 2952 2707 sensuum,
2983 2640 3199 2696 laudem
3218 2643 3265 2695 ci
3292 2654 3343 2695 et
3376 2641 3601 2711 gloriam
3626 2658 3758 2696 con-

2160 2724 2422 2782 feramus.
2458 2747 2477 2779 t
2512 2729 2578 2783 Et
2639 2731 2719 2785 ira
2771 2731 2975 2787 furoris
3030 2734 3243 2787 Domini
3286 2732 3428 2788 facta
3458 2743 3543 2789 est
3594 2750 3761 2805 super

2162 2818 2303 2884 illos,
2332 2832 2387 2873 et
2419 2822 2817 2887 discesserunt,
2852 2833 2908 2879 et
2942 2824 3118 2880 nubes
3156 2826 3385 2879 recessit
3431 2841 3460 2879 a
3503 2825 3760 2881 taberna-

2160 2911 2307 2974 culo,
2337 2920 2390 2965 et
2408 2928 2539 2968 ecce
2578 2913 2746 2967 Maria
2788 2914 2933 2968 facta
2977 2926 3059 2969 est
3091 2916 3304 2984 leprosa
3355 2916 3497 2970 sicut
3529 2916 3620 2969 nix
3653 2915 3754 2970 “.p

2161 3001 2246 3057 Ira
2280 3002 2479 3059 furoris
2526 3006 2737 3061 Domini
2794 3005 3029 3060 eﬂicitur
3076 3022 3241 3075 super
3286 3020 3419 3071 eos,
3465 3006 3558 3074 qui
3619 3006 3761 3060 male

2162 3095 2481 3167 loquuntur,
2511 3108 2566 3152 et
2629 3099 2950 3153 detrahunt.
2995 3098 3390 3154 Verumtamen
3419 3102 3562 3169 quod
3597 3100 3761 3165 dicit,

2168 3207 2187 3240 ε
2223 3198 2275 3244 et
2317 3191 2495 3244 nubes
2547 3192 2784 3245 recessit
2839 3206 2869 3244 a
2913 3190 3302 3256 tabernaculo,
3337 3203 3389 3244 et
3419 3205 3549 3245 ecce
3588 3189 3759 3246 Maria

464 3293 617 3350 petra
648 3281 699 3336 in
733 3282 1025 3351 aenigmate
1070 3292 1189 3336 erat
1236 3281 1376 3351 apud
1410 3279 1673 3350 Moyscm.
1696 3279 1863 3349 29o
1896 3287 2049 3335 aute-
2081 3260 2124 3317 (ἶ
2161 3278 2306 3334 facta
2337 3289 2424 3335 est
2460 3280 2673 3351 leprosa
2733 3282 2878 3335 sicut
2910 3282 3023 3346 nix,
3056 3300 3074 3333 ι
3114 3281 3574 3336 considerandum
3634 3283 3763 3337 dili-

463 3386 627 3440 quam
656 3371 981 3443 iungeretur
1011 3372 1137 3428 huic
1167 3380 1367 3427 nostrae
1396 3369 1766 3440 Aﬂtbiopissae.
1803 3368 1957 3424 Nunc
2003 3369 2055 3423 iu

465 3465 646 3532 specie
698 3475 855 3534 petra
905 3462 1160 3519 Christus
1233 3471 1338 3517 est.
1399 3460 1555 3515 Nunc
1603 3462 1748 3517 enim
1793 3476 1856 3515 os
1896 3460 1963 3516 ad
1995 3475 2057 3514 os

465 3556 707 3626 loquitur
736 3570 833 3628 per
888 3556 1060 3626 legem
1114 3554 1278 3611 Deus.
1310 3555 1484 3609 Antea
1529 3554 1581 3607 in
1617 3553 1905 3622 aenigmate
1956 3552 2058 3608 fuit

467 3649 766 3718 baptismus
790 3649 844 3703 in
879 3650 1024 3705 nube
1056 3656 1112 3703 et
1167 3648 1219 3701 in
1254 3647 1420 3710 mari,
1450 3662 1595 3701 nunc
1618 3656 1798 3699 autent
1838 3646 1891 3699 in
1922 3659 2050 3713 spc-

465 3745 549 3797 cie
582 3743 924 3811 rcgeneratio
978 3750 1058 3796 est
1098 3743 1152 3796 in
1189 3740 1327 3810 aqua
1372 3750 1425 3795 et
1468 3741 1521 3797 in
1579 3739 1789 3808 Spiritu
1831 3748 2045 3793 sancto.

467 3837 621 3891 Tunc
651 3839 704 3890 in
752 3835 1039 3905 aenigmate
1082 3843 1205 3888 erat
1233 3848 1431 3886 manna
1484 3833 1662 3897 c:bus,
1699 3846 1843 3887 nunc
1874 3839 2054 3885 autem

469 3928 521 3981 in
553 3929 735 3997 specie
791 3942 920 3982 caro
975 3926 1134 3979 Verbi
1175 3924 1266 3981 Dei
1302 3932 1387 3979 est
1436 3939 1597 3976 verus
1634 3923 1810 3988 cibus,
1837 3924 1979 3977 sicut
2004 3933 2058 3977 et

470 4022 581 4090 ipse
616 4021 744 4075 dicit
769 4021 837 4087 ⁸⁸,
871 4022 997 4090 quia
1036 4039 1055 4072 ‹
1085 4021 1223 4076 Caro
1263 4032 1382 4073 mea
1442 4032 1572 4071 vere
1616 4026 1701 4072 est
1758 4018 1950 4083 cibus,
2004 4026 2058 4071 et

481 4114 702 4185 sanguis
735 4130 888 4169 meus
921 4128 1047 4169 vere
1075 4123 1159 4168 est
1202 4123 1378 4187 pouts.
1413 4131 1432 4162 ι
1469 4111 1559 4166 Sic
1586 4127 1714 4179 ergo
1752 4125 1867 4178 jam
1914 4125 2057 4164 nunc

468 4205 679 4277 Moyses
708 4206 847 4275 apud
876 4220 974 4260 nos
1001 4206 1232 4275 positus,
1269 4212 1322 4259 et
1350 4198 1476 4257 huic
1507 4201 1866 4271 Ethiopissce
1918 4215 2053 4255 cou-

466 4297 705 4367 iunctus,
744 4299 825 4354 vel
885 4300 1000 4370 ipse
1044 4299 1109 4353 ad
1146 4299 1376 4363 uos,.vel
1410 4299 1551 4353 Deus
1602 4301 1667 4351 ad
1722 4299 1901 4368 ipsum
1948 4312 2053 4350 non

471 4389 711 4460 loquitur
745 4390 796 4444 in
823 4390 1134 4461 aenigmate,
1172 4392 1264 4445 sed
1294 4390 1345 4444 in
1391 4391 1592 4459 specie.
1629 4390 1725 4444 llis
1751 4400 1930 4444 autem
1966 4388 2057 4442 ad-

469 4485 665 4537 ditur:
702 4501 721 4534 ‹
770 4482 835 4537 Et
894 4483 1145 4553 gloriam,
1211 4485 1392 4555 inquit
1438 4485 1507 4547 ",
1560 4483 1771 4537 Domini
1831 4483 1987 4538 vidit.
2030 4501 2049 4534 ι

2166 3371 2391 3441 gentius
2419 3382 2522 3440 est,
2556 3372 2698 3441 quod
2754 3372 2908 3440 prius
2952 3372 3160 3427 recedit
3189 3372 3384 3437 nubes,
3409 3382 3463 3428 et
3499 3375 3573 3428 ita
3612 3374 3761 3444 lepra

2167 3465 2443 3534 repletur:
2483 3474 2538 3518 ιιι
2566 3465 2894 3519 ostendatur
2925 3465 3051 3533 quia
3082 3464 3249 3519 etiam
3282 3465 3328 3520 si
3372 3475 3454 3519 est
3488 3467 3541 3520 iu
3575 3467 3759 3535 aliquo

2162 3556 2338 3626 gratia
2371 3556 2547 3611 sancti
2579 3556 2842 3626 Spiritus,
2865 3568 2919 3609 et
2946 3556 3246 3623 obtrectat,
3280 3566 3335 3612 et
3380 3557 3643 3625 detrahit,
3672 3572 3760 3615 re-

2161 3649 2306 3703 cedit
2331 3649 2399 3703 ab
2428 3664 2493 3703 eo
2522 3657 2642 3719 post
2677 3650 3163 3715 obtrectationem,
3194 3659 3248 3704 et
3281 3650 3360 3705 sic
3397 3652 3760 3721 leprareple-

2159 3753 2249 3797 tur
2282 3743 2466 3797 anima
2500 3743 2641 3813 ejus.
2678 3742 2815 3797 Nam
2846 3753 2895 3797 et
2916 3744 3147 3814 populus
3173 3743 3263 3797 ille
3295 3745 3445 3813 prior
3478 3746 3664 3800 habuit
3693 3748 3746 3801 iu

2160 3853 2219 3892 se
2265 3840 2501 3908 gratiam
2551 3838 2668 3906 Dei,
2728 3838 2825 3894 sed
2867 3847 3154 3907 postquam
3195 3839 3247 3892 in
3296 3852 3485 3891 verum
3535 3838 3757 3909 Moysou

2163 3929 2453 3985 Dominum
2516 3940 2764 3984 nostrum
2825 3927 3012 3985 Jesum
3065 3929 3348 3984 Christum
3392 3930 3760 3985 extenderunt

2162 4024 2369 4094 linguas
2407 4024 2757 4093 blasphemiae
2781 4040 2912 4086 suae,
2954 4024 3210 4079 discessit
3245 4022 3313 4077 ab
3336 4023 3444 4079 ill's
3479 4026 3668 4088 nubes,
3704 4035 3759 4077 ct

2162 4116 2409 4169 transivit
2439 4115 2504 4167 ad
2540 4130 2638 4168 nos
2665 4114 2718 4168 in
2753 4128 2994 4169 montem
3030 4115 3334 4178 cXCt‘iSlllﬂ,
3356 4132 3479 4168 cum
3502 4116 3759 4169 Salvator

2160 4218 2346 4262 noster
2370 4209 2797 4262 trausl‘ormatus
2831 4219 2937 4271 ρει,
2972 4217 3022 4260 et
3057 4209 3229 4261 nubes
3263 4206 3533 4277 refulgens
3564 4208 3758 4261 obuul-

2159 4298 2340 4353 bravit
2392 4300 2689 4369 discipuios
2745 4299 2886 4367 ejus,
2944 4306 2998 4351 et
3027 4298 3175 4351 venit
3210 4312 3311 4352 vox
3355 4300 3421 4352 de
3467 4298 3631 4363 nube,
3668 4300 3755 4351 di-

2158 4408 2289 4445 cens
2315 4391 2402 4445 "a
2440 4410 2460 4445 a
2505 4391 2601 4447 llic
2660 4400 2744 4447 est
2802 4390 2973 4445 Filius
3022 4405 3177 4443 meus
3235 4389 3651 4453 dilectissimus,
3703 4390 3757 4443 in

2158 4501 2268 4556 quo
2308 4485 2440 4539 tnihi
2500 4484 2640 4539 bene
2689 4483 3017 4554 complaetti.
3052 4501 3070 4534 ›
3110 4481 3235 4536 Post
3280 4483 3380 4536 hoc
3405 4496 3536 4551 ergo
3583 4481 3754 4536 Maria

471 4575 703 4642 Quando
744 4575 881 4629 vidit
932 4575 1145 4646 Moyses
1190 4575 1418 4647 gloriam
1484 4576 1743 4631 Domini?
1773 4575 1883 4645 Ego
1929 4584 2055 4629 tunc
2090 4612 2134 4667 ο
2162 4575 2299 4630 facta
2360 4585 2443 4630 est
2494 4558 2705 4645 leprosa
2762 4574 2903 4629 sicut
2939 4574 3054 4630 nix.
3099 4573 3279 4629 Donec
3309 4574 3499 4628 aderat
3554 4574 3749 4636 nubes,

471 4668 614 4729 dico,
648 4667 866 4737 quando
903 4665 1326 4722 transformattts
1360 4677 1445 4724 est
1473 4667 1732 4721 Dominus
1758 4668 1810 4721 itt
1848 4678 2051 4730 tuente,

472 4768 525 4812 et
556 4760 748 4815 aderat
777 4761 823 4814 ei
854 4760 1066 4831 Moyses
1098 4775 1220 4814 cum
1241 4759 1377 4825 Elia,
1407 4769 1464 4816 et
1492 4758 1948 4828 colloquebautur
1982 4759 2053 4812 ei.

474 4852 536 4905 Et
570 4853 689 4906 ideo
728 4863 875 4907 recte
912 4856 964 4907 in
1019 4852 1477 4923 consequentibus
1526 4850 1775 4919 adjungit
1809 4851 1854 4882 ⁸³
1892 4869 1906 4905 :
1939 4869 1956 4901 ι
1994 4852 2057 4904 Et

473 4958 641 5011 quare
667 4959 770 4997 non
803 4943 1059 4998 timuistis
1088 4944 1377 5000 detrahere
1413 4942 1619 4998 famulo
1644 4956 1764 4995 meo
1798 4941 2008 5013 Moysi?
2035 4961 2052 4993 ι

472 5033 624 5100 Quod
650 5035 936 5089 evidenter
960 5035 1149 5105 utique
1177 5036 1243 5090 ad
1276 5050 1373 5092 eos
1409 5034 1614 5089 dictum
1655 5033 1929 5103 dirigitur,
1964 5034 2057 5102 qui

480 5121 764 5192 Evangelia
794 5124 1009 5192 quidem
1041 5126 1320 5196 suscipere
1348 5126 1626 5190 videntur,
1657 5124 1923 5193 derogant
1959 5139 2059 5176 au-

475 5225 581 5270 tem
614 5215 809 5287 Moysi,
835 5226 891 5272 et
921 5217 1113 5273 merito
1151 5228 1478 5289 arguuntur.
1519 5218 1650 5286 quia
1696 5232 1821 5272 cum
1847 5217 2059 5271 discant

476 5323 571 5375 per
600 5306 951 5376 Evangelittm
1008 5311 1154 5378 quod
1198 5309 1417 5381 Moyses
1465 5325 1569 5363 ttua
1613 5324 1736 5363 cum
1779 5308 1899 5363 Elia
1926 5308 2059 5362 vidit

471 5399 702 5469 gloriam
730 5399 964 5465 Domini,
983 5400 1084 5468 legi
1104 5410 1158 5455 et
1179 5402 1459 5473 prophetis
1481 5403 1597 5454 ausi
1613 5410 1744 5456 sunt
1765 5401 2055 5469 derogare.

448 5488 541 5570 .Et
565 5489 687 5543 ideo
714 5503 813 5544 uos
838 5505 943 5545 non
977 5491 1326 5546 detrahamus
1370 5491 1561 5563 Moysi,
1594 5506 1694 5547 nec
1719 5492 2048 5560 deregemus

548 5656 592 5687 ’θ
632 5656 803 5713 lCor.
845 5674 899 5724 κ,
934 5659 952 5712 ι
988 5667 1041 5712 et
1066 5672 1219 5728 seqq.
1296 5659 1337 5689 '“
1381 5657 1534 5712 Joan.
1579 5675 1650 5724 vr,
1704 5658 1793 5714 56.

1868 5656 1914 5689 ⁵⁸
1941 5656 2097 5711 Num.
2139 5672 2233 5720 XII,
2272 5658 2324 5712 8.

2169 4667 2331 4722 Maria
2368 4684 2471 4721 nou
2498 4678 2619 4722 erat
2673 4668 2910 4736 leprosa,
2945 4668 3038 4720 sed
3085 4682 3209 4721 cum
3243 4667 3521 4721 discessit.
3557 4664 3744 4719 Donec

2166 4757 2309 4811 enim
2338 4757 2577 4811 visitatio
2608 4756 2699 4809 Dei
2729 4765 2849 4811 erat
2878 4758 2930 4810 in
2965 4758 3163 4826 popqu
3197 4757 3312 4821 ille,
3362 4771 3470 4811 non
3518 4766 3639 4809 erat
3673 4754 3754 4808 le-

2167 4865 2380 4918 prosus.
2437 4849 2538 4904 Ubi
2594 4864 2725 4904 vero
2768 4849 3048 4914 discessit,
3100 4849 3394 4918 ignominia
3437 4847 3619 4901 vultus
3673 4847 3759 4900 sui

2165 4942 2408 4995 contexit
2434 4958 2579 4996 eum.
2616 4942 2725 4997 Sed
2752 4952 2807 4996 et
2857 4956 2954 4997 nos
2988 4942 3278 4997 timeamus
3309 4957 3375 4996 ne
3398 4941 3536 4995 [crte
3560 4938 3763 5009 cﬂ'uge-

2166 5050 2286 5087 nius
2326 5051 2354 5087 a
2413 5036 2567 5090 nobis
2615 5036 2757 5089 hanc
2805 5037 3007 5089 nubem
3075 5035 3216 5088 male
3268 5033 3563 5102 l0queudo,
3620 5031 3761 5085 male

2168 5127 2398 5195 agendo,
2429 5127 2571 5180 male
2600 5128 2887 5198 cogitando
2917 5144 2930 5180 :
2959 5136 3013 5182 et
3043 5136 3170 5179 tunc
3205 5126 3491 5195 apparebit
3524 5124 3577 5177 in
3603 5122 3760 5177 nobis

2168 5217 2315 5288 lepra
2349 5220 2584 5288 peccati,
2616 5236 2739 5274 cum
2768 5220 3083 5276 deseruerit
3110 5234 3210 5273 nos
3249 5218 3423 5288 gratia
3459 5217 3576 5270 Dei.

2237 5309 2290 5363 5.
2321 5327 2339 5359 ι
2380 5310 2445 5364 Et
2470 5312 2710 5381 respexit
2741 5311 2921 5368 Aaron
2953 5314 3020 5365 ad
3036 5311 3283 5373 Mariam,
3315 5318 3511 5362 eteccc
3534 5314 3653 5359 erat
3681 5304 3761 5357 le-

2165 5415 2346 5469 prosa.
2379 5404 2440 5457 Et
2470 5404 2608 5459 dixit
2634 5405 2817 5458 Aaron
2849 5405 2915 5458 ad
2942 5404 3163 5478 Moysen
3205 5421 3217 5455 :
3259 5401 3481 5462 Precor,
3509 5397 3755 5457 domine,

2165 5506 2231 5546 ne
2262 5494 2559 5549 contuleris
2595 5497 2645 5549 in
2673 5512 2773 5551 nos
2814 5506 3122 5565 peccatum,
3177 5490 3437 5558 quoniam
3483 5484 3761 5556 ignoravi-

2438 5658 2482 5689 ⁵³
2510 5658 2639 5711 ibid.
2717 5658 2762 5689 ³⁸
2796 5655 2923 5709 ibid.
2978 5654 3032 5716 9,
3084 5653 3170 5729 10.
3210 5651 3254 5681 ³⁵⁸
3300 5649 3487 5703 Matth.
3524 5661 3659 5711 xm,
3701 5646 3754 5712 5,

550 5777 662 5849 (77)
701 5777 883 5835 Codex
945 5792 1045 5832 ms.
1113 5775 1474 5842 Ebroiceusis,
1513 5794 1530 5827 ι
1563 5776 1834 5831 accidant.
1859 5796 1877 5829 ι
1905 5775 2083 5831 Codex
2140 5773 2325 5831 Sancti
2358 5776 2705 5847 Theoderici,
2744 5793 2763 5825 ι
2799 5772 3141 5840 contingant.
3181 5790 3198 5822 ι
3235 5769 3353 5826 Lib.
3415 5771 3572 5839 editi,
3607 5787 3629 5823 tt
3665 5783 3754 5825 ac-

484 5848 696 5903 celant.
728 5881 744 5912 ι
