4134 6436
396 362 498 415 615

1851 362 2179 419 ORIGENIS

3565 376 3664 429 liiti

395 504 517 542 inus
549 487 690 556 quod
740 486 1111 557 peccavimus.
1169 486 1246 541 Nc
1282 486 1375 541 ﬁat
1418 487 1599 541 simile
1647 486 1760 559 (78)
1790 488 1974 550 morti,
2007 491 2054 550 Α
2083 486 2227 542 dicat
2259 488 2508 547 meliores
2543 491 2635 560 qui
2667 494 2868 547 mortui
2906 502 3033 549 sunt
3070 493 3299 558 mundo,
3335 502 3389 548 et
3418 507 3513 547 eos
3542 510 3667 562 pro-

391 592 449 634 et
478 595 534 633 ιιι
563 582 788 634 aborsus
812 579 1018 648 ejectus
1073 580 1140 634 de
1172 580 1328 634 vulva
1383 581 1595 646 matris,
1644 590 1698 633 et
1744 581 1979 634 comedit

392 671 673 724 dimidium
698 670 881 724 carnis
905 667 1023 738 ejus
1048 670 1113 721 ⁵³.
1139 689 1157 721 ι
1179 669 1308 723 Vult
1330 669 1383 723 in
1410 671 1510 725 hoc
1527 668 1815 724 05tendere
1836 670 1977 737 quod

392 761 622 832 populus
642 762 731 815 ille
759 761 1029 816 formatus
1057 761 1275 830 quidem
1306 760 1472 815 fuerit
1505 762 1557 813 in
1596 759 1753 813 vulva
1787 760 1977 814 matris

392 872 503 910 suae
547 870 856 926 synagogre,
910 869 1018 909 non
1078 863 1257 907 tamen
1299 855 1587 923 pervenire
1628 853 1866 923 potuerit
1909 852 1976 904 ad

392 948 695 1016 perfectum
721 958 775 1001 et
808 948 1082 1017 integrum
1115 958 1349 1016 partum.
1398 945 1550 999 Sicut
1580 946 1723 1000 enim
1752 946 1977 999 aborsus

393 1041 747 1110 imperfectus
794 1050 849 1095 et
902 1040 1298 1107 incompositus
1342 1048 1423 1093 est
1450 1048 1635 1107 partus
1663 1056 1675 1091 :
1707 1038 1778 1091 ita
1813 1047 1867 1092 et
1892 1037 1979 1091 ille

392 1133 625 1205 populus
685 1133 966 1202 aliquanto
1015 1133 1235 1201 quidem
1305 1141 1546 1201 tempore
1577 1130 1719 1184 intra
1763 1129 1976 1183 vulvam

390 1227 613 1289 matris.
641 1227 744 1280 hoc
766 1234 869 1288 est,
897 1226 1041 1279 intra
1080 1239 1368 1295 synagoga:
1412 1223 1807 1278 institutionem
1834 1220 1977 1290 posi-

393 1326 483 1372 tus
514 1316 610 1371 fuit
640 1335 653 1372 :
683 1316 775 1372 sed
823 1316 1063 1386 peccatis
1120 1316 1607 1377 intercedentibus,
1644 1312 1864 1366 formari
1910 1312 1977 1363 ad

393 1410 690 1480 integrum,
731 1408 1105 1476 vivillcarique
1153 1422 1256 1459 non
1296 1407 1471 1475 potuit
1506 1424 1519 1458 :
1549 1416 1600 1458 et
1626 1405 1746 1457 ideo
1779 1403 1914 1471 abjet
1938 1402 1973 1454 ti

390 1511 520 1556 sunt
547 1501 692 1554 velut
725 1501 951 1555 aborsus
980 1497 1331 1566 imperfectus
1382 1508 1437 1551 et
1479 1498 1821 1555 immaturus,
1853 1510 1977 1562 pec-

390 1601 517 1648 cato
542 1593 754 1646 scilicet
800 1598 1164 1645 consumente
1211 1589 1520 1651 dimidium,
1556 1597 1613 1640 ut
1659 1588 1756 1652 ait,
1787 1588 1976 1641 carnis

391 1687 533 1755 ejus.
568 1687 663 1741 Est
691 1696 871 1739 tamen
901 1682 1175 1738 interdum
1215 1692 1273 1736 et
1305 1680 1533 1735 aborsus
1575 1680 1768 1736 bonus.
1798 1680 1977 1733 Bonus

392 1788 576 1832 autem
612 1776 839 1829 aborsus
861 1772 1064 1827 dicitur
1103 1785 1225 1825 cum
1261 1770 1386 1826 aliis
1427 1780 1800 1839 comparatur,
1834 1769 1972 1822 sicut

390 1880 446 1926 et
478 1869 835 1923 Ecclesiastes
865 1865 942 1919 ait
966 1865 1011 1896 ⁸⁷
1047 1882 1058 1918 :
1094 1881 1113 1915 ι
1155 1863 1221 1918 Ει
1244 1863 1353 1918 dixi
1382 1861 1597 1916 :Bonus
1629 1873 1714 1916 est
1746 1861 1975 1914 aborsus

390 1960 565 2030 magis
599 1973 762 2028 quam
797 1956 908 2010 ille.
943 1974 962 2009 ι
993 1954 1097 2022 Qui
1128 1955 1261 2009 ille?
1296 1972 1313 2005 ι
1354 1954 1454 2021 Qui
1487 1954 1539 2006 in
1586 1953 1848 2015 vanitate,
1892 1950 1976 2003 in-

388 2053 598 2124 quit".
624 2051 823 2105 incedit
851 2058 905 2103 et
946 2048 1001 2102 in
1050 2047 1289 2102 tenebris
1331 2046 1591 2101 ambulat.
1630 2065 1648 2097 ι
1686 2044 1799 2099 Νοιι
1844 2058 1975 2112 ergo

389 2143 634 2199 absolute
669 2143 869 2196 bonum
919 2141 1052 2195 dicit
1096 2139 1375 2200 aborsum,
1435 2139 1527 2192 sed
1562 2138 1763 2189 bonum
1803 2134 1975 2202 magis

389 2236 760 2305 quatnvitam,
783 2248 903 2301 quae
936 2232 990 2285 in
1023 2232 1263 2285 vanitate
1290 2230 1529 2293 ducitur,
1559 2241 1613 2283 et
1645 2228 1699 2281 in
1739 2227 1976 2279 tenebris

391 2327 732 2399 ignorantim.
780 2325 845 2378 Et
892 2324 951 2378 ﬁt
1000 2324 1143 2393 apud
1182 2338 1307 2378 eum
1342 2323 1593 2392 quaedam
1637 2318 1975 2388 comparatio

390 2419 752 2490 singulorum.
810 2416 1123 2471 Dicitenim
1152 2424 1208 2471 et
1259 2414 1389 2469 alibi
1435 2414 1549 2484 ipse
1592 2409 1971 2474 Ecclesiastes,

389 2510 563 2563 honos
615 2520 739 2561 esse
796 2514 1041 2559 mortuos
1093 2504 1265 2573 magis
1337 2518 1500 2573 quam
1582 2501 1827 2555 viventes
1903 2498 1971 2551 ⁸⁸.

386 2599 599 2669 Quibus
670 2614 858 2654 rursus
933 2598 977 2653 si
1042 2611 1325 2667 compares
1400 2597 1692 2658 aborsum,
1772 2594 1973 2647 bonum

385 2710 509 2752 esse
567 2692 716 2745 dicas
756 2690 870 2761 (79)
919 2703 1087 2757 super
1134 2699 1446 2756 utrumque.
1509 2685 1566 2740 Si
1615 2700 1748 2755 ergo
1793 2686 1975 2740 consi-

388 2789 547 2843 deres
605 2784 697 2854 qui
760 2782 1040 2847 suntvivi,
1079 2788 1134 2835 et
1184 2780 1276 2850 qui
1311 2786 1439 2833 sunt
1500 2776 1721 2842 mortui,
1772 2777 1973 2844 quibus

388 2882 617 2933 aborsus
673 2876 867 2929 melior
941 2873 1011 2926 sit
1070 2886 1170 2941 pro
1238 2886 1303 2924 eo
1354 2869 1496 2939 quod
1550 2884 1621 2923 ne
1672 2869 1975 2940 gustaverit

385 2969 544 3042 291
587 2968 805 3038 quidem
838 2965 959 3017 vita:
990 2963 1173 3017 mundi
1217 2962 1376 3030 hujus
1411 2960 1650 3028 auspicia
1674 3001 1688 3026 ,
1731 2959 1974 3015 invenies

385 3079 504 3133 qua:
553 3064 663 3117 sint
712 3063 762 3116 in
823 3057 1222 3130 comparatione
1278 3053 1380 3107 ista
1420 3051 1772 3117 ‘_diﬂ‘erenti:e.
1825 3050 1971 3104 Cou-

385 3155 561 3209 sidcra
606 3169 737 3225 ergo
785 3153 911 3222 quia
962 3166 1069 3205 non
1116 3147 1250 3207 alios
1296 3144 1384 3213 ibi
1441 3145 1741 3199 nominavit
1796 3144 1973 3198 viven-
2002 3190 2043 3246 ϐ

386 3258 504 3314 tes,
544 3248 645 3302 nisi
685 3248 750 3303 de
797 3246 996 3315 quibus
1041 3241 1243 3296 dicitur
1302 3238 1354 3293 in
1405 3237 1633 3293 Psalmis
1696 3239 1776 3292 oo:
1805 3257 1824 3288 ι
1865 3238 1969 3293 Ve-

384 3350 692 3396 rumtamen
756 3338 969 3390 vanitas
1019 3333 1196 3389 onmis
1253 3332 1414 3386 homo
1476 3330 1685 3387 vivens.
1735 3348 1753 3381 ι
1805 3329 1964 3385 Omni

384 3450 514 3505 ergo
543 3435 764 3489 homine
820 3431 909 3499 qui
971 3429 1022 3482 in
1074 3427 1309 3482 vanitate
1340 3426 1493 3480 vivit.
1532 3424 1647 3478 Non
1676 3424 1821 3478 enim
1850 3441 1973 3479 om-

384 3528 470 3581 nis
508 3527 614 3579 vita
664 3525 716 3578 in
762 3523 1000 3577 vanitate
1059 3531 1165 3587 est,
1232 3519 1324 3574 sed
1360 3519 1449 3573 illa
1494 3521 1601 3572 vita
1635 3532 1753 3587 quae
1777 3534 1973 3572 secun-

384 3621 511 3673 duut
557 3633 777 3671 carnem
827 3624 947 3681 est,
985 3624 1039 3668 ct
1081 3613 1374 3668 secundum
1430 3626 1646 3665 errores
1700 3626 1765 3665 ac
1816 3610 1970 3664 volu-

385 3720 562 3781 ptates
588 3709 795 3773 szeculi,
844 3708 960 3761 hac
1005 3713 1089 3760 est
1127 3706 1234 3758 vita
1268 3704 1525 3756 vanitatis
1555 3702 1696 3771 (80),
1727 3711 1775 3755 et
1807 3716 1972 3769 super

385 3805 527 3858 hanc
572 3810 656 3856 est
691 3799 872 3854 ornuis
911 3798 1001 3867 qui
1044 3795 1173 3850 huic
1215 3795 1340 3849 vita:
1383 3802 1630 3846 mortuus
1655 3801 1769 3855 est,
1795 3800 1845 3846 et
1877 3793 1967 3859 qui

382 3897 516 3953 dicit
544 3895 587 3926 ἰ
633 3909 648 3947 :
696 3912 715 3944 ι
762 3892 890 3947 Mihi
928 3900 1107 3945 autem
1148 3888 1382 3943 mundus
1418 3885 1713 3941 cruciﬁxus
1761 3896 1876 3951 est,
1916 3896 1972 3940 et

382 4004 482 4057 ego
517 3985 745 4049 numdo;
798 4003 815 4035 ι
851 3994 903 4039 et
935 3983 1002 4038 de
1038 3996 1147 4050 quo
1176 3980 1374 4035 dicitur
1403 3979 1447 4010 ⁶²
1492 3998 1503 4032 :
1544 3997 1561 4029 ι
1604 3977 1794 4031 Mortui
1836 3991 1969 4045 ergo

382 4077 516 4134 estis
548 4093 670 4130 cum
700 4074 941 4129 Christo.
991 4091 1009 4125 ι
1047 4070 1137 4125 lsti
1172 4084 1306 4137 ergo
1335 4067 1583 4121 meliores
1612 4076 1768 4127 sunt,
1801 4082 1966 4133 quam

384 4169 458 4223 iHi
509 4168 775 4224 viventes.
821 4156 927 4220 Sed
972 4179 1139 4234 super
1176 4164 1275 4217 hos
1310 4174 1433 4215 esse
1474 4158 1670 4212 dicitur
1706 4162 1966 4224 aborsus,

383 4262 507 4330 quia
552 4260 682 4316 licet
724 4259 943 4314 venisse
981 4258 1228 4312 videatur
1262 4254 1317 4308 iu
1360 4267 1554 4312 carne,
1602 4251 1744 4304 llllilil
1788 4262 1965 4304 tamen

383 4353 640 4407 vanitatis
662 4353 785 4406 vita:
814 4352 973 4421 hujus
999 4349 1224 4418 sumpsit
1253 4346 1429 4402 initia.
1460 4342 1756 4397 lntroducit
1784 4354 1967 4396 tamen

383 4444 741 4499 Ecclesiastes
770 4453 826 4498 et
858 4443 1022 4496 alium
1058 4438 1350 4509 quemdam
1373 4476 1389 4502 ,
1419 4448 1473 4488 ut
1511 4435 1753 4493 videtur,
1799 4433 1963 4487 etiam

383 4535 489 4587 isto
514 4533 816 4593 meliorem,
840 4531 904 4582 de
938 4542 1046 4598 quo
1072 4528 1202 4581 dicit
1233 4543 1247 4580 :
1278 4525 1323 4556 °’
1356 4542 1375 4576 ι
1414 4523 1481 4576 Ει
1503 4524 1741 4590 optimus
1767 4532 1853 4575 est
1878 4536 1969 4575 su-

382 4637 480 4692 per
512 4623 610 4677 hos
649 4622 782 4675 duos
815 4620 907 4689 qui
937 4619 1173 4672 nondum
1203 4627 1360 4670 natus
1389 4625 1508 4678 est;
1544 4632 1561 4663 ι
1596 4614 1699 4666 hoc
1726 4621 1839 4678 est,
1867 4612 1961 4681 qui

381 4727 452 4767 ne
486 4712 551 4764 ad
580 4709 993 4764 conclusionem
1019 4705 1235 4774 quidem
1274 4703 1440 4755 vulvae
1472 4699 1704 4753 carnalis
1744 4709 1796 4751 et
1833 4713 1961 4752 cor-

380 4817 563 4874 porea:
604 4797 903 4854 nativitatis
930 4798 1078 4851 venit
1116 4795 1388 4863 injuriam.
1427 4791 1531 4845 Sed
1562 4800 1613 4843 et
1650 4789 1752 4843 hoc
1786 4790 1961 4859 ipsqu

379 4894 524 4964 quod
569 4892 701 4947 dicit
748 4888 1110 4943 Ecclesiastes
1142 4889 1227 4940 σεε
1265 4903 1281 4936 ι
1320 4881 1555 4937 Laudari
1591 4895 1777 4934 manes
1811 4895 1959 4933 mor-

379 4994 502 5040 tuos
554 4982 726 5051 magis
775 4996 936 5050 quam
988 4979 1173 5041 vivos,
1216 4987 1271 5031 et
1320 4991 1415 5030 eos
1439 4974 1530 5045 qui
1573 4975 1758 5027 vivunt
1791 4989 1961 5043 usque

380 5091 562 5143 nunc,
606 5093 625 5127 ι
663 5072 932 5144 quomodo
968 5087 1075 5124 nou
1106 5070 1386 5124 evidenter
1427 5066 1665 5120 ostendit
1696 5067 1840 5134 quod
1868 5080 1962 5121 eos

450 5240 497 5271 ⁸⁸
528 5237 792 5299 Numam,
853 5236 918 5290 10
970 5244 1019 5287 et
1069 5247 1222 5300 seqq.
1298 5232 1341 5266 ⁸⁷
1372 5229 1553 5283 Eccle.
1599 5228 1763 5300 νιμό.

378 5326 451 5377 vt,
482 5311 568 5364 H.
644 5311 687 5341 ⁶²
715 5308 925 5363 Coloss.
950 5321 1027 5377 Ill_,
1053 5305 1107 5359 5.
1184 5304 1228 5333 ⁸³
1250 5302 1426 5377 Eccle.
1447 5317 1496 5377 tv
1520 5302 1615 5377 ιβ.

376 5370 725 5446 ⁸⁸Ἠειιι.νιι,
752 5379 838 5433 19.
915 5377 958 5407 ⁶⁹
985 5375 1161 5430 Galat.
1194 5389 1267 5439 tv,
1293 5374 1377 5427 l9.
1454 5372 1498 5401 ⁷⁰
1526 5370 1683 5423 Nunt.
1703 5370 1916 5434 xu,15.

442 5546 559 5618 (78)
582 5544 956 5618 Manuscripti,
991 5557 1009 5592 ε
1032 5539 1248 5618 simile.
1288 5556 1307 5589 ι
1346 5536 1500 5618 Libb.
1533 5535 1693 5618 editi,
1739 5531 1955 5618 t‘s'imi-

376 5597 913 5685 ΙιδξῨι-ἰιιξιῶξέυίἧί
942 5597 993 5666 in
1025 5610 1215 5685 Graeco
1255 5608 1640 5685 textu_legatur
1663 5602 1793 5685 (basi.
1815 5597 1951 5656 ἴσον.

447 5678 557 5755 (79}
595 5678 749 5756 μω».
783 5684 941 5756 editi,
976 5701 995 5732 ε
1036 5682 1199 5756 dicat,
1260 5697 1292 5756 »_
1325 5680 1418 5731 sed
1453 5692 1628 5756 _tnss..
1682 5694 1699 5724 ι
1731 5678 1898 5755 dicas.
1930 5690 1948 5723 ι

450 5750 560 5814 (803
589 5755 771 5808 Codex
806 5750 1201 5808 Bellovacensis
1234 5768 1249 5801 ι
1282 5752 1395 5803 haec
1416 5750 1526 5800 vita
1546 5756 1624 5797 est
1655 5750 1886 5797 vanitas.
1929 5761 1948 5792 ι

407 5822 593 5878 Codex
621 5824 980 5883 Ebroicensis
1015 5843 1033 5876 ι
1077 5827 1189 5881 ὴιρο
1228 5836 1307 5883 es:
1350 5823 1479 5879 vitat
1521 5820 1750 5879 vanitas,
1805 5837 1821 5868 ι

1840 5227 1886 5259 ⁵⁸
1917 5228 2051 5283 ibid.
2083 5227 2136 5280 4.
2211 5228 2255 5259 ⁵9
2283 5229 2459 5284 Et'cle.
2488 5246 2559 5294 Iv,
2597 5232 2656 5287 9..

1693 5299 1738 5329 ⁸⁸
1768 5298 1929 5362 ihid.,
1956 5300 2013 5352 2.

2065 5606 2193 5659 editi
2233 5625 2252 5657 ι

2081 578 2292 632 nuntiet
2318 579 2604 635 inferiores
2631 584 2722 651 qui
2752 584 2939 638 vivunt
2971 586 3208 639 mundo?
3237 584 3369 639 Nam
3398 585 3440 639 si
3473 600 3669 639 secun-

2079 669 2207 723 dutn
2257 670 2494 726 litteram
2547 674 2683 727 velis
2725 675 3059 745 intelligere,
3102 677 3373 745 quomodo
3412 676 3666 731 laudandi

2079 773 2207 815 sunt
2264 766 2461 818 mortui
2514 766 2687 836 magis
2737 781 2898 835 quam
2943 768 3226 823 viventes?
3256 768 3493 824 Laudari
3521 771 3666 825 enim

2080 855 2217 909 solet
2263 844 2384 924 quis
2432 858 2483 909 in
2537 872 2604 910 eo
2648 860 2788 926 quod
2820 858 3099 914 voluntate
3134 860 3276 914 bona
3309 870 3363 914 et
3390 863 3669 930 preposito

2078 946 2252 1015 egerit
2304 946 2438 1019 (8i).
2491 948 2637 1003 Mors
2683 961 2863 1003 autem
2910 950 3014 1003 ista
3051 952 3393 1020 communis,
3439 953 3567 1009 nulli
3600 971 3667 1009 ex

2079 1037 2393 1104 voluntate,
2442 1054 2540 1093 nec
2575 1054 2640 1093 ex
2682 1042 2965 1110 proposito
3011 1046 3178 1100 venit.
3218 1044 3500 1111 Quomodo
3534 1061 3668 1117 ergo

2082 1129 2279 1198 dignus
2309 1129 2469 1184 laude
2500 1132 2773 1186 videbitur
2804 1134 2855 1186 in
2889 1148 2953 1187 eo
2979 1137 3102 1204 quis
3134 1138 3278 1205 quod
3308 1149 3498 1191 contra
3538 1154 3666 1209 pro-

2082 1221 2314 1288 positum
2348 1222 2584 1290 patitur?
2616 1223 2877 1293 Alioquin
2910 1225 3219 1282 laudabitur
3245 1240 3299 1283 et
3329 1229 3540 1283 Pharao
3571 1247 3665 1285 rex

2080 1310 2330 1382 Egypti,
2364 1313 2453 1381 qui
2477 1315 2792 1369 submersus
2815 1324 2898 1371 est
2933 1317 2986 1369 in
3023 1333 3172 1372 mare
3194 1360 3210 1386 ,
3255 1336 3418 1389 super
3453 1320 3666 1387 Mosen,

2080 1405 2173 1472 qui
2249 1405 2314 1456 de
2386 1406 2521 1458 mari
2594 1406 2750 1459 vivus
2820 1408 2995 1461 evasit
3036 1409 3103 1464 ⁸⁸.
3170 1408 3556 1464 Laudabuntur
3612 1422 3670 1464 et

2079 1493 2318 1565 Egyptii
2349 1495 2440 1562 qui
2480 1496 2678 1548 mortui
2712 1496 2913 1550 suntin
2947 1498 3135 1566 aquis,
3168 1500 3340 1568 magis
3374 1516 3534 1567 quam
3572 1517 3667 1570 po-

2082 1588 2238 1655 pulus
2270 1586 2396 1652 Dei,
2429 1588 2521 1656 qui
2554 1588 2807 1642 transivit
2843 1602 2941 1656 per
2981 1589 3185 1643 siccum
3216 1591 3267 1643 in
3303 1590 3476 1645 medio
3504 1594 3662 1646 mari.

2080 1678 2197 1733 Non
2223 1694 2352 1748 ergo
2380 1680 2449 1733 ita
2484 1680 2782 1751 intelligas.
2816 1682 2908 1735 sed
2936 1682 3074 1735 scito
3106 1691 3157 1735 te
3188 1682 3512 1735 laudandum
3546 1699 3665 1737 esse

2084 1783 2355 1826 mortuum
2400 1788 2521 1827 cum
2570 1775 2815 1842 potueris
2859 1775 3043 1829 dicere
3083 1774 3127 1804 “
3165 1788 3180 1827 :
3223 1793 3241 1825 ‹
3278 1773 3498 1829 Christo
3529 1789 3664 1827 cou-

2086 1866 2381 1921 crucifixus
2434 1883 2577 1920 sum.
2637 1868 2771 1922 Vivo
2819 1876 2998 1921 autem
3038 1867 3151 1936 jam
3205 1882 3309 1920 non
3349 1882 3483 1937 rgo,
3537 1868 3666 1920 vivit

2084 1967 2264 2009 autem
2309 1956 2360 2009 in
2397 1971 2481 2009 me
2514 1956 2783 2012 Christus.
2827 1976 2845 2007 ι
2883 1957 2938 2011 Si
2984 1957 3304 2011 renuntiasti
3350 1957 3580 2022 saeculo,
3619 1960 3663 2013 si

2085 2046 2331 2115 ahjccisti
2366 2048 2493 2102 vitia
2519 2087 2532 2112 ,
2586 2050 2632 2103 si
2674 2051 2783 2117 jam
2828 2063 2936 2104 non
2982 2050 3221 2104 moveris
3249 2049 3316 2103 ad
3348 2062 3624 2118 peccatum
3648 2090 3664 2112 ,

2084 2141 2179 2192 sed
2218 2148 2465 2195 mortuus
2504 2156 2564 2195 es
2606 2150 2833 2211 peccato
2860 2179 2873 2206 ,
2921 2141 3118 2197 melior
3156 2156 3217 2197 es
3259 2156 3421 2211 qna'n
3455 2142 3542 2196 ille
3571 2140 3663 2211 qui

2086 2231 2219 2285 vivit
2248 2240 2497 2299 peccato,
2518 2242 2570 2285 et
2596 2232 2704 2287 erit
2730 2233 2781 2287 in
2813 2241 2865 2287 te
2889 2248 3035 2287 mors
3064 2233 3163 2287 ista
3196 2233 3505 2287 laudabilis.
3532 2232 3664 2286 Nam

2083 2338 2181 2392 pro
2215 2335 2389 2378 morte
2425 2324 2527 2379 hac
2557 2324 2872 2389 communi,
2910 2340 3029 2393 quae
3057 2324 3175 2395 lege
3211 2335 3418 2380 naturae
3454 2325 3669 2379 unicui-

2084 2429 2190 2483 que
2215 2415 2397 2479 venit,
2428 2430 2587 2470 nemo
2617 2414 2893 2471 laudatur.
2924 2414 3051 2470 Haec
3083 2416 3207 2471 licet
3241 2432 3337 2486 per
3358 2430 3663 2480 excessum,

2083 2508 2505 2561 couunemorari
2556 2518 2737 2562 tamen
2774 2510 3014 2577 oportuit
3045 2508 3097 2567 in
3132 2523 3197 2562 eo
3220 2508 3340 2563 loco
3365 2508 3455 2563 ubi
3484 2522 3666 2563 sermo

2083 2600 2178 2655 Dei
2212 2599 2438 2653 Mariam
2479 2614 2577 2669 pro
2603 2599 2759 2669 culpa
2796 2600 3249 2665 obtrectationis,
3287 2609 3342 2654 et
3373 2614 3471 2668 pro
3509 2600 3664 2669 plaga

2082 2689 2447 2760 correptionis
2501 2692 2758 2746 aborsum
2803 2692 2939 2746 dicit
2983 2690 3270 2756 eﬂ‘ectam,
3313 2700 3371 2744 ut
3404 2692 3665 2745 ostende-

2085 2796 2266 2836 remus
2305 2781 2432 2851 quia
2485 2789 2569 2835 est
2613 2792 2669 2836 et
2711 2782 3114 2851 vituperabilis,
3164 2792 3249 2836 est
3292 2790 3347 2835 et
3376 2780 3664 2836 laudabilis

2082 2873 2335 2929 aborsus.
2391 2872 2636 2942 Denique
2678 2875 2844 2927 etiam
2890 2874 3178 2944 Apostolus
3226 2874 3405 2929 sciens
3450 2876 3502 2928 in
3544 2874 3665 2928 istis

2082 2965 2280 3035 quibus
2325 2979 2488 3034 supra
2530 2964 2766 3019 diximus
2809 2966 3091 3019 ordinibus
3122 2980 3244 3019 esse
3278 2965 3513 3035 aliquem
3547 2963 3663 3017 lau-

2081 3056 2318 3112 dabilem
2358 3058 2590 3111 aborsus
2626 3054 2874 3111 ordinem
2897 3096 2912 3122 ,
2946 3057 3113 3110 etiam
3155 3056 3222 3109 de
3254 3056 3544 3123 semetipso
3581 3054 3664 3108 di-

2080 3150 2157 3204 cit
2186 3148 2230 3181 "
2268 3167 2282 3204 :
2327 3165 2346 3199 ι
2382 3146 2685 3202 Novissime
2718 3155 2898 3201 autem
2935 3146 3177 3201 omnium
3215 3154 3475 3216 tanquam
3503 3145 3660 3199 abor-

2081 3242 2190 3296 tivo
2230 3242 2376 3295 visus
2408 3250 2491 3294 est
2519 3249 2574 3294 et
2608 3240 2775 3306 mihi;
2812 3259 2830 3292 ι
2868 3254 3030 3310 super
3061 3239 3307 3293 viventes
3350 3252 3409 3293 se
3442 3237 3658 3307 quidem

2078 3341 2134 3388 et
2170 3346 2335 3402 super
2372 3340 2648 3397 mortuos,
2682 3338 2804 3399 post
2830 3345 2927 3385 eos
2956 3339 3133 3384 tamen
3166 3330 3256 3400 qui
3286 3331 3515 3384 necdum
3547 3329 3660 3384 nati

2078 3435 2205 3480 sunt
2230 3464 2246 3488 ,
2288 3438 2602 3478 numerans.
2630 3421 2715 3476 Fit
2749 3406 2881 3492 ergo
2912 3423 3046 3477 sicut
3083 3423 3310 3478 aborsus
3332 3422 3518 3477 Maria.
3546 3421 3657 3477 Non

2076 3516 2220 3570 enim
2272 3517 2447 3585 potuit
2491 3514 2720 3584 populus
2761 3514 2850 3568 ille
2894 3514 2961 3568 ad
2999 3513 3297 3583 perfectum
3344 3514 3565 3569 formari
3603 3517 3656 3568 in

2078 3607 2193 3677 lege
2219 3647 2236 3669 ,
2290 3608 2433 3660 sicut
2471 3615 2525 3658 et
2569 3604 2765 3658 Paulus
2810 3604 3127 3672 pronuntiat
3164 3604 3354 3659 dicens
3377 3605 3421 3636 ³⁸
3449 3621 3463 3657 :
3496 3622 3514 3655 ι
3551 3603 3654 3657 Ne-

2084 3699 2285 3751 minem
2318 3697 2463 3751 enim
2495 3697 2560 3749 ad
2600 3694 2899 3763 perfectum
2935 3694 3156 3747 adduxit
3189 3693 3295 3749 lex.
3348 3714 3366 3747 ι
3415 3693 3655 3762 Denique

2076 3800 2133 3846 et
2163 3790 2303 3844 idem
2353 3788 2642 3858 Apostolus
2677 3789 2742 3842 de
2775 3785 3099 3856 quibusdam
3137 3802 3273 3855 quos
3310 3801 3339 3839 a
3375 3785 3479 3840 ﬁde
3505 3786 3655 3840 dela-

2080 3897 2209 3952 psos
2242 3891 2296 3936 et
2326 3880 2541 3935 velutin
2569 3880 2822 3936 aborsum
2842 3894 3133 3934 conversos
3159 3881 3224 3934 ad
3254 3877 3502 3949 perfecta!
3531 3894 3656 3932 rur-

2075 3992 2196 4031 sum
2235 3973 2535 4029 nativitatis
2583 3971 2832 4027 instituta
2883 3973 3215 4042 reparabat,
3253 3972 3331 4026 ait
3364 3974 3406 4005 ⁶⁹
3444 3992 3456 4027 :
3502 3990 3521 4024 ι
3566 3972 3655 4027 Fi-

2078 4066 2188 4120 lioli
2246 4065 2396 4129 mei,
2449 4078 2588 4132 quos
2641 4063 2841 4117 iterum
2887 4063 3137 4132 parturio
3182 4062 3353 4119 donec
3394 4060 3657 4118 formetur

2075 4157 2330 4213 Christus
2363 4158 2413 4210 in
2451 4156 2627 4212 vobis.
2662 4173 2683 4209 ι

2144 4249 2198 4303 4.
2235 4268 2253 4300 ‹
2296 4248 2361 4302 Et
2388 4248 2746 4318 proclamavit
2779 4248 2997 4319 Moyses
3020 4246 3087 4301 ad
3110 4246 3395 4301 Dominum
3422 4248 3606 4302 dicens
3635 4260 3650 4301 :

2074 4342 2218 4398 Deus
2254 4342 2389 4414 (82).
2414 4357 2608 4413 precor
2633 4352 2707 4408 te,
2738 4357 2867 4397 sana
2896 4356 3015 4397 eam
3043 4340 3112 4393 7°.
3169 4358 3188 4391 ι
3219 4340 3282 4392 Et
3304 4355 3464 4408 quem
3494 4356 3655 4409 opor-

2075 4434 2224 4488 tehat
2245 4450 2408 4490 orare
2435 4435 2502 4488 ad
2538 4434 2831 4490 Dominum
2871 4447 2971 4502 pro
3000 4431 3234 4486 sanitate
3263 4431 3438 4501 populi
3474 4432 3617 4486 illius
3637 4473 3653 4497 ,

2004 4532 2049 4586 D
2077 4525 2181 4579 nisi
2244 4524 2501 4596 Moysen?
2546 4524 2760 4596 Moyses
2807 4530 2925 4577 orat
2968 4536 3067 4590 pro
3112 4520 3235 4575 illis.
3283 4522 3347 4576 Et
3382 4521 3522 4577 forte
3554 4525 3654 4579 hoc

2073 4627 2192 4670 erat
2224 4619 2363 4685 quod
2398 4633 2521 4671 cum
2565 4616 2794 4673 Domino
2820 4613 2947 4670 Jesu
2977 4612 3198 4669 Christo
3223 4614 3650 4684 colloquebatur,

2074 4725 2195 4762 cum
2225 4710 2276 4762 in
2314 4719 2497 4763 monte
2527 4707 2948 4762 transformatus
2980 4715 3063 4760 est
3087 4745 3102 4771 ,
3140 4715 3327 4775 petens
3362 4707 3430 4762 ab
3460 4723 3526 4762 eo
3549 4749 3561 4770 ,
3597 4719 3655 4761 ut

2073 4816 2197 4855 cum
2232 4801 2510 4869 plenitudo
2535 4800 2775 4868 gentium
2806 4799 3105 4863 introisset.
3139 4810 3267 4854 tunc
3293 4800 3468 4853 omnis
3490 4799 3653 4854 lsrarl

2074 4890 2256 4945 salvus
2310 4890 2486 4944 licrct.
2534 4908 2552 4941 ε
2604 4889 2669 4942 Ει
2716 4890 2857 4943 dixit
2890 4889 3147 4943 Dominus
3180 4890 3249 4943 ad
3288 4888 3505 4961 Moysen
3541 4907 3554 4943 :
3594 4890 3650 4943 Si

2076 4991 2233 5048 pater
2275 4980 2391 5049 rjus
2436 4980 2739 5050 t‘Xspuisset
2783 4981 2836 5035 in
2880 4979 3071 5035 faciem
3113 4981 3262 5051 ejus,
3300 4996 3478 5036 u0nue
3522 4997 3651 5035 eru-

2073 5072 2320 5125 besceret
2371 5084 2577 5142 septem
2625 5072 2855 5127 diebus?
2888 5072 3180 5142 Separetur
3221 5082 3426 5143 septem
3462 5073 3653 5128 diebus

3395 5233 3436 5264 ⁶¹
3472 5232 3649 5288 Galat.

3208 5302 3250 5333 "
3270 5304 3287 5356 ι
3306 5302 3414 5357 Cor
3432 5342 3447 5369 ,
3482 5320 3570 5367 av,
3594 5306 3649 5359 8.

2731 5230 2775 5262 “
2811 5229 2955 5285 Psal.
2987 5244 3196 5283 xxxvtu
3221 5272 3234 5292 ,
3265 5230 3315 5285 6.

2093 5299 2137 5329 ⁶³
2164 5299 2331 5354 Exod.
2368 5318 2478 5357 xiv.
2557 5303 2601 5334 “
2617 5303 2794 5358 Galat.
2820 5318 2889 5368 ιι,
2920 5300 3005 5367 19,
3039 5303 3129 5355 20.

2137 5534 2249 5616 (Sil
2283 5536 2461 5617 Codcx
2508 5536 2693 5592 Sancti
2730 5536 3076 5602 Theoderici,
3114 5555 3132 5589 ι
3182 5537 3379 5608 egerit.
3432 5554 3454 5591 ι
3493 5535 3649 5595 Libb.

2136 5617 2252 5743 iiii;
2493 5626 2648 5742 editi,
2692 5695 2710 5729 ι
2749 5677 2894 5733 Deus
2924 5692 3097 5742 mens,
3144 5696 3163 5729 ι
3208 5677 3302 5733 sed
3339 5678 3389 5732 in
3425 5693 3559 5733 mss.
3594 5688 3649 5732 et

2066 5746 2117 5800 in
2152 5758 2295 5802 textu
2330 5746 2521 5804 Graeco
2553 5749 2726 5817 deest,
2769 5767 2787 5799 ι
2827 5763 2997 5803 meus.
3036 5768 3055 5801 ι
