4134 6380
362 346 467 404 ‘6l7

1537 342 1599 395 IN
1644 340 1979 398 NUMEROS
2020 336 2303 395 HOMILIA
2348 340 2459 394 VII.

3545 340 3649 393 CIR

368 460 521 521 extra
559 472 771 527 castra,
823 471 875 515 et
907 469 1027 529 post
1066 460 1178 512 inec
1228 459 1476 513 introibit
1508 461 1573 515 7‘.
1613 481 1630 510 ι
1672 461 1812 526 Quid
1844 469 1955 521 est,
1987 464 2033 519 Α
2075 474 2348 526 timorum,
2402 478 2561 531 quam
2610 480 2707 532 ego
2761 464 2826 515 de
2873 462 2992 516 filiis
3040 462 3199 516 Israel
3253 462 3303 513 in
3355 462 3655 530 possessio-

367 562 409 613 si
446 567 602 627 pater
632 555 748 624 ejus
776 554 1087 622 exspuisset
1113 552 1165 604 in
1199 549 1394 605 faciem
1422 550 1538 617 ejus
1559 589 1574 614 ,
1612 551 1961 605 erubesceret

370 664 574 721 septem
614 648 844 703 diebus?
893 646 1119 699 Mariam
1162 645 1280 699 loco
1324 659 1612 715 synagogas
1643 646 1958 713 posuimus,

365 745 499 798 huic
540 741 754 809 exspuit
810 749 962 809 pater
995 738 1111 806 ejus
1146 738 1197 791 in
1229 736 1446 790 faciem.
1489 736 1712 805 Signum
1753 735 1960 804 repudii

368 850 452 895 est
482 841 531 892 in
557 837 754 893 faciem
781 835 1029 905 conspui.
1068 833 1313 901 Denique
1336 834 1389 884 in
1424 830 1537 899 lege
1568 830 1829 898 scriptum
1854 838 1958 891 est,

364 933 458 986 ubi
484 933 704 1002 jnbetur
730 940 789 984 ut
823 930 1026 983 relicta:
1051 926 1287 997 proximi
1321 925 1604 994 proximus
1630 922 1795 975 nubat
1822 920 1957 991 (83),

369 1024 414 1078 si
448 1023 677 1077 voluerit
714 1022 998 1091 proximus
1040 1017 1327 1085 repudiare
1369 1014 1715 1083 conjugium,
1760 1021 1820 1064 ut
1852 1011 1962 1065 dis-

371 1112 646 1167 calceatus
698 1112 750 1164 in
799 1109 996 1162 faciem
1039 1116 1406 1175 conspuatur,
1449 1114 1503 1156 et
1536 1104 1637 1157 hoc
1666 1104 1849 1156 datum
1879 1111 1961 1156 est

371 1203 519 1256 velut
554 1202 768 1271 signum
809 1199 1044 1267 repudii.
1087 1198 1225 1251 llinc
1262 1210 1393 1264 ergo
1430 1195 1619 1258 Maria,
1656 1194 1705 1247 id
1735 1202 1841 1256 est,
1874 1208 1961 1261 po-

372 1296 536 1366 pulus
567 1295 656 1347 ille
690 1308 815 1347 cum
846 1290 1191 1360 repudiatur,
1221 1305 1248 1341 a
1288 1287 1397 1341 Deo
1425 1287 1646 1355 conspui
1680 1286 1732 1339 in
1765 1286 1957 1341 faciem

371 1389 593 1442 dicitur.
614 1384 889 1438 Habemus
909 1394 959 1437 et
987 1384 1038 1436 in
1063 1382 1169 1434 alio
1201 1381 1317 1433 loco
1347 1378 1765 1448 signiﬁcantiam
1793 1381 1956 1448 Spnti,

371 1494 493 1531 cum
521 1478 651 1531 dicit
672 1476 844 1529 Isaias
870 1477 915 1506 ⁷⁸
947 1492 961 1526 :
1004 1493 1021 1524 ι
1062 1473 1267 1527 Omnes
1297 1482 1490 1540 gentes
1519 1472 1664 1525 sicut
1686 1480 1853 1538 guttze
1885 1472 1958 1523 si-

370 1569 522 1632 tnlae,
549 1567 981 1634 etsicutsputum
1000 1571 1258 1631 reputatae
1281 1568 1429 1615 sunt.
1457 1578 1477 1611 ι
1501 1559 1814 1613 Ostenditur
1831 1572 1960 1625 ergo

369 1662 424 1714 in
445 1661 567 1726 hoc,
595 1661 740 1729 quod
765 1657 931 1712 etiam
961 1657 1189 1728 populus
1222 1654 1314 1709 ille
1335 1654 1477 1708 sicut
1501 1662 1690 1724 gentes
1719 1662 1955 1713 caeteras,

366 1767 494 1818 qua:
519 1762 578 1805 ut
597 1760 814 1820 sputum
843 1759 1188 1820 reputantur.
1208 1745 1453 1815 abiectus
1475 1754 1578 1800 est.
1597 1746 1663 1800 Et
1693 1760 1879 1801 revera
1910 1745 1953 1798 si

370 1844 686 1899 consideres
716 1844 978 1897 honorem
1003 1842 1152 1896 illum
1185 1842 1447 1910 priorem,
1472 1856 1595 1896 cum
1626 1838 1958 1908 pontiﬁcalis

372 1939 514 2005 apud
545 1950 640 1990 eos
678 1936 811 1990 ordo
842 1934 1073 1989 ﬂorebat
1099 1973 1114 1998 ,
1151 1949 1275 1987 cum
1312 1932 1544 2004 insignia
1577 1929 1919 1984 sacerdotum
1942 1968 1957 1992 ,

370 2038 494 2076 cum
524 2022 766 2076 Levitica
792 2022 1117 2085 ministeria,
1146 2036 1269 2077 cum
1306 2020 1563 2089 maiestas
1589 2018 1803 2088 templi,
1834 2032 1958 2070 cum

369 2113 709 2184 prophetalis
739 2113 998 2182 splendor
1018 2153 1033 2177 ,
1068 2124 1124 2167 et
1154 2129 1275 2167 cum
1308 2112 1626 2167 caelestibus
1658 2124 1823 2179 super
1852 2120 1959 2163 ter-

370 2219 491 2257 ram
518 2204 813 2258 consortiis
846 2205 1159 2267 utebantur,
1192 2204 1315 2271 quis
1346 2204 1523 2258 honor
1550 2202 1651 2257 fuit
1684 2202 1811 2256 ille?
1840 2217 1961 2271 qlia

370 2296 671 2366 gloria?‘Et
697 2312 913 2352 rursum
940 2297 983 2351 si
1015 2311 1156 2349 nunc
1188 2296 1427 2365 aspicias
1456 2304 1663 2363 quanto
1696 2296 1960 2349 dedecore

370 2388 716 2453 horrescant,
747 2389 866 2443 sine
894 2389 1122 2458 templo,
1148 2389 1266 2443 sine
1295 2388 1487 2452 altari,
1519 2386 1637 2441 sine
1664 2386 1957 2450 sacriﬁcio,

373 2478 493 2534 sine
519 2479 813 2550 propheta,
842 2480 961 2534 sine
985 2478 1326 2540 sacerdotio,
1357 2480 1474 2533 sine
1505 2479 1609 2533 ulla
1641 2479 1849 2534 ctelesti
1883 2480 1960 2532 vi-

369 2571 663 2638 sitatione,
714 2572 944 2643 dispersi
991 2587 1087 2643 per
1127 2588 1345 2627 omnem
1392 2582 1590 2627 terram
1635 2572 1960 2642 profugique

376 2665 618 2719 viventes
668 2679 682 2717 :
723 2665 845 2735 quis
880 2681 986 2720 non
1020 2666 1301 2721 evidenter
1330 2675 1593 2735 agnoscat
1622 2666 1766 2733 quod
1820 2681 1958 2719 con-

373 2758 529 2827 spuit
556 2766 707 2827 pater
732 2758 879 2813 illius
918 2759 969 2812 in
1008 2758 1203 2813 faciem
1228 2758 1366 2828 ejus,
1397 2768 1451 2811 et
1482 2757 1722 2825 perfudit
1754 2758 1960 2811 vultum

369 2863 565 2903 eorum
614 2849 948 2920 ignominia?
1002 2851 1218 2918 Septem
1255 2865 1388 2919 ergo
1437 2851 1632 2905 diebus
1677 2859 1962 2919 separatur

372 2952 529 2995 extra
569 2950 772 2996 castra.
814 2941 1061 2995 Diximus
1094 2941 1258 2993 etiam
1296 2941 1350 2993 in
1382 2939 1755 3010 superioribus
1776 2978 1791 3003 ,
1815 2939 1960 3007 quod

367 3045 578 3102 septem
637 3034 756 3089 dies
818 3034 909 3087 isti
962 3036 1321 3105 septimanam
1371 3026 1557 3087 mundi
1618 3032 1772 3086 istius
1817 3032 1963 3085 desi-

376 3134 560 3191 gnent.
602 3125 657 3178 In
695 3125 996 3192 septimana
1024 3127 1170 3179 enim
1210 3126 1460 3187 dierum,
1498 3132 1763 3178 creaturae
1794 3123 1962 3177 totius

373 3215 605 3271 visibilis
634 3216 955 3271 substantia:
983 3217 1237 3271 videntur
1265 3231 1385 3271 esse
1410 3216 1689 3286 producta:
1711 3216 1777 3268 ⁷³.
1810 3214 1962 3268 Tunc

374 3304 518 3357 enim
547 3321 667 3374 qua:
698 3320 802 3358 non
829 3319 1007 3369 erant,
1040 3306 1181 3360 facta
1208 3307 1371 3377 292
1401 3318 1546 3360 sunt.
1578 3307 1631 3359 In
1657 3306 1961 3374 septimana

371 3411 504 3451 vero
538 3398 701 3451 totius
738 3398 919 3450 nmmli
944 3437 959 3460 ,
995 3406 1205 3452 secreta
1236 3398 1474 3467 quadam
1507 3407 1562 3451 et
1597 3398 1705 3451 Deo
1735 3397 1835 3451 soli
1868 3411 1965 3449 co-

373 3490 520 3557 gnita
547 3490 972 3557 dispensatione,
1003 3504 1123 3559 quae
1160 3500 1287 3543 tunc
1312 3488 1574 3557 producta
1598 3496 1761 3551 sunt,
1790 3486 1963 3556 expli-

374 3592 589 3635 cantur.
624 3580 844 3635 lnterim
880 3582 932 3635 in
975 3584 1077 3635 hac
1122 3582 1427 3650 septimana
1473 3594 1578 3649 qua
1621 3587 1961 3648 sequestrata

373 3687 459 3730 est
491 3675 682 3739 Maria,
709 3692 813 3728 non
848 3685 1132 3729 morentur
1161 3685 1341 3728 castra
1376 3673 1611 3727 ﬁliorum
1643 3673 1841 3739 Israel,
1868 3675 1964 3729 sed

373 3777 521 3821 stant
553 3784 661 3822 uno
686 3768 738 3821 in
773 3768 892 3821 loco
922 3767 1204 3831 conclusi,
1231 3775 1285 3821 et
1313 3766 1490 3819 nullus
1524 3775 1605 3819 est
1636 3766 1716 3819 eis
1741 3765 1964 3819 omnino

376 3860 686 3932 profectus,
720 3860 893 3913 donec
926 3858 1217 3912 mundetur
1250 3857 1417 3911 Maria
1447 3872 1476 3910 a
1510 3858 1655 3925 lepra
1697 3873 1818 3910 sua.

447 3953 502 4008 5.
541 3970 558 4003 ι
602 3952 669 4005 Et
710 3960 831 4020 post
870 3952 982 4004 haec
1003 3991 1019 4015 ,
1047 3950 1223 4018 inquit
1255 3950 1318 4010 ",
1334 3949 1604 4019 promovit
1638 3948 1864 4018 populus
1893 3962 1963 4004 ex

377 4047 612 4102 Aserotli
632 4085 648 4109 ,
684 4054 740 4098 et
770 4042 1137 4098 consederunt
1168 4042 1220 4095 in
1249 4042 1466 4096 deserto
1498 4041 1734 4096 Pharao.
1772 4060 1789 4091 ι
1828 4044 1965 4096 Ase—

378 4141 501 4195 roth
533 4140 924 4207 interpretatur
948 4137 1136 4189 domus
1160 4134 1393 4203 perfecta
1425 4135 1561 4202 (8i).
1594 4133 1967 4189 Proﬁciscitur

377 4246 507 4301 ergo
552 4230 779 4300 pOpttlus
811 4237 1096 4298 postquam
1144 4226 1311 4279 Maria
1357 4236 1581 4294 purgata
1615 4236 1733 4293 est,
1782 4243 1810 4279 a
1864 4225 1964 4277 do-

380 4324 559 4376 mibus
609 4320 897 4389 perfecﬁs,
939 4328 995 4372 et
1043 4318 1192 4371 venit
1233 4318 1284 4370 in
1322 4316 1574 4381 Pbaran,
1614 4318 1757 4385 quod
1798 4316 1964 4368 inter-

378 4423 622 4485 pretatur
670 4431 725 4467 os
780 4412 982 4466 uisibile
1026 4410 1161 4481 (85).
1211 4409 1340 4462 Mihi
1383 4410 1599 4463 videtur
1640 4424 1702 4462 os
1744 4407 1965 4464 visibile

2074 566 2200 605 nem
2244 553 2310 616 ⁷⁵,
2350 573 2365 603 ι
2402 563 2454 607 ct
2500 555 2734 623 reliqua,
2776 555 2831 607 in
2872 556 3069 623 quibus
3109 556 3176 608 de
3224 554 3658 623 exploratoribus

2078 655 2234 699 terr-.c
2262 656 2531 709 narratur,
2560 646 2651 715 qui
2681 646 2829 699 missi
2856 646 3171 699 renuntiant
3194 645 3338 715 quod
3365 654 3510 699 terra
3535 646 3655 714 qui-

2076 736 2198 789 dem
2228 737 2296 790 sit
2331 738 2470 791 bona
2513 748 2569 791 et
2600 738 2955 802 admirabilis;
3006 739 3252 792 habitant
3278 746 3458 792 autem
3504 738 3557 791 in
3595 754 3658 791 ca

2076 823 2168 878 lilii
2201 826 2496 897 gigantum,
2526 829 2579 882 in
2609 844 2840 897 quorum
2882 828 3265 895 conspectibus
3296 828 3527 897 populus
3563 827 3659 880 Dei

2064 921 2218 987 quasi
2267 922 2490 974 locusta:
2526 921 2837 974 videantur.
2882 918 2948 973 Et
2992 916 3174 985 plures
3216 919 3430 985 quidem
3463 920 3658 987 deSpe-

2066 1024 2187 1065 rant
2216 1028 2272 1067 se
2296 1030 2457 1082 posse
2485 1013 2686 1067 salvari
2714 1029 2741 1066 a
2778 1013 2904 1066 filiis
2930 1013 3208 1082 gigantum
3241 1028 3253 1063 :
3291 1009 3450 1065 Jesus
3478 1021 3660 1065 tamen

2066 1119 2170 1157 non
2212 1106 2500 1173 desperat,
2529 1106 2623 1160 sed
2656 1105 2947 1159 conlirmat
2976 1105 3160 1175 populi
3196 1104 3357 1157 ﬁdem
3397 1120 3517 1157 cum
3551 1104 3659 1157 (ia-

2064 1195 2170 1261 leb,
2204 1199 2295 1265 qui
2329 1207 2411 1250 est
2440 1196 2505 1251 de
2541 1197 2681 1253 tribu
2712 1196 2874 1264 Juda,
2906 1205 2962 1251 et
2987 1198 3177 1251 dicunt
3208 1196 3255 1226 ⁷⁸
3294 1214 3305 1249 :
3342 1214 3359 1246 ι
3398 1196 3454 1250 Si
3483 1195 3661 1263 diligit

2062 1303 2160 1342 nos
2210 1288 2368 1354 Deus,
2428 1290 2735 1344 introducet
2776 1305 2873 1344 nos
2925 1290 2976 1343 in
3013 1299 3214 1344 terram
3252 1292 3420 1343 hanc.
3469 1308 3487 1340 ι
3526 1290 3660 1356 Qua:

2062 1391 2145 1435 est
2174 1396 2303 1451 ergo
2337 1392 2481 1435 terra
2511 1382 2608 1435 ista
2634 1383 2932 1435 secundum
2959 1381 3264 1448 Spir-italem
3295 1381 3657 1446 intellectum,

2062 1490 2182 1542 qua:
2212 1484 2355 1527 terra
2386 1474 2603 1542 quidem
2641 1483 2830 1527 sancta
2864 1485 2971 1539 est,
3004 1484 3057 1528 et
3092 1484 3237 1527 terra
3277 1474 3435 1537 bona,
3470 1472 3562 1527 sed
3593 1472 3662 1525 ab

2062 1566 2247 1632 impiis
2282 1565 2600 1618 habitatur?
2633 1564 2733 1629 Qui
2773 1574 2901 1619 sunt
2927 1581 3057 1633 ergo
3089 1566 3176 1617 isti
3214 1565 3419 1627 hostes,
3443 1565 3531 1631 qni
3568 1564 3664 1616 ha-

2062 1657 2239 1711 bitant
2288 1657 2340 1709 in
2392 1668 2534 1709 terra
2589 1656 2948 1710 sanctorum?
2992 1656 3057 1709 Et
3093 1657 3367 1723 quomodo
3409 1656 3662 1724 ejiciendi

2062 1758 2207 1811 sunt,
2247 1758 2305 1800 ut
2336 1747 2444 1802 illis
2479 1747 2673 1817 ejectis
2706 1748 2879 1802 sam-ti
2922 1746 3223 1800 succedant
3267 1745 3320 1798 in
3359 1745 3535 1800 locum
3572 1761 3664 1797 eo-

1990 1815 2032 1868 B
2065 1840 2224 1893 rum?
2255 1815 2563 1894 Redeamus
2594 1841 2659 1893 ad
2696 1838 2989 1909 Evangelia
3014 1879 3028 1903 ,
3071 1839 3356 1892 redeamus
3402 1837 3468 1891 ad
3511 1836 3663 1906 Apo-

2062 1932 2281 1986 stolum.
2329 1928 2617 2001 Evangelia
2665 1933 2875 1985 sanctis
2917 1930 3248 1999 promittunt
3291 1945 3455 1999 regna
3486 1930 3663 1983 coalou

2066 2039 2206 2076 rmn.
2258 2023 2550 2092 Apostolus
2595 2025 2722 2077 dicit
2755 2024 2798 2054 ⁷⁷
2847 2046 2858 2078 :
2907 2043 2924 2074 ι
2978 2023 3171 2076 Nostra
3218 2032 3397 2077 autem
3434 2038 3665 2077 conver-

2063 2116 2202 2167 satio
2227 2116 2276 2168 in
2307 2116 2461 2169 caelis
2493 2126 2595 2169 est.
2636 2134 2653 2165 ι
2693 2116 2746 2168 In
2780 2114 2933 2169 caelis
2967 2130 3096 2184 ergo
3124 2123 3210 2167 est
3245 2113 3397 2167 locus
3430 2115 3665 2169 hreredi-

2068 2208 2219 2272 tatis,
2240 2206 2332 2274 qui
2369 2208 2705 2274 promittitur
2729 2208 2956 2260 sanctis.
2992 2206 3056 2259 Et
3084 2205 3213 2274 quid
3240 2218 3497 2273 putamus
3518 2208 3666 2274 quod

2065 2297 2250 2350 nullus
2300 2313 2444 2351 nunc
2497 2298 2845 2352 adversarius
2884 2297 2957 2351 sit
3004 2297 3056 2349 in
3114 2296 3198 2348 his
3248 2296 3382 2350 locis
3416 2311 3535 2364 quae
3567 2298 3665 2352 tibi

2066 2388 2496 2455 promittuntur,
2543 2405 2702 2456 quem
2750 2398 2804 2441 tu
2846 2388 2969 2441 inde
3006 2388 3205 2441 debeas
3239 2388 3532 2456 pugnando
3573 2391 3665 2443 de-

2065 2480 2263 2547 pellere
2283 2479 2517 2550 (86-87),
2549 2489 2607 2532 ut
2637 2480 2773 2533 liber
2801 2480 2867 2533 ad
2892 2494 2955 2533 ea
2988 2494 3109 2548 qua:
3142 2478 3237 2532 tibi
3269 2479 3667 2546 promittuntur

2066 2572 2182 2626 loca
2216 2573 2435 2626 evolare
2460 2573 2679 2642 possis?
2707 2572 2771 2625 Et
2793 2572 3065 2641 quomodo
3092 2572 3223 2625 dicit
3243 2570 3504 2625 Dominus
3523 2571 3569 2602 ⁷⁸
3589 2588 3607 2621 ι
3633 2587 3666 2625 a

2064 2665 2254 2719 diebus
2277 2664 2504 2720 Joannis
2530 2667 3239 2736 Baptisms,rqniatregnum
3265 2667 3531 2720 curlorum
3556 2664 3665 2717 vim

2065 2760 2269 2826 patitur
2293 2797 2307 2822 ,
2335 2769 2389 2813 et
2412 2760 2517 2812 vim
2548 2759 2847 2814 inferentes
2879 2759 3097 2829 rapiunt
3126 2760 3279 2814 illud.
3318 2780 3336 2811 ι
3369 2759 3485 2814 Nisi
3516 2759 3667 2814 enim

2064 2861 2247 2903 essent
2280 2851 2478 2919 quibus
2508 2852 2589 2905 vis
2626 2851 2817 2915 ﬁeret,
2849 2867 3132 2920 nunquam
3175 2859 3364 2905 essent
3406 2853 3499 2920 qui
3536 2850 3668 2905 inde

2066 2940 2259 3006 depelli
2287 2950 2340 2993 et
2371 2941 2586 2994 extrudi
2613 2940 2916 3004 deberent,
2945 2956 3225 3008 nunquam
3257 2940 3539 2995 diceretur
3568 2955 3669 3009 per

2064 3031 2175 3082 vim
2228 3030 2593 3098 diripiendum
2643 3046 2764 3086 esse
2826 3046 3052 3102 regnum
3098 3032 3393 3086 caelorum.
3446 3032 3514 3085 Et
3560 3033 3666 3087 nisi

1990 3155 2031 3212 ε
2069 3132 2253 3176 essent
2293 3138 2417 3176 cum
2464 3124 2660 3192 quibus
2710 3134 2995 3178 certamen
3047 3124 3208 3179 nobis
3247 3135 3395 3179 esset
3427 3140 3489 3180 ac
3522 3141 3666 3195 pra:-

2067 3216 2195 3268 linm
2222 3255 2237 3279 ,
2288 3230 2563 3283 nunquam
2612 3216 2821 3270 diceret
2859 3216 3153 3285 Apostolus
3196 3216 3241 3247 ⁷⁸
3284 3232 3298 3270 :
3355 3236 3374 3268 ι
3424 3216 3542 3273 Non
3581 3228 3667 3274 est

2069 3309 2224 3363 nobis
2269 3308 2583 3363 colluctatio
2622 3310 2888 3364 adversus
2928 3327 3150 3366 carnem
3195 3321 3252 3365 et
3298 3313 3665 3381 sanguinem,

2068 3402 2162 3455 sed
2217 3402 2482 3455 adversus
2536 3401 2876 3470 principatus
2924 3412 2978 3457 et
3034 3412 3363 3471 potestates,
3404 3405 3667 3458 adversus

2071 3493 2254 3546 mundi
2281 3492 2441 3558 hujus
2469 3502 2739 3558 rectores,
2770 3494 3124 3547 tenebrarum
3157 3494 3372 3558 harum,
3402 3495 3665 3549 adversus

2068 3584 2329 3651 spiritalia
2364 3586 2622 3653 nequitia:
2652 3585 2705 3638 in
2738 3585 3079 3641 cmlestibus.
3116 3606 3134 3638 ι
3169 3586 3243 3641 De
3270 3586 3469 3655 quibus
3498 3587 3663 3641 etiam

2068 3676 2199 3730 illud
2251 3676 2346 3732 Dei
2406 3678 2613 3732 dictum
2657 3678 2917 3732 divinitus
2954 3693 3049 3747 per
3091 3679 3414 3748 prophetam
3466 3679 3667 3733 intelli-

2067 3767 2297 3836 gendum
2328 3767 2563 3831 videtur,
2589 3768 2679 3822 ubi
2711 3768 2858 3820 ait”
2891 3785 2904 3820 :
2938 3785 2957 3817 ι
3000 3767 3064 3820 Ει
3098 3768 3408 3822 inebriatus
3435 3777 3520 3822 est
3548 3768 3665 3836 gla-

2068 3860 2193 3915 dius
2251 3877 2404 3915 meus
2450 3861 2501 3915 in
2548 3861 2710 3916 cmlo.
2767 3880 2785 3913 ι
2828 3859 3061 3914 Necesse
3098 3869 3182 3914 est
3219 3875 3352 3931 ergo
3385 3861 3665 3931 spiritales

2070 3953 2339 4020 nequitias
2364 3968 2485 4021 qua:
2520 3954 2571 4006 in
2602 3953 2922 4007 caelestibus
2943 3968 3066 4008 esse
3095 3954 3376 4017 dicuntur,
3411 3952 3503 4021 qui
3537 3964 3666 4006 sunt

2068 4043 2181 4095 veri
2227 4042 2555 4108 Chananwi,
2592 4044 2736 4097 vinci
2780 4044 2875 4095 abs
2916 4053 2965 4095 tc
2988 4083 3003 4108 ,
3040 4051 3093 4095 ut
3136 4042 3423 4112 expeditus
3456 4044 3521 4095 ad
3553 4057 3665 4096 ca:-

2069 4132 2225 4185 lestia
2280 4147 2445 4202 regna
2490 4134 2727 4187 transire
2758 4133 2967 4201 possis,
3004 4143 3062 4186 ut
3096 4142 3149 4186 tu
3183 4149 3282 4203 pro
3311 4133 3417 4187 illis
3452 4132 3665 4188 habites

2070 4220 2165 4274 ibi.
2207 4220 2358 4275 Scito
2399 4232 2577 4277 tamen
2627 4224 2873 4293 gigantes
2923 4239 3018 4278 eos
3063 4240 3205 4279 esse.
3252 4224 3420 4295 Gigas
3461 4224 3664 4279 dicitur

2068 4313 2246 4365 omnis
2273 4313 2367 4380 qui
2402 4315 2668 4369 adversus
2696 4315 2866 4368 Deum
2912 4316 3137 4369 resistit.
3170 4316 3498 4383 Quicunque
3532 4332 3663 4385 ergo

2069 4407 2393 4460 adversatur
2424 4407 2558 4471 Deo,
2592 4419 2647 4462 et
2677 4412 2990 4463 contrarius
3012 4420 3097 4464 est
3129 4410 3375 4474 veritati,
3409 4410 3552 4479 quod
3584 4410 3662 4466 illi

378 4521 540 4575 posse
588 4505 845 4573 intelligi,
892 4501 1039 4574 quod
1085 4501 1318 4557 Verbum
1357 4516 1485 4556 caro
1519 4500 1723 4555 factum
1757 4511 1875 4562 est,
1908 4510 1963 4555 et
1996 4504 2039 4558 D
2070 4499 2440 4568 principaliter
2470 4498 2715 4564 faciunt,
2753 4501 2955 4555 merito
2986 4500 3141 4570 gigas
3181 4501 3504 4571 appellatur.
3540 4501 3664 4558 Tibi

379 4597 666 4652 invisibilis
694 4596 923 4650 visibilis
955 4595 1216 4659 ellectus;
1253 4602 1305 4648 et
1338 4593 1440 4647 hoc
1466 4593 1783 4662 signiﬁcari,
1816 4593 1960 4659 quod

381 4695 733 4757 posteaquam
766 4684 891 4739 ﬁnis
927 4694 982 4739 et
1023 4682 1284 4752 perfectio
1317 4682 1560 4735 omnium
1588 4694 1708 4748 quae
1736 4694 1863 4749 erga
1899 4678 1961 4731 il-

382 4779 489 4831 lum
538 4779 796 4846 populum
839 4776 1072 4846 gerenda
1108 4773 1357 4836 fuerant,
1382 4771 1548 4835 venit,
1572 4781 1702 4825 tunc
1730 4770 1960 4835 transit,

381 4880 437 4923 et
468 4871 611 4923 venit
636 4870 701 4923 ad
730 4885 874 4934 eum,
907 4882 1066 4935 quem
1100 4864 1332 4920 Verbum
1355 4880 1574 4921 carnem
1606 4864 1812 4918 factum
1837 4874 1962 4917 ante

381 4978 489 5015 non
516 4962 768 5016 credidit.
811 4981 828 5011 ι
859 4961 927 5014 Et
953 4960 1164 5013 locutus
1193 4966 1278 5011 est
1308 4956 1568 5011 Dominus
1599 4957 1667 5009 ad
1700 4955 1921 5024 Moysen
1946 4994 1961 5015 ,

382 5055 567 5109 dicens
611 5072 624 5107 :
662 5054 812 5108 Mitte
836 5054 1009 5119 viros,
1041 5061 1096 5105 et
1122 5049 1470 5105 considerent
1507 5057 1710 5102 terram
1742 5046 1962 5101 Chana-

455 5223 496 5253 '“
531 5220 658 5274 ibid.
713 5222 759 5252 ⁷³
793 5220 896 5273 lsa.
930 5235 1020 5283 XL,
1051 5218 1135 5273 15.
1193 5218 1239 5247 ’⁷³
1279 5217 1415 5270 Gen.
1451 5227 1547 5269 tet
1577 5232 1635 5267 ιι.
1700 5192 1754 5244 1⁷⁵
1784 5214 1942 5267 Num.

455 5325 476 5337 η-
509 5308 568 5337 ιιι
594 5332 610 5337 -
633 5290 724 5337 ΞΟ-
802 5290 848 5321 ⁷⁸
882 5290 1069 5337 Matth.
1105 5304 1181 5337 xt.
1214 5287 1301 5337 12.
1333 5288 1377 5317 ⁷⁹
1413 5286 1611 5337 EDIIeS.
1639 5300 1715 5337 νι.
1742 5284 1834 5337 12.
1911 5286 1956 5316 ⁸⁸⁵

2065 5212 2175 5279 ,16.
2253 5212 2300 5242 ⁷⁸
2330 5211 2489 5267 Num.
2529 5228 2621 5266 λιιι
2645 5253 2658 5277 ,
2694 5213 2742 5273 1,
2769 5211 2826 5266 2.
2903 5213 2949 5243 ⁷³
2981 5211 3143 5265 Νυιιι.
3179 5227 3289 5278 xiv,
3319 5210 3374 5263 8.

2064 5306 2095 5337 ι.
2132 5299 2331 5337 xxxiv.
2374 5283 2427 5337 5.
2502 5284 2543 5314 ⁸¹
2587 5282 2778 5337 Matth.
2812 5298 2885 5335 xn
2926 5283 3017 5337 ‘29.

2012 5301 2095 5339 sa.
2132 5299 2331 5349 xxxiv,
2374 5299 2427 5337 ξ).

383 5294 477 5364 lip.
509 5308 568 5346 ιιι
594 5332 610 5355 ,
633 5290 724 5345 20.
802 5290 848 5321 ⁷⁸
881 5290 1069 5343 Matth.
1105 5304 1181 5352 xt,
1214 5287 1301 5341 12.
1333 5288 1377 5317 ⁷⁹
1413 5286 1611 5356 Ephes.
1639 5300 1715 5351 vr,
1742 5284 1834 5339 12.

456 5388 569 5460 (8'5)
625 5386 807 5441 Codex
850 5385 907 5440 S.
950 5384 1309 5460 Theoderici,
1360 5402 1379 5434 ‹
1430 5382 1685 5460 derelicta
1735 5381 1965 5460 proximi

386 5452 635 5529 proximo
664 5460 869 5529 nubat._
890 5474 909 5507 ι
938 5454 1496 5529 _Codd._Ebroice-nsis
1517 5460 1571 5507 et
1595 5452 1965 5515 Belvacensis,

390 5524 409 5581 ἆ
448 5531 687 5583 relictam
720 5526 950 5597 proximi
989 5524 1484 5597 proximnsgnubat.
1530 5543 1549 5574 ι

458 5601 572 5670 (8'4)
609 5590 1224 5670 Aserotlrinterpretatur
1249 5595 1437 5670 domus
1467 5592 1724 5670 perfecta.
1747 5590 1838 5670 Sic
1870 5590 1963 5643 ha-

388 5661 517 5725 bent
537 5661 667 5723 mss.
696 5671 751 5723 In
779 5667 942 5722 editis
971 5661 1068 5735 pro
1101 5682 1118 5712 ι
1150 5665 1387 5735 perfecta
1418 5683 1435 5714 ι
1467 5664 1663 5730 legitur
1688 5661 1960 5735 perfectae.

380 5752 505 5800 Hm
561 5758 579 5789 ι
636 5743 858 5802 atrium,
920 5756 939 5788 ι
974 5733 1127 5791 ΡΙιιικ
1164 5734 1382 5789 Constr.
1410 5742 1591 5794 nhxn
1623 5752 1640 5782 ‹
1682 5733 1817 5786 atria
1854 5750 1871 5781 ι
1908 5740 1964 5784 et

388 5811 781 5882 synecdochice
840 5828 858 5858 ι
910 5806 1104 5861 domus
1156 5820 1173 5850 ι
1219 5805 1516 5875 signiﬁcari
1569 5813 1791 5874 potest_:
1829 5818 1968 5871 quo-

592 5906 865 5964 ΡΑτιιοι.
901 5905 1015 5964 Gn.
1056 5902 1196 5962 ΧΗ.

2070 4604 2200 4660 ergo
2247 4601 2538 4653 praestatur
2570 4601 2630 4646 ut
2662 4592 2895 4646 devictis
2926 4592 3244 4662 gigantibus
3280 4594 3449 4648 intres
3485 4595 3538 4647 in
3573 4610 3661 4648 re-

2070 4698 2235 4751 gnum
2293 4684 2438 4752 quod
2495 4683 2572 4738 illi
2628 4684 3021 4754 perdiderunt,
3082 4694 3141 4738 ut
3193 4685 3481 4753 impleatur
3517 4688 3665 4756 quod

2070 4775 2335 4845 scriptum
2384 4785 2468 4829 est
2505 4792 2519 4828 :
2575 4795 2594 4827 ‹
2645 4776 2779 4843 Quis
2806 4778 3042 4847 accipiet
3073 4793 3102 4831 a
3134 4778 3350 4847 gigante
3382 4779 3593 4847 spolia?
3641 4799 3659 4831 ι

2072 4863 2229 4919 Unde
2259 4877 2317 4919 et
2354 4866 2612 4922 Dominus
2648 4868 2867 4923 dicebat
2902 4869 2953 4922 in
2987 4867 3282 4938 Evangelio
3310 4868 3354 4900 ⁸³
3383 4888 3396 4922 :
3431 4887 3447 4921 ι
3492 4868 3665 4924 Nemo

2074 4966 2252 5026 potest
2308 4958 2536 5011 introire
2582 4958 2633 5011 in
2678 4959 2897 5014 domum
2932 4958 3089 5014 fortis
3116 4999 3130 5022 ,
3177 4973 3232 5013 et
3268 4959 3503 5029 diripere
3535 4975 3662 5015 vasa

2072 5050 2226 5116 ejus,
2258 5052 2358 5104 nisi
2391 5052 2544 5119 prius
2593 5053 2901 5121 alligaverit
2935 5052 3170 5119 fortem;
3206 5072 3225 5106 ι
3259 5053 3350 5122 qui
3383 5052 3506 5107 licet
3535 5069 3665 5122 pro-

3453 5210 3495 5241 ⁷⁷
3530 5208 3663 5262 ΡΙιί-

2502 5284 2543 5314 ⁸¹
2587 5282 2778 5337 Matth.
2812 5298 2885 5335 xn
2926 5283 3017 5337 ‘29.

2086 5381 2246 5433 modo
2281 5379 2406 5434 inde
2437 5379 2553 5433 erui
2600 5380 2771 5448 possit
2810 5396 2828 5429 ι
2870 5378 3064 5432 domus
3111 5375 3380 5446 perfecta,
3425 5391 3444 5424 ι
3486 5371 3660 5424 fateor

2078 5465 2165 5503 me
2194 5465 2296 5502 non
2332 5450 2533 5503 videre.

2148 5520 2261 5590 (85)
2306 5518 2568 5591 Pharon,
2603 5520 2740 5591 quod
2788 5519 3165 5584 interpretatur
3195 5510 3525 5591 os'rvisibile.
3577 5509 3655 5563 Ex

2070 5584 2442 5651 nn'niinirum
2478 5608 2494 5638 ι
2532 5584 2778 5651 όδξοιίδ,
2815 5608 2832 5639 ι
2866 5597 2921 5640 et
2948 5595 3069 5641 nm
3105 5600 3123 5632 ι
3160 5584 3311 5635 vidit.
3352 5601 3370 5631 ι

2149 5659 2368 5731 (86-87)
2398 5658 2552 5713 Libb.
2581 5647 2709 5713 editi
2754 5647 2775 5708 ι
2824 5670 2981 5731 quem
3033 5664 3085 5705 ιιι
3126 5654 3326 5704 debeas
3371 5647 3657 5720 pugnando

2076 5727 2367 5796 evincere,
2405 5748 2424 5781 ι
2453 5731 2542 5785 sed
2582 5745 2714 5784 mss.
2744 5737 2801 5781 ut
2829 5727 2877 5778 in
2910 5734 3091 5777 nostro
3124 5732 3296 5775 textu.

3248 5878 3330 5938 20
