4134 6442
497 337 591 391 62!

496 735 603 789 lunt
653 737 894 803 mittunt,
934 738 1003 791 ita
1058 746 1115 790 ιιι
1149 737 1337 803 velint,
1384 739 1602 806 alijecto
1641 743 1846 815 Moyse,
1879 749 2077 818 eligere

493 828 655 880 alium
692 830 883 883 ducem
916 841 971 883 et
1000 832 1198 884 reverti
1232 831 1285 883 in
1320 828 1639 899 JEgyptum.
1668 836 1772 890 Alii
1806 854 1935 892 vero
1971 843 2078 897 dno

491 921 628 975 bona
674 923 946 988 nuntiant,
989 933 1044 977 et
1073 923 1426 978 cohortantur
1474 930 1725 996 populum
1758 948 2075 1000 permanere

493 1011 546 1064 in
600 1013 743 1076 lide,
785 1016 1074 1071 dicentes:
1117 1034 1135 1066 ι
1177 1017 1232 1069 Si
1269 1016 1442 1085 diligit
1487 1035 1583 1073 nos
1645 1024 1941 1093 Dominus,
1993 1029 2073 1082 iu-

491 1105 740 1160 troducet
768 1121 865 1161 nos
891 1109 943 1160 in
981 1117 1184 1162 terram
1221 1108 1382 1164 hanc.
1431 1130 1450 1162 ι
1485 1112 1589 1168 Sed
1630 1117 1858 1185 populus
1884 1120 2070 1176 inﬁde-

490 1200 659 1254 litatis
688 1202 1069 1268 desperatione
1117 1220 1361 1274 praeceps
1388 1211 1587 1278 agitur,
1626 1224 1681 1267 et
1727 1218 1792 1268 ad
1830 1218 2072 1285 Lupi-Jan-

490 1293 585 1344 dos
619 1307 711 1346 eos
744 1294 834 1359 qui
873 1295 1009 1349 bona
1045 1298 1317 1359 nuntiant,
1355 1303 1609 1367 prosiliit.
1658 1303 1915 1371 Majestas
1944 1328 2070 1368 vero

489 1384 699 1437 Domini
727 1387 1076 1456 protegiteos
1104 1390 1155 1441 in
1200 1390 1455 1447 nubibus.
1495 1412 1514 1445 ι
1551 1395 1614 1449 Et
1653 1398 1784 1453 dicit
1811 1400 2069 1461 Dominus

487 1475 552 1528 ad
594 1476 811 1547 Moysen
841 1497 854 1533 :
891 1479 1105 1534 Feriam
1141 1495 1235 1538 eos
1280 1498 1479 1551 morte,
1511 1499 1570 1543 et
1603 1489 1909 1547 interimam
1949 1512 2064 1563 eos,

480 1575 541 1620 et
570 1567 761 1623 faciam
797 1580 866 1635 te,
897 1582 953 1626 et
987 1574 1207 1629 domum
1241 1583 1410 1647 patris
1447 1584 1521 1638 ιιιί
1556 1585 1605 1638 in
1640 1588 1917 1641 nationem
1956 1608 2070 1644 ma-

483 1672 669 1725 gnam,
694 1670 745 1713 et
769 1663 939 1718 multo
967 1669 1138 1734 magis
1160 1672 1322 1737 q'uam
1355 1673 1470 1727 inec
1497 1685 1582 1729 est
1606 1675 1746 1730 “'9’.
1780 1697 1797 1728 ι
1827 1679 1914 1732 Fit
1936 1696 2065 1749 ergo

482 1759 632 1803 tanta
664 1752 777 1808 haec
804 1758 1159 1812 comminatio
1183 1776 1210 1812 a
1248 1762 1502 1831 Domino,
1536 1783 1639 1821 non
1685 1780 1737 1822 ιιι
1788 1773 2062 1838 passibilis

1660 346 1722 398 lN
1766 347 2097 404 ΝὶιΜΕΙὶυδ
2140 352 2421 409 llOMlLIA
2469 358 2595 413 Vill.

498 459 564 511 ad
589 460 1040 514 considerandam
1062 470 1422 531 terram,qua:
1440 466 1518 517 eis
1539 466 1713 521 fuerat
1734 475 2080 540 repromissa,
2114 483 2155 534 Α
2188 486 2298 532 tres

498 553 644 619 iique
674 564 794 619 post
827 554 1183 621 quadraginta
1213 554 1329 609 dies
1352 561 1607 623 regressi,
1638 561 1850 617 diversa
1882 581 2080 620 renun-

499 646 653 698 tiant.
687 645 820 698 Nam
855 644 1043 698 decem
1085 661 1151 699 ex
1202 646 1270 699 iis
1312 647 1363 701 in
1420 648 1857 717 desperationem
1913 674 2081 727 popu—

3666 390 3768 442 ϋῗὲ

2351 483 2519 534 nostri
2582 485 2801 538 fuerunt
2836 486 2922 540 ille
2972 490 3197 557 pOplllttS
3234 498 3401 562 prior,
3442 518 3543 557 nos
3584 523 3765 561 autem

2186 570 2277 623 lilii
2314 572 2555 639 ipsorum
2593 592 2798 631 smnus.
2828 578 2906 631 Illi
2939 594 3069 649 ergo
3097 590 3352 650 quoniam
3378 607 3763 665 peccaverunt,

2181 661 2380 728 abiecti
2408 677 2533 719 sttnt
2564 677 2620 721 et
2661 669 2976 726 ceciderunt
3006 692 3019 726 :
3061 693 3156 731 nos
3179 690 3360 735 autem
3394 685 3488 739 lilii
3520 661 3761 755 ipsorum

2181 766 2277 817 pro
2310 754 2437 821 ipsis
2495 760 2858 824 surreximus,
2886 773 2938 815 et
2968 771 3136 822 erecti
3172 785 3381 836 smnus.
3424 778 3514 844 qui
3547 782 3756 836 nescie-

2178 843 2371 900 bamus
2403 849 2600 902 bonmn
2625 851 2706 905 vel
2737 854 2957 908 malum.
2988 857 3061 911 Ex
3095 866 3346 929 gentibus
3368 843 3511 922 enim
3548 886 3757 939 sumus,

2174 936 2267 1005 qui
2317 954 2494 1008 neque
2549 941 2709 1007 bona,
2736 958 2855 1012 qua:
2885 961 2952 1001 ex
2990 949 3099 1004 Deo
3131 956 3372 1023 veniunt,
3411 975 3757 1031 noveramus,

2176 1043 2354 1098 neque
2385 1032 2548 1097 mala,
2583 1050 2704 1102 qua:
2737 1051 2802 1090 ex
2842 1051 3064 1105 peccato
3091 1058 3462 1112 generantur:
3496 1052 3540 1108 si
3576 1062 3759 1110 tamen

2174 1122 2536 1179 succedentes
2569 1125 2622 1179 in
2656 1126 2835 1182 locum
2864 1146 3054 1187 eorum
3091 1138 3181 1206 qui
3208 1140 3405 1209 abjecti
3445 1155 3593 1213 sunt,
3623 1151 3758 1203 tanti

2174 1210 2356 1279 lapsus
2420 1215 2708 1271 timeamus
2759 1222 3086 1289 exemplum,
3122 1230 3404 1286 audientes
3455 1241 3759 1293 commoui-

2175 1304 2371 1358 tiouem
2411 1306 2555 1362 Pauli
2586 1310 2853 1366 dicentem
2874 1315 2951 1368 οδε
2974 1335 2992 1367 ι
3032 1317 3159 1373 Vide
3187 1331 3370 1376 autem
3408 1330 3756 1385 severitatem

2170 1406 2225 1449 et
2251 1396 2551 1454 bonitatem
2583 1400 2699 1467 Dei,
2731 1404 2783 1457 in
2819 1421 2912 1460 eos
2939 1409 3157 1475 quidem
3196 1416 3288 1481 qui
3321 1416 3636 1472 ceciderunt
3664 1436 3755 1475 so-

2169 1486 2477 1551 veritatem,
2518 1492 2571 1543 in
2632 1501 2684 1545 te
2727 1503 2909 1548 autem
2946 1497 3277 1566 bonitatem,
3308 1505 3355 1557 si
3412 1516 3591 1563 tamen
3639 1524 3754 1579 pcr~

2170 1580 2442 1634 manseris
2468 1580 2521 1633 in
2579 1582 2841 1637 bonitate.
2878 1587 3133 1657 Alioquin
3182 1601 3235 1645 et
3274 1604 3328 1647 tu
3366 1599 3661 1664 excideris,
3696 1613 3755 1655 et

2168 1669 2311 1725 illisi
2364 1687 2469 1725 non
2522 1680 2922 1741 permanserint
2956 1680 3010 1733 in
3062 1684 3475 1754 incredulitate,
3506 1692 3755 1748 inseren-

2169 1769 2274 1813 tnr.
2316 1780 2335 1813 ι
2380 1763 2544 1818 Addit
2577 1776 2755 1819 autem
2785 1780 2903 1836 post
2935 1772 3048 1825 lizec
3090 1772 3372 1839 Dominus.
3411 1788 3465 1832 et
3499 1781 3629 1835 dicit
3652 1783 3697 1814 9'
3732 1798 3747 1836 :

481 1850 539 1895 et
563 1842 861 1901 iracundiae
893 1849 1028 1905 vitio
1072 1855 1360 1922 Sulijacens
1406 1861 1729 1913 ostendatur
1753 1863 1932 1915 divina
1966 1881 2062 1917 na-
2095 1833 2137 1887 Β
2172 1872 2189 1904 α
2231 1852 2352 1907 Filii
2383 1869 2512 1910 "ero
2547 1858 2711 1911 νεείτί
2745 1869 2910 1914 erm“
2949 1862 3142 1920 ίηοοιω
3182 1867 3234 1920 in
3266 1869 3480 1923 ἀθεθτίο
3510 1874 3751 1941 (Ιυθίίΐίμ

480 1943 621 2001 tura,
652 1939 746 1992 sed
778 1950 834 1994 ιιι
862 1957 958 2011 per
988 1945 1101 1999 lucc
1138 1956 1195 2002 et
1239 1948 1404 2004 Mosei
1432 1950 1674 2007 charitas
1694 1990 1708 2019 ,
1741 1968 1902 2023 quam
1930 1972 2058 2026 erga

478 2028 734 2097 populum
787 2032 1043 2103 habebat,
1085 2048 1139 2092 et
1186 2041 1275 2095 Dei
1310 2041 1551 2107 bonitas,
1582 2059 1703 2115 quae
1735 2062 1899 2118 Super
1937 2067 2059 2105 om-

475 2130 595 2171 nem
646 2121 846 2176 maltnn
879 2138 1126 2194 agentem
1169 2142 1251 2184 est
1295 2133 1434 2201 (90),
1482 2135 1871 2193 innotesceret.
1910 2140 2061 2196 Scri-

474 2210 624 2266 bitur
651 2215 797 2268 enim
830 2217 991 2273 irasci
1023 2220 1185 2285 Deus,
1216 2236 1271 2279 et
1296 2228 1623 2282 comminari
1650 2230 1927 2286 interitmn
1959 2250 2060 2303 po-

471 2302 632 2371 pulo,
680 2320 789 2374 quo
841 2307 1099 2365 doceatur
1136 2314 1298 2369 homo
1359 2328 1567 2373 tantum
1615 2321 1713 2375 sibi
1753 2339 1873 2379 esse
1915 2302 2056 2395 apud

471 2395 642 2451 Deum
693 2398 817 2465 loci,
876 2410 1193 2474 tantumque
1227 2410 1461 2477 ﬁduciae,
1497 2421 1554 2466 ut
1594 2415 1810 2468 etiamsi
1852 2419 1921 2471 sit
1956 2418 2055 2471 ali-

470 2502 575 2551 qua
610 2492 663 2543 iu
700 2489 809 2546 Deo
869 2492 1194 2563 indignatio,
1247 2500 1723 2559 obsecrationibus
1776 2510 2059 2576 mitigetur

473 2581 724 2637 humanis
752 2596 769 2636 :
796 2592 1113 2657 tantumque
1142 2591 1209 2644 de
1236 2608 1302 2647 eo
1335 2595 1629 2663 impetrare
1679 2612 1837 2663 posse
1889 2601 2057 2656 homi-

470 2686 617 2741 nem,
644 2683 783 2731 utet
816 2679 1035 2749 propria
1061 2691 1260 2737 statuta
1294 2698 1596 2744 convertat.
1623 2690 1848 2747 Bonitas
1872 2694 2015 2747 enim
2036 2736 2051 2760 ,

467 2776 587 2830 qure
608 2765 961 2837 subsequitur
1002 2770 1168 2842 294
1208 2776 1546 2833 iracundiam
1571 2819 1586 2845 ,
1622 2791 1679 2835 et
1713 2782 1876 2838 Mosei
1920 2783 2054 2837 ﬁdu-

464 2853 603 2907 ciam
632 2859 873 2914 ostendit
902 2866 1043 2932 apud
1080 2868 1269 2932 Deum,
1302 2878 1358 2924 et
1388 2852 1624 2925 alienam
1657 2873 1724 2927 ab
1752 2874 2053 2929 iracundia

465 2942 599 2998 vitio
628 2944 864 3001 divinam
899 2952 1057 3008 docet
1088 2972 1209 3011 esse
1238 2967 1515 3013 naturam.
1555 2960 1727 3015 Simul
1760 2974 1815 3017 et
1844 2976 2049 3033 myste-

466 3032 607 3088 rium
645 3034 697 3089 in
732 3038 945 3095 swcnlis
981 3043 1177 3101 futuris
1216 3047 1543 3115 explendum
1572 3038 1819 3105 continet
1845 3070 2045 3117 sermo,

466 3146 562 3200 per
585 3149 746 3202 quem
771 3139 1036 3207 promittit
1067 3139 1208 3194 Deus
1265 3143 1407 3208 quod
1437 3139 1603 3193 alium
1634 3144 1914 3210 pepulunt,
1949 3147 2048 3200 hoc

464 3224 696 3293 abiecto,
728 3232 1034 3288 resuscitct.
1066 3233 1156 3286 Ait
1188 3233 1331 3287 enim
1353 3250 1367 3286 :
1391 3253 1409 3284 ι
1440 3233 1746 3290 Percutiam
1775 3252 1869 3290 eos
1903 3255 2046 3291 mor-

464 3322 535 3379 te,
561 3324 616 3369 et
636 3319 858 3385 perdam
894 3337 1008 3386 eos,
1037 3332 1092 3376 et
1118 3322 1317 3377 faciam
1356 3333 1408 3379 te
1437 3335 1491 3380 et
1527 3326 1745 3380 domum
1775 3329 1945 3395 patris
1969 3331 2042 3385 tui

460 3404 515 3459 in
550 3408 826 3463 nationem
865 3428 1140 3481 magnam,
1168 3416 1337 3468 multo
1369 3418 1539 3486 magis
1563 3431 1725 3486 quam
1755 3418 1869 3472 haec
1899 3429 2038 3473 est.»

458 3494 823 3553 Connninatiu
854 3515 986 3571 ergo
1038 3503 1153 3556 Ιιιιιο
1201 3519 1308 3557 non
1333 3514 1414 3559 est
1464 3506 1767 3569 iracundia,
1798 3510 1892 3561 sed
1920 3525 2043 3576 pro-

454 3588 659 3655 phetia.
703 3592 1036 3647 Assumenda
1085 3610 1317 3664 namque
1364 3607 1482 3650 erat
1519 3597 1621 3650 alia
1673 3600 1845 3663 natio,
1874 3601 1923 3653 id
1957 3612 2042 3655 est

456 3680 685 3748 populus
710 3681 811 3737 iste
850 3684 1154 3749 nationum,
1182 3687 1275 3740 sed
1304 3702 1409 3741 non
1438 3701 1537 3755 per
1574 3687 1814 3758 Moysen.
1859 3689 2038 3745 Excu-

454 3772 596 3825 savit
628 3791 861 3844 namque
913 3791 973 3832 se
1028 3778 1261 3848 Moyses.
1296 3778 1518 3836 Sciebat
1561 3781 1704 3836 enim
1751 3782 1874 3851 quia
1909 3797 2042 3851 gens

455 3862 543 3916 illa
569 3881 782 3934 magna,
807 3884 925 3937 qua:
960 3872 1379 3939 repromittitur,
1418 3888 1523 3927 non
1560 3888 1654 3942 per
1683 3874 1902 3944 Moysen
1941 3891 2039 3929 vo-

453 3960 626 4013 canda
655 3972 793 4025 erat,
820 3963 915 4016 sed
947 3979 1042 4032 per
1070 3962 1261 4018 Jesum
1285 3965 1587 4028 Christum,
1621 3977 1804 4020 etnon
1837 3966 2038 4021 Mosai-

453 4068 570 4120 cus,
607 4053 701 4106 sed
749 4052 1087 4109 Christianus
1113 4066 1233 4109 erat
1279 4056 1503 4125 populus
1544 4059 1911 4125 appellandus.
1951 4062 2030 4115 ld-

451 4145 601 4198 circo
640 4143 804 4214 igitur
850 4144 1140 4213 plurimum
1192 4156 1385 4201 exorat
1435 4146 1650 4217 Moyses
1698 4165 1796 4217 pro
1841 4152 2037 4220 populo

454 4233 560 4289 illo.
595 4234 855 4290 Dominus
880 4251 1011 4289 vero
1037 4238 1253 4290 modum
1300 4240 1663 4306 correptionis
1692 4240 1887 4295 librata
1921 4258 2037 4295 mo-

453 4326 731 4381 deratione
759 4328 1058 4393 dispensat,
1089 4337 1144 4382 et
1187 4329 1341 4391 dicit,
1375 4329 1502 4398 quia
1539 4330 1646 4384 viri
1683 4333 2033 4401 qnidem,qni

451 4414 702 4469 exierunt
740 4417 805 4471 de
847 4416 1102 4486 Egypto,
1138 4426 1192 4472 et
1221 4426 1567 4473 tentaverunt
1616 4436 1722 4483 me,
1755 4431 1919 4491 atque
1952 4425 2034 4476 in-

2165 1940 2312 2009 ginta
2364 1943 2541 1996 annis.
2577 1963 2595 1995 ι
2629 1944 2694 1998 Ει
2746 1948 2872 2015 quid
2933 1950 3161 2008 haberet
3206 1960 3453 2025 mysterii
3491 1940 3749 2019 numerus

2165 2031 2285 2093 iste.
2317 2032 2575 2098 declarat,
2619 2036 2808 2093 dicens
2846 2054 2861 2089 :
2896 2058 2915 2090 ι
2965 2043 3274 2099 Secundum
3325 2064 3634 2119 numerum,
3663 2056 3749 2109 in-

2163 2126 2282 2192 quit
2304 2125 2370 2190 9‘,
2393 2127 2602 2181 dierum
2625 2130 2822 2197 quibus
2857 2135 3243 2193 considerastis
3277 2149 3479 2197 terram
3502 2148 3744 2213 quadra-

2162 2216 2308 2285 ginta
2338 2218 2548 2285 diebus,
2589 2234 2687 2289 pro
2717 2222 2806 2277 die
2837 2238 2935 2292 per
2964 2243 3187 2294 annum,
3226 2232 3499 2300 recipietis
3520 2251 3743 2304 peccata

2163 2318 2342 2363 vestra
2371 2312 2731 2382 quadraginta
2754 2315 2933 2369 annis.
2974 2335 2992 2368 ι
3018 2319 3207 2376 Timeo
3234 2339 3337 2393 ego
3368 2330 3612 2397 mysterii
3647 2330 3750 2385 hu-

2156 2401 2245 2469 jus
2277 2414 2487 2457 secreta
2522 2403 2815 2460 discutere.
2855 2409 3022 2465 Video
3047 2414 3194 2467 enim
3223 2420 3366 2486 quod
3393 2431 3736 2485 peccatorum

2161 2491 2213 2545 in
2247 2494 2353 2549 hoc
2392 2495 2536 2550 ratio
2559 2501 3044 2567 comprehenditur
3067 2512 3123 2558 et
3164 2521 3471 2574 pomorum.
3505 2509 3561 2565 Si
3593 2514 3739 2568 enim
3834 2504 3857 2521 ⁸

2160 2584 2453 2656 unicuique
2472 2593 2747 2658 peccatori
2778 2608 2954 2648 annus
2984 2597 3278 2651 ascribitur
3302 2602 3368 2654 ad
3396 2618 3611 2671 pugnam
3642 2621 3742 2675 pro

2159 2674 2320 2733 unius
2363 2680 2470 2734 diei
2520 2695 2768 2750 peccato,
2804 2697 2859 2740 et
2885 2690 3183 2744 secundum
3217 2693 3479 2749 rationem
3526 2674 3738 2753 dierum

2156 2770 2354 2839 quibus
2384 2785 2660 2841 peccatur,
2693 2790 2963 2833 annorum
2999 2783 3220 2836 tetidem
3248 2799 3505 2843 numerus
3535 2791 3585 2844 in
3621 2807 3741 2861 sup-

2157 2863 2337 2931 pliciis
2383 2871 2790 2925 consumendus
2827 2882 2963 2927 est:
3006 2889 3197 2927 vereor
3255 2892 3321 2931 ne
3358 2877 3499 2935 forte
3547 2884 3739 2950 nobis,

2156 2958 2248 3023 qui
2285 2958 2531 3025 quotidie
2556 2976 2848 3029 peccamus
2876 2974 2933 3019 et
2972 2965 3175 3020 nullum
3209 2969 3350 3022 forte
3381 2972 3504 3026 vita:
3540 2985 3738 3029 nostra

2155 3048 2298 3102 diem
2326 3050 2533 3117 absque
2562 3064 2787 3119 peccato
2814 3056 3186 3123 transigimus,
3219 3076 3284 3113 ne
3312 3064 3426 3127 ipsa
3466 3064 3610 3120 forte
3636 3083 3712 3122 sae

2154 3139 2297 3201 cuia,
2334 3143 2613 3196 autetiam
2639 3146 2836 3199 saecula
2861 3150 3181 3203 szeculorum
3231 3152 3480 3209 sullicere
3526 3159 3736 3223 possint

2152 3232 2220 3284 ad
2275 3246 2466 3297 poenas
2520 3235 2761 3291 luendas.
2792 3241 2849 3293 In
2883 3255 2948 3295 eo
3001 3243 3144 3295 enim
3169 3245 3312 3309 quod
3362 3246 3591 3313 populus
3645 3249 3734 3304 ille

2149 3320 2301 3389 prior
2350 3339 2449 3392 pro
2496 3327 2857 3395 quadraginta
2887 3331 3098 3385 dierum
3128 3332 3328 3387 delicto
3370 3337 3729 3408 quadraginta

2147 3412 2307 3467 annis
2338 3416 2617 3470 cruciatur
2640 3419 2690 3472 in
2722 3421 2964 3487 deserto,
2992 3438 3091 3477 nec
3121 3436 3323 3480 terram
3363 3439 3610 3484 sanctam
3641 3432 3730 3486 in-

2149 3504 2316 3558 troire
2343 3507 2703 3574 permittitur,
2734 3512 3035 3567 similitudo
3059 3516 3306 3583 quaedam
3332 3518 3496 3574 futuri
3535 3522 3726 3590 judicii

2146 3595 2363 3649 videtur
2411 3600 2651 3664 ostendi,
2690 3602 2777 3655 ubi
2814 3613 3159 3671 peccatorum
3193 3609 3335 3660 ratio
3386 3610 3727 3671 discutienda

2142 3697 2227 3741 est
2255 3705 2271 3752 ;
2305 3689 2407 3744 nisi
2449 3693 2557 3745 erit
2605 3693 2783 3763 aliqua
2818 3694 3053 3753 fortasse
3087 3701 3251 3753 etiant
3296 3700 3561 3758 bonorum
3593 3723 3724 3775 ope-

2144 3793 2263 3833 rum
2299 3784 2688 3850 compensatio,
2718 3786 2801 3840 vel
2829 3787 2991 3841 etiam
3024 3803 3213 3847 eorum
3244 3809 3364 3864 qua)
3398 3798 3449 3848 in
3485 3797 3592 3850 vita
3625 3814 3721 3853 sua

2143 3874 2515 3944 unusquisque
2563 3878 2702 3933 mala
2769 3880 2982 3947 recipit,
3017 3884 3378 3940 utAbraham
3427 3888 3493 3940 de
3520 3886 3732 3944 Lazaro

2142 3963 2329 4019 docuit
2358 3966 2426 4020 ⁸⁷.
2474 3968 2583 4023 Sed
2622 3970 2738 4025 hate
2788 3971 2990 4025 nullius
3015 3982 3097 4027 est
3124 3978 3191 4029 ad
3228 3977 3494 4045 integrum
3535 3996 3719 4043 nosse,

2140 4054 2243 4109 nisi
2295 4056 2446 4112 illius
2480 4060 2567 4113 cui
2598 4074 2759 4114 omne
2794 4061 3060 4130 judicium
3094 4067 3317 4121 tradidit
3353 4067 3534 4123 Pater.
3567 4070 3718 4135 Quod

2138 4157 2321 4202 autem
2353 4149 2468 4204 dies
2495 4153 2699 4219 peccati
2735 4152 2787 4205 in
2823 4169 3023 4209 annum
3053 4171 3228 4225 patrue
3275 4169 3575 4229 reputatur,
3613 4177 3717 4217 non

2138 4237 2313 4291 solum
2344 4240 2397 4292 in
2456 4241 2560 4294 hoc
2605 4241 2763 4306 libro,
2797 4242 2851 4295 in
2882 4259 2991 4311 quo
3022 4247 3155 4300 nihil
3190 4250 3415 4303 omnino
3456 4263 3537 4305 est
3575 4255 3716 4320 quod

2138 4330 2377 4384 dubitari
2412 4333 2607 4400 possit,
2635 4335 2962 4402 ostenditur,
2996 4336 3090 4391 sed
3136 4350 3189 4393 et
3227 4339 3279 4393 in
3313 4340 3493 4395 libello
3524 4340 3716 4397 Pasto-

2139 4423 2210 4475 ris
2246 4422 2384 4493 (9i),
2414 4423 2458 4477 si
2500 4425 2587 4479 cui
2636 4433 2817 4480 tamen
2863 4428 3133 4497 scriptura
3180 4430 3269 4484 illa
3306 4431 3613 4500 recipienda
3641 4435 3715 4488 vi—

451 4507 655 4561 creduli
690 4520 1125 4576 permanserunt,
1172 4511 1371 4564 cadent
1416 4512 1468 4565 in
1504 4512 1720 4567 deserto
1766 4515 1888 4579 hoc,
1921 4534 1938 4566 ι
1971 4525 2028 4570 et
2062 4521 2107 4574 Ι)
2133 4514 2309 4576 detur,
2343 4514 2541 4570 similia
2570 4517 2949 4587 designantur.
2998 4521 3106 4574 Sed
3144 4521 3377 4578 fortasse
3403 4524 3602 4592 aliquis
3632 4541 3711 4578 ne-

450 4614 556 4654 non
590 4600 867 4665 videbunt,
896 4602 1071 4672 inquit
1101 4605 1169 4666 ⁸³,
1197 4613 1425 4669 terram,
1458 4620 1621 4674 quam
1646 4606 1823 4673 juravi
1856 4609 2026 4674 patri-

448 4690 549 4746 bus
587 4708 775 4748 eorum
812 4709 826 4747 :
863 4696 959 4749 sed
986 4696 1084 4749 lilii
1108 4696 1372 4764 ipsorum,
1401 4698 1491 4767 qui
1517 4706 1643 4751 sunt
1674 4711 1886 4751 mecum
1918 4698 2025 4762 hic,

449 4785 756 4854 quicunque
815 4786 1067 4855 ignorant
1119 4787 1320 4842 bonum
1349 4788 1433 4843 vel
1478 4788 1703 4843 malum.
1737 4807 1757 4839 ι
1794 4789 1880 4843 Sit
1909 4788 2022 4843 for-

449 4878 610 4934 tassis
662 4879 866 4948 aliquid
912 4880 1077 4934 etiam
1111 4881 1429 4935 secretioris
1470 4880 1712 4952 mysterii
1753 4882 1803 4934 in
1848 4882 2024 4936 verbis

451 4966 660 5022 Domini
707 4970 989 5025 dicentis:
1029 4990 1048 5022 ι
1094 4971 1213 5025 Filii
1251 4986 1473 5037 eorum,
1504 4972 1596 5039 qui
1633 4980 1765 5026 sunt
1811 4986 2021 5025 mecum

450 5062 556 5115 hic.
592 5078 611 5113 ι
645 5061 743 5119 Ubi
772 5065 902 5119 hic?
931 5075 1023 5117 aut
1055 5062 1325 5133 quomodo
1346 5066 1704 5131 mecum?Qui
1734 5065 1895 5118 habet
1928 5079 2023 5117 au—

448 5170 534 5208 res
569 5156 844 5222 audiendi,
878 5161 1083 5214 audiat.
1116 5160 1222 5214 Nos
1254 5160 1473 5215 interim
1506 5160 1737 5214 dieimus
1763 5159 1891 5227 quia
1926 5170 2022 5225 pa-

514 5318 631 5351 ’Μ’
662 5318 822 5375 Νιιιιι.
856 5336 968 5388 xw,
999 5323 1061 5375 11
1101 5332 1156 5376 et
1186 5322 1273 5376 12.
1348 5322 1397 5354 ’³
1426 5321 1557 5376 ibid-
1582 5321 1672 5374 29--

514 5475 802 5549 (90)Ωιιαξ
851 5495 1007 5549 super
1047 5497 1250 5534 omnem
1294 5483 1490 5534 malum
1532 5489 1766 5549 agentem
1795 5490 1891 5531 est.
1922 5480 2011 5534 Sic

443 5548 923 5616 codd.Sagiensis,
955 5549 1331 5612 Carnutensis,
1371 5548 1711 5603 Ebroicensis
1738 5558 1794 5601 et
1834 5550 2012 5602 'l‘uro-

442 5619 648 5672 nensis.
677 5618 830 5674 Libb.
850 5620 1031 5699 editi,.t
1057 5634 1579 5699 qiuesuperotnneut
1591 5627 1958 5699 titettteinest.
1992 5638 2009 5670 ι

517 5688 627 5769 (iii)
668 5688 851 5769 Sed}!
879 5692 931 5743 in
956 5685 1540 5769 libello-Pastorismtc.
1567 5688 1903 5769 llertnzedib.
1935 5703 2019 5754 ιιι,

442 5759 723 5814 similitud.
773 5758 829 5824 6,
884 5773 1004 5829 cap.
1039 5758 1096 5827 4,
1130 5760 1245 5814 haec
1296 5759 1545 5826 leguntur
1585 5776 1596 5810 :
1638 5775 1654 5809 ι
1698 5758 2019 5828 Quicunque

1752 5320 1797 5351 ⁸⁸
1831 5319 1988 5374 Rom.
2016 5336 2094 5387 ιιι,
2111 5320 2202 5374 ‘22.

2133 4615 2227 4675 get
2258 4604 2486 4661 bonitati
2544 4609 2637 4663 Dei
2675 4613 2992 4677 convenire,
3030 4623 3089 4667 ut
3122 4629 3221 4682 pro
3252 4615 3413 4669 unius
3444 4614 3551 4669 diei
3586 4629 3714 4684 pec-

2132 4709 2257 4754 cato
2291 4715 2492 4754 annuat
2521 4701 2912 4770 suppliciorum
2947 4706 3207 4772 rependat
3235 4722 3249 4758 :
3277 4706 3524 4775 quinitno
3549 4708 3713 4771 dicet,

2122 4788 2345 4847 Etiamsi
2367 4794 2508 4847 diem
2544 4809 2647 4863 pro
2696 4794 2785 4849 die
2818 4797 3029 4863 reddat,
3058 4800 3308 4867 quamvis
3353 4797 3555 4868 justus,
3603 4816 3711 4854 non

2136 4894 2313 4938 tamen
2336 4885 2577 4942 clemens
2604 4887 2819 4944 videtur
2844 4905 2967 4946 esse
2993 4900 3085 4945 aut
3109 4892 3397 4962 benignus.
3416 4891 3554 4946 Audi
3584 4909 3714 4962 ergo

2130 4974 2199 5026 ad
2235 4974 2373 5040 haec,
2402 4976 2450 5030 si
2503 4976 2650 5034 forte
2700 4980 2973 5048 possimus
3011 4979 3382 5035 diliicultatem
3407 4981 3485 5035 rei
3524 4995 3712 5037 exem—

2130 5062 2235 5130 plis
2264 5063 2621 5122 lucidioribus
2659 5070 2975 5136 explanare.
3030 5069 3088 5124 Si
3120 5070 3317 5125 vulnus
3366 5073 3582 5138 corpori
3634 5073 3711 5125 in—

2130 5154 2362 5223 ﬂigatur,
2399 5168 2494 5213 aut
2515 5176 2577 5215 os
2605 5161 2997 5233 confringatur,
3026 5172 3119 5217 aut
3145 5160 3704 5230 nervorumjunctuia

2281 5319 2327 5349 ⁸⁸
2356 5318 2517 5373 Num.
2540 5333 2648 5385 xw,
2674 5319 2765 5374 55.
2840 5320 2885 5351 ’⁸
2912 5320 3042 5375 ibid.
3071 5319 3161 5376 54.
3237 5312 3279 5352 ⁸⁷
3311 5318 3440 5373 Luc.
3466 5332 3578 5379 xvi,
3613 5317 3703 5369 25.

2116 5479 2283 5550 igitur
2324 5492 2431 5530 uno
2474 5477 2561 5530 die
2607 5476 2914 5551 perceperit
2962 5474 3213 5551 fallacem
3248 5471 3598 5551 dulcedinem
3638 5485 3701 5522 ac

2116 5543 2468 5617 voluptatem,
2507 5560 2723 5618 unoque
2758 5543 3135 5618 dieeruciatus
3174 5543 3266 5601 sit,
3306 5543 3430 5618 anui
3466 5543 3698 5606 spatium

2118 5610 2262 5674 dies'
2293 5610 2569 5671 cruciatus
2612 5616 2730 5688 ejus
2770 5614 2992 5668 valebit.
3036 5611 3139 5688 lt-a_
3169 5620 3299 5677 quot
3345 5610 3460 5688 dies
3508 5624 3699 5683 peree-

2121 5688 2262 5759 perit
2312 5687 2546 5756 quisque
2592 5680 2950 5751 voluptatem,
3008 5680 3231 5734 totidem
3280 5680 3436 5734 annis
3487 5680 3699 5732 crucia-

2124 5772 2234 5825 tur,
2268 5776 2288 5809 ι
2326 5769 2431 5811 etc.
