4134 6430
458 351 564 406 635

1928 347 2210 405 ὉΒἸΟΕΝΙ
2220 348 2258 404 5

3605 354 3715 409 624

463 465 785 531 resolvatur,
818 465 918 519 sub
948 465 1106 522 unius
1149 469 1300 523 hora:
1344 468 1523 538 spatio
1569 468 1874 538 bujusmodi
1919 466 2035 521 vul-
2070 473 2114 526 A
2144 466 2250 519 vita
2287 466 2654 536 unusquisque
2709 469 2791 524 vel
2841 469 3019 525 minus
3071 470 3151 525 vel
3184 469 3415 539 amplius
3443 475 3717 540 peccando

463 572 591 609 nera
628 557 807 610 solent
856 558 1174 627 corporibus
1225 560 1494 623 accidere.
1529 570 1582 614 et
1610 559 1857 628 plurimis
1887 567 2034 627 post-

465 647 679 701 modum
720 647 1055 704 cruciatibus
1075 664 1140 703 ac
1162 649 1436 704 doloribus
1464 651 1699 713 exactis,
1744 648 1914 702 nmlto
1949 650 2035 703 vix

463 750 707 807 tempore
760 739 986 805 sanari;
1040 741 1227 808 quanti
1275 742 1417 794 enim
1482 750 1720 795 tumores
1773 740 1826 792 in
1878 739 2033 804 loco,

459 842 658 898 quanta
712 841 976 885 tormenta
1012 833 1376 900 generantur?
1403 832 1519 887 Jam
1564 848 1692 887 vero
1724 832 1769 886 si
1802 832 2032 893 accidat,

461 934 515 975 ut
552 923 604 974 in
638 923 825 976 eodem
857 921 1097 985 vulnere,
1130 922 1213 975 vel
1242 921 1295 977 in
1342 925 1528 978 eadem
1556 922 1795 977 fractura
1841 922 2035 976 iterum

458 1022 512 1065 ct
532 1014 727 1081 saepius
753 1013 875 1081 quis
900 1011 1235 1081 vulneretur,
1253 1014 1699 1086 frequentiusque
1730 1014 2031 1084 frangatur,

458 1105 673 1173 quantis
706 1104 808 1157 hoc
843 1104 1019 1173 poenis
1066 1107 1282 1172 curari,
1314 1117 1367 1162 et
1418 1108 1637 1177 quantis
1684 1116 1859 1176 potest
1907 1123 2034 1162 cru-

456 1195 689 1250 ciatibus
742 1196 1001 1251 medicari
1031 1196 1052 1249 ?
1078 1196 1294 1263 Quanto
1352 1210 1531 1253 autem
1581 1210 1843 1269 tempore,
1870 1201 1915 1254 si
1949 1209 2031 1253 ta-

457 1302 579 1341 men
608 1288 863 1357 potuerit,
898 1289 965 1343 ad
1011 1292 1299 1346 sanitatem
1338 1293 1653 1361 perducitur
1679 1294 1701 1346 ?
1730 1301 1784 1349 et
1816 1295 1904 1348 vix
1935 1294 2033 1347 ali-

454 1380 675 1449 quando
731 1381 802 1435 ita
840 1383 1145 1449 curabitur,
1177 1394 1236 1437 ut
1260 1386 1342 1439 vel
1374 1386 1710 1442 debilitatem
1765 1388 2030 1457 corporis,

452 1472 536 1526 vel
583 1472 882 1528 foeditatem
935 1475 1209 1530 cicatricis
1240 1475 1480 1544 etfugiat.
1528 1477 1724 1532 Transi
1762 1493 1903 1533 nunc
1962 1478 2031 1534 ab

452 1564 701 1633 exemplo
748 1566 996 1635 corporis
1026 1568 1093 1622 ad
1131 1569 1326 1622 animae
1378 1569 1627 1625 vulnera.
1661 1571 1857 1624 Anima
1892 1585 2029 1639 quo-

455 1657 558 1712 ties
587 1666 799 1726 peccat,
836 1660 995 1715 toties
1022 1661 1358 1715 vulneratur.
1394 1661 1460 1714 Et
1491 1675 1558 1715 ne
1580 1661 1791 1717 dubites
1835 1676 2028 1731 pecca-

453 1751 521 1804 tis
551 1765 671 1803 eam
708 1750 856 1805 velut
894 1750 1019 1806 telis
1061 1762 1116 1807 et
1157 1751 1352 1822 gladiis
1386 1753 1693 1819 vulnerari,
1730 1754 1853 1808 audi
1883 1756 2027 1825 Apo-

2140 559 2430 626 quaesierit.
2474 558 2577 613 Sed
2612 570 2664 613 et
2697 578 2717 611 ι
2744 562 2882 615 calix
2914 563 2964 615 in
3000 578 3158 616 manu
3193 562 3402 616 Domini
3440 562 3550 615 vini
3580 564 3716 617 meri

2141 651 2328 718 plenus
2363 665 2486 705 esse
2537 652 2734 706 dicitur
2764 653 2926 707 misto
2956 656 2995 706 ι.
3021 672 3044 705 θ
3099 653 3411 707 Miscebitur
3439 667 3569 723 ergo
3596 654 3716 707 sine

2137 742 2301 796 dubio
2329 742 2639 813 unicuique,
2673 752 2728 797 et
2759 745 2849 798 fiet
2873 743 3137 813 judicium
3165 744 3279 812 ejus
3304 760 3410 799 non
3444 743 3617 800 solum
3645 758 3714 797 ex

2138 832 2297 888 malis
2341 848 2461 902 qua:
2506 836 2693 904 gessit,
2745 837 2840 890 sed
2885 837 3048 891 etiam
3094 850 3158 890 ex
3204 836 3379 891 bonis.
3423 836 3491 891 Et
3527 848 3710 891 tamen

2137 941 2256 979 cum
2286 936 2512 994 utraque
2543 928 2897 993 misceantur,
2939 927 3039 982 faex
3075 929 3213 997 ejus,
3246 942 3407 998 quam
3444 941 3544 996 ego
3577 936 3712 996 puto

2139 1020 2405 1073 malorum
2440 1030 2649 1090 partem
2685 1019 2811 1083 dici,
2868 1034 2974 1073 non
3017 1021 3086 1074 ad
3123 1020 3391 1089 integrum
3423 1019 3708 1074 exinanie-

2139 1120 2245 1164 tur.
2302 1112 2406 1165 Sed
2455 1112 2590 1177 ba'c,
2637 1121 2693 1165 ut
2725 1111 2980 1173 diximus,
3026 1112 3077 1163 in
3104 1126 3264 1164 manu
3300 1109 3392 1164 Dei
3424 1123 3571 1175 sunt,
3607 1126 3707 1163 no-

2137 1212 2308 1254 strum
2340 1211 2520 1257 autem
2568 1210 2651 1256 est
2679 1201 2745 1254 ad
2775 1202 3208 1256 emendationem
3237 1201 3397 1256 citius
3422 1202 3706 1265 festinare,

2136 1296 2201 1345 all
2232 1294 2607 1362 paenitentiam
2643 1296 2767 1349 sine
2797 1293 3230 1349 dissimulatione
3268 1294 3536 1357 converti,
3560 1292 3710 1361 luge-

2136 1400 2193 1439 re
2224 1386 2522 1453 przeterita,
2555 1400 2751 1441 cavere
2777 1384 2977 1451 futura,
3009 1388 3262 1443 invocare
3285 1386 3544 1440 auxilium
3577 1384 3705 1450 Dei;

2134 1482 2318 1533 statim
2357 1480 2503 1535 enim
2553 1492 2613 1536 ut
2661 1496 2957 1538 conversus
2988 1484 3340 1553 ingemueris,
3370 1482 3552 1538 salvus
3574 1481 3707 1535 eris.

2133 1569 2383 1625 Invenies
2415 1573 2559 1625 enim
2599 1573 2953 1636 advocatum,
3007 1574 3096 1644 qui
3149 1589 3246 1643 pro
3300 1585 3350 1628 te
3403 1573 3705 1644 interpellat

2132 1662 2371 1729 Patrem,
2407 1663 2689 1718 Dominum
2718 1664 2900 1720 Iesum
2926 1667 3225 1733 Christum,
3259 1668 3426 1723 multo
3448 1679 3709 1738 prmstam-

2135 1757 2326 1810 liorem
2357 1770 2516 1825 quam
2554 1755 2652 1810 fuit
2681 1756 2914 1830 Moyses,
2947 1760 3036 1827 qui
3070 1768 3248 1815 tamen
3278 1761 3455 1814 oravit
3484 1775 3583 1829 pro
3614 1776 3710 1829 po-

453 1842 652 1896 stolnm
680 1852 987 1897 monentem
1027 1853 1084 1896 ut
1116 1858 1462 1899 assumamus
1504 1862 1523 1895 ι
1564 1857 1775 1899 scutum
1802 1846 2025 1911 lldei,in
2058 1815 2101 1874 Β
2133 1848 2259 1917 ptth
2288 1848 2399 1913 illo,
2448 1858 2503 1902 et
2529 1815 2816 1906 exaudittis
2866 1848 2979 1908 est
3032 1853 3097 1908 Et
3142 1853 3372 1908 fortasse
3420 1863 3709 1923 prOpterea

452 1949 562 2005 quo
606 1934 862 2005 possitis,
909 1936 1113 2006 inquit,
1149 1937 1329 1990 omnia
1373 1936 1552 2006 jacula
1598 1937 1814 2006 maligni
1860 1938 2028 2008 ignita

455 2027 824 2097 exstinguere.
842 2046 860 2079 ι
883 2026 1047 2081 Vides
1065 2042 1196 2099 ergo
1215 2038 1436 2097 peccata
1452 2029 1670 2097 maligni
1690 2030 2023 2096 esscjacula,

452 2136 573 2190 quae
601 2121 654 2175 in
675 2121 909 2174 animam
937 2119 1263 2191 diriguntur.
1295 2122 1509 2176 Patitur
1546 2133 1728 2178 autem
1756 2132 1810 2177 et
1845 2123 2025 2176 anima

453 2227 557 2265 non
589 2212 765 2267 solum
801 2210 1025 2267 vulnera
1059 2213 1391 2283 jaculorum,
1422 2213 1518 2267 sed
1551 2221 1603 2267 et
1629 2212 1902 2268 fracturas
1932 2230 2024 2283 pe-

450 2305 597 2368 dum,
618 2320 739 2359 cum
776 2304 952 2375 laquei
970 2314 1232 2374 parantur
1262 2304 1489 2374 pedibus
1517 2306 1656 2375 ejus,
1678 2313 1729 2359 et
1772 2306 2027 2375 supplan-

444 2404 639 2451 tantur
660 2411 881 2466 gressus
901 2396 1038 2466 ejus.
1059 2394 1184 2451 Haec
1209 2408 1340 2465 ergo
1368 2406 1421 2450 et
1443 2395 1749 2465 bujusmodi
1798 2396 2026 2450 vulnera

444 2500 655 2558 quanto
674 2498 916 2557 tempore
952 2498 1112 2559 putas
1136 2504 1296 2560 posse
1322 2488 1505 2544 curari
1533 2488 1556 2541 ἳ
1582 2487 1627 2542 Ο
1661 2488 1704 2543 si
1746 2501 2028 2557 possemus

451 2596 546 2650 per
570 2578 997 2650 unumquodque
1037 2589 1320 2649 peccatum
1360 2578 1545 2633 videre
1576 2579 1849 2647 quomodo
1867 2578 2029 2633 homo

452 2683 641 2727 noster
677 2672 907 2727 interior
934 2673 1152 2727 assidue
1189 2672 1523 2736 vulneratur,
1550 2672 1822 2741 quomodo
1850 2686 2029 2726 sermo

455 2765 628 2819 malus
646 2764 809 2834 295
825 2764 1019 2819 vulnus
1043 2762 1261 2835 inﬂigit!
1286 2763 1401 2817 Non
1419 2763 1592 2833 legisti
1617 2762 1762 2815 '3'”:
1788 2781 1806 2814 ι
1834 2762 2029 2817 Dicttnt

452 2856 575 2926 quia
596 2857 883 2911 vulnerant
908 2853 1093 2926 gladii,
1115 2856 1209 2911 sed
1230 2870 1335 2909 non
1359 2856 1430 2908 ita
1455 2864 1513 2908 nt
1532 2853 1711 2923 lingua
1734 2854 1756 2908 τ
1783 2872 1802 2905 ι
1828 2852 2027 2908 Vulne-

451 2960 604 3006 ratur
631 2964 762 3019 ergo
802 2964 898 3019 per
924 2950 1161 3019 linguam
1193 2949 1400 3015 anima,
1423 2946 1740 3002 vulneratur
1758 2955 1810 3001 et
1829 2962 1923 3017 per
1938 2960 2030 3001 co-

453 3042 740 3113 gitationes
791 3053 846 3097 et
875 3040 1346 3112 concupiscentias
1377 3040 1570 3107 malas,
1625 3039 1894 3109 frangitur
1927 3054 2028 3093 au-

453 3144 559 3189 tem
589 3142 645 3189 et
670 3134 969 3189 conteritur
1017 3148 1112 3204 per
1141 3148 1303 3203 opera
1330 3133 1559 3203 peccati.
1609 3132 1740 3200 Quae
1768 3133 1813 3186 si
1841 3132 2022 3187 omnia
2051 3152 2100 3215 ο

450 3226 633 3280 videre
658 3239 962 3295 possemus,
999 3234 1054 3280 et
1078 3224 1381 3278 vulneratae
1408 3224 1604 3278 animae
1640 3223 1847 3279 sentire
1882 3224 2026 3277 cica-

454 3319 642 3383 triccs,
676 3325 991 3371 certumest
1020 3316 1163 3385 quod
1193 3330 1364 3385 usque
1390 3316 1456 3370 ad
1489 3325 1715 3370 mortem
1743 3314 2030 3370 resistere-

453 3423 573 3464 mus
604 3410 891 3465 adversum
922 3417 1225 3477 peccatum.
1267 3406 1373 3462 Sed
1401 3422 1544 3462 nunc
1570 3407 1711 3462 sicut
1744 3407 1779 3460 ii
1823 3408 1913 3475 qui
1944 3405 2029 3460 vel

448 3503 696 3558 daemone
732 3498 942 3568 repleti,
993 3497 1079 3553 vel
1108 3510 1289 3553 mente
1329 3498 1549 3553 alienati
1586 3507 1731 3565 sunt,
1763 3513 1870 3553 non
1896 3512 2028 3553 sen-

454 3593 596 3646 tiunt
625 3590 671 3646 si
700 3590 1078 3655 vulnerentur,
1110 3591 1236 3660 quia
1274 3589 1615 3644 naturalibus
1655 3589 1906 3645 sensibus
1940 3604 2029 3644 ca-

451 3692 571 3738 rent
620 3699 635 3737 :
669 3684 741 3737 ita
770 3691 826 3737 et
861 3698 961 3738 nos
1000 3683 1085 3738 vel
1136 3683 1522 3753 cupiditatibus
1570 3683 1756 3737 saeculi
1788 3693 2032 3738 amentes

449 3774 651 3841 eﬂ'ecti,
705 3774 790 3829 vel
833 3775 982 3830 vitiis
1026 3774 1305 3839 inebriati,
1352 3775 1562 3830 sentire
1608 3789 1715 3829 non
1745 3788 2032 3844 possumus

446 3874 650 3937 quanta
697 3866 945 3931 vulnera,
995 3875 1231 3936 quantas
1284 3866 1638 3921 contritiones
1684 3866 1878 3920 animai
1905 3880 2031 3935 pec-

448 3959 623 4014 cando
660 3958 1058 4026 conquirimus.
1093 3958 1154 4013 Et
1186 3958 1308 4013 ideo
1338 3958 1858 4027 consequentissima
1892 3959 2032 4013 ratio

448 4059 532 4105 est
568 4063 761 4120 paenae,
795 4050 848 4106 id
876 4058 962 4105 est
989 4064 1133 4104 curae
1165 4064 1228 4103 ac
1278 4049 1659 4104 medicationis
1699 4059 1909 4119 tempus
1936 4063 2033 4103 ex-

451 4142 622 4209 tendi,
674 4151 729 4196 et
777 4155 876 4211 per
925 4140 1347 4210 unumquodque
1381 4141 1577 4196 vulnus
1626 4155 1725 4211 pro
1769 4140 2033 4211 qualitate

448 4234 622 4305 plagae
650 4233 898 4289 medendi
951 4248 1170 4303 quoque
1217 4233 1387 4302 spatia
1415 4233 1727 4303 propagari.
1770 4232 1863 4286 Sic
1899 4247 2031 4302 ergo

449 4337 506 4381 et
535 4327 630 4381 Dei
661 4326 895 4397 aequitas
944 4341 1007 4379 ac
1042 4326 1348 4394 benignitas
1385 4326 1552 4381 etiam
1589 4326 1641 4379 in
1673 4324 1807 4396 ipsis
1838 4326 2033 4379 animae

448 4417 728 4488 suppliciis
762 4418 986 4473 evidens
1020 4418 1112 4471 fiet
1144 4436 1158 4472 :
1191 4428 1246 4472 et
1274 4418 1389 4473 haec
1438 4417 1683 4481 audiens,
1713 4417 1806 4484 qui
1834 4430 2029 4486 pecca-

2130 1939 2345 2009 Muyses
2395 1942 2657 1996 scribitur
2691 1944 3051 2000 intervenisse
3103 1960 3200 2013 pro
3252 1945 3490 2014 peccatis
3527 1944 3709 2015 populi

2130 2033 2356 2102 prioris,
2393 2043 2446 2089 et
2475 2035 2800 2105 impetrasse
2837 2039 3076 2103 veniam,
3116 2046 3175 2092 ut
3204 2038 3376 2093 multo
3407 2038 3576 2106 magis
3606 2052 3706 2092 nos

2130 2126 2487 2192 conﬁdamus,
2545 2128 2688 2197 quod
2716 2128 3010 2184 advocatus
3036 2139 3225 2185 noster
3248 2129 3408 2185 Jesus
3434 2130 3706 2185 indubita-

2132 2224 2239 2270 tam
2291 2216 2446 2272 nobis
2490 2217 2703 2271 veniam
2754 2218 3069 2288 impetrabit
3102 2233 3131 2272 a
3178 2217 3340 2273 Patre
3388 2235 3403 2272 :
3451 2219 3494 2273 si
3525 2228 3707 2274 tamen

2129 2317 2513 2363 convertamur
2560 2309 2626 2364 ad
2660 2325 2804 2375 eum,
2836 2319 2890 2364 et
2916 2324 3023 2363 non
3059 2309 3274 2363 recedat
3303 2317 3447 2364 retro
3481 2323 3578 2363 cor
3607 2323 3710 2363 no-

2130 2410 2327 2465 strum,
2384 2400 2529 2455 sicut
2574 2409 2629 2455 et
2670 2400 2911 2456 Joannes
2960 2401 3012 2454 in
3065 2398 3307 2468 Epistola
3350 2413 3448 2454 sua
3490 2399 3705 2453 dicit':

2134 2509 2152 2541 ι
2175 2489 2299 2546 llaec
2326 2499 2507 2544 autem
2540 2491 2684 2557 dico,
2722 2492 2891 2557 ﬁlioli,
2938 2500 2996 2545 ut
3025 2506 3131 2546 non
3179 2490 3433 2561 peccetis.
3474 2490 3627 2557 Quod
3655 2501 3710 2545 et

2129 2580 2172 2635 si
2207 2582 2517 2649 peccaverit
2544 2579 2743 2650 aliquis
2779 2589 3040 2644 vestrum,
3092 2579 3356 2634 habemus
3383 2579 3706 2634 advocatum

2128 2672 2270 2738 apud
2321 2670 2557 2736 Patrem,
2598 2672 2782 2729 Jesum
2833 2672 3059 2741 justum,
3110 2671 3202 2738 qui
3252 2670 3559 2739 interpellat
3609 2684 3709 2735 pro

2130 2763 2369 2831 peccatis
2398 2764 2619 2818 nostris.
2649 2781 2668 2814 ι
2710 2763 2811 2832 lpsi
2849 2761 3018 2831 gloria
3048 2762 3100 2816 in
3138 2772 3339 2816 aeterna
3374 2761 3570 2816 secula
3601 2775 3703 2815 sae-

2127 2852 2395 2907 culorum.
2432 2854 2624 2911 Amen’.

2724 2944 3004 3001 IIOMILIA
3031 2944 3123 2999 IX.

2130 3061 2207 3118 De
2247 3062 2444 3117 batillis
2477 3062 2631 3127 Core,
2663 3072 2710 3116 et
2742 3062 3001 3115 seditione
3042 3059 3222 3128 papuli
3250 3059 3523 3111 aduersum
3552 3055 3699 3126 Kay».

2202 3151 2316 3198 sen,
2343 3147 2392 3187 et
2433 3136 2497 3188 de
2542 3134 2699 3202 virgis
2742 3134 2795 3185 in
2832 3132 3019 3201 quibus
3058 3131 3202 3199 virga
3232 3130 3410 3182 Aaron
3437 3130 3700 3196 germina-

2199 3206 2266 3261 vit
2293 3205 2333 3258 ".

2203 3321 2254 3374 1.
2298 3319 2453 3388 Apud
2498 3317 2685 3382 Deum,
2720 3326 2778 3371 ut
2830 3313 3056 3383 intelligi
3106 3314 3290 3378 datur,
3333 3310 3470 3367 nihil
3502 3318 3585 3366 est
3617 3310 3699 3363 in-

2134 3412 2285 3476 utile,
2313 3410 2448 3465 nibil
2496 3410 2757 3473 otiosum,
2782 3410 2877 3464 sed
2905 3418 2959 3463 et
2991 3421 3054 3462 ea
3087 3421 3207 3475 quae
3238 3404 3551 3461 hominibus
3577 3402 3708 3459 alie-

2133 3506 2309 3560 nanda
2338 3504 2596 3558 videntur
2618 3512 2671 3554 ct
2699 3500 3026 3571 abjicienda,
3056 3497 3257 3567 aliquid
3297 3497 3479 3567 operis
3516 3511 3707 3551 neces-

2132 3598 2260 3653 sarii
2297 3596 2502 3651 habere
2533 3593 2900 3647 inveniuntur.
2961 3590 3115 3645 llunc
3146 3600 3325 3644 autem
3356 3589 3512 3644 nobis
3543 3587 3706 3643 intel—

2133 3690 2332 3744 lectum
2362 3686 2599 3756 suggerit
2625 3698 2862 3755 praesens
2890 3684 3071 3750 lectio,
3102 3698 3222 3752 qua:
3253 3684 3320 3737 de
3367 3680 3569 3736 batillis
3603 3680 3709 3736 Co-

2134 3792 2217 3843 re,
2245 3787 2299 3832 et
2331 3776 2669 3844 reliquorum
2725 3774 2816 3843 qui
2845 3788 2966 3828 cum
2995 3773 3112 3842 ipso
3149 3780 3533 3843 peccaverunt,
3562 3786 3681 3826 com
3700 3797 3713 3810 -

2135 3876 2424 3930 memorat,
2463 3869 2603 3936 quod
2651 3880 2719 3919 ne
2763 3866 2877 3919 haec
2912 3865 3131 3933 quidem
3168 3864 3323 3934 jubet
3349 3863 3506 3932 abjici
3544 3862 3704 3925 Deus,

2133 3964 2225 4017 sed
2258 3962 2373 4015 fleri
2402 3975 2471 4014 ex
2527 3960 2607 4014 eis
2638 3958 2866 4013 laminas
2899 3957 3129 4012 ductiles
3157 3967 3320 4026 atque
3344 3971 3410 4011 ex
3441 3956 3508 4011 iis
3539 3956 3712 4011 altare

2133 4052 2485 4108 circumdari.
2544 4050 2734 4105 Refert
2780 4064 2910 4120 ergo
2943 4049 3247 4119 Scriptura,
3301 4048 3427 4117 quia
3476 4062 3542 4100 ex
3573 4061 3713 4115 pne-

2134 4154 2293 4215 repto
2321 4144 2437 4210 Dei,
2477 4160 2496 4193 ι
2539 4143 2768 4211 accepit,
2804 4142 2979 4210 inquit
3002 4142 3045 4205 ⁸,
3096 4140 3324 4194 Eleazar
3354 4138 3497 4193 filius
3524 4139 3709 4193 Aaron

2133 4235 2433 4290 sacerdotis
2480 4232 2660 4287 batilla
2690 4246 2856 4293 aerea,
2905 4244 3025 4299 quae
3071 4230 3384 4286 obtulerunt
3413 4231 3446 4283 ii
3476 4228 3569 4296 qui
3613 4241 3707 4282 ex-

2137 4328 2241 4382 usti
2274 4334 2426 4388 sunt,
2458 4334 2512 4379 et
2550 4325 2794 4378 fecerunt
2830 4338 2895 4378 ex
2925 4324 3006 4377 eis
3055 4322 3308 4387 circulos,
3360 4330 3414 4375 et
3443 4334 3711 4390 apposue-

2135 4426 2261 4469 rnnt
2289 4430 2383 4470 eos
2416 4416 2596 4479 altari,
2647 4415 2713 4469 ad
2764 4412 3336 4469 commemorationem
3368 4410 3600 4466 tiliormn
3633 4410 3714 4465 ls-

448 4512 547 4574 vit,
587 4508 894 4578 resipiscat,
927 4518 983 4563 et
1010 4507 1153 4561 ultra
1184 4522 1290 4561 non
1314 4516 1520 4577 peccet.
1561 4506 1858 4562 Conversio
1883 4507 2028 4560 enim
2066 4494 2109 4548 ῐ)
2139 4505 2272 4573 rael,
2304 4514 2361 4559 ut
2396 4520 2500 4558 non
2528 4505 2755 4559 accedat
2783 4504 3069 4573 quisquam
3106 4502 3430 4572 alienigena,
3472 4501 3562 4570 qui
3601 4515 3709 4555 non

450 4602 507 4653 in
539 4598 791 4670 praesenti
824 4598 956 4663 vita,
993 4607 1047 4651 et
1074 4595 1392 4665 ptenitentia
1428 4596 1703 4651 fructuosa
1733 4604 1903 4665 gesta,
1940 4611 2031 4651 ce-

449 4693 619 4747 lerem
676 4687 891 4745 confert
949 4688 1259 4757 bujusmodi
1313 4690 1632 4744 vulneribus
1681 4688 2028 4752 medicinam,

449 4783 577 4853 quia
630 4778 947 4849 ptenitentia
1001 4795 1107 4835 non
1142 4779 1314 4834 solum
1344 4779 1540 4834 vulnus
1584 4780 1913 4848 praeteritum
1944 4793 2032 4835 sa-

454 4886 566 4941 nat,
601 4876 696 4930 sed
730 4884 784 4929 et
828 4874 970 4928 ultra
1005 4876 1242 4927 animam
1275 4881 1501 4941 peccato
1542 4886 1647 4927 non
1680 4872 1810 4926 sinit
1844 4871 2033 4926 vulne-

452 4969 583 5022 rari.
629 4968 740 5020 lmo
773 4976 827 5019 et
854 4964 983 5018 illud
1017 4962 1266 5028 adjiciam
1300 4979 1315 5016 :
1349 4962 1499 5016 verbi
1539 4976 1726 5027 causa,
1755 4963 1799 5016 si
1836 4976 2029 5031 pecca-

452 5072 540 5117 tor
588 5074 729 5124 sum,
779 5057 1022 5125 nunquid
1053 5057 1240 5111 eadem
1292 5054 1421 5107 mihi
1453 5052 1557 5108 erit
1602 5068 1759 5122 paena
1792 5054 1835 5107 si
1861 5054 2026 5108 semel

451 5153 698 5225 peccavi,
728 5168 848 5222 quae
873 5160 928 5206 et
948 5152 993 5205 si
1025 5148 1288 5215 secundo,
1321 5156 1375 5201 et
1402 5146 1585 5211 tertio,
1621 5155 1674 5201 et
1700 5147 1744 5200 si
1771 5147 2022 5217 frequen-

454 5248 561 5303 tius
598 5243 861 5316 peccem?
907 5258 1012 5296 non
1050 5242 1122 5295 ita
1154 5241 1260 5295 erit
1297 5256 1311 5292 :
1343 5239 1436 5293 sed
1484 5253 1584 5307 pro
1613 5238 1795 5303 modo,
1839 5248 1894 5293 et
1926 5255 2026 5292 nn-

452 5353 625 5404 mero,
674 5346 731 5391 et
759 5350 1012 5390 mensura
1046 5332 1277 5403 peccati,
1333 5330 1495 5385 etia‘m
1533 5344 1705 5398 poenae
1751 5330 2025 5399 quantitas

452 5429 722 5486 metienda
747 5435 852 5482 est.
879 5424 1022 5479 Deus
1050 5424 1193 5479 enim
1223 5422 1371 5477 dabit
1402 5439 1421 5473 ι
1446 5422 1601 5476 nobis
1628 5436 1821 5490 panem
1851 5420 2027 5490 lacry-

452 5535 663 5575 marum
686 5528 738 5574 et
761 5519 966 5589 potabit
998 5532 1093 5570 nos
1116 5516 1169 5570 in
1198 5514 1476 5584 lacrymis,
1501 5532 1519 5565 ι
1562 5514 1654 5569 sed
1690 5531 1709 5564 ι
1732 5513 1783 5566 in
1810 5525 2027 5567 mensu—

454 5629 513 5668 ra
548 5613 588 5665 ί.
616 5633 634 5664 ι
693 5612 937 5667 Mensura
976 5622 1158 5664 autem
1201 5610 1313 5663 haec
1343 5609 1470 5674 erit,
1505 5622 1668 5675 quam
1695 5607 1798 5661 sibi
1836 5608 1889 5661 in
1921 5607 2024 5661 hac

524 5730 568 5759 °’
594 5729 758 5781 Eccli.
791 5742 979 5792 xxvm,
1004 5726 1093 5779 22.
1174 5727 1189 5757 ³
1216 5726 1359 5782 Psal.
1385 5740 1551 5793 Lxxx,
1582 5724 1636 5784 6.

455 5815 564 5865 xvr,
592 5800 679 5862 59,
704 5796 791 5851 40.
870 5796 888 5826 ⁵
911 5796 1013 5851 lsa.
1041 5811 1127 5862 LV,
1156 5795 1206 5850 8.

1712 5725 1732 5755 ²
1753 5719 1897 5779 Psal.
1926 5737 2113 5794 Lxxtv,
2138 5725 2190 5780 9.

2133 4609 2218 4655 est
2267 4615 2331 4654 ex
2385 4601 2599 4654 semine
2630 4601 2833 4663 Aaron,
2888 4598 3164 4666 imponere
3197 4597 3480 4651 incensum
3523 4610 3709 4650 coram

2135 4692 2381 4757 Domino,
2414 4706 2481 4745 ne
2511 4692 2603 4745 flat
2635 4691 2773 4745 sicut
2815 4689 2977 4753 Core,
3019 4697 3074 4744 et
3107 4689 3437 4759 conspiratio
3464 4687 3579 4757 ejus
3602 4687 3714 4743 sic-

2136 4793 2193 4837 ut
2230 4783 2443 4838 locutus
2497 4794 2580 4837 est
2630 4783 2893 4837 Dominus
2944 4783 2997 4836 in
3040 4796 3199 4836 manu
3246 4782 3434 4853 Moysi.
3479 4801 3496 4832 ι
3540 4780 3712 4835 Mani-

2135 4875 2273 4930 feste
2304 4876 2535 4944 quodam
2582 4876 2634 4928 in
2685 4874 2805 4928 loco
2840 4875 3100 4929 Dominus
3133 4888 3227 4944 per
3264 4874 3583 4943 prophetam
3623 4874 3711 4927 di-

2135 4965 2207 5018 cit
2231 4967 2290 5019 “:
2329 4984 2347 5017 ι
2381 4965 2496 5019 Non
2526 4976 2651 5020 sunt
2675 4966 2897 5020 consilia
2932 4981 3046 5021 mea
3080 4967 3222 5021 sicut
3250 4965 3474 5020 consilia
3501 4976 3709 5027 vestra,

2135 5073 2234 5112 nec
2282 5059 2644 5128 cogitationes
2674 5074 2806 5113 mea:
2856 5060 2995 5113 sicut
3041 5060 3401 5129 cogitationes
3447 5068 3704 5114 vestrae.»

2135 5149 2191 5203 Si
2244 5153 2385 5220 apud
2422 5150 2668 5206 homines
2715 5150 3243 5219 hodiejudicaretur
3277 5154 3391 5206 haec
3434 5166 3625 5217 causa,
3656 5160 3712 5205 et

2131 5245 2270 5311 apud
2300 5244 2668 5299 Ecclesiarum
2721 5244 3000 5315 principes
3056 5246 3353 5301 haberetur
3380 5259 3610 5299 examen
3645 5248 3713 5300 de

2129 5334 2225 5399 iis,
2262 5334 2413 5389 verbi
2447 5349 2632 5402 causa,
2682 5336 2771 5404 qui
2799 5337 3012 5391 diversa
3046 5337 3114 5391 ab
3157 5336 3414 5391 Ecclesiis
3446 5336 3709 5389 docentes

2132 5426 2328 5481 divina:
2359 5427 2610 5483 vindicta:
2640 5428 2960 5497 pertulerint
2989 5428 3268 5491 ultionem,
3302 5440 3475 5482 nonne
3500 5425 3711 5494 judica-

2132 5527 2277 5581 rcnt,
2314 5526 2373 5571 ut
2422 5518 2467 5571 si
2497 5520 2626 5587 quid
2672 5519 2833 5572 locuti
2868 5526 3013 5583 sunt,
3051 5519 3097 5572 si
3133 5518 3262 5587 quid
3311 5518 3632 5583 docuerunt,
3660 5515 3709 5571 si

2134 5609 2261 5678 quid
2296 5611 2462 5664 etiam
2513 5611 2775 5680 scriptum
2828 5609 3188 5678 reliquerunt,
3221 5610 3475 5663 universa
3504 5609 3712 5678 pariter

2273 5727 2292 5758 ³
2320 5728 2333 5781 l
2359 5727 2513 5784 han.
2543 5728 2683 5797 ",1,
2708 5730 2764 5783 2.
2840 5729 2862 5758 ’θ
2886 5726 3042 5781 Νιιιιι.
3076 5742 3162 5780 xvt
3199 5736 3251 5781 et
3287 5741 3419 5780 xm.
3498 5725 3519 5757 ⁵
3545 5724 3709 5781 Num.
