4134 6448
354 5701 375 5813 '1

435 430 542 489 69.5

1595 440 1664 499 IN
1695 439 2030 498 NUMEROS
2064 438 2345 495 llO.\llLlA
2379 438 2465 492 lx.

3596 433 3699 488 (if-‘6

436 564 559 601 cum
598 549 835 619 ipsorum
886 553 1163 610 cineribus
1200 555 1551 623 deperirent?
1591 558 1696 613 Sed
1746 576 1850 613 non
1891 567 2018 613 sunt
2047 563 2092 619 Α
2121 567 2202 610 est
2242 557 2447 623 dicere,
2478 555 2704 623 Oportet
2746 548 3127 606 hmreticorum
3161 550 3360 608 batillis
3393 549 3563 604 altare
3592 551 3701 603 cir-

431 637 633 705 judicia
670 642 760 695 Dei
794 643 935 721 sicut
978 645 1185 713 judicia
1242 657 1449 703 nostra.
1510 648 1650 703 Audi
1685 651 1828 704 enim
1879 665 2016 718 quo-

436 732 595 786 modo
628 733 697 789 de
723 735 925 792 batillis
953 752 1169 805 eorum,
1221 740 1313 809 qui
1345 747 1534 793 contra
1567 741 1884 809 prophetam
1917 739 2013 794 Dei

435 824 866 896 insurrexerant,
886 831 1151 898 jubentur
1182 833 1300 888 ﬁeri
1348 833 1583 898 laminas,
1614 841 1668 886 et
1696 832 1748 886 in
1781 833 2011 887 circuitu

430 916 618 972 altaris
665 918 829 989 alligi.
871 922 1008 976 Core
1053 922 1281 993 ﬁguram
1326 932 1473 978 tenet
1508 939 1719 990 eorum,
1761 924 1853 992 qui
1884 938 2015 978 con-

430 1016 512 1060 tra
546 1010 975 1067 ecclesiasticam
1007 1013 1168 1068 ﬁdem
1199 1024 1255 1068 et
1301 1016 1605 1071 doctrinam
1660 1017 1903 1071 veritatis
1935 1018 2015 1072 iu—

427 1109 677 1167 surgunt.
748 1100 1024 1173 Scriptum
1075 1116 1160 1159 est
1191 1119 1320 1175 ergo
1371 1108 1437 1162 de
1477 1107 1636 1171 Core,
1669 1118 1724 1162 et
1769 1107 1837 1161 de
1869 1118 2012 1162 coetu

426 1188 567 1255 ejus,
623 1196 767 1261 quod
821 1194 873 1247 in
922 1194 1124 1249 batillis
1175 1198 1331 1251 mrcis
1388 1198 1666 1253 incensum
1719 1199 2011 1255 obtulerint

426 1284 568 1352 ignis
597 1285 781 1339 alieni.
822 1286 887 1339 Et
912 1287 1136 1355 jubetur
1169 1288 1397 1356 quidem?
1419 1305 1449 1343 a
1482 1290 1593 1345 Deo
1629 1292 1772 1359 ignis
1803 1292 2012 1348 alienus

424 1376 663 1446 dispergi
719 1384 773 1431 et
819 1377 1023 1432 effundi
1060 1396 1073 1432 :
1112 1379 1344 1433 «Batilla
1402 1397 1551 1448 vero,
1589 1384 1830 1453 inquit",
1886 1386 2010 1454 quia

424 1468 766 1523 sanctiﬁcata
801 1479 946 1536 sunt,
982 1471 1147 1528 facito
1182 1488 1247 1529 ea
1277 1475 1510 1529 laminas
1542 1475 1794 1542 duetiles,
1829 1486 1885 1531 et
1910 1479 2011 1532 cir-

425 1560 620 1612 cumda
651 1574 716 1613 ex
766 1561 845 1615 eis
874 1561 1067 1627 altare,
1121 1565 1248 1633 quia
1280 1565 1466 1621 oblata
1520 1576 1646 1621 sunt
1681 1582 1866 1623 coram
1902 1570 2009 1624 Do-

424 1650 596 1716 mino,
645 1660 701 1706 et
750 1654 1086 1709 sanctiﬁcata
1139 1667 1285 1712 sunt.
1314 1678 1333 1711 ι
1398 1657 1513 1713 Hoc
1557 1674 1688 1728 ergo
1743 1660 1876 1715 mihi
1916 1677 2013 1731 per

424 1741 569 1796 hanc
618 1743 848 1811 ﬁguram
902 1748 1119 1802 videtur
1161 1751 1396 1813 ostendi,
1456 1752 1601 1818 quod
1654 1752 1835 1807 batilla
1882 1754 2010 1817 ista,

421 1849 544 1903 qua:
575 1835 855 1904 Scriptura
884 1840 1137 1894 nominat
1161 1857 1325 1906 terea,
1361 1843 1588 1913 ﬁguram
1611 1854 1831 1901 teneant
1862 1845 2011 1900 Scri-

2118 648 2391 711 cumdari,
2447 655 2505 701 ut
2556 656 2707 702 certa
2756 656 2809 699 et
2839 643 3121 699 manifesta
3150 643 3401 698 omnibus
3439 643 3526 696 ﬁat
3562 643 3698 695 fide--

2117 740 2246 794 lium
2274 750 2439 811 atque
2485 739 2781 795 inﬁdelium
2834 737 3161 793 differentia.
3203 737 3336 793 Cum
3370 737 3515 792 enim
3565 735 3697 789 ﬁdes

2114 834 2497 889 ecclesiastica.
2521 833 2665 888 velut
2694 848 2885 886 aurum
2918 829 3456 901 cmperitrefulgere,
3487 838 3539 882 et
3564 842 3699 896 prae-

2115 926 2317 981 dicatio
2347 925 2463 995 ejus
2494 935 2560 980 ut.
2580 935 2862 994 argenturm
2895 926 3018 995 igne
3048 924 3332 993 probatum
3366 920 3698 975 intuentibus

2115 1017 2510 1086 resplenduerit
2544 1035 2555 1071 :
2595 1027 2724 1072 tunc
2756 1019 2959 1085 majore
2990 1030 3111 1070 cum
3150 1012 3483 1082 turpitudine
3516 1020 3573 1065 et
3602 1012 3698 1064 de-

2114 1111 2311 1166 decore
2340 1112 2721 1166 luereticorum
2751 1125 2911 1165 voces
2942 1108 3165 1163 obscuri
3188 1106 3314 1161 aeris
3343 1103 3546 1157 vilitate
3577 1118 3697 1157 sor-

2115 1202 2336 1257 debunt.
2386 1200 2476 1256 Vis
2505 1211 2687 1256 autem
2718 1201 2858 1255 scire
2884 1199 3026 1269 quod
3055 1213 3171 1266 quae
3204 1197 3340 1251 bona
3372 1206 3519 1259 sunt,
3556 1195 3697 1249 bona

2113 1307 2236 1348 esse
2264 1309 2331 1348 ex
2366 1293 2697 1349 deteriorum
2725 1291 2898 1362 magis
2928 1289 3337 1360 comparatione
3368 1287 3701 1342 noscuntur?

2112 1384 2248 1450 Quis
2280 1386 2443 1439 sciret
2478 1386 2679 1440 bonam
2710 1397 2833 1437 esse
2866 1380 3067 1445 lucem,
3105 1381 3206 1435 nisi
3240 1380 3416 1435 noctis
3446 1379 3699 1433 tenebras

2112 1480 2485 1535 sentiremus?
2541 1480 2674 1547 Quis
2707 1477 3045 1532 dulcedinem
3079 1486 3329 1530 nosceret
3358 1474 3554 1537 mellis,
3592 1473 3696 1526 nisi

2111 1584 2325 1642 gustum
2376 1572 2759 1627 amaritudinis
2824 1572 3168 1642 accepisset?
3231 1571 3409 1639 Ipsum
3466 1567 3699 1632 denique

2110 1662 2408 1731 diabolum,
2459 1672 2514 1719 et
2564 1662 2910 1719 obluctantes
2936 1661 3225 1717 adversum
3269 1676 3368 1714 nos
3394 1657 3700 1713 contrarias

2110 1762 2408 1825 potestates
2442 1755 2487 1810 si
2515 1754 2753 1822 auferas,
2780 1755 3015 1809 virtutes
3040 1752 3223 1807 animi.
3240 1752 3357 1805 sine
3380 1749 3468 1805 obl
3481 1757 3700 1803 uetante

2115 1858 2222 1897 non
2257 1850 2552 1912 potuerunt
2581 1843 2904 1898 enitescere.
2965 1840 3058 1896 Sic
3108 1854 3238 1910 ergo
3272 1847 3326 1892 et
3356 1836 3705 1891 sacerdoutm

421 1936 596 1992 pturre
628 1926 845 1982 divinae.
906 1929 1015 1985 Cui
1044 1932 1347 2000 Scriptum
1395 1934 1634 1990 lueretici
1670 1936 1845 2005 ignem
1881 1936 2013 1990 alie-
2042 1909 2085 1963 Β
2119 1937 2360 1991 ﬁdelium
2391 1936 2563 2006 gloria
2590 1952 2695 1990 non
2729 1935 2933 2005 poterit
2956 1932 3412 2003 resplendescere,
3445 1926 3554 1981 nisi
3580 1942 3698 1978 cam

423 2031 552 2069 num
597 2018 959 2087 irnponentcs,
993 2023 1096 2078 hoc
1122 2035 1205 2079 est
1244 2042 1464 2083 sensum
1494 2040 1551 2085 et
1602 2030 2012 2100 intelligentiam

423 2107 656 2162 alienam
692 2126 720 2162 a
755 2112 885 2177 Deo,
917 2122 973 2167 et
1012 2115 1229 2172 veritati
1277 2122 1611 2177 contrariam
1656 2123 2013 2177 introducen-

424 2207 526 2258 tes.
561 2201 843 2255 incensum
884 2205 1109 2261 Domino
1165 2223 1272 2262 non
1309 2224 1497 2277 suave,
1527 2212 1621 2267 sed
1670 2212 2012 2267 exsecrabile

416 2287 676 2345 oﬁ'erunt.
716 2293 880 2365 296
905 2296 970 2350 Et
997 2298 1121 2354 ideo
1150 2300 1325 2356 forma
1352 2303 1722 2359 Ecclesiarum
1753 2306 2015 2359 sacerdo-

422 2382 570 2436 tibus
603 2384 787 2452 datur;
840 2396 899 2441 ut
927 2389 974 2443 si
1004 2392 1221 2459 quando
1252 2395 1360 2448 tale
1392 2396 1600 2466 aliquid
1651 2397 1815 2452 fuerit
1844 2414 2008 2452 exor-

420 2477 556 2537 tum,
590 2486 651 2527 ea
684 2475 1051 2547 quidemquae
1085 2497 1113 2535 a
1149 2485 1379 2538 veritate
1408 2486 1581 2541 aliena
1623 2498 1770 2555 sunt,
1809 2490 1876 2543 ah
1908 2488 2009 2544 Ec-

417 2563 593 2618 clesia
645 2563 738 2619 Dei
792 2568 1009 2635 penitus
1063 2572 1461 2629 abstrudantur
1505 2590 1521 2630 :
1572 2577 1618 2631 si
1671 2591 1778 2647 qua
1828 2585 2007 2632 autem

416 2655 582 2709 etiam
611 2657 667 2711 in
712 2659 846 2727 ipsis
885 2662 1272 2720 haereticorum
1315 2668 1498 2723 verbis
1543 2668 1842 2739 Scriptura:
1868 2670 2009 2724 divi-

418 2759 502 2801 nae
552 2750 806 2805 sensibus
843 2753 1199 2813 inveniuntur
1245 2759 1474 2825 inserta,
1527 2778 1595 2816 ne
1646 2762 1854 2832 pariter
1880 2777 2005 2817 cum

415 2836 525 2891 illis
568 2854 689 2910 quae
741 2843 865 2898 ﬁdei
898 2858 952 2900 et
980 2850 1203 2903 veritati
1251 2860 1381 2905 sunt
1408 2854 1706 2920 contraria,
1743 2868 2007 2922 respuan-

416 2937 543 2997 tur;
578 2935 923 2991 sanctiﬁcata
952 2950 1081 2994 sunt
1118 2943 1263 2996 enim
1295 2959 1417 3012 qua:
1447 2947 1516 2999 de
1549 2944 1828 3013 Scriptura
1860 2946 2004 3000 divi-

416 3036 485 3074 na
521 3023 898 3094 proferuntur,
932 3041 985 3084 ct
1013 3031 1239 3088 Domino
1274 3037 1475 3091 oblata.
1519 3038 1705 3093 Potest
1736 3050 1915 3093 autem
1947 3050 2004 3093 et

413 3114 523 3168 alio
553 3116 728 3171 adhuc
755 3120 925 3175 modo
944 3122 1167 3194 intelligi
1195 3126 1339 3193 quod
1368 3128 1435 3181 de
1461 3128 1663 3183 batillis
1689 3130 2006 3199 prazcipitur

2117 2029 2417 2085 inﬁdelium
2451 2028 2761 2098 reprobatio
2789 2037 2843 2081 et
2889 2039 3047 2094 poena
3090 2023 3451 2080 commendet.
3496 2019 3602 2074 Sed
3633 2034 3699 2070 ex

2117 2120 2185 2174 iis
2216 2134 2337 2188 quae
2388 2119 2638 2189 legimus,
2695 2120 2899 2191 singuli
2960 2122 3161 2191 quique
3202 2116 3474 2186 justorum
3530 2110 3703 2178 magis

2114 2227 2181 2266 ex
2228 2214 2636 2282 comparatione
2687 2222 3009 2269 cancrorum
3044 2211 3175 2266 clari
3226 2208 3481 2262 videntur
3531 2201 3699 2256 halnti

2114 2305 2254 2376 apud
2284 2305 2477 2361 Deum.
2521 2306 2770 2378 Denique
2801 2305 3007 2362 deNoe
3036 2304 3296 2373 scriptum
3327 2309 3415 2355 est
3438 2299 3504 2363 ‘°',
3555 2294 3699 2365 quod

2111 2406 2259 2450 esset
2280 2395 2462 2464 justus
2490 2406 2544 2451 et
2579 2398 2853 2466 perfectus
2882 2399 2934 2452 in
2966 2395 3324 2468 generatione
3349 2404 3466 2445 sua.
3507 2387 3564 2442 In
3590 2398 3699 2453 quo

2112 2489 2425 2543 ostenditua
2468 2490 2609 2558 quod
2661 2505 2768 2544 non
2818 2491 3136 2559 esintcgro
3185 2484 3476 2557 perfectus,
3514 2480 3607 2535 sed
3645 2479 3698 2533 in

2111 2579 2468 2648 generatione
2516 2594 2611 2633 sua
2665 2578 2940 2648 perfectus
2995 2575 3182 2637 fuerit,
3231 2582 3287 2628 et
3315 2571 3381 2627 ad
3414 2581 3700 2637 compara-

2114 2669 2313 2723 tionem
2344 2677 2667 2723 czeterorum
2711 2667 2889 2735 justus
2940 2664 3321 2735 pronuntiatus
3369 2660 3462 2715 sit.
3524 2656 3698 2711 Simili

2110 2762 2271 2816 modo
2306 2770 2437 2830 puto
2464 2761 2629 2817 etiam
2684 2759 2750 2813 de
2800 2758 2903 2813 Lot
2936 2757 3265 2812 habendum.
3309 2753 3525 2819 Quanto
3553 2748 3699 2802 enim

2111 2850 2410 2904 deteriores
2437 2850 2682 2919 quotidie
2714 2848 2916 2903 fiebant
2951 2845 3264 2911 Sodomitce,
3312 2850 3465 2897 tanto
3498 2839 3589 2894 ille
3613 2838 3702 2904 ju-

2110 2946 2247 2999 stior
2276 2945 2595 3013 apparebat.
2640 2942 2746 2996 Sed
2781 2952 2833 2995 et
2865 2940 2918 2993 in
2947 2941 3048 2994 hoc
3080 2939 3200 3007 ipso
3235 2936 3374 2991 libro
3403 2946 3561 3003 quem
3596 2930 3700 2983 ha—

2110 3037 2300 3091 bemus
2336 3037 2387 3089 in
2440 3036 2717 3099 manibus,
2772 3047 2895 3086 cum
2943 3031 3171 3101 ingrcssi
3201 3038 3385 3082 essent
3424 3026 3460 3078 ii
3489 3023 3580 3093 qui
3615 3024 3699 3074 in-

2108 3135 2399 3196 Spexerant
2429 3136 2626 3179 terram
2653 3125 2719 3190 ⁸³,
2745 3134 2805 3179 et
2821 3125 3008 3181 decem
3036 3138 3100 3176 ex
3129 3122 3194 3176 iis
3220 3115 3549 3174 meticulosis
3581 3126 3701 3166 scr-

415 3217 792 3301 peccatorum,
837 3219 896 3264 ut
944 3211 1249 3283 junguntur
1294 3224 1349 3271 et
1388 3219 1671 3275 socieutur
1706 3220 1892 3275 altari.
1933 3222 2001 3276 Et
2029 3244 2080 3301 ε
2107 3216 2359 3271 monibus
2381 3215 2815 3282 desperationem
2845 3214 3026 3285 pepuli
3057 3212 3434 3273 incussissent,
3468 3205 3580 3259 duo
3605 3217 3701 3257 ve-

415 3295 595 3363 primo
624 3298 729 3354 hoc
762 3300 936 3368 ipsum
969 3305 1112 3373 quod
1140 3319 1283 3360 aerea
1308 3308 1593 3376 dicuntur,
1626 3326 1733 3366 non
1765 3311 2001 3366 otiosum

414 3385 712 3445 videbitur.
761 3391 860 3448 Ubi
890 3396 1034 3450 enim
1067 3411 1196 3453 vera
1223 3399 1360 3456 ﬁdes
1386 3412 1497 3467 est,
1523 3412 1577 3456 et
1607 3403 1819 3474 integra
1850 3405 2001 3461 verbi

413 3477 508 3531 Dei
565 3482 902 3552 prredicatio,
940 3494 1033 3540 aut
1084 3498 1344 3558 argentea
1382 3491 1639 3547 dicuntur
1673 3505 1765 3548 aut
1792 3511 1999 3552 aurea:

412 3581 473 3625 ut
501 3572 677 3645 fulgor
710 3578 828 3632 auri
858 3579 1099 3636 declaret
1131 3580 1253 3635 ﬁdei
1280 3584 1596 3653 puritatem,
1624 3596 1679 3641 et
1714 3598 2001 3657 argentum

409 3663 534 3734 igne
588 3669 897 3738 probatum,
944 3671 1158 3741 eloquia
1207 3676 1517 3731 examinata
1568 3678 1857 3749 signiﬁcet.
1896 3681 2001 3736 Ista

408 3772 542 3827 ergo
566 3773 687 3829 qua:
718 3762 974 3817 dicuntur
1001 3779 1168 3830 aerea,
1202 3764 1256 3818 in
1287 3782 1423 3821 sono
1453 3778 1660 3822 tantum
1690 3772 1838 3826 vocis
1864 3784 2000 3827 eon-

408 3852 630 3917 sistunt,
660 3869 765 3908 non
801 3856 853 3909 iu
889 3856 1092 3912 virtute
1124 3859 1372 3928 spiritus,
1419 3871 1472 3915 et
1503 3871 1653 3929 sunt,
1687 3874 1745 3917 ut
1771 3865 2003 3933 Aposto-

409 3946 492 3999 lus
523 3946 656 4001 dicit
678 3948 721 4015 ⁸,
778 3966 797 3997 ‹
820 3960 877 4003 ιιι
906 3963 1264 4008 mramcntum
1300 3968 1529 4020 sonans,
1568 3964 1664 4010 aut
1689 3959 1997 4029 cymbalum

410 4038 672 4094 tinniens.
720 4060 741 4095 ι
786 4041 891 4097 Ista
938 4057 1070 4113 ergo
1099 4043 1285 4099 batilla
1315 4059 1475 4112 terea,
1512 4047 1565 4102 id
1596 4058 1683 4102 est
1715 4049 2002 4105 haeretico-

414 4144 533 4185 rum
571 4146 758 4198 voces,
796 4133 841 4187 si
876 4134 1235 4191 adhibeamus
1284 4137 1351 4190 ad
1385 4138 1557 4193 altare
1594 4138 1709 4205 Dei,
1746 4140 1834 4195 ubi
1863 4142 2001 4196 divi-

408 4237 511 4278 nus
542 4223 685 4292 ignis
710 4234 823 4288 est,
872 4226 963 4280 ubi
1002 4241 1129 4280 vera
1157 4225 1249 4280 Dei
1288 4228 1626 4297 praedicatio,
1659 4232 1852 4288 melius
1884 4233 1996 4304 ipsa

406 4312 611 4367 veritas
633 4329 701 4368 ex
727 4314 989 4369 falsorum
1015 4318 1428 4385 comparatione
1464 4317 1717 4391 fulgebit.
1748 4321 1804 4377 Si
1828 4324 2003 4390 enim,

404 4415 466 4456 ut
493 4405 645 4461 verbi
674 4407 847 4477 gratia
904 4408 1105 4474 dicam,
1142 4423 1340 4477 ponam
1373 4410 1518 4465 dicta
1557 4410 1871 4483 Marcionis,
1909 4427 2002 4472 aut

401 4497 679 4563 Basilidis,
732 4508 826 4553 aut
873 4499 1102 4556 alterius
1147 4499 1442 4570 cujuslibet
1491 4504 1758 4574 haeretici,
1791 4517 1845 4561 et
1878 4509 2001 4566 haec

2110 3328 2172 3367 ro
2220 3310 2438 3379 reliqui,
2473 3309 2531 3363 id
2555 3317 2639 3364 est
2668 3308 2834 3363 Caleb
2866 3318 2922 3362 et
2950 3306 3140 3372 Iosue,
3177 3306 3315 3359 bona
3352 3302 3697 3366 nuntiarent,

2108 3415 2163 3459 et
2210 3384 2565 3459 hortarentur
2616 3400 2874 3469 populum
2929 3412 3249 3470 permanere
3300 3397 3353 3450 in
3386 3393 3690 3465 propesito,

2109 3495 2419 3551 immortale
2448 3495 2530 3550 eis
2561 3509 2591 3548 a
2629 3493 2862 3549 Domino
2888 3493 3139 3546 meritum
3169 3488 3399 3543 contulit
3432 3502 3540 3541 non
3577 3496 3695 3539 tau—

2108 3593 2219 3645 tum
2270 3597 2368 3638 sua
2435 3581 2731 3649 confessio,
2789 3590 3052 3651 quantum
3116 3578 3351 3633 formido
3401 3576 3690 3632 sodalium.

2104 3674 2294 3746 Neque
2322 3674 2467 3730 enim
2497 3683 2607 3728 tam
2648 3671 2939 3743 magniﬁce
2971 3670 3023 3724 in
3059 3670 3138 3724 eis
3175 3669 3344 3723 virtus
3374 3668 3545 3722 animi
3574 3666 3690 3723 cla-

2104 3768 2330 3831 ruisset,
2376 3765 2489 3821 nisi
2518 3764 2855 3834 reliquorum
2890 3763 3072 3817 decem
3105 3758 3281 3829 turpis
3310 3757 3541 3828 ignavia:
3575 3754 3686 3810 for-

2104 3861 2252 3915 mido
2282 3858 2568 3928 patuisset.
2615 3855 2741 3911 llaec
2777 3863 2958 3910 autem
2987 3853 3223 3907 diximus
3265 3853 3331 3905 de
3364 3849 3567 3904 batillis
3599 3863 3694 3903 eo-

2102 3966 2224 4006 rum
2256 3952 2345 4020 qui
2380 3947 2731 4005 condemnati
2765 3956 2911 4014 sunt,
2961 3956 3083 4013 quae
3112 3942 3272 3997 altari
3311 3942 3575 4012 jubentur
3606 3937 3689 3992 af-

2104 4044 2216 4114 ﬁgi,
2251 4044 2392 4112 quod
2420 4058 2487 4097 ex
2535 4042 2944 4111 comparatione
2995 4036 3311 4094 inferiorum
3360 4033 3490 4102 justi
3521 4047 3685 4102 appa-

2102 4146 2261 4192 reant
2293 4134 2583 4201 clariores,
2607 4133 2768 4189 simul
2801 4143 2859 4186 ut
2893 4139 2947 4186 et
2971 4130 3204 4199 posteris
3239 4129 3467 4184 daretur
3494 4138 3685 4178 exem-

2104 4231 2277 4299 plum,
2317 4242 2384 4283 ne
2433 4229 2526 4297 qui
2578 4226 3000 4296 praesumptione
3030 4223 3249 4292 superbi
3301 4220 3527 4289 spiritus
3578 4230 3697 4270 noni

2105 4322 2209 4376 sibi
2237 4337 2267 4374 ει
2306 4321 2414 4375 Deo
2440 4320 2625 4374 datum
2651 4333 2846 4371 muntts
2878 4314 3228 4387 pontiﬁcatus
3254 4313 3557 4373 invaderet,
3592 4308 3697 4362 sed.

2104 4423 2167 4467 ut
2215 4413 2294 4467 illi
2345 4412 2526 4476 cedat,
2563 4425 2723 4480 quem
2759 4425 2864 4463 non
2908 4407 3135 4462 ambitio
3172 4405 3429 4470 humana,
3464 4416 3571 4455 non
3612 4399 3702 4452 [ει-Δ

2107 4520 2206 4560 vor
2233 4514 2529 4573 corruptus
2569 4501 2850 4567 asoiverit,
2883 4514 2984 4554 nec
3028 4496 3245 4568 largitio
3276 4491 3683 4549 condemnanda

401 4591 758 4646 sermonibus
811 4593 1065 4647 veritatis
1112 4607 1178 4648 ac
1218 4591 1630 4661 Scripturarum
1685 4599 1991 4655 divinarum
2028 4586 2073 4642 Β
2103 4594 2505 4664 subrogavorit,
2537 4595 2633 4648 sed
2667 4591 2989 4647 meritorum
3022 4586 3355 4644 conscientia
3387 4592 3449 4638 et
3473 4583 3564 4637 Dei
3596 4599 3689 4637 vo-

404 4683 748 4746 testimouiis,
784 4683 929 4739 velut
955 4685 1122 4739 divini
1148 4684 1345 4739 altaris
1373 4685 1496 4755 igne
1520 4688 1824 4758 confutem,
1857 4707 1992 4747 nou-

401 4788 472 4827 ne
501 4773 806 4830 evidentior
833 4790 1021 4830 eorum
1062 4791 1130 4831 ex
1164 4778 1287 4847 ipsa
1315 4781 1726 4850 comparatione
1757 4799 1989 4854 appare-

399 4861 481 4916 bit
514 4863 805 4933 impietas?
837 4864 972 4920 Nam
1004 4866 1050 4920 si
1081 4868 1324 4922 doctrina
1355 4870 1725 4927 ecclesiastica
1757 4874 1986 4946 simplex

399 4964 565 5023 esset,
600 4966 657 5010 et
691 4957 854 5013 nullis
886 4959 1219 5015 intrinsecus
1254 4960 1638 5018 haereticorum
1671 4967 1987 5035 dogntatutn

400 5049 796 5106 assertionibus
843 5053 1177 5122 cingeretur,
1232 5072 1339 5113 non
1388 5067 1605 5126 poterat
1651 5067 1759 5112 tam
1811 5059 1985 5125 clara,

394 5147 453 5194 et
479 5149 588 5194 tam
635 5144 943 5199 examinata
982 5147 1152 5203 videri
1200 5150 1336 5205 fides
1370 5160 1580 5204 nostra.
1625 5149 1731 5204 Sed
1784 5150 1991 5206 idcirco

396 5232 703 5288 doctrinam
735 5237 1058 5293 catholicam
1099 5241 1591 5296 contradicentium
1641 5242 1857 5296 obsidet
1890 5258 1988 5312 op.

394 5326 673 5395 pugnatio,
728 5336 787 5382 ut
835 5329 971 5386 ﬁdes
1022 5343 1213 5390 nostra
1249 5352 1358 5393 non
1405 5337 1519 5392 otio
1553 5332 1671 5406 (ιη)
1714 5344 1986 5405 torpescat

393 5417 492 5472 sed
519 5419 799 5474 exercitiis
825 5419 1093 5480 elimetur.
1128 5424 1358 5497 Propter
1380 5427 1485 5483 hoc
1510 5428 1739 5497 denique
1762 5435 1819 5480 et
1843 5427 1987 5495 Apo-

395 5505 568 5561 stolus
607 5508 868 5564 dicebat’
898 5527 914 5565 :
955 5530 974 5564 ι
1001 5511 1230 5583 Oportet
1258 5526 1440 5573 autem
1472 5526 1526 5573 et
1573 5519 1808 5572 haereses
1836 5531 1982 5581 esse,

396 5607 455 5652 ut
488 5600 700 5670 probati
752 5603 956 5675 quique
1008 5610 1283 5666 manifesti
1322 5611 1453 5666 ﬁant
1507 5613 1649 5668 inter
1679 5628 1836 5667 vos.»
1874 5611 1986 5667 lloc

476 5738 676 5797 'Num.
702 5760 813 5814 ενι,
839 5746 927 5803 58.
1006 5747 1068 5802 'l
1096 5749 1224 5807 Cor.
1252 5767 1377 5819 xm,
1404 5753 1454 5807 l.
1531 5755 1551 5784 θ
1576 5751 1595 5807 l
1618 5753 1747 5811 Cor.
1775 5754 1965 5821 xr,19.

1006 5747 1068 5802 ⁸1
1096 5749 1224 5807 Cor.
1252 5767 1377 5819 χιιι,
1404 5753 1454 5807 l.

2048 5756 2091 5788 ¹⁶
2115 5751 2254 5808 Gen.
2282 5764 2360 5815 vr,
2382 5746 2434 5802 9.

2101 4689 2283 4743 luntas
2315 4684 2690 4754 assumpserit.

2168 4783 2227 4838 2.
2269 4779 2399 4835 Post
2435 4778 2549 4832 luce
2583 4774 2819 4831 refertur
2853 4791 2867 4829 :
2910 4773 3016 4829 r-Et
3047 4779 3549 4833 murmuraverunt,
3601 4769 3685 4820 iu-

2098 4873 2219 4942 quit
2244 4872 2310 4939 ¹³,
2354 4870 2449 4924 ﬁlii
2503 4867 2668 4922 Israel
2702 4866 2997 4921 adversum
3045 4863 3263 4936 Moysen
3299 4872 3355 4916 et
3388 4863 3565 4915 Aaron
3604 4861 3687 4913 di-

2099 4975 2284 5022 centes
2318 4981 2333 5021 :
2364 4962 2474 5018 Vos
2500 4961 2783 5018 occidistis
2812 4958 3068 5030 populum
3104 4955 3338 5010 Domini.
3382 4954 3449 5008 Et
3477 4952 3682 5007 factmn

2095 5069 2181 5115 est
2214 5075 2338 5115 cum
2368 5059 2603 5112 irrueret
2637 5068 2911 5125 synagoga
2944 5064 3108 5120 super
3141 5048 3358 5119 Moysen
3392 5056 3445 5104 et
3475 5048 3678 5112 Aaron,

2098 5154 2152 5208 in
2212 5153 2413 5220 impetu
2462 5149 2716 5217 fugerunt
2763 5149 2831 5202 ad
2883 5144 3292 5201 tabernaculum
3359 5142 3676 5197 testimonii.

2095 5244 2234 5299 illud
2268 5257 2399 5299 vero
2428 5241 2639 5296 obtexit
2671 5239 2865 5307 nubes,
2904 5250 2960 5294 et
2994 5240 3247 5311 apparuit
3284 5237 3541 5307 majestas
3572 5235 3679 5288 Do-

2096 5334 2252 5401 mini,
2287 5344 2341 5390 et
2364 5334 2606 5388 introivit
2636 5332 2849 5403 Moyses
2873 5340 2927 5386 et
2958 5332 3137 5387 Aaron
3164 5332 3230 5385 ad
3270 5330 3462 5384 faciem
3497 5327 3681 5379 taber-

2099 5426 2278 5482 naculi
2307 5424 2624 5481 testimonii.
2651 5442 2670 5476 )
2712 5424 2829 5478 Non
2854 5424 3084 5495 legimus
3110 5431 3264 5477 antea
3293 5420 3417 5488 quia
3449 5417 3678 5472 obtere-

2095 5520 2166 5574 rit
2183 5518 2357 5575 nubes
2373 5516 2805 5583 tabernaculum,
2823 5525 2876 5569 et
2895 5513 3212 5585 apparuerit
3231 5513 3485 5581 majestas
3501 5508 3678 5565 Domi-

2048 5630 2051 5633 ·
2095 5612 2173 5680 ni,
2202 5620 2259 5666 et
2287 5610 2557 5680 receperit
2591 5610 2731 5663 intra
2773 5609 2970 5661 nubem
3004 5604 3223 5675 Moysen
3247 5611 3301 5657 et
3335 5602 3541 5666 Aaron,
3569 5601 3674 5655 nisi

2515 5747 2554 5777 “
2585 5744 2745 5799 Num.
2770 5759 2881 5799 xiv.
2961 5741 3004 5772 "
3028 5739 3184 5795 Num.
3211 5755 3326 5807 xvt,
3351 5738 3440 5806 il,
3462 5739 3554 5803 42,
3576 5739 3670 5794 ιδ.

474 5877 589 5951 (99-)
619 5896 640 5930 ⁸
675 5880 800 5939 04ίο
844 5904 863 5940 ι
910 5885 1061 5942 ἀθεεὶ
1091 5886 1144 5942 in
1177 5886 1310 5945 libb.
1356 5890 1538 5959 editis,
1574 5892 1668 5947 sed
1702 5891 1980 5964 suppletur
2006 5908 2035 5950 e
2066 5906 2195 5949 mss.
2222 5886 2565 5953 Bclvaccnsi,
2592 5882 2910 5941 Ebroiccnsi
2945 5891 2997 5937 et
3027 5865 3372 5937 Carnuteus't.
