4134 6374
465 359 569 410 027

1966 368 2285 428 ORIGENIS

3645 375 3747 429 (328

463 494 610 532 nunc
647 496 768 533 cum
808 481 1106 536 insurrcxit
1144 486 1194 538 in
1228 499 1322 539 eos
1357 487 1606 555 populus,
1632 499 1686 543 et
1709 489 1948 559 lapidare
1966 504 2059 545 eos
2089 494 2135 550 Α
2163 499 2348 557 spcctu
2377 490 2520 559 ejus,
2553 501 2612 545 ut
2640 492 2693 546 iu
2725 493 3070 547 confessione
3093 495 3547 565 supplicationum
3570 508 3749 553 motus

459 569 656 624 voluit.
688 572 970 627 Discamus
993 589 1058 628 ex
1084 574 1187 630 hoc
1225 586 1427 645 quanta
1460 580 1532 634 sit
1563 581 1769 636 utilitas
1791 580 1843 634 in
1868 595 2054 649 perse-

458 666 778 719 cutionibus
805 667 1158 734 Christianis,
1196 680 1460 739 quantum
1490 676 1682 744 gratiae
1709 676 2050 743 conferatur,

458 760 733 825 quomodo
759 773 1129 830 propugnator
1158 764 1239 817 eis
1268 764 1362 818 fiat
1390 766 1549 833 Deus,
1580 770 1854 835 quomodo
1878 772 2051 825 alum-

461 851 658 904 danter
687 863 913 907 sanctus
942 855 1178 923 Spiritus
1205 856 1543 913 infundatur.
1579 861 1733 917 Tunc
1755 865 1901 916 enim
1934 880 2049 918 ma-

455 941 604 995 xime
636 946 812 1014 gratia
852 946 943 1000 Dei
973 949 1149 1011 adest,
1185 964 1310 1005 cum
1358 953 1641 1009 hominum
1674 957 1882 1012 smvitia
1917 974 2046 1013 con-

453 1031 695 1100 citatur;
736 1044 791 1089 et
828 1045 957 1089 tunc
1000 1053 1187 1106 pacem
1220 1040 1485 1099 habemus
1538 1045 1678 1114 apud
1707 1046 1898 1115 Deum,
1922 1061 2043 1101 cum

456 1121 529 1175 ab
558 1123 872 1185 hominibus
903 1141 1133 1200 propter
1172 1134 1443 1203 justitiam
1498 1137 1634 1192 bella
1686 1140 2044 1209 perpetimur.

462 1233 486 1269 α
514 1214 617 1271 Ubi
644 1220 788 1273 enim
811 1224 1113 1280 abundavit
1133 1230 1913 1302 peccatum,superabundavit
1931 1231 2041 1303 (95)

456 1318 511 1361 et
540 1311 713 1379 gratia
742 1314 805 1366 ³³.
834 1332 850 1364 ι
898 1316 1196 1387 Adopcruit
1225 1338 1357 1391 ergo
1391 1340 1485 1380 eos
1512 1327 1654 1381 nuhe
1685 1327 2039 1395 tabernaculi,

454 1411 510 1454 et
547 1402 704 1457 irruit
754 1419 1027 1478 synagoga
1064 1427 1229 1479 super
1282 1414 1499 1486 Moysen
1537 1427 1592 1472 et
1630 1421 1826 1483 Aaron,
1861 1430 1919 1475 et
1946 1436 2041 1491 ap-

454 1493 637 1558 paruit
666 1495 838 1563 gloria
870 1498 1101 1556 Domini.
1136 1502 1400 1569 Quamvis
1432 1511 1609 1579 magui
1637 1511 1745 1565 sint
1776 1512 1899 1567 vita:
1921 1528 2038 1570 me-

452 1587 561 1639 rito
589 1585 802 1659 Moyses
830 1600 883 1643 et
910 1594 1111 1660 Aaron,
1140 1601 1388 1665 quamvis
1410 1601 1572 1655 animi
1600 1604 1889 1660 virtutibus
1923 1606 2039 1676 pol-

450 1679 622 1742 lcant,
660 1696 928 1750 apparere
960 1694 1137 1741 tamen
1168 1689 1247 1744 eis
1277 1689 1372 1745 Dei
1402 1692 1576 1761 gloria
1608 1710 1711 1749 non
1745 1698 2033 1766 potuisset,

447 1770 613 1841 297
645 1774 748 1826 nisi
784 1774 834 1827 in
865 1780 1357 1845 persccutionibus,
1392 1783 1443 1836 in
1478 1785 1947 1856 tribulationibus,
1976 1790 2031 1844 in

448 1864 710 1930 periculis
736 1908 749 1929 ,
780 1879 944 1937 atque
978 1873 1029 1924 in
1061 1872 1175 1942 ipsa
1216 1890 1354 1943 pene
1390 1880 1694 1949 mortcjam
1722 1882 1932 1951 positis.
1968 1884 2034 1939 Et

446 1963 504 2007 tu
529 1969 660 2026 ergo
690 1975 794 2013 non
832 1971 987 2031 putes
1025 1966 1117 2019 tibi
1152 1966 1445 2023 dormienti
1473 1980 1528 2025 ct
1560 1974 1739 2028 otioso
1768 1988 2033 2045 apparere

442 2061 605 2116 posse
634 2050 863 2120 gloriam
900 2055 1014 2109 Dei.
1060 2058 1170 2111 Aut
1201 2076 1310 2113 non
1342 2072 1397 2115 et
1437 2062 1635 2118 Paulus
1668 2066 1947 2135 apostolus
1978 2068 2029 2122 in

445 2142 516 2195 iis
567 2139 662 2194 Dei
717 2143 943 2212 gloriam
996 2152 1257 2220 consequi
1313 2154 1572 2208 meruit?
1623 2154 1816 2213 Nonne
1866 2175 2032 2230 super

444 2246 638 2287 omnes
668 2245 896 2291 czcteros
930 2254 1216 2298 enumerat
1256 2245 1297 2275 "
1340 2262 1399 2302 se
1439 2249 1492 2303 in
1542 2251 1987 2310 tribulationibus
2011 2296 2026 2319 ,

444 2320 502 2376 in
534 2328 958 2386 necessitatibus
986 2372 1002 2398 ,
1048 2334 1099 2389 in
1137 2337 1449 2393 carceribus
1503 2342 1669 2399 fuisse
1694 2387 1709 2412 ,
1749 2357 1831 2399 ter
1862 2346 2029 2417 virgis

444 2432 647 2472 cresum
674 2462 687 2485 ,
718 2424 881 2477 semel
920 2425 1218 2497 lapidatum
1252 2435 1364 2506 (94)
1394 2452 1539 2505 esse,
1576 2439 1857 2509 naufragia
1900 2456 2027 2511 per-

442 2511 657 2581 tulisse,
688 2517 924 2584 pericula
956 2525 1147 2589 maris,
1178 2529 1416 2595 pericula
1447 2528 1756 2597 fluminum,
1783 2536 2025 2603 pericula

439 2604 750 2673 latronum,
786 2613 1025 2679 pericula
1055 2632 1083 2669 a
1130 2618 1281 2675 falsis
1318 2623 1623 2679 fratribus?
1661 2626 1790 2693 Qua:
1824 2639 2027 2697 quanto

439 2702 615 2770 magis
660 2706 979 2775 abundant,
1026 2720 1177 2766 tanto
1231 2717 1463 2784 amplius
1501 2718 1567 2775 iis
1620 2722 1711 2790 qui
1758 2724 2027 2792 patienter

439 2793 686 2860 tulerint,
715 2799 1000 2856 conferunt
1037 2803 1264 2874 gloriam
1304 2807 1420 2861 Dei.

509 2909 563 2963 5.
598 2930 616 2962 ε
647 2900 712 2964 Et
739 2912 954 2969 locutus
981 2926 1064 2971 est
1102 2918 1364 2974 Dominus
1388 2923 1453 2975 ad
1483 2922 1706 2995 Moysen
1736 2935 1789 2979 et
1815 2926 2022 2993 Aaron,

440 3002 630 3057 dicens
658 3020 671 3056 :
709 3005 979 3063 Discedite
1013 3010 1079 3063 de
1114 3014 1291 3069 medio
1318 3030 1610 3085 synagoga:
1645 3018 1825 3088 hujus,
1855 3028 1909 3073 et
1940 3020 2023 3075 in—

439 3097 689 3150 terimam
722 3116 817 3156 eos
843 3104 1045 3157 semel:
1081 3115 1136 3160 et
1167 3109 1487 3163 ceciderunt
1516 3111 1730 3183 Moyses
1756 3123 1811 3168 et
1836 3115 2018 3169 Aaron

434 3186 488 3239 in
518 3186 713 3242 faciem
749 3206 902 3246 suam
940 3193 1004 3246 ¹³.
1041 3214 1060 3247 ι
1098 3195 1150 3248 lu
1187 3198 1437 3255 Sodomis
1462 3204 1676 3270 quidem
1710 3208 1927 3274 quando
1951 3207 2017 3261 ad
2046 3203 2091 3264 C

435 3278 719 3333 minimmn
766 3282 953 3338 decem
1001 3288 1115 3356 (95)
1162 3292 1578 3359 requirebantur
1610 3296 1674 3362 η,
1721 3311 1821 3364 per
1876 3314 2016 3367 quos

435 3372 523 3423 vix
555 3373 599 3423 si
634 3372 770 3427 forte
795 3378 992 3445 reperti
1022 3390 1228 3449 essent,
1259 3383 1459 3438 salvari
1487 3397 1709 3452 possent
1739 3390 1774 3443 ii
1799 3391 1889 3459 qui
1920 3390 2018 3444 ha-

436 3462 684 3517 bitabant
714 3468 1047 3536 pentapolim
1069 3473 1459 3531 Sodomorum:
1486 3496 1628 3535 nunc
1653 3492 1832 3537 autem
1852 3484 2014 3540 etiam

433 3554 562 3616 duo,
596 3555 638 3607 si
677 3564 858 3611 tamen
892 3558 1248 3618 inveniantur
1286 3565 1423 3621 tales
1455 3570 1631 3637 qualis
1664 3571 1876 3643 Moyses
1912 3564 2018 3630 fiiit

432 3656 490 3699 et
522 3647 704 3701 Aaron
731 3688 747 3714 ,
780 3649 1028 3706 sufﬁcere
1072 3668 1339 3724 possunt,
1375 3669 1433 3713 ut
1466 3676 1599 3730 gens
1648 3664 2013 3723 lsraelitarum

432 3747 545 3792 tota
598 3741 855 3797 salvetur.
909 3743 1048 3810 Quid
1083 3764 1214 3818 ergo
1250 3751 1497 3808 dicemus
1545 3758 1774 3827 amplius
1806 3775 1926 3817 esse
1960 3763 2012 3818 in

429 3830 498 3883 iis
527 3831 779 3888 duobus?
826 3835 956 3901 Quze
988 3847 1140 3893 tanta
1172 3842 1349 3900 virtus
1371 3883 1387 3909 ,
1422 3850 1564 3914 quod
1598 3854 1874 3920 meritum,
1907 3872 2015 3926 quo

430 3932 685 3977 sexcenta
722 3928 885 3980 millia
917 3938 973 3985 et
1001 3946 1066 3985 co
1099 3935 1333 4004 amplius
1364 3938 1666 3996 liberentur
1689 3945 1758 3998 ab
1788 3948 2010 4006 interitu

429 4022 755 4075 vastatoris?
783 4023 894 4089 Ego
924 4025 1165 4079 arbitror
1199 4031 1343 4097 quod
1392 4032 1444 4085 in
1476 4032 1662 4106 Moyse
1688 4037 1772 4092 lex
1809 4042 2014 4112 signifi-

429 4118 585 4164 cetur
619 4153 634 4178 ,
666 4128 787 4181 qure
840 4118 999 4175 docet
1053 4120 1303 4177 homines
1340 4126 1623 4182 scientiam
1662 4140 1715 4183 et
1768 4150 2008 4192 amorem

428 4203 560 4257 Dei:
592 4206 643 4258 in
672 4207 855 4262 Aaron
899 4212 1244 4280 supplicandi
1283 4216 1413 4280 Deo,
1453 4229 1503 4270 cl
1536 4221 1856 4278 obsecrandi
1886 4243 2007 4282 eum

425 4296 599 4349 forma
653 4303 937 4357 consistat.
984 4306 1041 4358 Si
1087 4321 1218 4373 ergo
1264 4309 1483 4363 accidat
1529 4313 1820 4382 aliquando
1871 4320 2011 4375 iudi-

423 4392 577 4456 guari
623 4395 779 4449 nobis
813 4399 897 4450 vel
931 4401 1189 4456 universo
1220 4407 1418 4471 pepulo
1466 4411 1631 4464 Deum
1656 4451 1671 4476 ,
1704 4423 1758 4468 et
1804 4414 1848 4468 si
1894 4415 2007 4484 jam

422 4485 689 4537 sententia
726 4488 949 4543 ultionis
983 4494 1227 4559 procedit
1250 4512 1277 4548 a
1315 4499 1563 4566 Domino,
1601 4505 1789 4561 redeat
1824 4521 2003 4564 autem

422 4572 509 4625 lex
547 4574 639 4626 Dei
682 4580 732 4629 iu
769 4594 863 4631 cor
897 4590 1137 4633 nostrum
1189 4601 1543 4644 commoneas
1576 4609 1678 4648 nos
1711 4607 1763 4650 et
1799 4598 2003 4657 docens

421 4669 666 4721 converti
695 4672 763 4724 ad
808 4675 1181 4740 paenitentiam
1216 4718 1230 4741 ,
1258 4680 1584 4737 satisfacere
1617 4702 1715 4754 pro
1743 4692 1957 4749 delictis
1985 4734 2000 4758 ,

422 4759 733 4826 supplicare
767 4780 865 4833 pro
902 4766 1112 4835 culpis:
1145 4773 1385 4827 cessabit
1414 4780 1676 4832 centinuo
1701 4783 2005 4855 iracundia,

374 4928 377 4929 ν
422 4853 728 4921 indignatio
746 4859 1119 4928 conquiescet,
1146 4865 1531 4934 propitiabitur
1550 4871 1831 4941 Dominus,
1850 4853 2002 4947 quasi

424 4947 607 5015 Moyse
634 4958 689 5000 ct
741 4952 921 5005 Aaron
968 4955 1429 5015 iutercedeutilms
1465 4979 1564 5032 pro
1598 4969 1755 5023 nobis
1778 5010 1793 5035 ,
1825 4983 1876 5025 et
1908 4989 2006 5041 pro

422 5040 680 5095 universo
713 5045 909 5111 popqu
940 5050 1394 5118 supplicantibus.
1444 5056 1501 5111 Si
1548 5074 1678 5113 vero
1717 5062 2004 5131 aliquando

420 5137 631 5188 oriatur
661 5137 962 5203 indignatio
987 5143 1101 5208 Dei,
1129 5155 1183 5198 et
1209 5149 1389 5203 veniat
1415 5165 1514 5219 pro
1539 5154 1775 5220 peccatis
1802 5159 2005 5213 nostris

419 5243 560 5281 stara
591 5233 895 5298 correptio;
938 5235 1259 5291 iudureutur
1289 5250 1467 5297 autem
1512 5246 1678 5297 corda
1714 5257 1898 5302 nostra
1936 5265 2003 5303 nc

417 5332 805 5377 convertamur
825 5326 889 5376 ad
918 5327 1226 5393 Dominum,
1258 5347 1391 5385 neve
1419 5334 1767 5389 humiliemur
1790 5340 1841 5393 iu
1871 5355 2000 5395 con-

489 5485 531 5513 ”
558 5485 713 5540 Rom.
743 5503 793 5553 ν,
817 5488 908 5542 9.0.

412 5556 450 5583 l"
489 5553 643 5609 Nunt.
681 5575 792 5623 XVI,
820 5561 907 5614 46.

483 5648 593 5724 (ξιξ)
631 5648 783 5724 l_.ibb.
814 5654 971 5717 editi,
1012 5673 1030 5705 ‹
1062 5658 1543 5724 superabundabil.
1567 5682 1584 5713 ›

482 5720 597 5787 (ενι)
634 5718 734 5771 Ter
776 5724 935 5790 virgis
970 5718 1184 5789 ra’suui,
1222 5728 1383 5781 semel
1430 5730 1743 5798 lapidatum.
1779 5736 1866 5789 Sic
1896 5736 1994 5790 lia-

398 5787 540 5909 pcilit
586 5804 776 5842 omnes
804 5787 969 5859 mss;
1002 5801 1138 5851 male
1172 5787 1350 5853 autem
1387 5787 1515 5856 libb.
1550 5806 1702 5871 editi,
1746 5824 1762 5854 ε
1798 5819 1878 5860 ter
1920 5808 1992 5861 la-

411 5874 487 5909 tnt
512 5874 681 5909 atum.
716 5878 733 5909 ι

411 5874 681 5927 putatum.
716 5878 733 5910 ι

988 5492 1029 5522 ’δ
1052 5492 1093 5545 ll
1120 5492 1243 5547 Cor.
1290 5511 1363 5549 xl.

1446 5497 1489 5525 “'
1524 5498 1679 5553 Num.
1709 5517 1817 5565 xw,
1845 5502 1933 5566 Η,
1965 5504 2054 5558 45.

2156 582 2273 649 ejus
2315 591 2367 635 ct
2403 582 2738 637 iracundiam
2777 586 3125 654 mitigemus;
3159 588 3255 642 sed
3289 589 3609 642 ccontrario
3661 589 3747 643 di-

2153 687 2373 739 camus,
2414 673 2530 728 Non
2565 685 2648 731 est
2681 691 2812 729 cura
2849 676 2960 730 Deo
3002 678 3069 732 de
3102 679 3212 731 vita
3267 679 3598 742 mortalium,
3646 696 3747 737 nec

2151 766 2431 835 pertinent
2478 767 2593 822 hare
2625 768 2691 822 ad
2729 770 2896 823 Deum
2921 807 2937 834 ,
2968 768 3193 840 reliquit
3225 787 3327 826 nos
3357 772 3509 837 olim,
3547 787 3647 828 nec
3675 774 3745 827 ad

2156 854 2411 909 notitiam
2446 856 2565 925 ejus
2593 858 2693 912 ista
2724 858 3087 928 perveniunt:
3120 861 3165 915 si
3198 861 3322 916 talia
3352 864 3656 932 cogitemus
3688 864 3742 919 in

2148 946 2405 1000 cordibus
2442 948 2664 1012 nostris,
2703 958 2757 1003 et
2789 948 2904 1003 haec
2942 950 3010 1005 de
3035 966 3134 1006 ore
3180 962 3372 1008 nostro
3401 956 3743 1023 procedant,

2147 1046 2358 1091 certum
2389 1046 2475 1092 est
2505 1055 2612 1095 non
2650 1055 2773 1095 esse
2801 1041 2855 1096 in
2890 1041 3051 1097 nobis
3083 1041 3300 1115 Moysen
3339 1057 3396 1101 et
3426 1048 3631 1111 Aaron,
3664 1046 3743 1103 le-

2145 1130 2225 1198 gis
2263 1129 2472 1186 scilicet
2522 1134 2813 1188 scientiam
2864 1145 2921 1189 et
2965 1134 3176 1191 fructus
3230 1138 3604 1207 poenitentia,
3645 1155 3743 1209 per

2143 1237 2281 1291 quos
2312 1223 2593 1278 interitum
2630 1227 2968 1283 imminentis
2996 1232 3149 1285 exitii
3185 1231 3459 1302 possimus
3485 1232 3737 1288 evadere.

2143 1313 2257 1368 lloc
2291 1323 2422 1385 puto
2453 1316 2727 1372 accidisse
2759 1319 2926 1373 etiam
2983 1322 3181 1391 populo
3230 1320 3306 1375 illi
3340 1321 3435 1390 qui
3476 1322 3577 1375 fuit
3608 1332 3738 1375 aute

2143 1422 2283 1475 nos,
2332 1408 2551 1477 quando
2604 1423 2797 1467 omnes
2826 1412 3285 1478 declinaverunt,
3339 1429 3531 1469 omnes
3571 1414 3734 1469 simul

2140 1499 2363 1554 inutiles
2390 1499 2517 1554 facti
2540 1510 2671 1555 sunt
2702 1503 2763 1567 ³⁷,
2798 1512 2855 1558 et
2884 1519 2990 1559 non
3024 1504 3129 1559 fuit
3154 1508 3248 1576 qui
3284 1505 3488 1561 faceret
3522 1507 3736 1561 bonita-

2142 1600 2273 1654 tem,
2305 1606 2411 1644 non
2442 1590 2544 1645 fuit
2567 1608 2741 1662 usque
2765 1595 2832 1648 ad
2864 1611 3054 1651 unum.
3084 1595 3142 1651 Si
3171 1597 3316 1651 enim
3344 1596 3559 1665 fuisset,
3594 1614 3735 1654 nun-

2138 1695 2306 1749 quam
2344 1683 2533 1751 utique
2561 1682 2946 1755 dereliquisset
2974 1702 3069 1743 eos
3100 1686 3264 1743 Deus.
3297 1686 3405 1743 Sed
3442 1698 3500 1743 et
3530 1704 3628 1744 nos
3658 1692 3731 1745 ti-

2141 1787 2390 1828 meamus
2427 1789 2496 1830 ne
2520 1774 2664 1831 forte
2693 1777 2870 1833 simile
2897 1777 3102 1848 aliquid
3135 1779 3448 1836 inveniatur
3476 1781 3527 1836 in
3555 1782 3729 1837 nobis.

2137 1863 2323 1919 Timeo
2359 1866 2503 1920 enim
2538 1867 2683 1920 illam
2725 1870 3091 1936 sententiam,
3142 1872 3196 1925 in
3232 1887 3340 1941 qua
3374 1872 3641 1927 Dominus
3676 1884 3733 1927 ct

2137 1955 2394 2015 Salvator
2424 1969 2628 2023 noster,
2665 1960 2757 2029 qui
2797 1969 2995 2016 cuncta
3026 1964 3344 2030 praenoscit,
3372 1965 3529 2033 quasi
3567 1964 3724 2018 dubi-

2137 2056 2259 2099 tans
2286 2045 2416 2100 dicit
2445 2065 2457 2100 :
2496 2065 2515 2099 ι
2541 2046 2710 2105 Putas
2744 2051 2969 2106 veniens
3001 2051 3172 2108 Filius
3203 2053 3439 2109 hominis
3490 2056 3728 2111 inveniet

2134 2134 2297 2191 ﬁdem
2337 2152 2499 2206 super
2540 2149 2742 2195 terram
2776 2142 2855 2196 m?
2886 2161 2903 2193 ι
2942 2141 3211 2199 .lubentur
3251 2159 3381 2216 ergo
3428 2146 3641 2218 Moyses
3673 2157 3728 2205 et

2130 2228 2311 2281 Aaron
2344 2231 2498 2285 exire
2525 2232 2592 2285 de
2621 2233 2803 2290 medio
2832 2248 3141 2306 synagogas,
3176 2244 3233 2290 ut
3256 2236 3605 2293 iuterimatur
3628 2253 3718 2310 sy-

2132 2338 2335 2391 nagoga
2384 2324 2452 2379 de
2496 2326 2683 2381 semel.
2720 2326 2827 2382 Sed
2876 2330 3157 2385 videamus
3183 2331 3311 2398 quid
3351 2332 3439 2389 isti
3483 2332 3717 2400 faciunt,

2130 2416 2304 2468 sancti
2336 2426 2461 2469 sunt
2490 2416 2625 2487 (96),
2656 2418 2880 2487 perfecti
2912 2430 3065 2488 sunt,
3092 2432 3146 2477 et
3176 2423 3295 2493 plus
3330 2425 3500 2496 magis
3532 2424 3713 2480 Evan-

2131 2504 2256 2572 gelii
2300 2507 2555 2577 discipuli
2605 2526 2769 2580 quam
2821 2512 2959 2583 legis
2983 2552 2999 2577 ,
3026 2524 3081 2568 et
3115 2516 3235 2569 ideo
3267 2518 3499 2587 diligunt
3552 2520 3717 2573 etiam

2132 2597 2382 2653 inimicos
2412 2613 2562 2668 suos,
2594 2614 2759 2669 atque
2786 2614 2945 2658 orant
2973 2620 3072 2672 pro
3107 2611 3550 2676 persecutoribus
3583 2611 3716 2666 suis.

2130 2690 2239 2744 Illis
2265 2691 2409 2744 enim
2438 2694 2789 2749 saevientibus
2820 2705 2877 2749 ut
2915 2698 3291 2754 interficerent
3321 2716 3413 2755 eos
3440 2741 3454 2765 ,
3487 2701 3572 2755 isti
3598 2719 3720 2772 pro-

2128 2783 2316 2836 cidunt
2348 2783 2399 2837 in
2434 2782 2629 2839 faciem
2662 2800 2814 2841 suam
2844 2804 3010 2859 super
3046 2798 3270 2845 terram.

2197 2875 2251 2928 4.
2291 2893 2309 2925 ε
2341 2875 2406 2929 Ει
2441 2878 2519 2930 ait
2546 2876 2758 2949 Moyses
2808 2881 2874 2934 ad
2902 2882 3120 2938 Aaron:
3160 2884 3394 2942 Assume
3440 2887 3713 2956 batillum,

2126 2976 2183 3019 et
2215 2966 2431 3035 impone
2468 2984 2633 3040 super
2666 2970 2793 3027 illud
2829 2972 3007 3043 ignem
3031 2975 3099 3028 ab
3134 2975 3321 3041 altari,
3361 2986 3417 3031 et
3443 2979 3609 3049 injice
3635 2980 3713 3034 illi

2127 3058 2426 3122 incensum,
2459 3072 2512 3115 et
2543 3060 2679 3116 effer
2718 3063 2978 3119 velociter
3012 3065 3065 3119 in
3099 3076 3302 3134 castra,
3328 3078 3385 3123 et
3419 3085 3581 3125 exora
3615 3086 3714 3141 pro

2125 3151 2255 3219 ipsis
2284 3170 2296 3205 :
2328 3153 2629 3208 exiitenim
2654 3154 2731 3209 ira
2756 3170 2783 3209 a
2812 3167 3100 3226 conspectu
3124 3158 3357 3225 Domini,
3385 3176 3439 3217 et
3459 3164 3569 3233 jam
3599 3178 3713 3219 cm-

2122 3242 2200 3312 pit
2229 3255 2449 3299 vastare
2499 3246 2752 3315 populum
2786 3247 2853 3301 ¹⁹.
2893 3268 2912 3302 ι
2965 3249 3166 3306 Verum
3216 3253 3473 3320 quoniam
3510 3257 3561 3308 iu
3611 3256 3713 3313 hos

2119 3336 2466 3402 pervenimus
2512 3338 2659 3393 locos
2691 3378 2707 3405 ,
2735 3339 2856 3394 volo
2890 3341 2958 3397 de
3004 3343 3247 3400 bonitate
3295 3345 3388 3400 Dei
3418 3346 3711 3406 admonere

2119 3426 2416 3496 discipulos
2448 3429 2650 3485 Christi
2677 3471 2691 3497 ,
2725 3447 2792 3487 ne
2819 3435 2943 3503 quis
2988 3434 3129 3492 forte
3168 3447 3409 3493 vestrum
3442 3439 3510 3494 ab
3538 3441 3709 3497 haere-

2120 3519 2243 3572 ticis
2271 3521 2631 3577 conturbetur
2655 3526 2699 3578 si
2729 3529 2949 3594 quando
2979 3538 3256 3584 certamen
3284 3531 3573 3601 inciderit,
3602 3534 3709 3588 illis

2121 3610 2428 3671 dicentibus
2462 3616 2719 3681 quoniam
2759 3617 2901 3673 Deus
2935 3619 3069 3688 legis
3103 3635 3207 3675 non
3244 3632 3325 3676 est
3368 3624 3542 3679 bonus
3567 3666 3582 3692 ,
3613 3626 3707 3680 sed

2114 3698 2290 3766 justus
2323 3743 2337 3766 ,
2376 3714 2429 3757 et
2460 3705 2656 3776 Moysis
2686 3708 2768 3762 lex
2807 3726 2913 3765 non
2966 3712 3261 3767 bonitatem
3294 3716 3574 3779 continet,
3610 3718 3706 3770 sed

2112 3790 2400 3858 justitiam.
2434 3794 2668 3851 Videant
2692 3813 2821 3865 ergo
2858 3802 2950 3869 qui
2984 3801 3157 3856 Deum
3189 3803 3392 3872 pariter
3410 3804 3705 3859 criminan-

2119 3892 2210 3939 tur
2243 3896 2294 3940 et
2328 3887 2518 3957 legem,
2551 3893 2824 3959 quomodo
2858 3892 3071 3964 Moyses
3101 3895 3217 3964 ipse
3258 3904 3313 3949 et
3346 3896 3525 3951 Aaron
3557 3897 3705 3967 prio-

2117 3990 2209 4031 res
2237 3979 2482 4034 fecerunt
2517 3983 2636 4045 hoc,
2669 3985 2812 4050 quod
2846 3988 3189 4055 posttnodtun
3226 3987 3573 4058 Evangelium
3605 3991 3703 4046 d0-

2116 4071 2245 4124 cuit.
2288 4071 2427 4125 Ecce
2467 4074 2638 4143 diligit
2670 4075 2882 4145 Moyses
2916 4078 3188 4141 inimicos,
3220 4088 3273 4132 et
3302 4089 3425 4134 orat
3455 4095 3552 4149 pro
3579 4096 3702 4151 per—

2116 4163 2455 4217 secutoribus
2508 4166 2623 4219 suis
2666 4205 2682 4229 ,
2734 4169 2876 4236 quod
2934 4170 3122 4238 utique
3174 4170 3424 4226 Christus
3480 4172 3594 4227 fieri
3646 4174 3700 4227 in

2116 4252 2424 4321 Evangeliis
2452 4256 2629 4309 docet.
2660 4257 2856 4311 Audite
2884 4258 3029 4310 enim
3057 4261 3325 4327 quomodo
3352 4262 3608 4318 cadentes
3647 4262 3700 4317 iu

2116 4343 2307 4396 fec-icui
2340 4359 2501 4412 super
2529 4355 2727 4399 terram
2764 4358 2925 4400 orant
2958 4364 3056 4415 pro
3101 4350 3236 4414 illis,
3270 4352 3358 4419 qui
3393 4352 3459 4405 ad
3494 4353 3701 4407 interfi-

2113 4436 2331 4489 ciendos
2385 4454 2479 4490 eos
2530 4438 2958 4495 insurrexerunt.
3009 4440 3102 4493 Sic
3156 4456 3289 4510 ergo
3337 4444 3609 4499 invenitur
3646 4453 3703 4499 et

2113 4525 2384 4596 Evangelii
2438 4530 2612 4583 virtus
2651 4532 2701 4584 in
2741 4536 2853 4601 lcgc
2880 4573 2895 4597 ,
2944 4545 2996 4588 et
3031 4534 3382 4590 fundamento
3407 4538 3537 4607 legis
3573 4541 3703 4595 sub-

2113 4619 2235 4672 nixa
2277 4621 2647 4689 intelliguntur
2686 4624 2993 4694 Evangelia.
3046 4625 3156 4680 Nec
3207 4637 3363 4682 vetus
3404 4641 3701 4686 testamen-

2113 4720 2222 4764 tum
2259 4714 2478 4768 nomino
2511 4729 2613 4785 ego
2653 4717 2853 4786 legem,
2895 4718 2941 4772 si
2984 4733 3103 4772 eam
3155 4722 3472 4789 spiritaliter
3503 4723 3700 4778 intelli-

2108 4819 2253 4871 gam.
2283 4804 2390 4861 Illis
2421 4810 2800 4863 tantummodo
2837 4810 2921 4865 lex
2956 4821 3110 4866 vetus
3139 4814 3373 4869 ellicitur
3406 4826 3698 4871 testamen-

2110 4904 2244 4961 tum,
2272 4898 2361 4964 qui
2409 4913 2530 4952 eam
2578 4902 2872 4956 carnaliter
2907 4903 3214 4975 intelligere
3247 4906 3455 4962 volunt.
3507 4909 3573 4963 Et
3604 4925 3698 4963 ue-

2108 4990 2346 5041 cessario
2380 4991 2486 5044 illis
2523 5002 2677 5047 vetus
2706 4992 2895 5047 effecta
2933 5004 3050 5060 est,
3080 5007 3133 5050 et
3160 4999 3360 5063 senuit,
3397 5002 3521 5070 quia
3553 5003 3697 5056 vires

2107 5088 2237 5129 suas
2286 5094 2391 5131 non
2439 5091 2617 5150 potest
2662 5085 2927 5143 obtinere.
2972 5086 3139 5143 Nobis
3196 5102 3414 5157 autem,
3447 5095 3536 5162 qui
3572 5110 3692 5147 eam

2105 5166 2427 5236 spiritaliter
2455 5184 2508 5227 et
2562 5178 2878 5247 evangelico
2906 5195 3068 5234 sensu
3122 5182 3481 5255 intelligimus
3510 5198 3565 5241 et
3594 5204 3691 5243 ex—

2104 5259 2378 5327 ponimus,
2412 5279 2627 5334 semper
2669 5285 2808 5323 nova
2845 5282 2965 5326 est:
3006 5286 3060 5329 et
3086 5283 3373 5347 utrumque
3405 5281 3560 5334 nobis
3591 5297 3687 5334 uo-

2107 5361 2228 5401 vum
2263 5362 2645 5412 testamentum
2676 5372 2780 5426 est,
2818 5379 2921 5417 nou
2956 5369 3213 5436 temporis
3242 5380 3403 5425 aetate
3431 5410 3445 5435 ,
3478 5372 3570 5425 sed
3603 5373 3687 5425 in-

2135 5483 2341 5568 1“.Gcn.
2373 5530 2525 5569 xviu.
2608 5517 2647 5547 ¹⁷
2685 5517 2827 5573 Psal.
2894 5538 3010 5587 xm,
3045 5525 3099 5581 5.
3182 5527 3222 5557 ⁸⁸
3265 5526 3394 5581 Luc.
3432 5542 3587 5593 xvut,
3628 5526 3682 5583 8.

2178 5671 2291 5746 (95)
2339 5671 2467 5746 Mss.
2514 5694 2533 5725 ι
2586 5675 2653 5729 ad
2695 5678 2976 5734 minimum
3013 5683 3221 5737 decem.
3263 5700 3280 5732 ι
3321 5681 3476 5737 Libb.
3531 5683 3683 5746 editi,

2108 5760 2125 5790 ‹
2163 5744 2339 5794 minus
2372 5745 2578 5798 dcccui.
2615 5766 2631 5797 ν

2173 5813 2285 5891 (uti)
2323 5814 2413 5866 Sic
2458 5833 2589 5871 IIISS.
2638 5816 2793 5873 Libb.
2830 5830 3008 5876 autem
3056 5822 3222 5887 editi,
3266 5841 3283 5873 ι
3319 5821 3543 5892 faciunt,
3589 5826 3680 5896 qni

2101 5893 2272 5937 sancti
2303 5896 2448 5943 sunt.
2484 5903 2498 5931 ι
