4134 6432
406 415 509 470 629

1580 403 1645 458 IN
1682 401 2015 459 NUMEROS
2044 399 2327 456 llOMlLIA
2354 395 2444 453 IX.

3571 391 3674 445 630

404 526 719 598 telligentiae
753 525 1013 581 novitate.
1057 524 1251 577 Annon
1283 528 1338 576 et
1359 521 1634 591 apostolus
1665 520 1903 576 Joannes
1932 519 1983 574 in
2014 525 2057 579 Α
2095 526 2253 574 natus
2280 524 2364 571 est
2410 515 2464 568 in
2493 525 2660 569 carne
2683 552 2697 577 ,
2732 507 2944 579 adjecto
2995 506 3158 563 etiam
3191 505 3439 570 incenso,
3471 506 3561 574 qui
3590 518 3673 561 est

400 618 642 688 Epistola
671 632 765 671 sua
787 616 979 674 eadem
1004 614 1192 676 sentit,
1217 628 1337 667 cum
1370 611 1535 665 dicit:
1569 612 1685 679 ('97)
1717 631 1735 663 ι
1764 610 1938 664 Filioli
1967 649 1983 674 ,

400 710 715 763 mandatum
739 721 937 762 novum
964 708 1033 760 do
1057 705 1231 767 vobis,
1260 713 1318 758 ut
1339 701 1567 756 invicem
1593 702 1829 770 diligatis
1853 701 1935 751 ὀἳ
1963 719 1981 751 ι

397 814 519 853 cum
553 799 735 867 utique
765 798 932 853 sciret
962 796 1092 850 olim
1125 796 1309 848 datum
1339 808 1463 848 esse
1498 792 1816 847 mandatum
1849 792 1987 845 dile-

398 889 597 944 ctionis
645 889 701 944 in
752 889 890 958 lege.
947 886 1057 942 Sed
1111 885 1367 955 quoniam
1417 883 1658 938 charitas
1710 898 1985 951 nunquam

396 981 564 1044 cadit,
584 993 685 1035 nec
702 982 1014 1034 mandatum
1045 976 1332 1032 rharitatis
1354 975 1653 1045 aliquando
1675 974 1985 1041 veterascit,

399 1071 503 1125 hoe
538 1072 681 1139 quod
712 1084 986 1139 nunquam
1019 1068 1333 1133 veteraseit,
1376 1082 1593 1135 semper
1630 1081 1830 1121 novum
1865 1080 1987 1122 esse

398 1163 736 1232 pronuntiat.
770 1161 1001 1231 Semper
1030 1162 1176 1215 enim
1211 1160 1562 1215 observantes
1594 1168 1650 1214 et
1678 1158 1987 1214 custodien-

401 1261 484 1307 tes
515 1255 569 1306 in
622 1268 681 1306 se
711 1252 998 1306 eharitatis
1037 1251 1351 1305 mandatum
1386 1265 1555 1305 novos
1581 1250 1756 1304 reddit
1787 1250 1840 1305 in
1877 1251 1987 1319 spi-

397 1342 529 1395 ritu.
580 1341 863 1396 Peccatori
918 1351 1100 1395 autem
1157 1349 1211 1395 et
1260 1338 1544 1393 charitatis
1613 1338 1816 1393 ftedera
1876 1353 1984 1392 non

397 1432 639 1485 serranti
667 1472 682 1496 ,
715 1431 876 1487 etiam
911 1429 1209 1501 Evangelia
1262 1428 1430 1498 298
1478 1437 1849 1483 vetcraseunt.
1877 1427 1987 1483 Nec

398 1532 576 1591 potest
602 1522 648 1577 ei
677 1538 873 1575 novum
907 1536 1028 1576 esse
1060 1530 1470 1587 testamentum,
1508 1521 1603 1592 qui
1635 1536 1739 1575 non
1767 1520 1987 1589 deponit

395 1624 641 1665 veterem
668 1611 964 1674 hominem,
994 1620 1049 1665 et
1077 1613 1325 1667 induitur
1350 1629 1567 1678 novum,
1595 1628 1659 1667 ac
1687 1613 1984 1668 secundum

396 1702 567 1756 Deum
612 1712 878 1759 creatum.
937 1703 1199 1759 Hortatur
1227 1720 1358 1775 ergo
1410 1704 1622 1774 Moyses
1671 1706 1984 1773 pontiﬁcem

394 1805 673 1859 magnum,
721 1803 780 1848 ut
829 1794 1028 1849 oll'erat
1081 1795 1363 1849 incensum
1416 1797 1470 1849 in
1512 1797 1712 1849 eaStris
1738 1796 1852 1866 (98)
1883 1837 1896 1858 ,
1930 1806 1986 1851 et

391 1893 582 1937 exoret
609 1900 707 1954 pro
737 1887 951 1956 pupulo.
987 1885 1107 1943 Jam
1140 1888 1306 1953 enim,
1344 1888 1535 1958 inquit,
1568 1889 1771 1942 vastari
1802 1904 1973 1958 popu-

392 1972 479 2027 lus
510 1972 693 2041 coepit.
744 1974 797 2029 In
831 1977 1024 2045 spiritu
1059 1977 1278 2033 videbat
1316 1977 1528 2048 Moyses
1555 1992 1673 2046 qua:
1715 1979 1978 2048 gereban-

395 2074 500 2117 tur.
540 2064 682 2119 Vidit
716 2066 972 2121 virtutem
1019 2068 1202 2123 exisse
1246 2069 1315 2122 ad
1353 2078 1556 2132 castra,
1586 2078 1643 2122 et
1674 2077 1886 2123 vastare
1913 2084 1978 2124 ac

394 2155 663 2221 perimere
701 2168 1058 2225 peccatores;
1086 2169 1139 2213 et
1180 2168 1403 2229 prapter
1432 2159 1532 2213 hoc
1566 2160 1815 2214 hortatur
1843 2175 1977 2230 pon-

392 2244 592 2299 tiﬁcem
611 2261 888 2304 assumere
913 2249 1180 2315 batillum,
1207 2250 1383 2319 ignem
1411 2250 1476 2304 de
1497 2250 1651 2303 altari
1678 2249 1974 2318 imponere,

390 2349 556 2405 atque
581 2339 802 2395 incenso
832 2343 1138 2412 superjecto
1155 2343 1303 2397 exire
1327 2351 1381 2397 et
1406 2343 1710 2396 stareinter
1736 2339 1975 2395 medium

392 2440 727 2485 mortuorum
761 2442 816 2487 et
851 2434 1093 2488 vivorum
1114 2474 1129 2496 ,
1166 2449 1232 2489 ne
1266 2433 1408 2486 ultra
1433 2433 1697 2502 procedat
1719 2431 1976 2495 vastatio,

393 2522 478 2576 vel
507 2533 676 2589 certe,
701 2533 760 2579 ut
790 2527 972 2581 verius
1002 2527 1163 2582 habet
1193 2540 1253 2581 se
1288 2524 1582 2595 Scripturae
1611 2539 1813 2589 sermo,
1846 2538 1977 2580 eon-

394 2614 587 2671 fraetio
617 2616 752 2689 (99).

463 2711 514 2764 5.
569 2708 675 2764 Sed
709 2711 906 2779 primo,
936 2710 979 2766 si
1017 2710 1251 2777 videtur,
1284 2710 1524 2765 historia:
1569 2709 1739 2781 ipsius
1784 2708 1977 2777 imagi-

395 2816 515 2853 nem
549 2799 923 2855 describamus
949 2842 964 2867 ,
1003 2808 1060 2854 ut
1090 2815 1212 2855 cum
1244 2801 1320 2855 rei
1366 2810 1527 2871 gesta:
1568 2801 1779 2871 species
1811 2816 1977 2870 appa-

395 2892 601 2956 ruerit,
637 2901 767 2945 tunc
796 2892 1014 2945 demum
1047 2892 1215 2946 etiam
1246 2892 1292 2946 si
1335 2892 1465 2962 quid
1511 2901 1595 2946 est
1628 2892 1679 2945 in
1714 2893 1816 2946 hoc
1860 2892 1978 2947 loco

396 2983 686 3054 mysticum
718 2981 1077 3049 requiramus.
1107 2981 1355 3048 lntellige
1379 2996 1509 3051 ergo
1541 2982 1793 3052 p0pulum
1827 2982 1975 3035 illum

392 3075 555 3130 Israel
592 3074 645 3127 in
673 3074 867 3127 castris
896 3088 990 3142 per
1019 3073 1238 3128 ordines
1272 3072 1504 3126 tribuum
1538 3072 1978 3143 faudliarumque

395 3163 740 3231 dispositum,
765 3163 1016 3215 virtutem
1050 3177 1177 3216 vero
1209 3162 1497 3230 quamdam
1533 3177 1561 3215 a
1593 3162 1703 3218 Deo
1734 3163 1975 3229 missam,

397 3269 503 3307 non
549 3253 822 3322 sparsim,
869 3251 962 3306 sed
1011 3267 1079 3306 ex
1116 3253 1287 3321 prima
1341 3252 1520 3322 aliqua
1568 3261 1720 3321 parte
1752 3253 1981 3322 ctepisse

395 3343 651 3413 pupulum
690 3352 863 3397 morte
896 3352 1140 3410 vastare,
1183 3353 1238 3398 et
1271 3343 1656 3412 procedentem
1685 3359 1782 3414 per
1829 3344 1979 3399 ordi-

396 3452 523 3489 nem
558 3436 746 3489 mortis
792 3444 1029 3504 stragem
1077 3435 1383 3489 considera.
1434 3433 1561 3490 Post
1615 3436 1727 3490 luce
1759 3438 1977 3506 pontiﬁ-

397 3544 517 3583 cem
550 3512 795 3581 indutum
830 3536 981 3580 veste
1009 3527 1301 3596 pontiﬁcali
1331 3529 1644 3596 procedere,
1676 3538 1729 3585 et
1755 3540 1980 3599 portan-

396 3627 504 3673 tem
538 3618 805 3683 batillum,
832 3629 996 3687 atque
1031 3617 1206 3688 ignem
1239 3634 1359 3672 cum
1393 3619 1637 3690 incenso,
1667 3623 1888 3678 tendere
1913 3623 1981 3677 ad

395 3712 544 3765 illum
602 3709 777 3764 locum
807 3750 823 3775 ,
868 3725 974 3779 quo
1024 3725 1119 3780 per
1183 3712 1433 3779 angelum
1474 3722 1779 3768 vastantem
1834 3731 1980 3772 mors

394 3803 539 3856 illata
571 3810 933 3870 pervenerat,
971 3812 1027 3857 et
1053 3810 1290 3856 stantem
1321 3804 1373 3857 in
1419 3817 1486 3857 eo
1517 3803 1636 3857 loco
1661 3845 1677 3869 ,
1712 3803 1798 3859 ubi
1836 3820 1981 3861 mors

394 3896 555 3948 ﬁnem
591 3894 814 3949 dederat
846 3894 1035 3964 primis
1061 3934 1075 3959 ,
1113 3904 1166 3949 et
1201 3905 1319 3950 crat
1350 3896 1524 3950 vicina
1556 3896 1867 3966 postremis.
1898 3897 1981 3953 ln-

398 3997 549 4040 tuere
594 3994 830 4041 stantem
879 3987 1232 4055 pontiﬁcem,
1292 3998 1346 4042 et
1389 3987 1697 4057 obiectione
1745 3994 1979 4060 quadam

396 4080 502 4143 sui,
539 4080 782 4134 viventes
814 4093 843 4131 a
880 4079 1112 4132 mortuis
1141 4080 1523 4149 dirimentem;
1556 4083 1818 4138 virtutem
1852 4100 1982 4139 vero

397 4169 856 4238 rcpropitiatiunis
876 4168 1015 4235 ejus,
1034 4179 1087 4223 et
1112 4170 1316 4224 incensi
1344 4172 1665 4242 mysterium
1695 4175 1983 4230 erubuisse

396 4263 649 4332 angelum
699 4271 1071 4325 vastatorem,
1120 4271 1175 4315 et
1227 4262 1277 4315 in
1331 4263 1433 4317 hoc
1482 4275 1709 4318 mortem
1762 4267 1981 4335 quidem

395 4354 625 4421 ﬁnitam,
662 4354 828 4408 vitam
860 4368 986 4407 vero
1022 4363 1350 4421 reparatam.
1380 4353 1437 4408 Si
1465 4354 1781 4410 intellexisti
1811 4358 1980 4412 histo-

395 4447 488 4500 ria:
532 4448 777 4501 ordinem
807 4486 821 4512 ,
870 4456 926 4502 et
955 4447 1155 4512 oculis,
1190 4457 1249 4501 ιιι
1286 4448 1358 4501 ita
1394 4448 1595 4515 dicam,
1628 4464 1851 4505 cernere
1882 4468 1977 4520 por

2091 608 2317 678 spiritus
2363 602 2744 658 immaculatus
2773 640 2789 665 ,
2825 599 3035 654 medius
3064 597 3208 653 inter
3248 598 3398 651 vivos
3429 608 3481 650 et
3525 611 3674 650 more

2095 712 2215 756 tuos
2243 699 2414 764 stetit,
2445 710 2500 752 et
2533 688 2767 751 mortem
2798 708 2904 749 non
2938 691 3067 746 fecit
3097 691 3236 744 ultra
3268 690 3534 759 grassari;
3576 689 3673 744 sed

2089 796 2231 850 sicut
2274 791 2568 863 Apostolus
2602 790 2735 845 dicit
2764 789 2835 854 “,
2864 784 3137 841 destruxit
3171 802 3189 835 σ
3218 798 3342 837 eum
3374 783 3468 852 qui
3506 783 3673 838 liabe-

2090 886 2183 940 bat
2210 884 2402 940 mortis
2428 882 2738 951 imperium,
2769 879 2819 933 id
2850 889 2933 933 est
2965 877 3267 941 diabolum,
3300 884 3359 929 ut
3384 874 3479 943 qui
3503 872 3672 928 credit

2091 975 2145 1028 in
2163 990 2285 1029 eum
2310 972 2421 1041 jam
2448 987 2554 1026 non
2584 971 2871 1033 moriatur,
2895 968 2987 1023 sed
3010 966 3156 1021 vivat
3181 965 3235 1018 in
3268 972 3529 1017 aeternum
3546 961 3615 1015 “.
3648 977 3670 1012 ι

2089 1065 2205 1120 Hoc
2232 1064 2336 1119 fuit
2368 1078 2500 1135 ergo
2531 1061 2853 1132 mysterium
2879 1059 3021 1129 quod
3054 1065 3241 1127 postea
3272 1052 3539 1116 futurum,
3559 1050 3672 1119 jam

2090 1164 2219 1210 tunc
2260 1153 2351 1209 ille
2381 1155 2472 1223 qui
2507 1150 2766 1223 populum
2801 1149 3073 1214 vastabat,
3113 1145 3355 1216 expavit.
3393 1142 3672 1212 Agnosce—

2090 1247 2181 1303 bat
2210 1247 2354 1303 enim
2393 1246 2621 1313 ﬁguram
2666 1241 2839 1299 batilli
2868 1281 2884 1307 ,
2920 1249 2974 1295 et
3023 1239 3164 1310 ignis
3187 1277 3203 1304 ,
3247 1245 3302 1290 et
3332 1232 3573 1288 incensi:
3616 1239 3672 1284 et

2088 1339 2268 1409 qualis
2297 1336 2568 1393 oﬁ‘ereuda
2600 1342 2745 1390 esset
2774 1334 2886 1388 Deo
2916 1332 3094 1388 hostia
3123 1332 3191 1384 ab
3220 1342 3306 1393 eo,
3335 1327 3426 1396 qui
3462 1324 3671 1378 medius

2090 1440 2429 1486 mortuorum
2460 1432 2818 1499 vivorumque
2849 1427 3192 1489 constiterat,
3227 1419 3577 1492 praevidebat.
3607 1416 3672 1471 Et

2090 1524 2213 1578 illos
2260 1522 2477 1591 quidem
2523 1530 2655 1575 tunc
2696 1520 2873 1586 imago
2918 1515 3262 1585 praeﬁgurata
3297 1508 3569 1570 salvavit,
3603 1508 3670 1560 ad

2089 1627 2190 1669 nos
2241 1622 2426 1667 autem
2473 1610 2668 1665 salutis
2728 1606 2934 1662 veritas
2992 1606 3105 1673 ipsa
3164 1600 3433 1672 pervenit.
3490 1597 3672 1665 Neque

2088 1704 2235 1759 enim
2268 1702 2585 1757 indumenta
2621 1696 2893 1768 pontiﬁcis
2930 1707 3171 1765 purpura
3214 1705 3279 1745 ac
3308 1691 3431 1743 lana
3479 1689 3670 1758 bysso-

2088 1810 2193 1866 que
2225 1803 2480 1850 contexta
2524 1789 2833 1847 erubuisset
2881 1786 3101 1855 angelus
3148 1782 3236 1836 ille
3267 1787 3507 1835 vastator
3531 1820 3545 1845 ,
3576 1776 3669 1830 sed

2086 1891 2187 1946 ista
2217 1903 2340 1959 qua:
2386 1886 2572 1942 futura
2604 1892 2762 1939 erant
2797 1879 3112 1935 indumenta
3163 1874 3342 1943 magni
3394 1870 3672 1941 pontiﬁcis

2086 1981 2371 2045 intellexit,
2404 1989 2457 2035 et
2489 1979 2555 2034 iis
2582 1976 2767 2040 cessit,
2799 1972 2998 2043 quibus
3021 1969 3208 2038 utique
3237 1966 3490 2019 universa
3515 1974 3673 2016 crea~

2087 2085 2205 2131 tura
2257 2074 2485 2130 inferior
2531 2078 2671 2128 erat.
2737 2067 2874 2121 Puto
2923 2072 3103 2117 autem
3146 2058 3293 2129 quod
3343 2070 3449 2109 non
3496 2052 3668 2107 solum

2085 2169 2264 2239 primo
2313 2166 2546 2221 adventu
2587 2158 2801 2216 Domini
2838 2164 2893 2211 et
2929 2151 3228 2208 Salvatoris
3271 2148 3440 2202 nostri
3492 2144 3664 2200 forma

2085 2236 2187 2315 ista
2218 2257 2487 2327 completa
2517 2254 2609 2318 sit,
2646 2253 2741 2307 sed
2774 2249 2964 2305 eadem
2994 2242 3244 2300 fortassis
3277 2238 3585 2295 servabitur
3616 2236 3668 2289 in

2085 2352 2345 2407 secundo.
2385 2347 2579 2403 Veniet
2630 2343 2778 2399 enim
2836 2342 3031 2395 iterum
3085 2334 3255 2390 Filius
3301 2330 3576 2387 hominis:
3617 2339 3670 2382 et

2085 2458 2208 2498 cum
2248 2442 2500 2505 venerit,
2532 2440 2651 2494 sine
2684 2437 2847 2492 dubio
2887 2430 3127 2488 inveniet
3154 2427 3417 2498 quosdam
3449 2423 3668 2494 quidem

2087 2545 2347 2597 mortuos,
2378 2531 2645 2603 quosdam
2684 2538 2867 2583 autem
2897 2524 3163 2579 viventes.
3198 2518 3351 2585 Quod
3381 2529 3672 2587 possumus

2085 2627 2302 2696 quidem
2335 2634 2392 2679 et
2423 2622 2503 2678 sic
2556 2619 2860 2689 intelligere
2889 2635 2901 2671 :
2936 2617 3061 2687 quia
3115 2611 3360 2668 nonnulli
3406 2609 3585 2663 adhuc
3616 2607 3669 2661 in

2088 2720 2193 2773 hoc
2227 2717 2356 2771 vita:
2395 2723 2537 2771 statu
2568 2727 2676 2782 quo
2711 2725 2856 2765 nunc
2888 2721 3080 2763 smnus
3122 2704 3475 2759 inveniantur
3500 2738 3515 2762 ,
3546 2714 3668 2751 cum

2087 2809 2239 2864 multi
2272 2809 2384 2878 jam
2438 2802 2826 2876 praecesserint
2874 2799 3098 2854 mortui.
3154 2796 3337 2850 Potest
3386 2802 3569 2845 autem
3618 2797 3673 2843 et

2086 2900 2244 2956 aliter
2272 2899 2477 2968 accipi;
2506 2906 2565 2951 ut
2596 2902 2861 2958 mortuos,
2889 2904 3123 2960 corpora
3166 2885 3561 2953 intelligamus:
3593 2881 3671 2935 vi-

2086 3002 2277 3047 ventes
2307 3000 2486 3046 autem
2514 3027 2530 3053 ,
2578 2987 2807 3040 animas.
2856 2984 3086 3049 Quidam
3121 2992 3299 3032 tamen
3329 2991 3393 3031 ex
3426 2975 3490 3030 iis
3520 3013 3535 3039 ,
3574 2974 3668 3043 qui

2086 3090 2211 3136 ante
2258 3095 2357 3135 nos
2406 3076 2753 3148 interpretati
2803 3082 2933 3129 sunt
2980 3074 3159 3126 locum
3210 3071 3358 3125 hunc
3387 3108 3402 3134 ,
3448 3065 3669 3119 memini

2087 3173 2231 3243 quod
2254 3181 2498 3227 mortuos
2523 3169 2781 3224 dixerunt
2811 3179 2929 3229 eos,
2962 3163 3053 3233 qui
3082 3162 3369 3216 nimietate
3402 3156 3669 3213 scelerum

2086 3270 2139 3322 in
2173 3264 2414 3335 peccatis
2456 3263 2571 3317 suis
2599 3258 2803 3315 mortui
2856 3255 3265 3324 intelliguntur:
3301 3252 3544 3305 viventes
3573 3264 3671 3301 au-

2083 3366 2191 3411 tern
2239 3369 2372 3420 eos,
2423 3353 2513 3422 qui
2550 3352 2602 3405 in
2646 3350 2904 3420 operibus
2952 3346 3075 3400 vita:
3107 3342 3528 3413 permanserint.
3564 3337 3671 3395 Ve-

2084 3456 2390 3503 rumtamen
2448 3443 2708 3498 utrolibet
2756 3438 2915 3494 modo
2963 3435 3132 3493 stabit
3175 3435 3340 3488 etiam
3389 3434 3439 3486 iu
3488 3432 3670 3486 ﬁituro

2082 3553 2308 3609 magnus
2337 3537 2425 3591 hic
2452 3534 2692 3605 pontifex
2727 3541 2782 3586 et
2816 3529 3067 3585 Salvator
3099 3534 3305 3588 noster,
3337 3525 3549 3578 medius
3585 3524 3667 3576 vi-

2082 3643 2273 3684 vorum
2301 3637 2357 3682 et
2396 3636 2759 3681 mortuorum.
2796 3621 2903 3675 Sed
2936 3629 2991 3675 et
3023 3627 3154 3673 tunc
3186 3616 3325 3672 forte
3350 3616 3556 3670 medius
3588 3617 3670 3668 vi-

2081 3736 2274 3776 verum
2304 3726 2358 3775 et
2396 3727 2733 3775 mortuorum
2781 3725 2928 3769 stare
2973 3711 3234 3766 dicendus
3259 3718 3362 3775 est,
3393 3724 3517 3763 cum
3551 3716 3667 3762 sta-

2084 3821 2198 3867 tuet
2220 3825 2348 3866 oves
2374 3809 2594 3880 quidem
2634 3824 2664 3861 a
2701 3805 2905 3862 dextris
2934 3804 3070 3870 suis,
3100 3801 3283 3857 haedos
3320 3808 3498 3855 autem
3532 3815 3562 3854 a
3589 3801 3668 3855 si-

2083 3903 2296 3968 nistris,
2333 3911 2387 3956 et
2416 3902 2559 3956 dicet
2587 3898 2654 3954 iis
2682 3898 2773 3967 qui
2803 3913 2831 3951 a
2863 3895 3068 3951 dextris
3094 3904 3219 3950 sunt
3246 3911 3259 3948 :
3293 3912 3311 3945 ι
3341 3890 3548 3957 Venite,
3582 3894 3671 3948 be-

2083 3994 2283 4050 nedicti
2321 3992 2499 4048 Patris
2539 3990 2684 4057 mei,
2735 3987 3000 4060 percipite
3038 4000 3287 4055 regnum,
3321 3985 3464 4054 quod
3513 3982 3668 4038 vobis

2083 4098 2330 4158 paratum
2358 4097 2445 4141 est
2472 4100 2501 4138 a
2528 4083 2918 4139 constitutione
2951 4080 3135 4134 mundi
3165 4080 3232 4140 '3,
3270 4087 3374 4134 etc.
3412 4097 3432 4130 ι
3474 4077 3543 4131 lis
3580 4092 3670 4130 au-

2083 4187 2192 4233 tem
2224 4178 2316 4248 qui
2359 4192 2386 4228 a
2420 4175 2661 4231 sinistris
2691 4183 2819 4228 sunt
2848 4172 3029 4225 dicet:
3077 4189 3096 4222 ς
3125 4171 3199 4224 Ite
3226 4172 3277 4222 in
3307 4169 3483 4239 ignem
3511 4175 3670 4220 aeter-

2086 4286 2234 4331 num.
2258 4270 2495 4340 operarii
2545 4265 2850 4335 iniquitatis
2878 4305 2893 4328 ,
2936 4278 3096 4331 quem
3147 4261 3473 4331 prteparavit
3502 4258 3668 4312 Pater

2086 4379 2240 4420 meus
2278 4360 2493 4418 diabolo
2535 4367 2590 4414 et
2636 4357 2847 4427 angelis
2902 4358 3018 4425 ejus
3050 4396 3064 4422 ,
3098 4354 3354 4424 quoniam
3403 4368 3506 4405 non
3543 4351 3667 4404 novi

2085 4472 2180 4513 vos
2227 4456 2294 4510 “.
2342 4473 2360 4505 ι
2408 4453 2474 4507 Ει
2524 4460 2650 4510 sunt
2678 4452 2864 4520 utique
2904 4448 3101 4504 mortui
3141 4448 3215 4511 ii,
3253 4446 3346 4515 qui
3397 4445 3451 4498 in
3488 4444 3666 4514 ignem

394 4538 545 4592 luisti
573 4537 881 4607 pontiﬁcem
908 4548 1141 4595 stantem
1169 4539 1402 4592 medium
1429 4539 1570 4593 inter
1591 4540 1741 4595 vivos
1762 4553 1817 4595 et
1843 4559 1982 4597 mor—
2015 4583 2058 4638 Ι)
2090 4547 2378 4601 mittuntur
2401 4552 2696 4607 :eternum;
2727 4551 2853 4596 sunt
2880 4552 3060 4595 autem
3093 4538 3201 4593 vivi
3228 4537 3299 4592 illi
3326 4538 3417 4608 qui
3446 4538 3669 4591 mittun-

398 4640 552 4683 tuos:
583 4631 816 4684 ascende
842 4645 985 4683 nunc
1016 4629 1082 4682 ad
1116 4629 1261 4683 verbi
1292 4628 1452 4696 hujus
1476 4628 1705 4683 celsiora
1740 4630 1977 4703 fastigia,

394 4731 449 4775 et
482 4724 603 4777 vide
634 4724 906 4792 quomodo
939 4737 1099 4776 verus
1144 4723 1383 4792 pontifex
1420 4719 1576 4778 Iesus
1605 4723 1855 4782 Christus
1887 4743 1976 4783 as~

396 4822 613 4883 sumpto
644 4814 835 4870 batillo
867 4815 1050 4869 carnis
1093 4814 1374 4878 humanm,
1405 4826 1459 4870 et
1495 4818 1836 4885 superposito
1869 4818 1977 4887 igni

397 4905 624 4972 altaris,
653 4907 834 4960 anima
885 4907 1005 4961 sine
1036 4907 1199 4961 dubio
1247 4907 1334 4959 illa
1385 4909 1674 4976 magniﬁca
1712 4924 1835 4962 cum
1873 4924 1976 4979 qua

466 4998 511 5029 ²⁰
544 4999 559 5051 l
590 4996 747 5052 Joan.
778 5013 837 5062 ιι,
867 4998 919 5052 8.
1022 4998 1062 5030 ²¹
1096 4997 1257 5053 Hebr.
1297 5014 1357 5063 ll,
1395 4999 1481 5054 14.

397 5068 442 5101 ³⁵
469 5065 630 5123 Νιιιιι.
681 5083 791 5136 xVI,
821 5068 910 5121 50.

468 5182 581 5253 (97)
616 5180 835 5253 Filioli,
866 5183 1174 5236 mandatum
1226 5198 1411 5236 novum
1442 5183 1509 5236 do
1543 5183 1687 5253 voltis
1714 5221 1729 5246 ,
1758 5191 1814 5235 ut
1844 5183 1979 5237 invi-

398 5251 803 5322 cemﬂdiliguu’s.
837 5253 1095 5306 Memoria
1144 5254 1230 5306 hic
1259 5252 1447 5321 lapsus
1478 5259 1560 5306 est
1592 5251 1857 5322 Origenes
1883 5254 1978 5322 qui

399 5338 466 5376 cx
506 5320 747 5392 Epistula
772 5321 997 5375 Joannis
1031 5321 1212 5376 laudat
1252 5320 1395 5391 quod
1424 5335 1528 5376 una
1562 5339 1580 5371 ι
1620 5320 1769 5376 lilioli
1802 5341 1819 5373 ι
1849 5320 1981 5377 voce

399 5404 648 5515 emergit,
686 5393 738 5445 in
785 5392 902 5460 ejus
958 5392 1252 5461 Evangelio
1293 5402 1500 5447 tantum
1554 5393 1827 5460 reperitur
1856 5407 1979 5462 cap.

401 5478 523 5516 xm.
628 5500 642 5514 .

464 5503 775 5656 ἐῦὃῗίλίὺιι.
804 5530 957 5596 editi,
987 5550 1004 5582 ι
1038 5538 1095 5584 ιιι
1124 5530 1317 5585 offerat
1346 5532 1623 5584 incensum
1654 5531 1705 5584 in
1735 5539 1935 5597 castra,
1960 5549 1979 5583 ι

531 5617 663 5656 mss.
705 5601 1056 5656 Ebrolcensis
1105 5612 1156 5655 et
1203 5601 1546 5656 Belvacensis
1600 5611 1656 5655 ut
1704 5601 1757 5653 in
1795 5611 1979 5656 nostro

403 5601 663 5726 sedltnss.
705 5601 1056 5657 Ebrolcensis
1105 5612 1156 5655 et
1203 5601 1546 5656 Belvacensis
1600 5611 1656 5655 ut
1704 5601 1757 5653 in
1795 5611 1981 5657 nostro

409 5683 491 5726 tex
525 5689 577 5726 ιι.

632 5739 872 5794 Vastatio
894 5779 909 5804 ,
941 5739 1018 5811 vel
1056 5748 1233 5811 certe,
1268 5748 1321 5790 ut
1351 5738 1523 5811 verius
1553 5740 1704 5811 habet
1751 5756 1803 5793 se
1834 5738 1979 5793 Scri-

408 5809 578 5879 ρωνω
612 5828 779 5867 sermo
803 5850 816 5876 ,
852 5810 1163 5879 confractio.
1200 5810 1458 5879 Suspicor
1507 5809 1822 5865 varietatem
1873 5826 1980 5864 non

1583 5003 1627 5033 "
1663 5001 1823 5057 Joan.
1866 5017 1949 5067 ιιι,
1985 5004 2071 5058 15.

2089 4648 2176 4691 tur
2205 4637 2272 4690 ad
2301 4648 2542 4703 regnum.

2158 4732 2212 4785 6.
2249 4746 2267 4779 ι
2296 4728 2363 4783 Ει
2389 4728 2660 4791 cessavit,
2694 4724 2874 4794 inquit
2905 4724 2975 4787 ’⁵,
3005 4722 3239 4777 vastatio
3264 4720 3500 4793 (υμνοι,
3528 4727 3585 4775 ιιι
3614 4720 3666 4774 in

2088 4818 2208 4873 aliis
2227 4817 2630 4887 exemplaribus
2655 4816 2755 4885 legi
2776 4813 3064 4877 diximus,¢
3079 4812 3378 4868 contractio
3394 4830 3406 4864 :
3422 4812 3591 4880 iquod
3613 4819 3669 4863 et

2088 4910 2261 4981 magis
2284 4910 2751 4980 interpretationis
2790 4907 3044 4963 convenit
3080 4905 3318 4960 veritati.
3357 4903 3670 4958 Confractio

2175 5004 2219 5034 ’³
2266 5003 2460 5059 Matth.
2490 5019 2616 5071 xxv,
2650 5001 2739 5057 54.
2853 4999 2899 5030 ’⁸
2937 4998 3069 5053 ibid.
3098 4998 3156 5051 41
3190 5014 3205 5063 ;
3240 4996 3353 5050 Luc
3404 5013 3524 5061 xm,
3575 4994 3664 5050 27.

2087 5183 2254 5239 fuisse
2281 5184 2331 5238 in
2379 5183 2779 5253 exemplaribus
2814 5181 3062 5253 Graecis,
3108 5183 3204 5237 sed
3234 5179 3565 5253 inHLatinis.
3607 5177 3662 5253 l_n

2090 5256 2366 5309 hodiernis
2408 5247 2757 5322 Septuaginta
2812 5251 3167 5322 lnterpretmn
3193 5250 3495 5322 codicibus
3525 5247 3662 5322 _sola

2090 5325 2355 5393 reperitur
2378 5317 2557 5388 lectio,
2583 5317 2807 5391 θραῦσις
2836 5340 2853 5373 ι
2883 5317 3111 5389 tractio;
3136 5340 3154 5373 ι
3191 5321 3241 5393 in
3265 5317 3496 5393 _H_ebra=:o
3520 5317 3669 5393 fonte

2090 5386 2285 5463 Ιοτὲξίῑιιι·
2320 5402 2480 5454 ΠΞᾹὩ
2522 5386 2758 5463 (plaga,
2809 5386 3112 5460 percussio.
3143 5409 3161 5442 ι
3197 5389 3280 5463 ᾼιΙ
3313 5389 3455 5463 hanc
3500 5386 3666 5453 signi-

2092 5457 2397 5518 ﬁcationem
2430 5457 2603 5533 magis
2638 5457 2853 5519 accedit
2891 5478 2990 5518 vox
3046 5480 3064 5512 ι
3088 5457 3407 5520 confractio,
3435 5474 3455 5507 ι
3500 5471 3659 5521 quam

2098 5554 2116 5584 ι
2152 5536 2403 5588 vastatio.
2437 5554 2456 5587 ι

2164 5606 2239 5675 (l)
2270 5605 2323 5657 In
2352 5604 2541 5658 codice
2572 5603 2884 5657 Ebroieensi
2921 5601 3190 5675 legitur,_t
3214 5596 3519 5675 quassatio.
3550 5614 3567 5645 ι
3601 5595 3665 5675 lit

2092 5666 2268 5729 mox}
2309 5674 2742 5742 interpretationi
2768 5666 3014 5728 convenit
3037 5666 3295 5721 veritatis.
3330 5684 3347 5718 ι
3386 5667 3583 5735 Sicque
3611 5668 3663 5718 iu

2092 5746 2272 5802 codice
2309 5743 2643 5800 Bclvacensi.
