4134 6438
448 398 543 452 (151

1944 394 2104 451 01116
2115 394 2267 450 ΕΝ15

3610 399 3723 452 632

448 530 681 583 namque
711 524 793 570 est
819 558 831 579 ,
861 529 982 583 qua:
1022 512 1166 566 velut
1207 512 1258 565 in
1292 512 1437 567 vasis
1489 511 1747 567 ﬁctilibus
1776 510 2026 567 efﬁcitur.
2061 520 2106 576 Α
2133 514 2324 568 domos
2353 512 2682 566 familiarum
2713 514 2979 581 ipsorum,
3008 516 3073 567 ab
3101 515 3354 568 omnibus
3382 513 3725 585 principibus

446 607 769 661 Peccatores
804 620 933 674 ergo
979 620 1105 659 vasa
1163 604 1349 658 ﬁctilia
1391 606 1555 668 littttt,
1593 604 1730 657 sicut
1765 602 2029 657 Jeremias

446 700 709 768 propheta
758 698 1005 765 designat
1051 697 1104 750 in
1146 695 1652 749 Lamentationibus
1680 696 1746 759 ",
1799 695 2021 748 dicens:

451 811 471 841 α
505 790 620 843 Filii
657 790 810 851 Sion,
857 790 948 857 qui
983 800 1139 842 erant
1170 788 1512 842 honorabiles
1545 797 1600 841 et
1630 788 1679 841 in
1715 802 1848 840 auro
1876 786 2027 850 elati,

445 884 718 950 quomodo
768 882 998 949 reputati
1034 890 1160 934 sunt
1208 883 1258 934 in
1291 896 1418 935 vasa
1469 881 1677 943 fictilia,
1711 895 1875 947 opera
1915 895 2029 933 ma-

445 990 612 1027 nuum
648 974 839 1042 ﬁguli?
881 993 898 1023 ι
956 973 1061 1027 Et:
1116 992 1133 1024 ‹
1182 973 1235 1025 1η
1273 974 1434 1027 domo
1478 988 1668 1042 magna
1719 988 1823 1026 non
1880 981 2030 1036 sunt,

447 1066 622 1132 inquit
667 1066 953 1133 Apostolus
1007 1065 1085 1129 ³⁷,
1135 1065 1507 1118 tantummodo
1552 1079 1680 1117 vasa
1724 1080 1887 1117 aurea
1917 1105 1931 1127 ,
1968 1073 2024 1118 et

445 1166 729 1225 argentea,
759 1156 930 1209 sedet
962 1156 1131 1223 lignea
1160 1166 1213 1210 et
1246 1157 1468 1209 ﬁctilia:
1501 1166 1556 1209 et
1587 1156 1692 1209 alia
1723 1157 1938 1224 quidem
1965 1157 2030 1209 ad

447 1249 734 1311 honorem,
773 1247 877 1298 alia
909 1257 1087 1300 autem
1126 1248 1191 1299 ad
1220 1247 1627 1301 contumeliam.
1662 1267 1681 1299 ι
1728 1246 1866 1300 Sunt
1902 1261 2032 1316 ergo

445 1354 573 1392 vasa
611 1338 791 1392 ﬁetilia
822 1339 887 1391 ad
920 1338 1295 1392 contumeliam
1321 1377 1335 1398 ,
1366 1352 1487 1405 qum
1529 1346 1583 1390 et
1605 1337 1869 1407 confringi
1904 1352 2029 1404 pos-

446 1440 592 1484 sunt.
630 1430 736 1484 Sed
775 1430 1183 1483 consideremus
1213 1427 1531 1497 diligentius
1568 1429 1695 1493 quid
1748 1432 1798 1481 in
1834 1443 2030 1482 conse-

444 1522 738 1589 quentibus
786 1519 1073 1587 Apostolus
1108 1520 1177 1573 de
1220 1520 1351 1586 ipsis
1381 1519 1525 1571 vasis
1559 1518 1817 1572 ﬁctilibus
1848 1518 2028 1571 dicat:

450 1631 470 1662 ι
496 1608 552 1664 Si
583 1611 728 1679 quis,
762 1610 937 1677 inquit
966 1610 1031 1675 ³⁸,
1062 1608 1438 1661 emnndaverit
1466 1610 1815 1676 semetipsum
1842 1608 1911 1659 ab
1941 1607 2027 1673 iis,

445 1704 551 1757 erit
576 1718 672 1755 vas
708 1702 775 1754 ad
805 1702 1065 1753 honorem
1100 1699 1525 1766 sanctiﬁcatum,
1558 1710 1611 1752 et
1639 1699 1769 1752 nti'le
1804 1698 2030 1752 Domino

445 1796 511 1846 ad
543 1808 700 1846 omne
729 1806 864 1861 opus
897 1792 1097 1843 bonmn
1136 1802 1407 1858 paratum.
1446 1811 1464 1842 ι
1519 1791 1572 1843 lu
1606 1806 1713 1853 quo
1744 1790 2030 1845 ostendere

2136 607 2375 674 ipsormn
2409 606 2693 660 duodecim
2721 607 2937 675 virgas;
2974 617 3028 661 et
3060 608 3490 677 uniuscujusque
3524 623 3719 662 eorum

2133 712 2326 751 nomen
2353 698 2537 751 scribe
2572 698 2624 750 in
2648 696 2796 765 virga
2836 712 2935 751 sua
2981 714 2995 750 :
3028 708 3083 751 et
3108 713 3303 751 nomen
3334 700 3513 751 Aaron
3540 698 3725 752 scribe

2133 788 2185 841 in
2215 790 2363 857 virga
2416 788 2542 843 Levi
2574 804 2587 840 :
2620 797 2703 841 est
2730 788 2874 841 enim
2914 789 3064 855 virga
3100 805 3203 842 una
3235 788 3334 860 (2),
3362 804 3457 857 per
3491 791 3714 853 tribuni,

2133 895 2231 948 per
2259 882 2451 934 domos
2500 880 2835 934 familiarum
2878 895 3105 933 suarum
3136 880 3342 934 dabunt
3376 881 3494 935 tibi.
3530 881 3593 934 Et
3620 896 3723 949 po-

2133 986 2230 1025 nes
2256 986 2349 1026 eas
2391 972 2443 1025 in
2478 973 2891 1027 tabernaculum
2941 973 3242 1026 testimonii
3286 983 3475 1027 contra
3507 988 3713 1037 arcam,

2134 1077 2198 1115 ex
2230 1063 2427 1131 quibus
2460 1078 2734 1132 aguosear
2766 1063 2863 1117 tibi
2899 1064 3047 1117 inde.
3100 1064 3167 1116 Et
3197 1064 3301 1117 erit
3330 1064 3491 1118 homo
3520 1078 3716 1133 quem-

2132 1171 2347 1225 cunque
2372 1158 2609 1227 elegero,
2640 1159 2789 1228 virga
2825 1160 2943 1226 ejus
2982 1158 3330 1226 germinabit,
3374 1166 3428 1210 et
3473 1156 3717 1209 auferam

2133 1267 2162 1302 a
2195 1260 2244 1303 te
2277 1252 2769 1307 murmurationem
2799 1254 3036 1306 ﬁliorum
3065 1250 3231 1304 Israel
3270 1268 3284 1304 :
3312 1250 3365 1303 in
3393 1251 3725 1318 quihuscuno

2132 1357 2239 1412 que
2264 1354 2612 1398 murmurant
2637 1344 2739 1412 ipsi
2768 1347 2833 1399 de
2859 1346 3033 1400 vobis.
3068 1364 3086 1396 ι
3122 1345 3310 1399 Omnis
3338 1344 3590 1411 princeps
3621 1340 3727 1393 trio

2134 1433 2236 1486 bus
2267 1444 2323 1485 et
2348 1433 2527 1502 populi
2566 1434 2729 1487 habet
2778 1436 3009 1504 virgam.
3047 1434 3162 1488 Non
3214 1433 3360 1487 enim
3395 1440 3571 1499 potest
3597 1433 3721 1499 quis

2134 1540 2323 1593 regere
2358 1527 2641 1594 populum,
2681 1528 2782 1582 nisi
2816 1528 3015 1583 habeat
3037 1529 3271 1599 virgam.
3311 1527 3467 1582 Unde
3490 1535 3547 1580 et
3573 1525 3717 1579 Pau-

2133 1614 2217 1668 lus
2245 1616 2543 1684 apostolus,
2573 1617 2698 1686 quia
2726 1619 2983 1687 princeps
3014 1628 3133 1673 erat
3162 1616 3364 1687 p0puli,
3402 1616 3607 1670 idcirco
3637 1614 3725 1668 di-

2133 1709 2290 1761 cebat
2325 1728 2337 1761 :
2377 1726 2405 1761 ι¹
2444 1708 2583 1775 Quid
2629 1711 2837 1764 vultis‘.ll
2860 1712 2913 1766 In
2950 1711 3101 1781 virga
3136 1714 3353 1763 veniam
3386 1709 3452 1761 ad
3482 1723 3597 1769 vos,
3625 1715 3721 1759 aut

2136 1800 2187 1852 in
2215 1801 2504 1863 charitate,
2541 1803 2849 1871 spirituque
2882 1802 3319 1856 mansuetudinis
3358 1800 3445 1852 ”?
3480 1819 3498 1852 ι
3528 1798 3728 1853 Omnis

453 1885 680 1943 videtur,
713 1885 855 1950 quod
879 1891 933 1935 et
958 1898 1053 1935 vas
1079 1884 1251 1951 ipsum
1278 1883 1422 1951 quod
1452 1884 1530 1947 lit,
1550 1893 1606 1936 et
1630 1897 1727 1952 per
1752 1897 1912 1951 quem
1945 1882 2028 1945 lit,

2138 1908 2262 1959 ergo
2294 1893 2549 1960 princeps
2590 1894 2828 1946 trilmum
2886 1894 3088 1946 habeat
3128 1904 3354 1945 necesse
3384 1898 3470 1944 est
3504 1889 3718 1955 virgam

445 1992 583 2028 unus
608 1986 770 2041 atque
795 1974 939 2026 idem
971 1975 1133 2027 homo
1157 1975 1246 2027 sit.
1274 1973 1519 2042 lntellige
1534 1988 1662 2042 ergo
1689 1973 2022 2042 propositum

640 2067 859 2134 quidem
919 2067 1159 2119 hominis
1203 2081 1326 2118 e598
1360 2067 1499 2134 quod
1544 2075 1805 2133 operatur
1848 2083 1862 2119 :
1903 2065 2025 2117 reli-

442 2176 604 2225 quam
639 2169 819 2212 autem
855 2167 1064 2227 partem
1104 2158 1342 2210 hominis
1371 2158 1545 2226 ipsum
1574 2172 1698 2210 esse
1732 2170 1845 2219 vas,
1882 2155 2025 2224 quod

444 2250 506 2303 tit
551 2248 633 2302 vel
682 2248 748 2299 ad
794 2247 1079 2307 honorem,
1115 2246 1196 2298 vel
1243 2246 1656 2299 contumeliam.
1718 2245 1851 2298 Cum
1895 2261 2028 2313 ergo

442 2355 636 2394 sensus
671 2349 853 2394 uoster
881 2356 1000 2407 qua:
1031 2340 1167 2391 bona
1193 2348 1316 2391 sunt
1336 2336 1509 2405 eligit,
1535 2338 1669 2389 etad
1703 2336 1899 2389 bonam
1929 2351 2029 2391 nos

442 2435 923 2489 conversationem
959 2432 1146 2494 trahit,
1178 2431 1313 2485 facit
1339 2445 1437 2482 nos
1469 2445 1562 2482 vas
1596 2429 1745 2483 utile.
1768 2430 1901 2483 Cum
1931 2444 2035 2482 all-7

444 2539 551 2580 tem
587 2525 907 2594 neglexerit,
939 2532 989 2577 et
1027 2524 1293 2579 deciderit
1340 2523 1678 2594 propositum
1718 2532 1963 2575 nostrum
1997 2538 2025 2574 τι

446 2619 620 2683 bonis,
645 2619 913 2672 ellicimur
944 2631 1040 2671 vas
1066 2616 1137 2670 ad
1161 2616 1569 2671 contumeliam.
1605 2616 1659 2667 Si
1700 2629 1831 2683 ergo
1864 2613 2026 2667 intel-

442 2711 618 2766 lectus
651 2721 841 2765 noster
891 2710 1073 2763 luteus
1116 2710 1206 2775 sit,
1238 2717 1293 2763 et
1331 2711 1399 2764 de
1445 2707 1556 2760 luto
1593 2722 1808 2775 semper
1850 2720 1913 2759 ac
1963 2705 2030 2758 de

446 2806 679 2859 terrenis
706 2805 934 2872 cogitet,
968 2803 1233 2857 eﬁicimur
1265 2819 1362 2856 vas
1415 2802 1606 2865 ﬁctile,
1638 2810 1694 2855 et
1740 2814 1875 2867 opus
1916 2813 2031 2851 ma-

442 2914 609 2951 nuum
668 2897 843 2966 ﬁguli.
908 2897 975 2950 Et
1021 2896 1163 2951 forte
1211 2905 1435 2964 propter
1466 2896 1567 2948 hoc
1616 2894 1719 2946 iste
1760 2892 1849 2959 qui
1904 2890 2028 2943 talis

441 3000 549 3055 est,
582 2991 901 3059 increpatur
933 2991 1001 3043 ab
1034 2989 1320 3058 Apostolo,
1358 2987 1513 3057 quasi
1547 2987 1638 3055 qui
1677 3001 1897 3040 sensum
1932 2986 2029 3038 ha-

444 3084 583 3135 bens
615 3081 819 3136 luteum
844 3091 899 3136 et
935 3091 1232 3145 terrenum,
1261 3081 1327 3133 de
1358 3079 1567 3147 magnis
1593 3086 1648 3131 et
1684 3078 1748 3130 iis
1788 3092 1907 3145 qua:
1933 3091 2027 3127 ea-

442 3191 574 3245 pere
598 3192 705 3230 non
738 3184 939 3244 potest,
970 3184 1179 3243 quaerat
1208 3184 1264 3227 et
1301 3175 1449 3227 dicat
1478 3191 1489 3224 :
1529 3191 1546 3223 ι
1588 3172 1729 3238 Quid
1775 3187 1913 3241 ergo
1934 3172 2029 3224 ad-

447 3242 555 3320 huc
576 3242 971 3334 conqueritur?
991 3242 1277 3317 iVoluutati
1298 3263 1445 3315 enim
1470 3260 1586 3327 ejus
1611 3261 1733 3328 quis
1757 3258 2025 3313 resistit?»
2061 3242 2106 3304 C

443 3358 542 3411 Cui
573 3355 877 3427 Apostolus
914 3354 1071 3423 quasi
1124 3354 1272 3407 luteo
1308 3351 1589 3420 respondit
1615 3353 1660 3382 ²⁹
1690 3368 1704 3405 :
1741 3370 1758 3400 ι
1798 3349 1877 3403 Tu
1914 3348 2039 3418 quis

441 3464 525 3513 es,
551 3462 584 3501 ο
617 3447 805 3511 homo,
835 3446 927 3515 qtti
962 3455 1159 3499 contra
1210 3443 1545 3513 respondeas
1594 3442 1756 3496 Deo?
1783 3439 2038 3509 Nunquid

442 3539 579 3593 dicit
611 3540 926 3609 ﬁgmentum
971 3538 1019 3591 ei
1070 3538 1162 3607 qui
1218 3552 1277 3592 se
1329 3537 1507 3600 finxit,
1532 3535 1670 3603 Quid
1721 3548 1808 3589 me
1858 3534 2036 3588 fecisti

442 3632 565 3687 sic?
599 3650 620 3684 ι
668 3631 876 3685 Dicitur
904 3641 1169 3699 prmterea
1197 3645 1398 3698 corpus
1430 3639 1677 3682 nostrum
1710 3641 1804 3679 vas
1852 3625 2037 3690 fictile,

443 3727 560 3780 sive
589 3725 754 3780 etiam
788 3724 921 3793 legis
958 3725 1161 3789 littera,
1191 3724 1246 3777 in
1271 3738 1337 3776 co
1359 3722 1500 3791 quod
1534 3723 1611 3775 ait
1638 3720 1930 3789 Apostolus
1952 3719 1995 3750 ³ο
2020 3732 2036 3771 :

449 3839 468 3868 ι
506 3820 778 3873 [labentes
808 3828 989 3871 autent
1022 3818 1336 3871 thesaurum
1375 3818 1520 3871 hunc
1568 3816 1623 3869 in
1658 3820 1806 3869 vasis
1860 3813 2032 3867 ﬁctili-

443 3915 566 3966 bus.
610 3930 629 3962 ι
670 3909 970 3977 Utrumque
1006 3909 1150 3963 enim
1204 3910 1255 3962 in
1309 3911 1411 3963 hoc
1457 3923 1711 3963 sermone
1741 3906 1911 3975 accipi
1945 3921 2040 3975 po-

446 4014 579 4071 test,
620 4014 676 4059 et
708 4006 853 4074 quod
893 4004 946 4057 in
988 4018 1221 4072 corpore
1265 4004 1423 4057 nobis
1476 4003 1670 4071 positis
1719 4002 2039 4056 thesaurum

447 4095 639 4162 gratiae
664 4110 762 4164 per
784 4092 1050 4163 Spiritum
1082 4104 1331 4146 sanctum
1374 4093 1635 4147 Dominus
1662 4093 1947 4161 largiatur,
1985 4099 2040 4144 et

445 4187 591 4256 quod
632 4187 683 4241 in
718 4187 1065 4241 sermonibus
1100 4186 1255 4255 legis,
1282 4185 1373 4252 qui
1405 4184 1537 4239 viles
1566 4196 1619 4238 et
1647 4186 1697 4238 in
1728 4192 2039 4252 contemptu

447 4281 725 4334 habentur
758 4295 857 4348 pro
879 4295 944 4334 eo
974 4279 1117 4349 quod
1154 4279 1302 4333 nulla
1334 4289 1450 4332 arte
1481 4279 1837 4347 grammatica
1868 4294 2035 4349 expo-

445 4370 526 4424 liti
560 4370 840 4437 videntur,
868 4372 1183 4426 reconditus
1215 4371 1285 4425 sit
1330 4370 1624 4424 thesaurus
1659 4371 1941 4438 sapientia:
1980 4380 2037 4425 et

446 4461 693 4516 scientiae
725 4461 858 4525 Dei;
908 4463 981 4516 ita
1044 4470 1102 4514 ut
1158 4461 1356 4515 merito
1396 4460 1503 4514 dici
1543 4462 1740 4529 possit,
1792 4462 1936 4529 quod
1984 4462 2034 4514 in

2132 1998 2313 2047 Suam,
2350 1986 2442 2036 sed
2500 2000 2638 2038 unus
2671 1984 2820 2037 solus
2856 1992 2963 2044 est,
3002 1983 3144 2036 sicut
3197 1980 3477 2049 Scriptura
3532 1977 3724 2041 refert,

2136 2077 2377 2145 pontifex
2408 2079 2589 2130 Aaron
2623 2078 2777 2147 cujus
2814 2077 2965 2144 virga
2988 2075 3332 2145 germinavit.
3367 2074 3563 2126 Verum
3591 2086 3729 2139 quo-

2134 2163 2301 2224 niam,
2330 2172 2386 2217 ιιι
2413 2180 2563 2233 saepe
2586 2165 2947 2227 ostendimus,
2992 2180 3154 2217 verus
3180 2163 3423 2232 pontifex
3470 2162 3722 2217 Christus
3776 2170 3777 2173 ‘

2136 2267 2237 2317 est,
2275 2257 2388 2323 ipse
2422 2258 2573 2311 solus
2607 2266 2709 2319 est,
2760 2258 2914 2325 cujus
2954 2258 3103 2325 virga
3150 2258 3335 2310 crucis
3381 2271 3488 2308 non
3540 2255 3714 2308 solum

2134 2350 2482 2418 germinavit,
2511 2349 2611 2402 sed’
2632 2360 2684 2402 et
2714 2349 2919 2411 floruit,
2950 2359 3001 2402 et
3035 2364 3224 2401 omnes
3252 2350 3349 2401 hos
3379 2346 3721 2400 credentium

2137 2442 2455 2509 populorum
2495 2441 2681 2493 attulit
2709 2441 2938 2495 fructus.
2974 2442 3107 2507 Quis
3145 2451 3326 2492 autem
3358 2440 3457 2492 iste
3486 2448 3570 2491 cst
3611 2437 3729 2489 fru-

2135 2544 2275 2597 ctus,
2297 2547 2455 2602 quem
2481 2531 2701 2585 attulit?
2728 2531 2926 2597 Nuces,
2957 2533 3156 2600 inquit,
3183 2532 3273 2600 qui
3311 2528 3521 2584 fructus
3544 2528 3722 2597 primo

2135 2628 2350 2695 quidem
2386 2626 2711 2679 indumento
2740 2642 2961 2680 amarus
3005 2636 3089 2679 est
3131 2644 3144 2678 :
3178 2623 3428 2691 sequenti
3481 2621 3735 2675 munitur

2136 2728 2190 2771 et
2225 2716 2445 2785 tegitur.
2474 2715 2660 2770 Tertio
2697 2724 3004 2768 sumentem
3039 2714 3216 2782 pascit
3260 2728 3322 2765 ac
3352 2711 3542 2763 nutrit.
3572 2708 3727 2762 Talis

2136 2822 2265 2875 ergo
2288 2819 2371 2860 est
2418 2807 2471 2861 in
2510 2807 2781 2861 auditorio
2820 2806 2895 2877 (5)
2928 2805 3129 2859 Christi
3168 2804 3421 2858 doctrina
3466 2800 3606 2871 legis
3659 2807 3720 2853 et

2137 2902 2557 2969 prophetarum.
2597 2900 2779 2954 Prima
2814 2900 3010 2951 littera:
3042 2898 3211 2951 facies
3237 2896 3371 2949 satis
3400 2908 3582 2947 amara
3612 2901 3727 2956 est,

2135 3010 2256 3063 quae
2287 2992 2761 3047 circmncisionem
2793 2990 2980 3044 carnis
3018 2990 3283 3058 praecipit,
3310 3002 3431 3056 qua:
3456 2988 3521 3040 de
3544 2984 3722 3041 sacri-

2139 3085 2277 3139 liciis
2309 3084 2551 3147 mandat,
2590 3090 2644 3136 et
2671 3092 2865 3136 caetera
2901 3095 3024 3149 qttte
3054 3095 3153 3150 per
3191 3079 3530 3134 occidentem
3578 3075 3726 3131 litte~

2138 3192 2255 3231 ram
2290 3176 2674 3241 designantur.
2731 3174 2856 3229 llzcc
2916 3172 3101 3228 omnia
3161 3182 3418 3239 tanquam
3472 3182 3729 3222 amarum

2141 3269 2295 3322 nucis
2339 3268 2597 3320 corticem
2653 3265 2873 3333 projice.
2905 3262 3162 3319 Secundo
3192 3262 3245 3316 in
3281 3262 3402 3315 loco
3434 3258 3500 3313 ad
3542 3258 3724 3313 muni-

2140 3371 2322 3415 menta
2352 3371 2503 3414 testa;
2532 3361 2839 3429 pervenies,
2872 3358 2924 3412 in
2959 3373 3067 3426 quo
3084 3358 3166 3412 vel
3197 3355 3418 3411 moralis
3451 3352 3722 3417 doctrina,

2141 3455 2221 3505 vel
2257 3453 2394 3506 ratio
2428 3452 2779 3506 continentia!
2829 3451 3170 3520 designatur.
3229 3447 3361 3513 Qua:
3408 3443 3720 3499 necessaria

2140 3545 2358 3611 quidem
2401 3554 2528 3596 sunt
2576 3544 2641 3595 ad
2685 3542 2987 3596 custodiam
3039 3554 3230 3595 eorum
3279 3552 3399 3607 quae
3437 3542 3731 3591 servantur

2141 3636 2493 3698 intrinsecus,
2544 3634 2846 3703 frangenda
2894 3633 3221 3701 quandoque
3264 3636 3446 3684 tamen
3502 3636 3556 3681 et
3608 3625 3731 3679 sine

2138 3727 2308 3780 dubio
2337 3727 2680 3781 dissolveuda
2713 3736 2859 3780 sunt.
2883 3726 2954 3782 Ut
2982 3725 3028 3779 si
3062 3722 3214 3777 verbi
3244 3721 3415 3790 gratia
3454 3719 3726 3781 dicamus,

2141 3819 2475 3871 abstinentia
2527 3818 2802 3883 cihormn,
2836 3827 2887 3872 et
2920 3816 3209 3886 castigatio
3244 3811 3515 3881 corporis,
3549 3808 3729 3862 donec

2139 3924 2329 3962 smnus
2366 3910 2419 3962 in
2447 3926 2677 3979 corpore
2710 3911 2814 3963 isto
2843 3906 3193 3977 corruptibili
3224 3913 3281 3958 et
3309 3900 3575 3973 passibili,
3607 3899 3729 3951 sine

2140 4001 2304 4055 dubio
2328 4002 2639 4055 necessaria
2672 4012 2778 4055 est.
2818 4000 2955 4054 Cum
2998 4007 3179 4052 autem
3231 3992 3574 4049 coufractmn
3610 3989 3731 4043 fue-

2142 4096 2212 4148 rit
2243 4110 2307 4149 ac
2341 4094 2668 4159 resolutum,
2708 4103 2763 4147 et
2796 4091 3221 4147 resurrectionis
3269 4096 3512 4154 tempore
3545 4084 3724 4137 incor—

2142 4186 2401 4255 ruptibile
2446 4201 2511 4239 ex
2558 4184 2899 4255 corruptibili
2941 4183 3240 4243 redditum,
3292 4186 3454 4247 atque
3496 4191 3559 4230 ex
3609 4173 3727 4227 ani-

2142 4279 2263 4332 mali
2307 4278 2589 4349 spiritale:
2628 4294 2733 4334 non
2768 4277 2879 4346 jaut
2914 4276 3097 4330 labore
3120 4272 3445 4339 aﬁlictionis,
3473 4284 3571 4323 nec
3602 4267 3729 4321 abs-

2143 4374 2379 4427 tinentiae
2415 4374 2796 4443 castigatione,
2833 4373 2927 4426 sed
2976 4370 3260 4440 qualitate,
3293 4366 3439 4421 nulla
3468 4365 3576 4434 jam
3605 4378 3729 4418 cor-

2143 4464 2256 4534 pori
2291 4463 2596 4533 corruptela
2644 4463 3014 4517 dominabitur
3043 4460 3142 4529 (1).
3194 4458 3285 4513 Sic
3324 4471 3454 4527 ergo
3487 4465 3541 4509 et
3586 4469 3729 4507 nti-uc

443 4554 582 4620 ipsis
631 4552 743 4605 sint
776 4552 1019 4605 thesauri
1058 4551 1360 4620 sapientiae,
1419 4562 1477 4604 et
1523 4552 1768 4606 scientiae
1790 4554 1880 4606 Dei
1915 4556 2035 4609 abs-
2070 4592 2114 4644 Ι)
2146 4558 2454 4611 necessaria
2490 4555 2838 4610 abstinentiae
2873 4554 3009 4607 ratio
3035 4554 3268 4615 videtur,
3298 4562 3352 4605 et
3381 4550 3729 4621 postmodum

445 4642 655 4696 conditi
688 4642 757 4695 ³⁸.
825 4641 953 4695 limo
1000 4642 1159 4695 nobis
1192 4642 1336 4695 dicta
1382 4642 1492 4694 sint
1530 4641 1596 4693 de
1638 4642 2033 4710 confractione,

446 4748 569 4802 qua:
601 4747 849 4787 (38553550
880 4742 1213 4786 memoratur
1248 4750 1260 4784 ἶ
1297 4748 1437 4787 nunc
1465 4744 1645 4788 autem
1671 4751 1838 4803 pauca
1872 4738 2034 4790 etiam

452 4828 520 4880 de
551 4825 802 4894 sequenti
848 4824 1075 4878 historia
1121 4826 1481 4889 disseramus,
1513 4826 1565 4879 in
1604 4842 1710 4896 qua
1762 4828 2035 4898 virgarum

449 4917 905 4972 commemoratio
939 4916 1323 4969 introducitur.

522 5008 573 5059 7.
596 5009 672 5057 «³³
690 5008 752 5061 Ει
785 5009 994 5062 locutus
1018 5018 1103 5063 cst
1132 5007 1392 5063 Dominus
1425 5011 1490 5062 ad
1524 5008 1767 5079 Moysen,
1798 5012 1984 5065 dicens
2022 5032 2035 5066 :

451 5096 701 5168 Loquere
735 5097 863 5151 ﬁliis
910 5098 1100 5162 Israel,
1135 5108 1187 5152 et
1243 5100 1431 5166 accipe
1484 5100 1550 5150 ab
1583 5100 1663 5152 eis
1694 5099 1900 5165 virgam
1945 5118 2041 5167 ιιι-ι’

520 5270 569 5301 ’⁸
598 5270 798 5325 Tltren.
834 5285 908 5331 tv,
934 5269 990 5323 2.

454 5336 497 5365 ³³
525 5341 685 5396 Num.
717 5356 852 5407 xm,
884 5340 989 5393 1-5.

1069 5270 1111 5300 ²τ
1138 5268 1176 5321 II
1207 5267 1346 5321 Tim.
1382 5285 1443 5325 ll,
1481 5268 1570 5321 9.0.

1067 5340 1110 5370 ³³
1134 5338 1294 5396 ICor.
1321 5356 1392 5404 tv,
1420 5340 1509 5391 21.

1650 5268 1695 5297 ’⁸
1725 5268 1854 5321 ibid.
1899 5270 1987 5325 21.

525 5478 604 5550 (2)
634 5477 727 5530 Est
756 5479 894 5550 enim
922 5479 1064 5548 virga
1096 5495 1224 5530 una.
1244 5477 1349 5550 βίη
1386 5478 1725 5550 recte_codd.
1749 5492 1890 5550 mss:
1925 5476 2039 5529 Bel-

452 5546 721 5613 vace'usis,
752 5546 1085 5602 Turonensis
1133 5558 1187 5600 et
1242 5546 1608 5607 Ebroicensis,
1639 5558 1693 5599 ut
1749 5547 1799 5598 in
1852 5546 2039 5599 Graeco

452 5628 628 5682 textu,
658 5618 773 5671 ἐστι
812 5618 921 5689 γὰρ
950 5618 1145 5690 ῥάϐδος
1177 5618 1295 5687 μία.
1326 5616 1462 5670 Male
1497 5616 1551 5669 itt
1580 5627 1739 5670 antea
1770 5617 1931 5670 editis
1962 5616 2042 5671 le-

454 5694 621 5756 gitur,
652 5708 669 5738 ι
703 5692 901 5742 etenim
929 5692 1133 5753 virgam
1163 5703 1347 5739 unam.
1383 5704 1402 5738 ι

528 5758 603 5817 t3)
632 5759 829 5811 Omnes
858 5774 1014 5819 mss.,
1056 5776 1075 5807 ι
1112 5758 1401 5810 auditorio.
1446 5775 1462 5807 ι
1506 5754 1661 5810 Libb.
1689 5757 1841 5815 editi,
1884 5775 1902 5807 ι
1947 5756 2041 5807 ad-

451 5827 674 5896 jutotio.
714 5828 879 5881 Paulo
908 5838 1027 5894 post
1064 5843 1190 5881 mss.
1230 5845 1249 5876 ι
1296 5843 1395 5895 per
1425 5827 1763 5882 occidentem
1805 5827 2040 5881 litteram

2066 5274 2110 5303 ²τ⁵
2140 5272 2295 5326 Rom.
2331 5289 2404 5335 Ix,
2442 5274 2505 5327 l9
2532 5271 2699 5327 0120.

2148 4666 2253 4702 non
2283 4649 2593 4716 qumrenda.
2625 4647 2810 4700 Tertio
2836 4654 3014 4699 autem
3054 4646 3172 4697 loco
3202 4643 3543 4697 reconditum
3578 4640 3630 4693 iu
3664 4638 3731 4691 iis

2148 4739 2398 4791 invenies
2450 4749 2503 4790 et
2560 4745 2835 4789 secretum
2891 4734 3277 4803 mysteriorum
3336 4730 3619 4799 sapientia:
3676 4737 3732 4780 et

2148 4830 2390 4883 Scientize
2426 4828 2518 4882 Dei
2562 4843 2807 4890 sensum,
2842 4841 2948 4895 quo
2986 4826 3301 4878 nutriantur
3332 4834 3387 4877 et
3438 4828 3732 4893 pascantur

2145 4922 2339 4973 anima:
2371 4929 2685 4973 sanctorum
2741 4935 2846 4971 non
2884 4917 3059 4971 solum
3098 4918 3147 4969 itt
3180 4916 3430 4985 prtescnti
3474 4916 3606 4976 vita,
3635 4911 3732 4964 sed

2147 5013 2316 5064 etiam
2352 5013 2401 5062 in
2443 5012 2645 5063 futura.
2686 5010 2790 5063 Iste
2820 5011 2967 5063 enim
3019 5018 3101 5062 est
3144 5006 3470 5076 pontiﬁcalis
3499 5004 3731 5064 fructus,

2152 5105 2216 5155 de
2244 5119 2351 5170 quo
2384 5102 2723 5171 promittitur
2760 5103 2825 5156 iis
2859 5102 2950 5171 qui
2976 5102 3224 5154 esuriunt
3254 5107 3309 5151 ct
3338 5097 3531 5151 sitiunt
3569 5093 3733 5162 justi-

2780 5271 2825 5301 ³⁰
2853 5269 2892 5325 11
2924 5269 3051 5323 Cor.
3093 5284 3168 5333 tv,
3210 5267 3258 5320 7.
3339 5265 3381 5295 ³⁸
3420 5263 3537 5318 Col.
3580 5278 3641 5327 tt,
3672 5260 3727 5316 5.

2139 5480 2513 5549 designantur.
2544 5497 2561 5529 ι
2584 5477 2739 5530 Lihb.
2771 5476 2925 5540 editi,
2950 5494 2968 5525 ι
2994 5490 3088 5545 per
3118 5474 3455 5529 occidentem
3491 5472 3729 5526 litteram

2140 5548 2602 5603 demenstrantur.
2652 5566 2670 5599 ι

2213 5618 2292 5689 (lt)
2354 5619 2527 5672 Codd.
2583 5618 2954 5689 Ebroiccnsis,
2998 5613 3348 5689 Bclvace‘nsis
3397 5624 3450 5666 et
3494 5612 3730 5689 Turcis,

2143 5681 2284 5813 ascd:
2311 5690 2571 5813 qtltalitatc
2594 5690 2677 5743 sui
2707 5690 2849 5743 nulla
2879 5688 2988 5756 jam
3025 5685 3239 5754 corpori
3270 5682 3608 5755 corruptibili
3640 5681 3719 5735 let

2180 5778 2355 5813 omittat
2379 5770 2526 5813 )ttttr.
2575 5779 2594 5809 ι

2180 5761 2526 5815 omiuabitttr.
2575 5779 2594 5809 ι
