4134 6438
424 401 533 458 655

1593 397 1658 451 ΙΝ
1696 397 2029 454 NUMEilOS
2070 396 2347 453 l‘lOMlLlA
2392 399 2481 455 IX.

3587 400 3692 456 65$

428 517 580 580 tiam,
612 517 865 585 quoniam
896 517 1289 571 saturabuntur
1322 515 1385 570 ³³.
1417 515 1528 570 lloc
1556 516 1717 585 igitur
1747 519 1905 572 modo
1945 518 1996 569 in
2030 519 2079 571 Α
2103 517 2272 585 gloria
2309 534 2324 570 :
2362 527 2413 570 et
2445 517 2771 571 seminatum
2826 532 3024 586 corpus
3056 517 3312 585 animale,
3340 526 3534 587 surgat
3576 534 3692 572 cor-

429 604 727 675 Scripturis
774 606 1025 661 omnibus
1059 606 1290 675 triplicis
1321 605 1482 673 hujus
1516 608 1840 661 sacramenti
1871 608 2009 660 ratio

426 700 723 766 percurrit.
758 699 849 754 Sic
892 710 948 754 et
996 698 1273 768 Sapientia
1316 708 1501 753 mouet
1541 700 1610 766 ”,
1646 709 1705 753 ut
1736 701 2011 754 describa-

426 804 548 843 mus
571 805 636 844 ca
655 791 810 845 nobis
830 792 881 845 in
909 793 1073 846 corde
1104 792 1413 861 tripliciter,
1446 792 1512 845 ad
1545 793 2006 859 respondendum,

426 880 629 948 inquit,
664 883 891 937 verbum
920 884 1168 938 veritatis
1197 885 1263 939 iis
1292 884 1382 953 qui
1419 885 1801 952 proposuerint
1830 886 2007 940 nobis.

429 971 521 1025 Sic
549 980 660 1025 tres
700 983 896 1043 puteos
925 973 1061 1028 fodit
1101 975 1252 1029 lsaac
1298 975 1611 1044 patriarcha
1650 976 1694 1006 ³⁵
1725 993 1739 1026 :
1776 991 2005 1044 quormn

426 1063 573 1117 Solus
604 1064 694 1117 ille
727 1065 916 1118 tertius
941 1065 1011 1118 ab
1038 1079 1104 1119 eo
1130 1066 1364 1119 latitudo
1396 1068 1482 1120 vel
1512 1067 1807 1135 amplitudo
1832 1068 2009 1120 nomi-

425 1165 609 1210 natur.
662 1156 797 1221 Quia
857 1168 1038 1212 autem
1099 1167 1501 1212 sacramentum
1545 1159 1880 1213 sacerdotale
1925 1169 2008 1214 est

425 1247 578 1316 virga
618 1248 795 1310 nucis,
854 1248 1061 1302 idcirco
1120 1249 1363 1302 arbitror
1399 1249 1565 1303 etiam
1602 1248 1895 1304 Jeremiam
1937 1251 2005 1313 ³⁷,

424 1337 517 1405 qui
565 1348 685 1391 erat
714 1352 853 1391 unus
886 1339 952 1393 de
990 1339 1370 1395 sacerdotibus
1397 1356 1461 1395 ex
1496 1341 1771 1405 Anatboh,
1806 1342 2008 1397 vidisse

424 1430 632 1497 virgam
663 1444 910 1495 nuceam,
941 1440 996 1485 et
1024 1434 1381 1501 prophetasse
1407 1434 1475 1487 de
1501 1448 1565 1488 ea
1600 1433 1692 1487 illa
1722 1450 1843 1503 quae
1870 1435 2009 1489 scri-

426 1528 517 1586 pta
546 1530 677 1574 sunt
707 1521 791 1573 vel
822 1523 887 1575 de
921 1524 1069 1592 virga
1105 1540 1297 1588 nucea,
1329 1525 1412 1581 vel
1450 1527 1516 1580 de
1554 1526 1752 1590 lcbete,
1786 1529 1900 1581 sive
1939 1529 2007 1582 de

425 1608 531 1662 olla
563 1626 827 1665 succensa
856 1626 876 1664 :
910 1615 1063 1682 quasi
1098 1618 1141 1669 si
1177 1618 1496 1672 ostenderet
1525 1633 1622 1688 per
1648 1620 1760 1673 haec
1785 1620 1834 1672 in
1858 1622 2007 1690 virga

426 1703 595 1755 nucea
626 1717 744 1757 esse
780 1705 976 1766 vitam.
1006 1708 1141 1762 etin
1186 1709 1367 1764 lebete
1405 1726 1674 1766 succenso
1708 1727 1830 1766 esse
1863 1727 2009 1764 mor-

426 1800 555 1848 tem.
591 1792 708 1847 Vita
742 1797 886 1851 enim
934 1808 989 1853 et
1040 1816 1187 1856 mors
1218 1803 1441 1871 ponitur
1494 1814 1621 1858 ante
1664 1804 1859 1859 faciem
1912 1820 2008 1859 no-

2113 622 2215 676 pus
2249 608 2495 676 spiritale
2522 609 2592 661 ".
2629 609 2732 664 Ista
2767 619 2895 664 sunt
2943 619 3179 679 quatuor
3207 625 3329 679 quae
3361 611 3509 679 virga
3551 610 3691 664 aridi

2110 702 2365 767 corpOris
2395 702 2564 755 nostri
2591 702 2644 756 in
2674 704 3083 758 resurrectione
3110 702 3459 772 germinabit.
3494 702 3603 756 Sed
3638 712 3690 755 et

2113 789 2241 844 illud
2270 792 2510 846 secundo
2538 793 2588 846 in
2614 792 2731 846 loco
2750 794 3026 856 dicemus;
3059 794 3208 861 quia,
3232 794 3371 847 sicut
3395 793 3446 845 in
3479 794 3543 846 iis
3566 808 3692 860 pro-

2112 883 2425 937 missionem
2452 900 2606 939 suam
2638 883 2777 939 Deus
2803 885 2854 937 in
2890 883 3246 953 quadruplum
3277 886 3421 940 dedit
3444 895 3501 938 et
3526 885 3693 937 multo

2110 977 2266 1043 plura
2299 987 2354 1031 et
2384 979 2708 1046 pretiosiora
2743 977 2970 1047 largitus
2992 988 3074 1031 est
3109 992 3269 1045 quam
3321 978 3587 1045 promisit,
3617 977 3691 1030 ita

2112 1068 2284 1123 multo
2310 1070 2483 1139 magis
2523 1069 2574 1122 in
2606 1071 2860 1123 omnibus
2891 1069 3188 1137 Scriptura:
3216 1067 3371 1131 locis,
3392 1067 3479 1119 ubi
3510 1065 3690 1134 aliqua

2108 1159 2203 1212 Dei
2233 1161 2530 1226 promissio
2580 1162 2919 1224 continetur,
2965 1160 3007 1214 si
3054 1161 3178 1229 quis
3229 1167 3409 1211 tamen
3461 1157 3525 1210 ad
3570 1171 3695 1210 eam

2108 1253 2398 1319 pervenire
2430 1263 2726 1318 mereatur,
2760 1256 2813 1306 in
2846 1253 3029 1307 futuro
3063 1250 3436 1318 multipliciter
3480 1263 3692 1318 praepa-

2110 1345 2352 1409 rabitur;
2390 1354 2444 1398 et
2471 1346 2551 1399 sic
2584 1360 2713 1399 vere
2741 1345 3103 1413 complebitur
3134 1343 3262 1396 illud
3291 1342 3430 1411 quod
3456 1341 3693 1410 Aposto-

2110 1433 2192 1488 lus
2228 1435 2360 1488 dicit
2393 1435 2460 1499 "3,
2493 1437 2619 1505 quia
2654 1455 2672 1486 ι
2704 1436 2894 1491 oculus
2934 1452 3041 1490 non
3073 1436 3227 1501 vidit,
3270 1448 3370 1488 nec
3400 1434 3547 1487 auris
3598 1448 3696 1485 au-

2106 1526 2265 1589 divit,
2302 1542 2403 1581 nec
2431 1527 2484 1581 in
2520 1544 2618 1583 cor
2655 1530 2893 1582 hominis
2916 1530 3183 1593 ascendit,
3216 1542 3335 1596 quae
3368 1525 3695 1595 pra-paravit

2113 1615 2255 1670 Deus
2279 1617 2346 1670 iis
2376 1617 2465 1687 qui
2500 1617 2734 1688 diligunt
2768 1632 2914 1670 eum.
2953 1637 2972 1669 ι
3008 1616 3142 1671 Vide
3168 1630 3299 1685 ergo
3320 1622 3521 1682 quanta
3557 1611 3691 1674 sint,

2106 1718 2164 1761 et
2190 1708 2395 1777 qualia,
2432 1724 2554 1778 qua:
2596 1726 2702 1764 non
2745 1709 2915 1763 solum
2950 1709 3134 1763 videre
3168 1718 3223 1763 et
3264 1706 3455 1760 audire
3486 1703 3689 1758 nemini

2109 1801 2284 1867 licuit,
2317 1803 2409 1856 sed
2437 1818 2502 1856 ne
2530 1803 2582 1855 in
2616 1817 2710 1856 cor
2733 1802 2971 1872 quidem,
3001 1802 3052 1855 id
3088 1809 3171 1855 est
3212 1800 3278 1853 ad
3308 1796 3693 1868 cogitationem

423 1896 617 1940 stram.
656 1886 723 1941 Et
754 1900 837 1944 est
866 1891 976 1945 vita
1009 1869 1231 1962 quidem
1272 1894 1527 1950 Christus
1564 1896 1618 1949 in
1661 1907 2005 1952 sacramento
2040 1869 2081 1923 Β
2112 1894 2407 1948 humanam
2437 1895 2613 1965 potuit
2642 1895 2959 1949 ascendere.
2997 1892 3122 1947 Sive
3152 1907 3284 1960 ergo
3327 1901 3552 1954 terram,
3580 1888 3695 1941 sive

423 1975 614 2031 nucis:
664 1993 811 2033 mors
854 1992 1035 2038 autem
1080 1985 1326 2040 diabolus
1361 1986 1414 2039 in
1462 1986 1630 2055 figura
1665 1987 1855 2041 lebetis
1888 2003 2011 2042 suc—

424 2065 591 2119 censi.
630 2068 684 2120 Si
723 2085 854 2141 ergo
899 2077 1238 2141 peccaveris,
1274 2078 1585 2146 portionem
1635 2088 1782 2131 tuam
1836 2094 2006 2146 pones

423 2171 545 2209 cum
579 2157 753 2218 lebete
777 2179 1074 2233 succenso;
1119 2169 1283 2239 300
1324 2170 1369 2223 si
1411 2178 1589 2224 autem
1634 2169 1777 2239 juste
1807 2172 2002 2240 egeris,

421 2246 690 2309 cﬂicietur
716 2260 895 2325 portio
929 2268 1015 2313 tua
1052 2262 1104 2315 in
1124 2263 1273 2331 virga
1307 2277 1479 2317 nucea
1504 2279 1626 2318 cum
1652 2278 1847 2333 magno
1872 2279 2006 2332 pon—

426 2344 594 2398 tifice.
626 2345 730 2400 Sed
767 2357 823 2402 et
854 2350 905 2403 in
946 2349 1189 2406 Canticis
1218 2353 1554 2407 canticorum
1599 2354 1644 2385 ³⁸
1684 2369 1884 2424 sponsa
1916 2356 2008 2409 de-

424 2436 689 2491 scendere
723 2438 923 2495 dicitur
951 2442 1003 2495 in
1036 2443 1254 2498 hortum
1283 2445 1462 2509 nucis,
1496 2445 1585 2499 ubi
1619 2447 1780 2501 etiam
1800 2447 2007 2515 pariter

423 2541 548 2580 cum
589 2530 820 2586 nucibus
843 2534 1262 2590 sacerdotalium
1296 2538 1694 2606 quodammodo
1720 2554 2004 2609 pomorum

424 2618 638 2688 copiam
677 2623 1037 2691 perscribitur
1062 2626 1358 2683 invenisse.
1380 2626 1765 2683 Verumtamen
1801 2630 1866 2684 de
1899 2631 2005 2684 vir-

424 2711 530 2780 gis,
562 2720 621 2765 ut
643 2712 828 2771 dicere
861 2731 1227 2786 coeperamus,
1259 2736 1426 2775 unum
1451 2724 1700 2790 promisit
1733 2724 1875 2778 Deus
1902 2723 2009 2776 fru-

422 2808 569 2855 ctum
604 2802 658 2857 in
698 2804 872 2875 virga,
902 2814 958 2859 et
995 2806 1174 2876 plures
1213 2808 1383 2864 dedit.
1419 2809 1525 2864 Sed
1571 2812 1842 2868 attendite
1884 2815 2007 2868 dili-

420 2893 657 2959 gentius,
695 2893 740 2948 si
785 2893 930 2950 forte
983 2900 1254 2964 possimus
1304 2900 1691 2957 liberalitatem
1748 2905 1842 2958 Dei
1895 2905 2005 2959 lar-

421 2983 630 3048 giorem
669 2984 836 3037 etiam
878 2984 1012 3053 ipsis
1051 2987 1166 3040 suis
1207 2988 1665 3056 promissionibus
1706 2991 1937 3046 edocere
1988 3012 2002 3045 :

421 3074 465 3126 si
493 3072 629 3128 forte
661 3083 713 3128 et
737 3090 802 3128 ex
833 3074 1063 3130 iisillam
1085 3078 1410 3133 iucll'abilem
1438 3080 1738 3135 bonitatem
1774 3082 1863 3137 Dei
1890 3096 2008 3151 qua:

421 3164 478 3218 in
510 3164 805 3233 Scriptura:
857 3167 1039 3221 littera
1105 3184 1325 3240 semper
1366 3172 1583 3241 tegitur,
1627 3173 1813 3227 rimari
1848 3183 2008 3243 atque

423 3256 751 3326 investigare
786 3261 1107 3329 poterimus,
1132 3276 1255 3316 cum
1286 3263 1572 3333 largiorem
1599 3265 1649 3318 in
1682 3269 2007 3335 prmstando,

423 3361 584 3414 quam
628 3350 691 3421 in
713 3350 1082 3417 promittendo
1106 3352 1410 3407 videamus.

495 3437 548 3490 8.
586 3438 754 3508 Igitur
790 3454 971 3495 sermo
1002 3440 1303 3511 Scriptura:
1336 3445 1403 3499 de
1436 3460 1540 3514 qua
1572 3461 1713 3500 nunc
1738 3446 2011 3516 loquimur

423 3535 495 3589 ita
530 3537 728 3592 habet:
772 3556 791 3589 ς
829 3538 1037 3607 Eterit,
1069 3543 1263 3611 inquit,
1307 3550 1469 3599 homo
1491 3560 1876 3617 quemcunque
1899 3550 2009 3604 elc-

422 3644 572 3697 gem,
630 3631 777 3700 virga
831 3632 947 3699 ejus
1004 3635 1336 3703 germinabit
1371 3637 1439 3690 ⁸⁸.
1498 3636 1664 3693 »11οε
1710 3650 1791 3694 est
1831 3641 2005 3696 solum

423 3720 565 3787 quod
600 3721 846 3787 promisit
898 3723 1059 3790 Deus,
1107 3734 1167 3779 ut
1206 3726 1356 3795 virga
1402 3726 1520 3795 ejus
1560 3745 1723 3798 quem
1755 3732 2007 3802 elegerit,

423 3813 714 3880 germinet.
746 3813 843 3868 Ubi
879 3830 1006 3870 vero
1030 3818 1095 3869 ad
1131 3833 1243 3871 rem
1282 3820 1499 3874 venitur
1523 3831 1579 3874 ut
1608 3824 1748 3891 quod
1784 3827 2010 3893 promis-

424 3916 543 3952 suzn
590 3910 676 3956 est
730 3907 1057 3960 ostendatur
1108 3906 1392 3977 impletum
1449 3928 1462 3963 :
1518 3926 1624 3965 nou
1668 3928 1832 3967 unum
1879 3916 2008 3971 illud

424 3994 569 4059 quod
624 3998 952 4063 promissum
1000 3998 1180 4054 fuerat
1213 4000 1468 4057 effectura
1506 4003 1726 4072 dicitur,
1763 4008 1860 4062 sed
1890 4011 2008 4064 vide

424 4096 627 4149 quanta
683 4089 981 4145 addantur.
1020 4091 1112 4145 Ait
1142 4093 1289 4146 enim
1318 4110 1332 4145 :
1368 4112 1386 4142 σ
1429 4093 1493 4148 Ει
1526 4110 1652 4151 ecce
1683 4101 2009 4168 germinavit

426 4176 575 4245 virga
612 4177 795 4231 Aaron
825 4180 878 4233 in
915 4180 1077 4234 domo
1108 4181 1234 4237 Levi
1266 4182 1332 4237 "°.
1372 4201 1392 4234 ι
1432 4184 1525 4239 Est
1554 4187 1656 4241 hoc
1687 4204 1850 4243 unum
1882 4191 2008 4247 illud

427 4272 545 4325 sine
579 4271 742 4325 dubio
774 4274 917 4340 quod
944 4274 1119 4329 fuerat
1145 4277 1572 4343 repromissum;
1616 4279 1709 4333 sed
1738 4280 2009 4337 adduntur

427 4375 483 4415 et
513 4363 641 4425 alia,
683 4375 737 4418 ct
775 4365 976 4420 dicitur
1008 4384 1023 4422 :
1059 4386 1076 4418 ‹
1120 4368 1188 4421 Ει
1230 4369 1487 4437 produxit
1531 4369 1752 4425 frondes
1784 4382 1839 4427 et
1880 4390 2008 4443 pro-

430 4454 552 4506 tulit
580 4453 765 4517 florcs,
807 4467 862 4510 et
891 4459 1220 4527 germinavit
1261 4476 1432 4515 nuces
1461 4460 1526 4513 “.
1565 4479 1582 4511 ι
1620 4460 1753 4515 Cum
1781 4480 1912 4534 ergo
1944 4468 2009 4520 de

2107 1983 2304 2037 caelum
2335 1984 2566 2048 dixeris,
2592 1983 2708 2037 sive
2733 1982 2901 2037 solem
2931 1982 3076 2035 hunc
3104 1989 3159 2034 et
3186 1979 3448 2047 fulgorem
3466 1973 3696 2030 visibilis

2114 2075 2359 2141 luminis,
2391 2077 2573 2130 omnia
2608 2078 2724 2131 haec
2754 2075 2948 2129 oculus
2975 2074 3133 2138 vidit,
3176 2082 3231 2126 et
3264 2071 3411 2124 auris
3441 2068 3643 2122 audivit
3676 2081 3690 2115 :

2107 2176 2298 2220 etnon
2331 2173 2558 2234 possunt
2601 2179 2720 2220 esse
2746 2180 2812 2217 ex
2850 2162 2957 2216 illis
2998 2176 3119 2230 qua:
3166 2158 3357 2214 oculus
3397 2172 3501 2209 non
3538 2154 3695 2218 vidit,

2109 2274 2208 2313 nec
2251 2257 2399 2311 auris
2450 2256 2680 2320 audivit,
2724 2270 2823 2310 nec
2874 2254 2925 2307 in
2989 2267 3086 2306 cor
3140 2249 3376 2305 hominis
3426 2244 3695 2300 ascendit.

2109 2349 2522 2419 Transgredere
2554 2363 2685 2418 ergo
2716 2347 2829 2402 haec
2857 2347 3062 2408 omnia,
3094 2353 3148 2398 et
3180 2339 3505 2397 transcende
3534 2351 3697 2391 omne

2106 2442 2367 2512 quidquid
2409 2441 2584 2503 vides,
2620 2439 2879 2507 quidquid
2903 2437 3081 2503 audis,
3118 2432 3378 2505 quidquid
3406 2431 3570 2486 etiam
3599 2442 3696 2483 co-

2107 2532 2281 2600 gitare
2306 2541 2481 2600 potes,
2522 2540 2578 2586 et
2609 2530 2737 2585 illud
2764 2529 2904 2584 scito
2937 2544 3057 2583 esse
3083 2525 3379 2595 repositum
3408 2523 3475 2576 iis
3491 2519 3582 2590 qui
3614 2519 3699 2571 dl-

2107 2622 2286 2692 ligunt
2323 2621 2513 2688 Deum,
2543 2622 2687 2692 quod
2720 2638 2818 2677 nec
2847 2621 2914 2675 ad
2947 2618 3347 2688 cogitationem
3385 2613 3567 2668 cordis
3619 2609 3693 2662 tui

2107 2713 2280 2781 quivit
2315 2715 2635 2769 ascendere.
2668 2712 2820 2768 Unde
2853 2727 2954 2782 ego
2988 2711 3229 2765 arbitror
3255 2706 3387 2762 nihil
3425 2707 3476 2759 in
3505 2701 3698 2772 hujus-

2109 2805 2253 2858 modi
2297 2804 2812 2874 repromissionibus
2860 2806 2925 2857 de
2952 2802 3115 2856 rebus
3143 2798 3518 2868 corporalibus
3545 2792 3698 2863 cogi—

2110 2896 2354 2950 tandum.
2391 2896 2548 2950 Ratio
2581 2896 2724 2949 enim
2763 2894 3004 2949 materiae
3029 2890 3327 2960 corporalis
3356 2904 3462 2942 non
3494 2901 3694 2954 usque-

2108 3001 2324 3056 quaque
2358 3000 2576 3042 sensum
2609 2986 2859 3040 humana:
2881 2982 3225 3052 cogitationis
3242 2979 3475 3050 effugere
3491 2985 3695 3047 potest,

2108 3077 2201 3129 sed
2238 3077 2327 3129 illa
2354 3084 2480 3130 sunt
2497 3091 2615 3145 qua:
2639 3076 2706 3130 ad
2737 3074 2934 3129 nullius
2959 3088 3205 3135 sensum,
3237 3070 3433 3126 nullius
3456 3084 3549 3124 cor
3573 3082 3697 3137 pos—

2113 3178 2240 3222 sunt
2271 3169 2569 3223 ascendere
2601 3182 2721 3237 qua:
2749 3167 2803 3221 in
2846 3166 2960 3221 sola
2986 3164 3080 3218 Dei
3113 3163 3379 3232 sapientia
3412 3161 3698 3214 continen-

2116 3267 2221 3311 tur.
2255 3258 2471 3312 Etenim
2508 3258 2779 3312 videbitur
2804 3257 2906 3310 hac
2946 3254 3158 3313 ratione
3205 3253 3347 3323 quod
3383 3248 3699 3322 promissio-

2112 3366 2239 3404 num
2272 3350 2411 3405 bona
2436 3349 2629 3420 majori
2659 3349 2820 3404 modo
2849 3364 3011 3419 quam
3052 3345 3322 3417 promissa
3373 3352 3521 3409 sunt,
3562 3344 3697 3396 dan-

2114 3451 2243 3495 tur:
2275 3441 2527 3496 similiter
2562 3451 2617 3496 et
2672 3455 2845 3510 poenae.
2880 3454 3001 3510 qua:
3045 3438 3424 3509 peccatoribus
3469 3432 3699 3490 commi-

2111 3545 2338 3601 nantur,
2371 3533 2752 3605 multiplicatis
2793 3533 3131 3588 cruciatibus
3177 3528 3476 3585 inferendae
3528 3536 3693 3589 sunt;

2109 3627 2251 3680 sicut
2277 3636 2332 3680 et
2358 3626 2410 3679 in
2453 3626 2851 3695 superioribus,
2891 3624 2983 3679 ubi
3012 3637 3190 3699 annus
3214 3635 3312 3691 pro
3359 3620 3447 3674 die
3490 3619 3557 3673 ad
3580 3617 3698 3669 vin-

2110 3716 2309 3770 dictam
2357 3716 2601 3785 ponitur,
2625 3716 2977 3785 exposuimus
3022 3732 3038 3769 :
3091 3714 3193 3768 nisi
3244 3713 3287 3767 si
3319 3712 3442 3781 quis
3473 3710 3694 3765 tertium

2108 3807 2312 3876 aliquid
2349 3821 2509 3876 posse
2555 3807 2669 3863 fieri
2699 3809 2922 3879 cogitet,
2955 3807 3217 3878 colligens
3265 3806 3446 3874 aliqua
3486 3803 3675 3859 solatia

2109 3914 2172 3952 ex
2200 3900 2265 3953 iis
2293 3915 2413 3970 quae
2449 3900 2501 3953 in
2530 3900 2954 3955 comminatione
2986 3915 3073 3963 ea,
3100 3912 3223 3967 quae
3255 3898 3322 3951 ad
3358 3896 3521 3951 David
3555 3895 3695 3948 facta

2109 4002 2193 4048 est
2219 3992 2284 4057 “,
2313 3993 2697 4047 continentur:
2729 3992 2820 4046 ubi
2855 3992 3032 4047 triduo
3055 3990 3405 4061 pronuntiata
3438 3998 3522 4043 est
3553 4002 3699 4042 mor-

2113 4086 2181 4138 tis
2206 4084 2404 4139 futura:
2430 4086 2686 4147 vastatio,
2716 4093 2772 4138 et
2806 4084 2948 4138 intra
2992 4098 3086 4138 sex
3118 4084 3284 4136 horas
3321 4080 3693 4137 abbreviatum

2112 4178 2325 4231 videtur
2366 4187 2578 4246 tempus
2627 4191 2752 4231 esse
2782 4175 3053 4245 supplicii.
3087 4175 3196 4229 Sed
3240 4175 3355 4229 bare
3399 4173 3492 4227 tibi
3524 4175 3694 4241 profi-

2110 4285 2236 4325 cere
2268 4279 2516 4339 possunt,
2553 4270 2644 4325 ubi
2676 4270 3013 4339 pteuitentiaa
3048 4280 3258 4337 tempus
3288 4278 3342 4322 et
3366 4265 3695 4321 satisfactio-

2111 4364 2196 4416 nis
2221 4363 2541 4417 conceditur
2570 4363 2743 4418 locus.
2775 4362 3051 4416 Scribitur
3079 4361 3125 4392 “
3150 4370 3330 4415 tamen
3364 4360 3508 4413 Deus
3538 4357 3693 4411 malis

2110 4457 2330 4526 quidem
2366 4456 2599 4509 reddens
2636 4457 2687 4509 in
2718 4455 2936 4511 tertiam
2969 4466 3024 4509 et
3048 4463 3298 4525 quartam
3339 4451 3689 4522 progeniem;

426 4544 545 4599 solo
570 4549 815 4615 germine
839 4548 1029 4603 fuisset
1057 4553 1408 4620 promissum,
1443 4552 1562 4608 vide
1589 4558 1793 4624 quanta
1838 4557 1998 4627 largi-
2037 4551 2081 4606 D
2106 4548 2269 4603 "bonis
2303 4558 2482 4602 autem
2530 4549 2738 4604 faciens
2780 4550 3219 4603 misericordiam
3259 4563 3364 4602 non
3417 4545 3588 4601 solum
3637 4545 3692 4599 in

430 4648 518 4693 tur
544 4640 702 4706 Deus,
741 4648 798 4697 ut
835 4657 938 4695 non
970 4643 1144 4697 solum
1182 4660 1405 4714 germen
1454 4649 1792 4715 produxerit,
1826 4652 1919 4704 sed
1953 4661 2008 4704 et

429 4730 682 4795 frondes;
711 4740 767 4784 et
821 4747 930 4785 non
980 4732 1152 4788 solum
1209 4734 1447 4799 frondes,
1481 4737 1577 4791 scd
1628 4748 1683 4791 et
1718 4738 1916 4805 flores;
1953 4750 2007 4794 et

427 4822 817 4894 germinaverit
858 4839 964 4890 non
994 4825 1165 4879 solum
1197 4825 1379 4891 flores,
1411 4831 1506 4882 sed
1530 4838 1585 4882 ct
1612 4828 1840 4884 fructus.
1865 4831 2005 4898 Quid

428 4914 595 4983 igitur
619 4924 702 4969 est
730 4917 871 4982 quod
907 4931 974 4971 ex
1008 4918 1075 4970 iis
1119 4917 1371 4988 colligere
1405 4928 1459 4972 et
1505 4914 1861 4990 centemplari
1906 4924 2004 4977 de-

429 5007 692 5062 beamus?
723 5007 903 5063 Primo
927 5010 1170 5063 Omnium
1214 5012 1635 5066 resurrectionis
1668 5029 1735 5067 cx
1783 5014 2009 5068 mortuis

432 5109 861 5154 sacramentum.
913 5099 1079 5169 Virga
1128 5101 1271 5155 enim
1331 5102 1482 5156 arida
1540 5104 1832 5173 germinat,
1884 5121 2005 5159 cum

428 5205 629 5259 corpus
658 5192 988 5245 exstinctum
1037 5191 1267 5261 cceperit
1312 5192 1659 5248 reviviscere.
1713 5194 1843 5261 Quae
1882 5202 2009 5249 sunt

431 5295 614 5337 autem
650 5293 887 5354 quatuor
914 5284 1016 5339 ista
1040 5300 1163 5352 qua:
1198 5285 1501 5356 resurgenli
1537 5288 1752 5356 corpori
1784 5296 2008 5355 praasta-

432 5375 678 5429 buntur?
719 5374 784 5429 Ut
826 5376 1152 5429 seminatum
1189 5376 1242 5429 in
1286 5377 1661 5445 corruptione,
1710 5390 1898 5448 surgat
1956 5380 2007 5433 in

432 5465 877 5533 incorruptione;
906 5478 960 5519 et
989 5468 1318 5521 seminatum
1359 5468 1410 5521 in
1444 5468 1784 5536 infirmitate,
1822 5478 2008 5538 surgat

432 5556 488 5609 in
519 5559 749 5621 virtute;
791 5567 847 5612 et
886 5558 1213 5613 seminatum
1259 5560 1313 5613 in
1354 5560 1676 5630 ignominia,
1715 5572 1902 5631 surgat
1952 5562 2004 5615 in

502 5739 547 5770 ³⁵
572 5743 756 5795 Matth.
781 5757 832 5793 ν.
909 5742 955 5773 ³⁸
982 5742 1241 5801 Prov.m.
1265 5743 1317 5797 5.

438 5810 481 5843 ⁸³
508 5809 525 5861 l
550 5817 671 5867 Lor.
708 5830 793 5875 xv,
830 5814 921 5877 4:2,
956 5813 1045 5868 45.

1397 5744 1440 5774 ³⁵
1465 5743 1599 5797 Gen.
1628 5759 1774 5798 xxvr.

1126 5815 1169 5844 ³³
1214 5812 1232 5865 l
1275 5815 1399 5869 Cor.
1438 5832 1498 5877 ll,
1539 5816 1591 5868 9.

1851 5744 1894 5775 ³⁷
1917 5743 2025 5798 Jer.
2055 5760 2086 5801 ι.

1672 5815 1713 5846 ³⁸
1762 5817 1798 5869 ll
1854 5815 2141 5883 ltcg.xxtv.

2117 4641 2328 4694 tertiam
2361 4651 2416 4694 et
2452 4651 2701 4709 quartam
2736 4642 3075 4712 progeniem,
3128 4639 3249 4706 sed,
3303 4645 3364 4693 ut
3408 4636 3691 4707 Scriptura

2114 4733 2264 4796 dicit,
2300 4733 2352 4786 in
2387 4734 2532 4788 mille
2556 4735 2962 4804 generationes.

2183 4824 2237 4879 9.
2269 4825 2374 4879 Sed
2410 4826 2693 4880 redeamus
2725 4825 2794 4880 ad
2821 4841 2882 4881 ea
2927 4838 3045 4895 qua:
3076 4827 3140 4880 de
3169 4824 3335 4895 virgis
3363 4824 3544 4879 dicere
3577 4836 3694 4877 cm-

2115 4934 2391 4988 peramus.
2438 4920 2735 4976 Possumus
2768 4920 2947 4974 adhuc
2969 4920 3131 4973 etiam
3167 4919 3248 4972 sic
3279 4918 3577 4988 intelligere
3598 4933 3693 4971 eo-

2115 5027 2231 5065 rum
2267 5027 2387 5079 qua:
2415 5013 2468 5066 in
2498 5013 2643 5082 virga
2672 5012 3144 5082 germinavcrant,
3175 5010 3531 5066 diﬂ'erentias.
3561 5008 3693 5065 0m-

2116 5104 2200 5159 nis
2239 5107 2328 5174 qui
2367 5105 2418 5159 in
2450 5105 2673 5160 Christo
2706 5105 2905 5171 credit,
2939 5106 3116 5174 primo
3166 5104 3417 5168 moritur,
3462 5111 3518 5157 et
3568 5110 3694 5172 post

2115 5199 2218 5253 hoc
2248 5201 2551 5253 renascitur
2582 5213 2597 5252 :
2627 5209 2681 5253 et
2706 5207 2787 5254 est
2817 5198 2980 5252 etiam
3005 5199 3117 5254 baac
3147 5200 3339 5267 figura,
3364 5198 3506 5266 quod
3541 5194 3690 5263 virga

2115 5292 2266 5344 arida
2307 5293 2655 5362 postmodum
2688 5291 2981 5360 germinat.
3029 5291 3129 5345 Est
3155 5305 3285 5359 ergo
3303 5290 3534 5358 primum
3567 5299 3693 5352 ger-

2115 5398 2236 5437 men
2294 5383 2465 5451 prima
2515 5384 2751 5439 hominis
2778 5385 2829 5437 in
2860 5384 3081 5438 Christo
3114 5380 3405 5436 confessio.
3438 5375 3692 5430 Secundo

2113 5472 2430 5540 frondescit,
2466 5474 2552 5528 ubi
2586 5484 2805 5529 renatus
2825 5473 3025 5528 donum
3061 5474 3247 5543 gratiae
3291 5469 3382 5524 Dei
3413 5481 3479 5521 ex
3513 5464 3690 5533 Spiri-

2117 5574 2203 5617 tus
2255 5565 2426 5619 sancti
2462 5566 2840 5635 purificatione
2871 5563 3195 5634 susceperit.
3232 5560 3357 5616 lnde
3398 5558 3555 5612 affert
3586 5557 3686 5612 flo-

3131 5741 3176 5773 “
3198 5740 3330 5797 ibid.
3353 5742 3405 5798 8.
3486 5741 3526 5773 “
3547 5739 3681 5796 ibid.

2173 5744 2395 5798 "Cant.
2426 5762 2497 5799 vr.
2577 5745 2620 5777 ³⁹
2645 5745 2801 5801 Num.
2837 5762 2966 5809 xvtt,
3000 5744 3050 5797 5.

2223 5818 2265 5845 ⁸⁵
2303 5816 2472 5870 Exod.
2503 5833 2594 5868 xx.
