  <div class='ocr_page' id='page_1' title='image "/cluster/home/n/w/nwhite01/storage/ocr_20150623/12:no.2/coo.31924054873074/331.png"; bbox 0 0 4134 6372; ppageno 0'>
   <div class='ocr_carea' id='block_1_1' title="bbox 448 361 560 417">
    <p class='ocr_par' dir='ltr' id='par_1_1' title="bbox 448 361 560 417">
     <span class='ocr_line' id='line_1_1' title="bbox 448 361 560 417; baseline 0 0"><span class='ocrx_word' id='word_1_1' title='bbox 448 361 560 417; x_wconf 74' lang='lat'><strong>635</strong></span> 
     </span>
    </p>
   </div>
   <div class='ocr_carea' id='block_1_2' title="bbox 1923 364 2252 422">
    <p class='ocr_par' dir='ltr' id='par_1_2' title="bbox 1923 364 2252 422">
     <span class='ocr_line' id='line_1_2' title="bbox 1923 364 2252 422; baseline 0 -1"><span class='ocrx_word' id='word_1_2' title='bbox 1923 364 2252 422; x_wconf 78' lang='lat' dir='ltr'><strong>ORIGENIS</strong></span> 
     </span>
    </p>
   </div>
   <div class='ocr_carea' id='block_1_3' title="bbox 3636 371 3743 429">
    <p class='ocr_par' dir='ltr' id='par_1_3' title="bbox 3636 371 3743 429">
     <span class='ocr_line' id='line_1_3' title="bbox 3636 371 3743 429; baseline 0 0"><span class='ocrx_word' id='word_1_3' title='bbox 3636 371 3743 429; x_wconf 79' lang='grc'><strong>636</strong></span> 
     </span>
    </p>
   </div>
   <div class='ocr_carea' id='block_1_4' title="bbox 447 481 3744 561">
    <p class='ocr_par' dir='ltr' id='par_1_4' title="bbox 447 481 3744 561">
     <span class='ocr_line' id='line_1_4' title="bbox 447 481 3744 561; baseline 0.003 -25"><span class='ocrx_word' id='word_1_4' title='bbox 447 498 560 544; x_wconf 87' lang='lat' dir='ltr'><strong>res,</strong></span> <span class='ocrx_word' id='word_1_5' title='bbox 593 481 685 537; x_wconf 91' lang='lat' dir='ltr'><strong>ubi</strong></span> <span class='ocrx_word' id='word_1_6' title='bbox 719 482 995 551; x_wconf 82' lang='lat' dir='ltr'><strong>prolicere</strong></span> <span class='ocrx_word' id='word_1_7' title='bbox 1018 483 1269 553; x_wconf 72' lang='lat' dir='ltr'><strong>coeperit,</strong></span> <span class='ocrx_word' id='word_1_8' title='bbox 1303 492 1355 537; x_wconf 89' lang='lat' dir='ltr'><strong>et</strong></span> <span class='ocrx_word' id='word_1_9' title='bbox 1388 499 1601 540; x_wconf 91' lang='lat' dir='ltr'><strong>morum</strong></span> <span class='ocrx_word' id='word_1_10' title='bbox 1642 484 1917 539; x_wconf 89' lang='lat' dir='ltr'><strong>suavitate</strong></span> <span class='ocrx_word' id='word_1_11' title='bbox 1950 485 2044 539; x_wconf 81' lang='lat' dir='ltr'><strong>de-</strong></span> <span class='ocrx_word' id='word_1_12' title='bbox 2072 491 2119 546; x_wconf 79' lang='grc' dir='ltr'><strong>Α</strong></span> <span class='ocrx_word' id='word_1_13' title='bbox 2147 494 2236 540; x_wconf 89' lang='lat' dir='ltr'><strong>cet</strong></span> <span class='ocrx_word' id='word_1_14' title='bbox 2283 487 2336 541; x_wconf 93' lang='lat' dir='ltr'><strong>in</strong></span> <span class='ocrx_word' id='word_1_15' title='bbox 2373 486 2565 542; x_wconf 85' lang='lat' dir='ltr'><strong>Deum.</strong></span> <span class='ocrx_word' id='word_1_16' title='bbox 2598 487 2674 542; x_wconf 90' lang='lat' dir='ltr'><strong>De</strong></span> <span class='ocrx_word' id='word_1_17' title='bbox 2714 488 3023 558; x_wconf 86' lang='lat' dir='ltr'><strong>hnjusmodi</strong></span> <span class='ocrx_word' id='word_1_18' title='bbox 3052 489 3200 544; x_wconf 92' lang='lat' dir='ltr'><strong>enim</strong></span> <span class='ocrx_word' id='word_1_19' title='bbox 3240 491 3477 561; x_wconf 74' lang='lat' dir='ltr'><strong>peccatis</strong></span> <span class='ocrx_word' id='word_1_20' title='bbox 3509 504 3618 547; x_wconf 88' lang='lat' dir='ltr'><strong>non</strong></span> <span class='ocrx_word' id='word_1_21' title='bbox 3662 493 3744 547; x_wconf 78' lang='lat' dir='ltr'><strong>fa-</strong></span> 
     </span>
    </p>
   </div>
   <div class='ocr_carea' id='block_1_5' title="bbox 444 576 2043 647">
    <p class='ocr_par' dir='ltr' id='par_1_5' title="bbox 444 576 2043 647">
     <span class='ocr_line' id='line_1_5' title="bbox 444 576 2043 647; baseline 0.001 -19"><span class='ocrx_word' id='word_1_22' title='bbox 444 577 649 639; x_wconf 88' lang='lat' dir='ltr'><strong>corari,</strong></span> <span class='ocrx_word' id='word_1_23' title='bbox 686 593 751 630; x_wconf 87' lang='lat' dir='ltr'><strong>ae</strong></span> <span class='ocrx_word' id='word_1_24' title='bbox 789 576 1146 644; x_wconf 81' lang='lat' dir='ltr'><strong>fragrantiam</strong></span> <span class='ocrx_word' id='word_1_25' title='bbox 1182 578 1577 632; x_wconf 70' lang='lat' dir='ltr'><strong>misericordiae</strong></span> <span class='ocrx_word' id='word_1_26' title='bbox 1600 588 1654 631; x_wconf 90' lang='lat' dir='ltr'><strong>ct</strong></span> <span class='ocrx_word' id='word_1_27' title='bbox 1695 578 2043 647; x_wconf 84' lang='lat' dir='ltr'><strong>benignitatis</strong></span> 
     </span>
    </p>
   </div>
   <div class='ocr_carea' id='block_1_6' title="bbox 447 669 2043 740">
    <p class='ocr_par' dir='ltr' id='par_1_6' title="bbox 447 669 2043 740">
     <span class='ocr_line' id='line_1_6' title="bbox 447 669 2043 740; baseline 0.003 -18"><span class='ocrx_word' id='word_1_28' title='bbox 447 669 749 723; x_wconf 76' lang='lat' dir='ltr'><strong>effundere.</strong></span> <span class='ocrx_word' id='word_1_29' title='bbox 787 670 867 722; x_wconf 91' lang='lat' dir='ltr'><strong>Ad</strong></span> <span class='ocrx_word' id='word_1_30' title='bbox 904 670 1153 723; x_wconf 89' lang='lat' dir='ltr'><strong>ultinmm</strong></span> <span class='ocrx_word' id='word_1_31' title='bbox 1187 686 1405 740; x_wconf 91' lang='lat' dir='ltr'><strong>quoque</strong></span> <span class='ocrx_word' id='word_1_32' title='bbox 1433 672 1592 726; x_wconf 87' lang='lat' dir='ltr'><strong>aﬂert</strong></span> <span class='ocrx_word' id='word_1_33' title='bbox 1622 674 1785 727; x_wconf 85' lang='lat' dir='ltr'><strong>etiam</strong></span> <span class='ocrx_word' id='word_1_34' title='bbox 1835 670 2043 726; x_wconf 84' lang='lat' dir='ltr'><strong>fructus</strong></span> 
     </span>
    </p>
   </div>
   <div class='ocr_carea' id='block_1_7' title="bbox 437 758 2041 832">
    <p class='ocr_par' dir='ltr' id='par_1_7' title="bbox 437 758 2041 832">
     <span class='ocr_line' id='line_1_7' title="bbox 437 758 2041 832; baseline 0.004 -23"><span class='ocrx_word' id='word_1_35' title='bbox 437 758 691 826; x_wconf 67' lang='lat' dir='ltr'><strong>iustitiae,</strong></span> <span class='ocrx_word' id='word_1_36' title='bbox 724 760 925 829; x_wconf 86' lang='lat' dir='ltr'><strong>quibus</strong></span> <span class='ocrx_word' id='word_1_37' title='bbox 957 776 1063 815; x_wconf 89' lang='lat' dir='ltr'><strong>non</strong></span> <span class='ocrx_word' id='word_1_38' title='bbox 1118 761 1293 816; x_wconf 92' lang='lat' dir='ltr'><strong>solum</strong></span> <span class='ocrx_word' id='word_1_39' title='bbox 1330 762 1449 832; x_wconf 90' lang='lat' dir='ltr'><strong>ipse</strong></span> <span class='ocrx_word' id='word_1_40' title='bbox 1477 763 1645 828; x_wconf 86' lang='lat' dir='ltr'><strong>vivat,</strong></span> <span class='ocrx_word' id='word_1_41' title='bbox 1683 763 1779 819; x_wconf 88' lang='lat' dir='ltr'><strong>sed</strong></span> <span class='ocrx_word' id='word_1_42' title='bbox 1820 772 1877 817; x_wconf 91' lang='lat' dir='ltr'><strong>et</strong></span> <span class='ocrx_word' id='word_1_43' title='bbox 1920 762 2041 817; x_wconf 91' lang='lat' dir='ltr'><strong>aliis</strong></span> 
     </span>
    </p>
   </div>
   <div class='ocr_carea' id='block_1_8' title="bbox 441 854 2044 926">
    <p class='ocr_par' dir='ltr' id='par_1_8' title="bbox 441 854 2044 926">
     <span class='ocr_line' id='line_1_8' title="bbox 441 854 2044 926; baseline 0.002 -21"><span class='ocrx_word' id='word_1_44' title='bbox 441 855 687 918; x_wconf 64' lang='lat' dir='ltr'><strong>praebeat</strong></span> <span class='ocrx_word' id='word_1_45' title='bbox 725 854 916 907; x_wconf 89' lang='lat' dir='ltr'><strong>vitam.</strong></span> <span class='ocrx_word' id='word_1_46' title='bbox 959 854 1095 910; x_wconf 88' lang='lat' dir='ltr'><strong>Cmn</strong></span> <span class='ocrx_word' id='word_1_47' title='bbox 1128 856 1273 909; x_wconf 92' lang='lat' dir='ltr'><strong>enim</strong></span> <span class='ocrx_word' id='word_1_48' title='bbox 1303 856 1369 909; x_wconf 90' lang='lat' dir='ltr'><strong>ad</strong></span> <span class='ocrx_word' id='word_1_49' title='bbox 1398 856 1703 926; x_wconf 89' lang='lat' dir='ltr'><strong>perfectum</strong></span> <span class='ocrx_word' id='word_1_50' title='bbox 1724 857 1955 919; x_wconf 89' lang='lat' dir='ltr'><strong>venerit,</strong></span> <span class='ocrx_word' id='word_1_51' title='bbox 1987 864 2044 909; x_wconf 91' lang='lat' dir='ltr'><strong>et</strong></span> 
     </span>
    </p>
   </div>
   <div class='ocr_carea' id='block_1_9' title="bbox 444 946 2040 1015">
    <p class='ocr_par' dir='ltr' id='par_1_9' title="bbox 444 946 2040 1015">
     <span class='ocr_line' id='line_1_9' title="bbox 444 946 2040 1015; baseline 0.004 -19"><span class='ocrx_word' id='word_1_52' title='bbox 444 946 738 1015; x_wconf 81' lang='lat' dir='ltr'><strong>protulerit</strong></span> <span class='ocrx_word' id='word_1_53' title='bbox 767 962 833 1001; x_wconf 88' lang='lat' dir='ltr'><strong>ex</strong></span> <span class='ocrx_word' id='word_1_54' title='bbox 857 963 916 1001; x_wconf 91' lang='lat' dir='ltr'><strong>se</strong></span> <span class='ocrx_word' id='word_1_55' title='bbox 951 950 1179 1004; x_wconf 80' lang='lat' dir='ltr'><strong>verbum</strong></span> <span class='ocrx_word' id='word_1_56' title='bbox 1211 949 1357 1013; x_wconf 88' lang='lat' dir='ltr'><strong>ﬂdei,</strong></span> <span class='ocrx_word' id='word_1_57' title='bbox 1388 948 1615 1005; x_wconf 83' lang='lat' dir='ltr'><strong>verbum</strong></span> <span class='ocrx_word' id='word_1_58' title='bbox 1652 950 1898 1005; x_wconf 75' lang='lat' dir='ltr'><strong>scientiae</strong></span> <span class='ocrx_word' id='word_1_59' title='bbox 1923 950 2040 1014; x_wconf 92' lang='lat' dir='ltr'><strong>Dei,</strong></span> 
     </span>
    </p>
   </div>
   <div class='ocr_carea' id='block_1_10' title="bbox 444 1038 2043 1109">
    <p class='ocr_par' dir='ltr' id='par_1_10' title="bbox 444 1038 2043 1109">
     <span class='ocr_line' id='line_1_10' title="bbox 444 1038 2043 1109; baseline 0.001 -18"><span class='ocrx_word' id='word_1_60' title='bbox 444 1048 501 1091; x_wconf 87' lang='lat' dir='ltr'><strong>et</strong></span> <span class='ocrx_word' id='word_1_61' title='bbox 529 1038 667 1093; x_wconf 89' lang='lat' dir='ltr'><strong>alios</strong></span> <span class='ocrx_word' id='word_1_62' title='bbox 694 1038 1055 1102; x_wconf 88' lang='lat' dir='ltr'><strong>lucrifecerit,</strong></span> <span class='ocrx_word' id='word_1_63' title='bbox 1100 1041 1202 1094; x_wconf 92' lang='lat' dir='ltr'><strong>hoc</strong></span> <span class='ocrx_word' id='word_1_64' title='bbox 1228 1048 1309 1094; x_wconf 93' lang='lat' dir='ltr'><strong>est</strong></span> <span class='ocrx_word' id='word_1_65' title='bbox 1345 1041 1593 1095; x_wconf 82' lang='lat' dir='ltr'><strong>attulisse</strong></span> <span class='ocrx_word' id='word_1_66' title='bbox 1617 1040 1824 1096; x_wconf 87' lang='lat' dir='ltr'><strong>fructus</strong></span> <span class='ocrx_word' id='word_1_67' title='bbox 1848 1040 2043 1109; x_wconf 84' lang='lat' dir='ltr'><strong>quibus</strong></span> 
     </span>
    </p>
   </div>
   <div class='ocr_carea' id='block_1_11' title="bbox 447 1129 2041 1201">
    <p class='ocr_par' dir='ltr' id='par_1_11' title="bbox 447 1129 2041 1201">
     <span class='ocr_line' id='line_1_11' title="bbox 447 1129 2041 1201; baseline 0.002 -21"><span class='ocrx_word' id='word_1_68' title='bbox 447 1129 541 1181; x_wconf 86' lang='lat' dir='ltr'><strong>alii</strong></span> <span class='ocrx_word' id='word_1_69' title='bbox 585 1131 915 1184; x_wconf 91' lang='lat' dir='ltr'><strong>nutriantur.</strong></span> <span class='ocrx_word' id='word_1_70' title='bbox 950 1131 1042 1185; x_wconf 89' lang='lat' dir='ltr'><strong>Sic</strong></span> <span class='ocrx_word' id='word_1_71' title='bbox 1066 1147 1196 1201; x_wconf 79' lang='lat' dir='ltr'><strong>ergo</strong></span> <span class='ocrx_word' id='word_1_72' title='bbox 1230 1132 1427 1201; x_wconf 85' lang='lat' dir='ltr'><strong>singuli</strong></span> <span class='ocrx_word' id='word_1_73' title='bbox 1472 1133 1675 1201; x_wconf 89' lang='lat' dir='ltr'><strong>quique</strong></span> <span class='ocrx_word' id='word_1_74' title='bbox 1700 1133 2041 1188; x_wconf 84' lang='lat' dir='ltr'><strong>credentium</strong></span> 
     </span>
    </p>
   </div>
   <div class='ocr_carea' id='block_1_12' title="bbox 447 1222 2045 1295">
    <p class='ocr_par' dir='ltr' id='par_1_12' title="bbox 447 1222 2045 1295">
     <span class='ocr_line' id='line_1_12' title="bbox 447 1222 2045 1295; baseline 0.004 -24"><span class='ocrx_word' id='word_1_75' title='bbox 447 1223 519 1275; x_wconf 88' lang='lat' dir='ltr'><strong>de</strong></span> <span class='ocrx_word' id='word_1_76' title='bbox 549 1222 698 1292; x_wconf 86' lang='lat' dir='ltr'><strong>virga</strong></span> <span class='ocrx_word' id='word_1_77' title='bbox 724 1226 926 1289; x_wconf 86' lang='lat' dir='ltr'><strong>Aaron,</strong></span> <span class='ocrx_word' id='word_1_78' title='bbox 948 1226 1041 1293; x_wconf 90' lang='lat' dir='ltr'><strong>qui</strong></span> <span class='ocrx_word' id='word_1_79' title='bbox 1063 1225 1312 1279; x_wconf 86' lang='lat' dir='ltr'><strong>Christus</strong></span> <span class='ocrx_word' id='word_1_80' title='bbox 1337 1236 1440 1291; x_wconf 89' lang='lat' dir='ltr'><strong>est,</strong></span> <span class='ocrx_word' id='word_1_81' title='bbox 1467 1226 1883 1295; x_wconf 87' lang='lat' dir='ltr'><strong>germinantur;</strong></span> <span class='ocrx_word' id='word_1_82' title='bbox 1919 1240 2045 1293; x_wconf 84' lang='lat' dir='ltr'><strong>quo-</strong></span> 
     </span>
    </p>
   </div>
   <div class='ocr_carea' id='block_1_13' title="bbox 449 1316 2044 1385">
    <p class='ocr_par' dir='ltr' id='par_1_13' title="bbox 449 1316 2044 1385">
     <span class='ocr_line' id='line_1_13' title="bbox 449 1316 2044 1385; baseline 0.003 -18"><span class='ocrx_word' id='word_1_83' title='bbox 449 1330 571 1367; x_wconf 93' lang='lat' dir='ltr'><strong>rum</strong></span> <span class='ocrx_word' id='word_1_84' title='bbox 601 1327 840 1383; x_wconf 84' lang='lat' dir='ltr'><strong>quatuor</strong></span> <span class='ocrx_word' id='word_1_85' title='bbox 867 1318 981 1370; x_wconf 65' lang='lat' dir='ltr'><strong>ista:</strong></span> <span class='ocrx_word' id='word_1_86' title='bbox 1017 1316 1340 1371; x_wconf 74' lang='lat' dir='ltr'><strong>diﬂerentia:</strong></span> <span class='ocrx_word' id='word_1_87' title='bbox 1381 1318 1431 1370; x_wconf 94' lang='lat' dir='ltr'><strong>in</strong></span> <span class='ocrx_word' id='word_1_88' title='bbox 1482 1318 1604 1372; x_wconf 89' lang='lat' dir='ltr'><strong>aliis</strong></span> <span class='ocrx_word' id='word_1_89' title='bbox 1639 1319 1938 1385; x_wconf 71' lang='lat' dir='ltr'><strong>Scriptum</strong></span> <span class='ocrx_word' id='word_1_90' title='bbox 1968 1319 2044 1371; x_wconf 70' lang='grc' dir='ltr'><strong>Ιο⁴</strong></span> 
     </span>
    </p>
   </div>
   <div class='ocr_carea' id='block_1_14' title="bbox 447 1407 2043 1476">
    <p class='ocr_par' dir='ltr' id='par_1_14' title="bbox 447 1407 2043 1476">
     <span class='ocr_line' id='line_1_14' title="bbox 447 1407 2043 1476; baseline 0.001 -17"><span class='ocrx_word' id='word_1_91' title='bbox 447 1407 532 1461; x_wconf 84' lang='lat' dir='ltr'><strong>eis</strong></span> <span class='ocrx_word' id='word_1_92' title='bbox 566 1408 713 1460; x_wconf 90' lang='lat' dir='ltr'><strong>velut</strong></span> <span class='ocrx_word' id='word_1_93' title='bbox 745 1416 933 1461; x_wconf 81' lang='lat' dir='ltr'><strong>aetates</strong></span> <span class='ocrx_word' id='word_1_94' title='bbox 957 1417 1194 1475; x_wconf 88' lang='lat' dir='ltr'><strong>quatuor</strong></span> <span class='ocrx_word' id='word_1_95' title='bbox 1223 1408 1601 1476; x_wconf 86' lang='lat' dir='ltr'><strong>designantur,</strong></span> <span class='ocrx_word' id='word_1_96' title='bbox 1645 1423 1779 1476; x_wconf 90' lang='lat' dir='ltr'><strong>quas</strong></span> <span class='ocrx_word' id='word_1_97' title='bbox 1806 1407 2043 1461; x_wconf 83' lang='lat' dir='ltr'><strong>Joannes</strong></span> 
     </span>
    </p>
   </div>
   <div class='ocr_carea' id='block_1_15' title="bbox 445 1498 2043 1570">
    <p class='ocr_par' dir='ltr' id='par_1_15' title="bbox 445 1498 2043 1570">
     <span class='ocr_line' id='line_1_15' title="bbox 445 1498 2043 1570; baseline 0.002 -20"><span class='ocrx_word' id='word_1_98' title='bbox 445 1500 728 1566; x_wconf 87' lang='lat' dir='ltr'><strong>apostolus</strong></span> <span class='ocrx_word' id='word_1_99' title='bbox 769 1500 819 1551; x_wconf 94' lang='lat' dir='ltr'><strong>in</strong></span> <span class='ocrx_word' id='word_1_100' title='bbox 857 1498 1093 1567; x_wconf 87' lang='lat' dir='ltr'><strong>Epistola</strong></span> <span class='ocrx_word' id='word_1_101' title='bbox 1129 1514 1226 1553; x_wconf 91' lang='lat' dir='ltr'><strong>sua</strong></span> <span class='ocrx_word' id='word_1_102' title='bbox 1252 1500 1602 1554; x_wconf 87' lang='lat' dir='ltr'><strong>distinctione</strong></span> <span class='ocrx_word' id='word_1_103' title='bbox 1628 1502 1855 1570; x_wconf 87' lang='lat' dir='ltr'><strong>mystica</strong></span> <span class='ocrx_word' id='word_1_104' title='bbox 1892 1514 2043 1553; x_wconf 92' lang='lat' dir='ltr'><strong>com-</strong></span> 
     </span>
    </p>
   </div>
   <div class='ocr_carea' id='block_1_16' title="bbox 443 1588 2035 1661">
    <p class='ocr_par' dir='ltr' id='par_1_16' title="bbox 443 1588 2035 1661">
     <span class='ocr_line' id='line_1_16' title="bbox 443 1588 2035 1661; baseline 0.003 -21"><span class='ocrx_word' id='word_1_105' title='bbox 443 1590 755 1656; x_wconf 90' lang='lat' dir='ltr'><strong>prehendit,</strong></span> <span class='ocrx_word' id='word_1_106' title='bbox 777 1589 852 1642; x_wconf 89' lang='lat' dir='ltr'><strong>ait</strong></span> <span class='ocrx_word' id='word_1_107' title='bbox 885 1589 1029 1643; x_wconf 87' lang='lat' dir='ltr'><strong>enim</strong></span> <span class='ocrx_word' id='word_1_108' title='bbox 1066 1589 1112 1621; x_wconf 76' lang='grc'>⁸⁸</span> <span class='ocrx_word' id='word_1_109' title='bbox 1140 1607 1153 1643; x_wconf 90' lang='lat'><strong>:</strong></span> <span class='ocrx_word' id='word_1_110' title='bbox 1187 1608 1205 1640; x_wconf 78' lang='grc' dir='ltr'><strong>ι</strong></span> <span class='ocrx_word' id='word_1_111' title='bbox 1247 1588 1441 1645; x_wconf 91' lang='lat' dir='ltr'><strong>Scribo</strong></span> <span class='ocrx_word' id='word_1_112' title='bbox 1467 1591 1641 1656; x_wconf 81' lang='lat' dir='ltr'><strong>vobis,</strong></span> <span class='ocrx_word' id='word_1_113' title='bbox 1671 1592 1851 1661; x_wconf 88' lang='lat' dir='ltr'><strong>pueri,</strong></span> <span class='ocrx_word' id='word_1_114' title='bbox 1897 1610 1916 1643; x_wconf 76' lang='grc' dir='ltr'><strong>ι</strong></span> <span class='ocrx_word' id='word_1_115' title='bbox 1956 1601 2035 1657; x_wconf 89' lang='lat' dir='ltr'><strong>et,</strong></span> 
     </span>
    </p>
   </div>
   <div class='ocr_carea' id='block_1_17' title="bbox 449 1680 2041 1752">
    <p class='ocr_par' dir='ltr' id='par_1_17' title="bbox 449 1680 2041 1752">
     <span class='ocr_line' id='line_1_17' title="bbox 449 1680 2041 1752; baseline 0.004 -19"><span class='ocrx_word' id='word_1_116' title='bbox 449 1699 469 1732; x_wconf 79' lang='grc' dir='ltr'><strong>σ</strong></span> <span class='ocrx_word' id='word_1_117' title='bbox 500 1681 685 1736; x_wconf 91' lang='lat' dir='ltr'><strong>scribo</strong></span> <span class='ocrx_word' id='word_1_118' title='bbox 723 1680 900 1744; x_wconf 81' lang='lat' dir='ltr'><strong>vobis,</strong></span> <span class='ocrx_word' id='word_1_119' title='bbox 930 1681 1327 1748; x_wconf 82' lang='lat' dir='ltr'><strong>adolescentes,</strong></span> <span class='ocrx_word' id='word_1_120' title='bbox 1380 1701 1398 1734; x_wconf 75' lang='grc' dir='ltr'><strong>ι</strong></span> <span class='ocrx_word' id='word_1_121' title='bbox 1443 1692 1523 1746; x_wconf 91' lang='lat' dir='ltr'><strong>et,</strong></span> <span class='ocrx_word' id='word_1_122' title='bbox 1570 1700 1591 1734; x_wconf 66' lang='grc' dir='ltr'><em>ς</em></span> <span class='ocrx_word' id='word_1_123' title='bbox 1636 1684 1823 1738; x_wconf 90' lang='lat' dir='ltr'><strong>scribo</strong></span> <span class='ocrx_word' id='word_1_124' title='bbox 1863 1684 2041 1752; x_wconf 83' lang='lat' dir='ltr'><strong>vobis,</strong></span> 
     </span>
    </p>
   </div>
   <div class='ocr_carea' id='block_1_18' title="bbox 442 1772 2035 1846">
    <p class='ocr_par' dir='ltr' id='par_1_18' title="bbox 442 1772 2035 1846">
     <span class='ocr_line' id='line_1_18' title="bbox 442 1772 2035 1846; baseline 0.005 -22"><span class='ocrx_word' id='word_1_125' title='bbox 442 1782 649 1840; x_wconf 83' lang='lat' dir='ltr'><strong>patres.</strong></span> <span class='ocrx_word' id='word_1_126' title='bbox 698 1792 715 1823; x_wconf 87' lang='grc'>›</span> <span class='ocrx_word' id='word_1_127' title='bbox 772 1772 826 1825; x_wconf 92' lang='lat' dir='ltr'><strong>lu</strong></span> <span class='ocrx_word' id='word_1_128' title='bbox 867 1772 1068 1840; x_wconf 86' lang='lat' dir='ltr'><strong>quibus</strong></span> <span class='ocrx_word' id='word_1_129' title='bbox 1104 1774 1293 1843; x_wconf 87' lang='lat' dir='ltr'><strong>utique</strong></span> <span class='ocrx_word' id='word_1_130' title='bbox 1322 1790 1429 1828; x_wconf 91' lang='lat' dir='ltr'><strong>non</strong></span> <span class='ocrx_word' id='word_1_131' title='bbox 1464 1777 1779 1846; x_wconf 87' lang='lat' dir='ltr'><strong>corporales</strong></span> <span class='ocrx_word' id='word_1_132' title='bbox 1821 1785 2035 1841; x_wconf 67' lang='lat' dir='ltr'><strong>tetates,</strong></span> 
     </span>
    </p>
   </div>
   <div class='ocr_carea' id='block_1_19' title="bbox 2152 576 3743 653">
    <p class='ocr_par' dir='ltr' id='par_1_19' title="bbox 2152 576 3743 653">
     <span class='ocr_line' id='line_1_19' title="bbox 2152 576 3743 653; baseline 0.006 -24"><span class='ocrx_word' id='word_1_133' title='bbox 2152 576 2262 630; x_wconf 89' lang='lat' dir='ltr'><strong>cile</strong></span> <span class='ocrx_word' id='word_1_134' title='bbox 2301 577 2682 633; x_wconf 76' lang='lat' dir='ltr'><strong>remissionem</strong></span> <span class='ocrx_word' id='word_1_135' title='bbox 2714 578 2950 648; x_wconf 86' lang='lat' dir='ltr'><strong>aliquam</strong></span> <span class='ocrx_word' id='word_1_136' title='bbox 2995 582 3247 637; x_wconf 85' lang='lat' dir='ltr'><strong>videmus</strong></span> <span class='ocrx_word' id='word_1_137' title='bbox 3280 583 3334 637; x_wconf 92' lang='lat' dir='ltr'><strong>in</strong></span> <span class='ocrx_word' id='word_1_138' title='bbox 3365 582 3501 653; x_wconf 90' lang='lat' dir='ltr'><strong>legis</strong></span> <span class='ocrx_word' id='word_1_139' title='bbox 3544 582 3743 639; x_wconf 87' lang='lat' dir='ltr'><strong>litteris</strong></span> 
     </span>
    </p>
   </div>
   <div class='ocr_carea' id='block_1_20' title="bbox 2148 667 3728 743">
    <p class='ocr_par' dir='ltr' id='par_1_20' title="bbox 2148 667 3728 743">
     <span class='ocr_line' id='line_1_20' title="bbox 2148 667 3728 743; baseline 0.006 -22"><span class='ocrx_word' id='word_1_140' title='bbox 2148 668 2447 737; x_wconf 86' lang='lat' dir='ltr'><strong>designari.</strong></span> <span class='ocrx_word' id='word_1_141' title='bbox 2479 667 2603 724; x_wconf 63' lang='lat' dir='ltr'><strong>Haec</strong></span> <span class='ocrx_word' id='word_1_142' title='bbox 2638 681 2820 725; x_wconf 89' lang='lat' dir='ltr'><strong>autem</strong></span> <span class='ocrx_word' id='word_1_143' title='bbox 2856 673 3095 729; x_wconf 78' lang='lat' dir='ltr'><strong>diximus</strong></span> <span class='ocrx_word' id='word_1_144' title='bbox 3127 690 3226 742; x_wconf 90' lang='lat' dir='ltr'><strong>pro</strong></span> <span class='ocrx_word' id='word_1_145' title='bbox 3253 675 3320 730; x_wconf 92' lang='lat' dir='ltr'><strong>iis</strong></span> <span class='ocrx_word' id='word_1_146' title='bbox 3341 689 3463 743; x_wconf 67' lang='lat' dir='ltr'><strong>qua:</strong></span> <span class='ocrx_word' id='word_1_147' title='bbox 3491 677 3728 730; x_wconf 80' lang='lat' dir='ltr'><strong>recitata</strong></span> 
     </span>
    </p>
   </div>
   <div class='ocr_carea' id='block_1_21' title="bbox 2148 760 3735 835">
    <p class='ocr_par' dir='ltr' id='par_1_21' title="bbox 2148 760 3735 835">
     <span class='ocr_line' id='line_1_21' title="bbox 2148 760 3735 835; baseline 0.007 -24"><span class='ocrx_word' id='word_1_148' title='bbox 2148 768 2278 813; x_wconf 91' lang='lat' dir='ltr'><strong>sunt</strong></span> <span class='ocrx_word' id='word_1_149' title='bbox 2309 760 2467 815; x_wconf 86' lang='lat' dir='ltr'><strong>nobis</strong></span> <span class='ocrx_word' id='word_1_150' title='bbox 2496 778 2511 817; x_wconf 89' lang='lat'><strong>:</strong></span> <span class='ocrx_word' id='word_1_151' title='bbox 2554 779 2573 813; x_wconf 70' lang='grc' dir='ltr'><strong>ι</strong></span> <span class='ocrx_word' id='word_1_152' title='bbox 2615 762 2681 816; x_wconf 85' lang='grc' dir='ltr'>Ει</span> <span class='ocrx_word' id='word_1_153' title='bbox 2715 763 2874 829; x_wconf 80' lang='lat' dir='ltr'><strong>dixit,</strong></span> <span class='ocrx_word' id='word_1_154' title='bbox 2925 767 3124 835; x_wconf 89' lang='lat' dir='ltr'><strong>inquit,</strong></span> <span class='ocrx_word' id='word_1_155' title='bbox 3168 764 3428 822; x_wconf 87' lang='lat' dir='ltr'><strong>Dominus</strong></span> <span class='ocrx_word' id='word_1_156' title='bbox 3452 767 3521 821; x_wconf 86' lang='lat' dir='ltr'><strong>ad</strong></span> <span class='ocrx_word' id='word_1_157' title='bbox 3546 767 3735 822; x_wconf 80' lang='lat' dir='ltr'><strong>Aaron</strong></span> 
     </span>
    </p>
   </div>
   <div class='ocr_carea' id='block_1_22' title="bbox 2147 851 3737 928">
    <p class='ocr_par' dir='ltr' id='par_1_22' title="bbox 2147 851 3737 928">
     <span class='ocr_line' id='line_1_22' title="bbox 2147 851 3737 928; baseline 0.006 -24"><span class='ocrx_word' id='word_1_158' title='bbox 2147 851 2341 906; x_wconf 90' lang='lat' dir='ltr'><strong>dicens</strong></span> <span class='ocrx_word' id='word_1_159' title='bbox 2376 871 2390 907; x_wconf 94' lang='lat'>:</span> <span class='ocrx_word' id='word_1_160' title='bbox 2424 853 2503 908; x_wconf 89' lang='lat' dir='ltr'><strong>Tu</strong></span> <span class='ocrx_word' id='word_1_161' title='bbox 2535 863 2592 909; x_wconf 90' lang='lat' dir='ltr'><strong>et</strong></span> <span class='ocrx_word' id='word_1_162' title='bbox 2626 855 2721 910; x_wconf 85' lang='lat' dir='ltr'><strong>lilii</strong></span> <span class='ocrx_word' id='word_1_163' title='bbox 2753 858 2853 921; x_wconf 90' lang='lat' dir='ltr'><strong>tui,</strong></span> <span class='ocrx_word' id='word_1_164' title='bbox 2888 866 2945 911; x_wconf 91' lang='lat' dir='ltr'><strong>et</strong></span> <span class='ocrx_word' id='word_1_165' title='bbox 2984 860 3183 914; x_wconf 89' lang='lat' dir='ltr'><strong>domus</strong></span> <span class='ocrx_word' id='word_1_166' title='bbox 3209 859 3382 928; x_wconf 87' lang='lat' dir='ltr'><strong>patris</strong></span> <span class='ocrx_word' id='word_1_167' title='bbox 3424 860 3502 914; x_wconf 93' lang='lat' dir='ltr'><strong>tui</strong></span> <span class='ocrx_word' id='word_1_168' title='bbox 3554 868 3737 914; x_wconf 86' lang='lat' dir='ltr'><strong>tecum</strong></span> 
     </span>
    </p>
   </div>
   <div class='ocr_carea' id='block_1_23' title="bbox 2147 945 3742 1021">
    <p class='ocr_par' dir='ltr' id='par_1_23' title="bbox 2147 945 3742 1021">
     <span class='ocr_line' id='line_1_23' title="bbox 2147 945 3742 1021; baseline 0.004 -22"><span class='ocrx_word' id='word_1_169' title='bbox 2147 945 2381 1001; x_wconf 89' lang='lat' dir='ltr'><strong>sumetis</strong></span> <span class='ocrx_word' id='word_1_170' title='bbox 2423 959 2649 1014; x_wconf 80' lang='lat' dir='ltr'><strong>peccata</strong></span> <span class='ocrx_word' id='word_1_171' title='bbox 2707 959 3089 1005; x_wconf 67' lang='lat' dir='ltr'><strong>sanctorum.»</strong></span> <span class='ocrx_word' id='word_1_172' title='bbox 3142 950 3331 1007; x_wconf 83' lang='lat' dir='ltr'><strong>Potest</strong></span> <span class='ocrx_word' id='word_1_173' title='bbox 3381 952 3601 1021; x_wconf 85' lang='lat' dir='ltr'><strong>quidem</strong></span> <span class='ocrx_word' id='word_1_174' title='bbox 3663 952 3742 1006; x_wconf 84' lang='lat' dir='ltr'><strong>ita</strong></span> 
     </span>
    </p>
   </div>
   <div class='ocr_carea' id='block_1_24' title="bbox 2147 1038 3741 1111">
    <p class='ocr_par' dir='ltr' id='par_1_24' title="bbox 2147 1038 3741 1111">
     <span class='ocr_line' id='line_1_24' title="bbox 2147 1038 3741 1111; baseline 0.005 -22"><span class='ocrx_word' id='word_1_175' title='bbox 2147 1038 2347 1107; x_wconf 88' lang='lat' dir='ltr'><strong>exponi</strong></span> <span class='ocrx_word' id='word_1_176' title='bbox 2391 1038 2542 1093; x_wconf 91' lang='lat' dir='ltr'><strong>locus</strong></span> <span class='ocrx_word' id='word_1_177' title='bbox 2578 1040 2710 1107; x_wconf 90' lang='lat' dir='ltr'><strong>iste;</strong></span> <span class='ocrx_word' id='word_1_178' title='bbox 2764 1050 2826 1094; x_wconf 91' lang='lat' dir='ltr'><strong>ut</strong></span> <span class='ocrx_word' id='word_1_179' title='bbox 2883 1056 2983 1111; x_wconf 87' lang='lat' dir='ltr'><strong>per</strong></span> <span class='ocrx_word' id='word_1_180' title='bbox 3014 1056 3078 1097; x_wconf 91' lang='lat' dir='ltr'><strong>ea</strong></span> <span class='ocrx_word' id='word_1_181' title='bbox 3123 1058 3246 1111; x_wconf 71' lang='lat' dir='ltr'><strong>qua:</strong></span> <span class='ocrx_word' id='word_1_182' title='bbox 3286 1042 3446 1099; x_wconf 85' lang='lat' dir='ltr'><strong>oﬂ&#39;ert</strong></span> <span class='ocrx_word' id='word_1_183' title='bbox 3491 1043 3741 1111; x_wconf 75' lang='lat' dir='ltr'><strong>pontifex</strong></span> 
     </span>
    </p>
   </div>
   <div class='ocr_carea' id='block_1_25' title="bbox 2149 1129 3743 1200">
    <p class='ocr_par' dir='ltr' id='par_1_25' title="bbox 2149 1129 3743 1200">
     <span class='ocr_line' id='line_1_25' title="bbox 2149 1129 3743 1200; baseline 0.003 -20"><span class='ocrx_word' id='word_1_184' title='bbox 2149 1143 2253 1195; x_wconf 92' lang='lat' dir='ltr'><strong>pro</strong></span> <span class='ocrx_word' id='word_1_185' title='bbox 2288 1138 2515 1197; x_wconf 88' lang='lat' dir='ltr'><strong>peccato</strong></span> <span class='ocrx_word' id='word_1_186' title='bbox 2569 1129 3026 1198; x_wconf 86' lang='lat' dir='ltr'><strong>uniuscujusque,</strong></span> <span class='ocrx_word' id='word_1_187' title='bbox 3060 1139 3118 1183; x_wconf 88' lang='lat' dir='ltr'><strong>et</strong></span> <span class='ocrx_word' id='word_1_188' title='bbox 3149 1131 3404 1200; x_wconf 85' lang='lat' dir='ltr'><strong>puriﬂeat</strong></span> <span class='ocrx_word' id='word_1_189' title='bbox 3462 1146 3587 1185; x_wconf 91' lang='lat' dir='ltr'><strong>eum</strong></span> <span class='ocrx_word' id='word_1_190' title='bbox 3640 1144 3743 1197; x_wconf 89' lang='lat' dir='ltr'><strong>pro</strong></span> 
     </span>
    </p>
   </div>
   <div class='ocr_carea' id='block_1_26' title="bbox 2146 1220 3741 1291">
    <p class='ocr_par' dir='ltr' id='par_1_26' title="bbox 2146 1220 3741 1291">
     <span class='ocr_line' id='line_1_26' title="bbox 2146 1220 3741 1291; baseline 0.001 -18"><span class='ocrx_word' id='word_1_191' title='bbox 2146 1236 2259 1289; x_wconf 91' lang='lat' dir='ltr'><strong>quo</strong></span> <span class='ocrx_word' id='word_1_192' title='bbox 2297 1220 2581 1286; x_wconf 88' lang='lat' dir='ltr'><strong>obtulerit,</strong></span> <span class='ocrx_word' id='word_1_193' title='bbox 2610 1223 2875 1291; x_wconf 91' lang='lat' dir='ltr'><strong>scriptum</strong></span> <span class='ocrx_word' id='word_1_194' title='bbox 2914 1222 2985 1277; x_wconf 88' lang='lat' dir='ltr'><strong>sit</strong></span> <span class='ocrx_word' id='word_1_195' title='bbox 3014 1240 3026 1274; x_wconf 91' lang='lat'>:</span> <span class='ocrx_word' id='word_1_196' title='bbox 3065 1240 3084 1273; x_wconf 71' lang='grc' dir='ltr'><strong>ι</strong></span> <span class='ocrx_word' id='word_1_197' title='bbox 3109 1222 3189 1275; x_wconf 88' lang='lat' dir='ltr'><strong>Tu</strong></span> <span class='ocrx_word' id='word_1_198' title='bbox 3236 1231 3291 1276; x_wconf 90' lang='lat' dir='ltr'><strong>et</strong></span> <span class='ocrx_word' id='word_1_199' title='bbox 3318 1222 3414 1276; x_wconf 88' lang='lat' dir='ltr'><strong>lilii</strong></span> <span class='ocrx_word' id='word_1_200' title='bbox 3447 1222 3741 1280; x_wconf 79' lang='lat' dir='ltr'><strong>tui,tecum</strong></span> 
     </span>
    </p>
   </div>
   <div class='ocr_carea' id='block_1_27' title="bbox 2147 1312 3744 1382">
    <p class='ocr_par' dir='ltr' id='par_1_27' title="bbox 2147 1312 3744 1382">
     <span class='ocr_line' id='line_1_27' title="bbox 2147 1312 3744 1382; baseline 0.001 -17"><span class='ocrx_word' id='word_1_201' title='bbox 2147 1314 2377 1367; x_wconf 88' lang='lat' dir='ltr'><strong>sumetis</strong></span> <span class='ocrx_word' id='word_1_202' title='bbox 2409 1322 2632 1382; x_wconf 87' lang='lat' dir='ltr'><strong>peccata</strong></span> <span class='ocrx_word' id='word_1_203' title='bbox 2658 1322 2996 1368; x_wconf 88' lang='lat' dir='ltr'><strong>sanctorum.</strong></span> <span class='ocrx_word' id='word_1_204' title='bbox 3026 1331 3045 1365; x_wconf 75' lang='grc' dir='ltr'><strong>ι</strong></span> <span class='ocrx_word' id='word_1_205' title='bbox 3074 1312 3205 1368; x_wconf 78' lang='lat' dir='ltr'><strong>Mihi</strong></span> <span class='ocrx_word' id='word_1_206' title='bbox 3236 1324 3414 1368; x_wconf 82' lang='lat' dir='ltr'><strong>autem</strong></span> <span class='ocrx_word' id='word_1_207' title='bbox 3447 1328 3553 1367; x_wconf 89' lang='lat' dir='ltr'><strong>non</strong></span> <span class='ocrx_word' id='word_1_208' title='bbox 3585 1312 3744 1367; x_wconf 79' lang='lat' dir='ltr'><strong>vide-</strong></span> 
     </span>
    </p>
   </div>
   <div class='ocr_carea' id='block_1_28' title="bbox 2149 1404 3737 1474">
    <p class='ocr_par' dir='ltr' id='par_1_28' title="bbox 2149 1404 3737 1474">
     <span class='ocr_line' id='line_1_28' title="bbox 2149 1404 3737 1474; baseline 0.001 -19"><span class='ocrx_word' id='word_1_209' title='bbox 2149 1411 2237 1457; x_wconf 91' lang='lat' dir='ltr'><strong>tur</strong></span> <span class='ocrx_word' id='word_1_210' title='bbox 2260 1404 2496 1459; x_wconf 85' lang='lat' dir='ltr'><strong>Otiosqu</strong></span> <span class='ocrx_word' id='word_1_211' title='bbox 2528 1405 2671 1473; x_wconf 88' lang='lat' dir='ltr'><strong>quod</strong></span> <span class='ocrx_word' id='word_1_212' title='bbox 2705 1415 3019 1459; x_wconf 86' lang='lat' dir='ltr'><strong>sanctorum</strong></span> <span class='ocrx_word' id='word_1_213' title='bbox 3054 1414 3279 1474; x_wconf 88' lang='lat' dir='ltr'><strong>peccata</strong></span> <span class='ocrx_word' id='word_1_214' title='bbox 3318 1411 3737 1458; x_wconf 81' lang='lat' dir='ltr'><strong>commemorat.</strong></span> 
     </span>
    </p>
   </div>
   <div class='ocr_carea' id='block_1_29' title="bbox 2147 1494 3741 1565">
    <p class='ocr_par' dir='ltr' id='par_1_29' title="bbox 2147 1494 3741 1565">
     <span class='ocr_line' id='line_1_29' title="bbox 2147 1494 3741 1565; baseline 0.001 -18"><span class='ocrx_word' id='word_1_215' title='bbox 2147 1494 2205 1549; x_wconf 88' lang='lat' dir='ltr'><strong>lu</strong></span> <span class='ocrx_word' id='word_1_216' title='bbox 2237 1496 2424 1549; x_wconf 91' lang='lat' dir='ltr'><strong>multis</strong></span> <span class='ocrx_word' id='word_1_217' title='bbox 2457 1496 2659 1550; x_wconf 90' lang='lat' dir='ltr'><strong>etenim</strong></span> <span class='ocrx_word' id='word_1_218' title='bbox 2700 1496 3002 1565; x_wconf 63' lang='lat' dir='ltr'><strong>Scriptura;</strong></span> <span class='ocrx_word' id='word_1_219' title='bbox 3038 1498 3173 1552; x_wconf 89' lang='lat' dir='ltr'><strong>locis</strong></span> <span class='ocrx_word' id='word_1_220' title='bbox 3206 1512 3389 1553; x_wconf 89' lang='lat' dir='ltr'><strong>sermo</strong></span> <span class='ocrx_word' id='word_1_221' title='bbox 3438 1496 3542 1551; x_wconf 88' lang='lat' dir='ltr'><strong>iste</strong></span> <span class='ocrx_word' id='word_1_222' title='bbox 3579 1509 3741 1563; x_wconf 78' lang='lat' dir='ltr'><strong>repe-</strong></span> 
     </span>
    </p>
   </div>
   <div class='ocr_carea' id='block_1_30' title="bbox 2150 1587 3737 1659">
    <p class='ocr_par' dir='ltr' id='par_1_30' title="bbox 2150 1587 3737 1659">
     <span class='ocr_line' id='line_1_30' title="bbox 2150 1587 3737 1659; baseline 0.001 -18"><span class='ocrx_word' id='word_1_223' title='bbox 2150 1589 2303 1642; x_wconf 89' lang='lat' dir='ltr'><strong>titur.</strong></span> <span class='ocrx_word' id='word_1_224' title='bbox 2338 1587 2491 1644; x_wconf 86' lang='lat' dir='ltr'><strong>Unde</strong></span> <span class='ocrx_word' id='word_1_225' title='bbox 2539 1588 2932 1658; x_wconf 90' lang='lat' dir='ltr'><strong>requirendum</strong></span> <span class='ocrx_word' id='word_1_226' title='bbox 2977 1599 3083 1656; x_wconf 89' lang='lat' dir='ltr'><strong>est,</strong></span> <span class='ocrx_word' id='word_1_227' title='bbox 3121 1591 3397 1659; x_wconf 90' lang='lat' dir='ltr'><strong>quomodo</strong></span> <span class='ocrx_word' id='word_1_228' title='bbox 3461 1598 3519 1644; x_wconf 87' lang='lat' dir='ltr'><strong>et</strong></span> <span class='ocrx_word' id='word_1_229' title='bbox 3560 1589 3737 1643; x_wconf 78' lang='lat' dir='ltr'><strong>sancti</strong></span> 
     </span>
    </p>
   </div>
   <div class='ocr_carea' id='block_1_31' title="bbox 2147 1677 3735 1749">
    <p class='ocr_par' dir='ltr' id='par_1_31' title="bbox 2147 1677 3735 1749">
     <span class='ocr_line' id='line_1_31' title="bbox 2147 1677 3735 1749; baseline 0.002 -16"><span class='ocrx_word' id='word_1_230' title='bbox 2147 1679 2403 1735; x_wconf 91' lang='lat' dir='ltr'><strong>dicantur</strong></span> <span class='ocrx_word' id='word_1_231' title='bbox 2449 1677 2637 1748; x_wconf 89' lang='lat' dir='ltr'><strong>aliqui,</strong></span> <span class='ocrx_word' id='word_1_232' title='bbox 2673 1688 2729 1733; x_wconf 91' lang='lat' dir='ltr'><strong>et</strong></span> <span class='ocrx_word' id='word_1_233' title='bbox 2782 1680 2847 1734; x_wconf 88' lang='lat' dir='ltr'><strong>de</strong></span> <span class='ocrx_word' id='word_1_234' title='bbox 2905 1680 3151 1749; x_wconf 81' lang='lat' dir='ltr'><strong>peccatis</strong></span> <span class='ocrx_word' id='word_1_235' title='bbox 3190 1695 3380 1735; x_wconf 91' lang='lat' dir='ltr'><strong>eorum</strong></span> <span class='ocrx_word' id='word_1_236' title='bbox 3441 1679 3735 1737; x_wconf 88' lang='lat' dir='ltr'><strong>scribatur.</strong></span> 
     </span>
    </p>
   </div>
   <div class='ocr_carea' id='block_1_32' title="bbox 2150 1771 3742 1842">
    <p class='ocr_par' dir='ltr' id='par_1_32' title="bbox 2150 1771 3742 1842">
     <span class='ocr_line' id='line_1_32' title="bbox 2150 1771 3742 1842; baseline 0.001 -16"><span class='ocrx_word' id='word_1_237' title='bbox 2150 1771 2267 1827; x_wconf 83' lang='lat' dir='ltr'><strong>Non</strong></span> <span class='ocrx_word' id='word_1_238' title='bbox 2297 1773 2471 1837; x_wconf 88' lang='lat' dir='ltr'><strong>enim,</strong></span> <span class='ocrx_word' id='word_1_239' title='bbox 2508 1781 2567 1825; x_wconf 92' lang='lat' dir='ltr'><strong>ut</strong></span> <span class='ocrx_word' id='word_1_240' title='bbox 2602 1780 2793 1841; x_wconf 89' lang='lat' dir='ltr'><strong>putant</strong></span> <span class='ocrx_word' id='word_1_241' title='bbox 2839 1774 3090 1842; x_wconf 89' lang='lat' dir='ltr'><strong>quidam,</strong></span> <span class='ocrx_word' id='word_1_242' title='bbox 3142 1773 3326 1828; x_wconf 83' lang='lat' dir='ltr'><strong>statim</strong></span> <span class='ocrx_word' id='word_1_243' title='bbox 3368 1781 3427 1825; x_wconf 89' lang='lat' dir='ltr'><strong>ut</strong></span> <span class='ocrx_word' id='word_1_244' title='bbox 3459 1774 3582 1841; x_wconf 84' lang='lat' dir='ltr'><strong>quis</strong></span> <span class='ocrx_word' id='word_1_245' title='bbox 3613 1787 3742 1827; x_wconf 87' lang='lat' dir='ltr'><strong>san-</strong></span> 
     </span>
    </p>
   </div>
   <div class='ocr_carea' id='block_1_33' title="bbox 440 1842 3742 1938">
    <p class='ocr_par' dir='ltr' id='par_1_33' title="bbox 440 1842 3742 1938">
     <span class='ocr_line' id='line_1_33' title="bbox 440 1842 3742 1938; baseline -0 -21"><span class='ocrx_word' id='word_1_246' title='bbox 440 1865 539 1917; x_wconf 88' lang='lat' dir='ltr'><strong>sed</strong></span> <span class='ocrx_word' id='word_1_247' title='bbox 570 1864 767 1917; x_wconf 71' lang='lat' dir='ltr'><strong>anima:</strong></span> <span class='ocrx_word' id='word_1_248' title='bbox 798 1864 1143 1933; x_wconf 88' lang='lat' dir='ltr'><strong>profectuum</strong></span> <span class='ocrx_word' id='word_1_249' title='bbox 1184 1866 1532 1923; x_wconf 82' lang='lat' dir='ltr'><strong>differentias</strong></span> <span class='ocrx_word' id='word_1_250' title='bbox 1576 1870 1753 1938; x_wconf 89' lang='lat' dir='ltr'><strong>ponit,</strong></span> <span class='ocrx_word' id='word_1_251' title='bbox 1785 1869 2037 1925; x_wconf 90' lang='lat' dir='ltr'><strong>utetiam</strong></span> <span class='ocrx_word' id='word_1_252' title='bbox 2074 1842 2116 1896; x_wconf 77' lang='grc' dir='ltr'>Β</span> <span class='ocrx_word' id='word_1_253' title='bbox 2146 1874 2267 1919; x_wconf 85' lang='lat' dir='ltr'><strong>etus</strong></span> <span class='ocrx_word' id='word_1_254' title='bbox 2300 1878 2425 1918; x_wconf 89' lang='lat' dir='ltr'><strong>esse</strong></span> <span class='ocrx_word' id='word_1_255' title='bbox 2467 1864 2725 1933; x_wconf 64' lang='lat' dir='ltr'><strong>coeperit,</strong></span> <span class='ocrx_word' id='word_1_256' title='bbox 2755 1877 2988 1932; x_wconf 87' lang='lat' dir='ltr'><strong>peccare</strong></span> <span class='ocrx_word' id='word_1_257' title='bbox 3014 1864 3127 1934; x_wconf 88' lang='lat' dir='ltr'><strong>jam</strong></span> <span class='ocrx_word' id='word_1_258' title='bbox 3158 1879 3265 1918; x_wconf 90' lang='lat' dir='ltr'><strong>non</strong></span> <span class='ocrx_word' id='word_1_259' title='bbox 3296 1872 3495 1933; x_wconf 84' lang='lat' dir='ltr'><strong>potest,</strong></span> <span class='ocrx_word' id='word_1_260' title='bbox 3527 1871 3582 1917; x_wconf 89' lang='lat' dir='ltr'><strong>et</strong></span> <span class='ocrx_word' id='word_1_261' title='bbox 3610 1877 3742 1917; x_wconf 90' lang='lat' dir='ltr'><strong>cou-</strong></span> 
     </span>
    </p>
   </div>
   <div class='ocr_carea' id='block_1_34' title="bbox 442 1956 2039 2029">
    <p class='ocr_par' dir='ltr' id='par_1_34' title="bbox 442 1956 2039 2029">
     <span class='ocr_line' id='line_1_34' title="bbox 442 1956 2039 2029; baseline 0.004 -18"><span class='ocrx_word' id='word_1_262' title='bbox 442 1956 495 2011; x_wconf 87' lang='lat' dir='ltr'><strong>iu</strong></span> <span class='ocrx_word' id='word_1_263' title='bbox 548 1957 650 2011; x_wconf 93' lang='lat' dir='ltr'><strong>hoc</strong></span> <span class='ocrx_word' id='word_1_264' title='bbox 702 1958 1067 2011; x_wconf 85' lang='lat' dir='ltr'><strong>sacerdotalis</strong></span> <span class='ocrx_word' id='word_1_265' title='bbox 1106 1960 1274 2027; x_wconf 76' lang='lat' dir='ltr'><strong>virga:</strong></span> <span class='ocrx_word' id='word_1_266' title='bbox 1333 1962 1584 2029; x_wconf 76' lang='lat' dir='ltr'><strong>germine</strong></span> <span class='ocrx_word' id='word_1_267' title='bbox 1620 1961 2039 2018; x_wconf 77' lang='lat' dir='ltr'><strong>observavimus</strong></span> 
     </span>
    </p>
   </div>
   <div class='ocr_carea' id='block_1_35' title="bbox 440 2046 2037 2123">
    <p class='ocr_par' dir='ltr' id='par_1_35' title="bbox 440 2046 2037 2123">
     <span class='ocr_line' id='line_1_35' title="bbox 440 2046 2037 2123; baseline 0.005 -23"><span class='ocrx_word' id='word_1_268' title='bbox 440 2047 737 2117; x_wconf 81' lang='lat' dir='ltr'><strong>designari.</strong></span> <span class='ocrx_word' id='word_1_269' title='bbox 797 2046 1083 2104; x_wconf 86' lang='lat' dir='ltr'><strong>Habentur</strong></span> <span class='ocrx_word' id='word_1_270' title='bbox 1141 2066 1272 2122; x_wconf 77' lang='lat' dir='ltr'><strong>ergo</strong></span> <span class='ocrx_word' id='word_1_271' title='bbox 1326 2052 1443 2106; x_wconf 55' lang='lat' dir='ltr'><strong>haec</strong></span> <span class='ocrx_word' id='word_1_272' title='bbox 1480 2052 1641 2123; x_wconf 74' lang='lat'><strong>301</strong></span> <span class='ocrx_word' id='word_1_273' title='bbox 1701 2055 1887 2108; x_wconf 88' lang='lat' dir='ltr'><strong>omnia</strong></span> <span class='ocrx_word' id='word_1_274' title='bbox 1932 2071 2037 2108; x_wconf 90' lang='lat' dir='ltr'><strong>non</strong></span> 
     </span>
    </p>
   </div>
   <div class='ocr_carea' id='block_1_36' title="bbox 443 2141 2041 2217">
    <p class='ocr_par' dir='ltr' id='par_1_36' title="bbox 443 2141 2041 2217">
     <span class='ocr_line' id='line_1_36' title="bbox 443 2141 2041 2217; baseline 0.005 -23"><span class='ocrx_word' id='word_1_275' title='bbox 443 2149 555 2194; x_wconf 88' lang='lat' dir='ltr'><strong>tam</strong></span> <span class='ocrx_word' id='word_1_276' title='bbox 604 2141 660 2195; x_wconf 93' lang='lat' dir='ltr'><strong>in</strong></span> <span class='ocrx_word' id='word_1_277' title='bbox 716 2144 871 2212; x_wconf 86' lang='lat' dir='ltr'><strong>virga</strong></span> <span class='ocrx_word' id='word_1_278' title='bbox 901 2144 1109 2208; x_wconf 90' lang='lat' dir='ltr'><strong>Aaron,</strong></span> <span class='ocrx_word' id='word_1_279' title='bbox 1145 2158 1308 2212; x_wconf 90' lang='lat' dir='ltr'><strong>quam</strong></span> <span class='ocrx_word' id='word_1_280' title='bbox 1341 2145 1393 2198; x_wconf 91' lang='lat' dir='ltr'><strong>in</strong></span> <span class='ocrx_word' id='word_1_281' title='bbox 1425 2160 1490 2199; x_wconf 91' lang='lat' dir='ltr'><strong>ea</strong></span> <span class='ocrx_word' id='word_1_282' title='bbox 1530 2146 1678 2216; x_wconf 84' lang='lat' dir='ltr'><strong>virga</strong></span> <span class='ocrx_word' id='word_1_283' title='bbox 1740 2164 1861 2217; x_wconf 78' lang='lat' dir='ltr'><strong>qute</strong></span> <span class='ocrx_word' id='word_1_284' title='bbox 1906 2150 2041 2202; x_wconf 84' lang='lat' dir='ltr'><strong>exiit</strong></span> 
     </span>
    </p>
   </div>
   <div class='ocr_carea' id='block_1_37' title="bbox 441 2232 2037 2307">
    <p class='ocr_par' dir='ltr' id='par_1_37' title="bbox 441 2232 2037 2307">
     <span class='ocr_line' id='line_1_37' title="bbox 441 2232 2037 2307; baseline 0.004 -20"><span class='ocrx_word' id='word_1_285' title='bbox 441 2233 510 2287; x_wconf 89' lang='lat' dir='ltr'><strong>de</strong></span> <span class='ocrx_word' id='word_1_286' title='bbox 562 2234 746 2289; x_wconf 87' lang='lat' dir='ltr'><strong>radice</strong></span> <span class='ocrx_word' id='word_1_287' title='bbox 777 2232 1061 2291; x_wconf 81' lang='lat' dir='ltr'><strong>Jessezet</strong></span> <span class='ocrx_word' id='word_1_288' title='bbox 1110 2234 1209 2290; x_wconf 93' lang='lat' dir='ltr'><strong>ﬂos</strong></span> <span class='ocrx_word' id='word_1_289' title='bbox 1240 2235 1309 2290; x_wconf 90' lang='lat' dir='ltr'><strong>de</strong></span> <span class='ocrx_word' id='word_1_290' title='bbox 1360 2237 1546 2292; x_wconf 89' lang='lat' dir='ltr'><strong>radice</strong></span> <span class='ocrx_word' id='word_1_291' title='bbox 1597 2237 1715 2305; x_wconf 85' lang='lat' dir='ltr'><strong>ejus</strong></span> <span class='ocrx_word' id='word_1_292' title='bbox 1769 2242 2037 2307; x_wconf 89' lang='lat' dir='ltr'><strong>ascendit,</strong></span> 
     </span>
    </p>
   </div>
   <div class='ocr_carea' id='block_1_38' title="bbox 441 2329 2041 2403">
    <p class='ocr_par' dir='ltr' id='par_1_38' title="bbox 441 2329 2041 2403">
     <span class='ocr_line' id='line_1_38' title="bbox 441 2329 2041 2403; baseline 0.006 -24"><span class='ocrx_word' id='word_1_293' title='bbox 441 2342 609 2396; x_wconf 85' lang='lat' dir='ltr'><strong>super</strong></span> <span class='ocrx_word' id='word_1_294' title='bbox 657 2343 820 2398; x_wconf 88' lang='lat' dir='ltr'><strong>quem</strong></span> <span class='ocrx_word' id='word_1_295' title='bbox 886 2329 1155 2397; x_wconf 85' lang='lat' dir='ltr'><strong>requievit</strong></span> <span class='ocrx_word' id='word_1_296' title='bbox 1190 2331 1417 2401; x_wconf 90' lang='lat' dir='ltr'><strong>spiritus</strong></span> <span class='ocrx_word' id='word_1_297' title='bbox 1462 2330 1555 2385; x_wconf 86' lang='lat' dir='ltr'><strong>Dei</strong></span> <span class='ocrx_word' id='word_1_298' title='bbox 1575 2331 1644 2389; x_wconf 71' lang='grc'><strong>⁵⁷.</strong></span> <span class='ocrx_word' id='word_1_299' title='bbox 1699 2331 1757 2385; x_wconf 86' lang='lat' dir='ltr'><strong>lu</strong></span> <span class='ocrx_word' id='word_1_300' title='bbox 1795 2348 1904 2403; x_wconf 90' lang='lat' dir='ltr'><strong>quo</strong></span> <span class='ocrx_word' id='word_1_301' title='bbox 1941 2349 2041 2389; x_wconf 73' lang='lat' dir='ltr'><strong>nec</strong></span> 
     </span>
    </p>
   </div>
   <div class='ocr_carea' id='block_1_39' title="bbox 442 2416 2043 2493">
    <p class='ocr_par' dir='ltr' id='par_1_39' title="bbox 442 2416 2043 2493">
     <span class='ocr_line' id='line_1_39' title="bbox 442 2416 2043 2493; baseline 0.007 -24"><span class='ocrx_word' id='word_1_302' title='bbox 442 2416 550 2472; x_wconf 89' lang='lat' dir='ltr'><strong>hoc</strong></span> <span class='ocrx_word' id='word_1_303' title='bbox 618 2418 792 2488; x_wconf 89' lang='lat' dir='ltr'><strong>ipsum</strong></span> <span class='ocrx_word' id='word_1_304' title='bbox 846 2420 1062 2475; x_wconf 88' lang='lat' dir='ltr'><strong>videtur</strong></span> <span class='ocrx_word' id='word_1_305' title='bbox 1130 2422 1371 2479; x_wconf 91' lang='lat' dir='ltr'><strong>otiosum</strong></span> <span class='ocrx_word' id='word_1_306' title='bbox 1427 2425 1573 2493; x_wconf 91' lang='lat' dir='ltr'><strong>quod</strong></span> <span class='ocrx_word' id='word_1_307' title='bbox 1633 2426 1787 2480; x_wconf 87' lang='lat' dir='ltr'><strong>exire</strong></span> <span class='ocrx_word' id='word_1_308' title='bbox 1842 2426 2043 2480; x_wconf 91' lang='lat' dir='ltr'><strong>dicitur</strong></span> 
     </span>
    </p>
   </div>
   <div class='ocr_carea' id='block_1_40' title="bbox 441 2510 2041 2580">
    <p class='ocr_par' dir='ltr' id='par_1_40' title="bbox 441 2510 2041 2580">
     <span class='ocr_line' id='line_1_40' title="bbox 441 2510 2041 2580; baseline 0.008 -19"><span class='ocrx_word' id='word_1_309' title='bbox 441 2510 614 2578; x_wconf 90' lang='lat' dir='ltr'><strong>virga,</strong></span> <span class='ocrx_word' id='word_1_310' title='bbox 668 2520 722 2563; x_wconf 92' lang='lat' dir='ltr'><strong>et</strong></span> <span class='ocrx_word' id='word_1_311' title='bbox 763 2510 861 2565; x_wconf 90' lang='lat' dir='ltr'><strong>ﬂos</strong></span> <span class='ocrx_word' id='word_1_312' title='bbox 911 2512 1230 2568; x_wconf 85' lang='lat' dir='ltr'><strong>ascendere.</strong></span> <span class='ocrx_word' id='word_1_313' title='bbox 1287 2514 1547 2580; x_wconf 83' lang='lat' dir='ltr'><strong>Quamvis</strong></span> <span class='ocrx_word' id='word_1_314' title='bbox 1601 2516 1746 2570; x_wconf 92' lang='lat' dir='ltr'><strong>enim</strong></span> <span class='ocrx_word' id='word_1_315' title='bbox 1792 2533 1931 2572; x_wconf 90' lang='lat' dir='ltr'><strong>unus</strong></span> <span class='ocrx_word' id='word_1_316' title='bbox 1970 2520 2041 2572; x_wconf 86' lang='lat' dir='ltr'><strong>sit</strong></span> 
     </span>
    </p>
   </div>
   <div class='ocr_carea' id='block_1_41' title="bbox 439 2601 2036 2677">
    <p class='ocr_par' dir='ltr' id='par_1_41' title="bbox 439 2601 2036 2677">
     <span class='ocr_line' id='line_1_41' title="bbox 439 2601 2036 2677; baseline 0.004 -22"><span class='ocrx_word' id='word_1_317' title='bbox 439 2601 695 2656; x_wconf 78' lang='lat' dir='ltr'><strong>Christus</strong></span> <span class='ocrx_word' id='word_1_318' title='bbox 768 2618 864 2671; x_wconf 90' lang='lat' dir='ltr'><strong>per</strong></span> <span class='ocrx_word' id='word_1_319' title='bbox 938 2605 1307 2660; x_wconf 85' lang='lat' dir='ltr'><strong>substantiam</strong></span> <span class='ocrx_word' id='word_1_320' title='bbox 1365 2607 1468 2677; x_wconf 85' lang='lat'><strong>(5),</strong></span> <span class='ocrx_word' id='word_1_321' title='bbox 1545 2608 1779 2677; x_wconf 82' lang='lat' dir='ltr'><strong>singulis</strong></span> <span class='ocrx_word' id='word_1_322' title='bbox 1856 2618 2036 2662; x_wconf 90' lang='lat' dir='ltr'><strong>tamen</strong></span> 
     </span>
    </p>
   </div>
   <div class='ocr_carea' id='block_1_42' title="bbox 442 2696 2036 2772">
    <p class='ocr_par' dir='ltr' id='par_1_42' title="bbox 442 2696 2036 2772">
     <span class='ocr_line' id='line_1_42' title="bbox 442 2696 2036 2772; baseline 0.008 -26"><span class='ocrx_word' id='word_1_323' title='bbox 442 2696 694 2750; x_wconf 83' lang='lat' dir='ltr'><strong>diversus</strong></span> <span class='ocrx_word' id='word_1_324' title='bbox 723 2696 978 2764; x_wconf 85' lang='lat' dir='ltr'><strong>eﬂicitur,</strong></span> <span class='ocrx_word' id='word_1_325' title='bbox 1013 2709 1175 2769; x_wconf 88' lang='lat' dir='ltr'><strong>prout</strong></span> <span class='ocrx_word' id='word_1_326' title='bbox 1214 2700 1422 2771; x_wconf 86' lang='lat' dir='ltr'><strong>indiget</strong></span> <span class='ocrx_word' id='word_1_327' title='bbox 1447 2701 1492 2754; x_wconf 91' lang='lat' dir='ltr'><strong>is</strong></span> <span class='ocrx_word' id='word_1_328' title='bbox 1525 2701 1579 2754; x_wconf 91' lang='lat' dir='ltr'><strong>in</strong></span> <span class='ocrx_word' id='word_1_329' title='bbox 1612 2716 1720 2770; x_wconf 90' lang='lat' dir='ltr'><strong>quo</strong></span> <span class='ocrx_word' id='word_1_330' title='bbox 1751 2712 2036 2772; x_wconf 88' lang='lat' dir='ltr'><strong>operatur.</strong></span> 
     </span>
    </p>
   </div>
   <div class='ocr_carea' id='block_1_43' title="bbox 442 2789 2039 2863">
    <p class='ocr_par' dir='ltr' id='par_1_43' title="bbox 442 2789 2039 2863">
     <span class='ocr_line' id='line_1_43' title="bbox 442 2789 2039 2863; baseline 0.008 -24"><span class='ocrx_word' id='word_1_331' title='bbox 442 2789 544 2853; x_wconf 79' lang='lat' dir='ltr'><strong>Qui</strong></span> <span class='ocrx_word' id='word_1_332' title='bbox 593 2805 722 2857; x_wconf 77' lang='lat' dir='ltr'><strong>ergo</strong></span> <span class='ocrx_word' id='word_1_333' title='bbox 753 2792 976 2861; x_wconf 85' lang='lat' dir='ltr'><strong>segnior</strong></span> <span class='ocrx_word' id='word_1_334' title='bbox 1004 2802 1088 2847; x_wconf 90' lang='lat' dir='ltr'><strong>est</strong></span> <span class='ocrx_word' id='word_1_335' title='bbox 1119 2802 1171 2846; x_wconf 91' lang='lat' dir='ltr'><strong>et</strong></span> <span class='ocrx_word' id='word_1_336' title='bbox 1206 2793 1588 2863; x_wconf 83' lang='lat' dir='ltr'><strong>negligentior,</strong></span> <span class='ocrx_word' id='word_1_337' title='bbox 1622 2808 1721 2861; x_wconf 92' lang='lat' dir='ltr'><strong>pro</strong></span> <span class='ocrx_word' id='word_1_338' title='bbox 1757 2794 2039 2862; x_wconf 82' lang='lat' dir='ltr'><strong>disciplina</strong></span> 
     </span>
    </p>
   </div>
   <div class='ocr_carea' id='block_1_44' title="bbox 442 2874 2039 2953">
    <p class='ocr_par' dir='ltr' id='par_1_44' title="bbox 442 2874 2039 2953">
     <span class='ocr_line' id='line_1_44' title="bbox 442 2874 2039 2953; baseline 0.004 -21"><span class='ocrx_word' id='word_1_339' title='bbox 442 2880 503 2932; x_wconf 81' lang='lat' dir='ltr'><strong>tit</strong></span> <span class='ocrx_word' id='word_1_340' title='bbox 536 2881 583 2935; x_wconf 90' lang='lat' dir='ltr'><strong>ei</strong></span> <span class='ocrx_word' id='word_1_341' title='bbox 619 2882 868 2939; x_wconf 79' lang='lat' dir='ltr'><strong>Christus</strong></span> <span class='ocrx_word' id='word_1_342' title='bbox 908 2883 1079 2953; x_wconf 77' lang='lat' dir='ltr'><strong>virga,</strong></span> <span class='ocrx_word' id='word_1_343' title='bbox 1112 2893 1166 2937; x_wconf 92' lang='lat' dir='ltr'><strong>et</strong></span> <span class='ocrx_word' id='word_1_344' title='bbox 1201 2885 1253 2938; x_wconf 91' lang='lat' dir='ltr'><strong>in</strong></span> <span class='ocrx_word' id='word_1_345' title='bbox 1285 2885 1435 2951; x_wconf 85' lang='lat' dir='ltr'><strong>virga</strong></span> <span class='ocrx_word' id='word_1_346' title='bbox 1481 2874 1925 2940; x_wconf 22' lang='lat' dir='ltr'><strong>non-ascendere</strong></span> <span class='ocrx_word' id='word_1_347' title='bbox 1958 2887 2039 2939; x_wconf 92' lang='lat' dir='ltr'><strong>di-</strong></span> 
     </span>
    </p>
   </div>
   <div class='ocr_carea' id='block_1_45' title="bbox 440 2975 2040 3048">
    <p class='ocr_par' dir='ltr' id='par_1_45' title="bbox 440 2975 2040 3048">
     <span class='ocr_line' id='line_1_45' title="bbox 440 2975 2040 3048; baseline 0.005 -21"><span class='ocrx_word' id='word_1_348' title='bbox 440 2975 608 3037; x_wconf 87' lang='lat' dir='ltr'><strong>citur,</strong></span> <span class='ocrx_word' id='word_1_349' title='bbox 644 2975 737 3029; x_wconf 89' lang='lat' dir='ltr'><strong>sed</strong></span> <span class='ocrx_word' id='word_1_350' title='bbox 760 2977 935 3031; x_wconf 88' lang='lat' dir='ltr'><strong>exire.</strong></span> <span class='ocrx_word' id='word_1_351' title='bbox 959 2976 1279 3030; x_wconf 83' lang='lat' dir='ltr'><strong>Exeundum</strong></span> <span class='ocrx_word' id='word_1_352' title='bbox 1318 2992 1554 3046; x_wconf 88' lang='lat' dir='ltr'><strong>namque</strong></span> <span class='ocrx_word' id='word_1_353' title='bbox 1579 2986 1662 3031; x_wconf 91' lang='lat' dir='ltr'><strong>est</strong></span> <span class='ocrx_word' id='word_1_354' title='bbox 1694 2978 1741 3031; x_wconf 92' lang='lat' dir='ltr'><strong>ei</strong></span> <span class='ocrx_word' id='word_1_355' title='bbox 1776 2978 1868 3048; x_wconf 91' lang='lat' dir='ltr'><strong>qui</strong></span> <span class='ocrx_word' id='word_1_356' title='bbox 1893 2979 2040 3035; x_wconf 84' lang='lat' dir='ltr'><strong>iners</strong></span> 
     </span>
    </p>
   </div>
   <div class='ocr_carea' id='block_1_46' title="bbox 443 3069 2037 3139">
    <p class='ocr_par' dir='ltr' id='par_1_46' title="bbox 443 3069 2037 3139">
     <span class='ocr_line' id='line_1_46' title="bbox 443 3069 2037 3139; baseline 0.004 -19"><span class='ocrx_word' id='word_1_357' title='bbox 443 3078 499 3122; x_wconf 83' lang='lat' dir='ltr'><strong>ct</strong></span> <span class='ocrx_word' id='word_1_358' title='bbox 533 3069 716 3138; x_wconf 85' lang='lat' dir='ltr'><strong>segnis</strong></span> <span class='ocrx_word' id='word_1_359' title='bbox 744 3078 831 3124; x_wconf 94' lang='lat' dir='ltr'><strong>est</strong></span> <span class='ocrx_word' id='word_1_360' title='bbox 860 3069 928 3122; x_wconf 89' lang='lat' dir='ltr'><strong>de</strong></span> <span class='ocrx_word' id='word_1_361' title='bbox 955 3084 1020 3123; x_wconf 89' lang='lat' dir='ltr'><strong>eo</strong></span> <span class='ocrx_word' id='word_1_362' title='bbox 1046 3078 1187 3123; x_wconf 90' lang='lat' dir='ltr'><strong>statu</strong></span> <span class='ocrx_word' id='word_1_363' title='bbox 1227 3070 1279 3123; x_wconf 93' lang='lat' dir='ltr'><strong>in</strong></span> <span class='ocrx_word' id='word_1_364' title='bbox 1312 3084 1421 3139; x_wconf 90' lang='lat' dir='ltr'><strong>quo</strong></span> <span class='ocrx_word' id='word_1_365' title='bbox 1446 3085 1552 3123; x_wconf 89' lang='lat' dir='ltr'><strong>non</strong></span> <span class='ocrx_word' id='word_1_366' title='bbox 1587 3080 1732 3126; x_wconf 90' lang='lat' dir='ltr'><strong>recte</strong></span> <span class='ocrx_word' id='word_1_367' title='bbox 1760 3073 2037 3138; x_wconf 88' lang='lat' dir='ltr'><strong>consistit,</strong></span> 
     </span>
    </p>
   </div>
   <div class='ocr_carea' id='block_1_47' title="bbox 2150 1958 3735 2028">
    <p class='ocr_par' dir='ltr' id='par_1_47' title="bbox 2150 1958 3735 2028">
     <span class='ocr_line' id='line_1_47' title="bbox 2150 1958 3735 2028; baseline -0.001 -16"><span class='ocrx_word' id='word_1_368' title='bbox 2150 1960 2303 2012; x_wconf 90' lang='lat' dir='ltr'><strong>tinuo</strong></span> <span class='ocrx_word' id='word_1_369' title='bbox 2335 1958 2459 2013; x_wconf 89' lang='lat' dir='ltr'><strong>sine</strong></span> <span class='ocrx_word' id='word_1_370' title='bbox 2506 1968 2737 2028; x_wconf 86' lang='lat' dir='ltr'><strong>peccato</strong></span> <span class='ocrx_word' id='word_1_371' title='bbox 2769 1958 3050 2028; x_wconf 89' lang='lat' dir='ltr'><strong>putandus</strong></span> <span class='ocrx_word' id='word_1_372' title='bbox 3078 1968 3184 2013; x_wconf 88' lang='lat' dir='ltr'><strong>est.</strong></span> <span class='ocrx_word' id='word_1_373' title='bbox 3215 1958 3275 2013; x_wconf 89' lang='lat' dir='ltr'><strong>Si</strong></span> <span class='ocrx_word' id='word_1_374' title='bbox 3318 1958 3464 2014; x_wconf 85' lang='lat' dir='ltr'><strong>enim</strong></span> <span class='ocrx_word' id='word_1_375' title='bbox 3508 1966 3735 2012; x_wconf 91' lang='lat' dir='ltr'><strong>sanctus</strong></span> 
     </span>
    </p>
   </div>
   <div class='ocr_carea' id='block_1_48' title="bbox 2148 2048 3739 2119">
    <p class='ocr_par' dir='ltr' id='par_1_48' title="bbox 2148 2048 3739 2119">
     <span class='ocr_line' id='line_1_48' title="bbox 2148 2048 3739 2119; baseline -0.001 -16"><span class='ocrx_word' id='word_1_376' title='bbox 2148 2064 2255 2103; x_wconf 92' lang='lat' dir='ltr'><strong>nou</strong></span> <span class='ocrx_word' id='word_1_377' title='bbox 2292 2058 2573 2118; x_wconf 90' lang='lat' dir='ltr'><strong>peccaret,</strong></span> <span class='ocrx_word' id='word_1_378' title='bbox 2609 2065 2716 2105; x_wconf 88' lang='lat' dir='ltr'><strong>non</strong></span> <span class='ocrx_word' id='word_1_379' title='bbox 2767 2050 2957 2117; x_wconf 90' lang='lat' dir='ltr'><strong>utique</strong></span> <span class='ocrx_word' id='word_1_380' title='bbox 2988 2050 3252 2119; x_wconf 85' lang='lat' dir='ltr'><strong>scriptum</strong></span> <span class='ocrx_word' id='word_1_381' title='bbox 3275 2057 3421 2104; x_wconf 84' lang='lat' dir='ltr'><strong>esset</strong></span> <span class='ocrx_word' id='word_1_382' title='bbox 3452 2065 3466 2103; x_wconf 89' lang='lat'><strong>:</strong></span> <span class='ocrx_word' id='word_1_383' title='bbox 3501 2066 3520 2100; x_wconf 71' lang='grc' dir='ltr'>ε</span> <span class='ocrx_word' id='word_1_384' title='bbox 3547 2048 3739 2102; x_wconf 86' lang='lat' dir='ltr'><strong>Smne-</strong></span> 
     </span>
    </p>
   </div>
   <div class='ocr_carea' id='block_1_49' title="bbox 2151 2142 3740 2211">
    <p class='ocr_par' dir='ltr' id='par_1_49' title="bbox 2151 2142 3740 2211">
     <span class='ocr_line' id='line_1_49' title="bbox 2151 2142 3740 2211; baseline 0 -16"><span class='ocrx_word' id='word_1_385' title='bbox 2151 2142 2221 2195; x_wconf 90' lang='lat' dir='ltr'><strong>tis</strong></span> <span class='ocrx_word' id='word_1_386' title='bbox 2270 2150 2499 2211; x_wconf 89' lang='lat' dir='ltr'><strong>peccata</strong></span> <span class='ocrx_word' id='word_1_387' title='bbox 2554 2152 2943 2196; x_wconf 64' lang='lat' dir='ltr'><strong>sanctorum.»</strong></span> <span class='ocrx_word' id='word_1_388' title='bbox 2979 2142 3039 2197; x_wconf 91' lang='lat' dir='ltr'><strong>Si</strong></span> <span class='ocrx_word' id='word_1_389' title='bbox 3076 2152 3299 2198; x_wconf 88' lang='lat' dir='ltr'><strong>sanctus</strong></span> <span class='ocrx_word' id='word_1_390' title='bbox 3348 2143 3467 2198; x_wconf 89' lang='lat' dir='ltr'><strong>sine</strong></span> <span class='ocrx_word' id='word_1_391' title='bbox 3512 2150 3740 2211; x_wconf 90' lang='lat' dir='ltr'><strong>peccato</strong></span> 
     </span>
    </p>
   </div>
   <div class='ocr_carea' id='block_1_50' title="bbox 2148 2234 3741 2305">
    <p class='ocr_par' dir='ltr' id='par_1_50' title="bbox 2148 2234 3741 2305">
     <span class='ocr_line' id='line_1_50' title="bbox 2148 2234 3741 2305; baseline 0 -18"><span class='ocrx_word' id='word_1_392' title='bbox 2148 2242 2318 2299; x_wconf 85' lang='lat' dir='ltr'><strong>esset,</strong></span> <span class='ocrx_word' id='word_1_393' title='bbox 2371 2250 2481 2289; x_wconf 92' lang='lat' dir='ltr'><strong>non</strong></span> <span class='ocrx_word' id='word_1_394' title='bbox 2526 2236 2735 2290; x_wconf 90' lang='lat' dir='ltr'><strong>diceret</strong></span> <span class='ocrx_word' id='word_1_395' title='bbox 2790 2234 3052 2290; x_wconf 88' lang='lat' dir='ltr'><strong>Dominus</strong></span> <span class='ocrx_word' id='word_1_396' title='bbox 3099 2250 3199 2305; x_wconf 92' lang='lat' dir='ltr'><strong>per</strong></span> <span class='ocrx_word' id='word_1_397' title='bbox 3238 2234 3578 2290; x_wconf 81' lang='lat' dir='ltr'><strong>Ezechielem</strong></span> <span class='ocrx_word' id='word_1_398' title='bbox 3622 2249 3741 2302; x_wconf 84' lang='lat' dir='ltr'><strong>pro-</strong></span> 
     </span>
    </p>
   </div>
   <div class='ocr_carea' id='block_1_51' title="bbox 2148 2327 3740 2399">
    <p class='ocr_par' dir='ltr' id='par_1_51' title="bbox 2148 2327 3740 2399">
     <span class='ocr_line' id='line_1_51' title="bbox 2148 2327 3740 2399; baseline -0.003 -19"><span class='ocrx_word' id='word_1_399' title='bbox 2148 2327 2368 2395; x_wconf 89' lang='lat' dir='ltr'><strong>phetam</strong></span> <span class='ocrx_word' id='word_1_400' title='bbox 2397 2329 2464 2383; x_wconf 87' lang='lat' dir='ltr'><strong>ad</strong></span> <span class='ocrx_word' id='word_1_401' title='bbox 2496 2330 2739 2399; x_wconf 87' lang='lat' dir='ltr'><strong>angelos,</strong></span> <span class='ocrx_word' id='word_1_402' title='bbox 2797 2344 2935 2399; x_wconf 91' lang='lat' dir='ltr'><strong>quos</strong></span> <span class='ocrx_word' id='word_1_403' title='bbox 2991 2329 3246 2384; x_wconf 87' lang='lat' dir='ltr'><strong>mittebat</strong></span> <span class='ocrx_word' id='word_1_404' title='bbox 3289 2338 3609 2398; x_wconf 89' lang='lat' dir='ltr'><strong>peccatores</strong></span> <span class='ocrx_word' id='word_1_405' title='bbox 3638 2342 3740 2396; x_wconf 87' lang='lat' dir='ltr'><strong>pu-</strong></span> 
     </span>
    </p>
   </div>
   <div class='ocr_carea' id='block_1_52' title="bbox 2147 2419 3739 2491">
    <p class='ocr_par' dir='ltr' id='par_1_52' title="bbox 2147 2419 3739 2491">
     <span class='ocr_line' id='line_1_52' title="bbox 2147 2419 3739 2491; baseline -0.003 -18"><span class='ocrx_word' id='word_1_406' title='bbox 2147 2420 2266 2474; x_wconf 89' lang='lat' dir='ltr'><strong>nire</strong></span> <span class='ocrx_word' id='word_1_407' title='bbox 2289 2420 2454 2486; x_wconf 56' lang='lat'><strong>&quot;4&#39;3</strong></span> <span class='ocrx_word' id='word_1_408' title='bbox 2492 2439 2510 2472; x_wconf 85' lang='grc'><strong>‹</strong></span> <span class='ocrx_word' id='word_1_409' title='bbox 2547 2421 2614 2475; x_wconf 83' lang='grc' dir='ltr'>Ει</span> <span class='ocrx_word' id='word_1_410' title='bbox 2650 2436 2677 2475; x_wconf 88' lang='lat' dir='ltr'><strong>a</strong></span> <span class='ocrx_word' id='word_1_411' title='bbox 2710 2422 2918 2476; x_wconf 88' lang='lat' dir='ltr'><strong>sanctis</strong></span> <span class='ocrx_word' id='word_1_412' title='bbox 2949 2423 3083 2475; x_wconf 90' lang='lat' dir='ltr'><strong>meis</strong></span> <span class='ocrx_word' id='word_1_413' title='bbox 3118 2420 3448 2491; x_wconf 65' lang='lat' dir='ltr'><strong>incipietis.»</strong></span> <span class='ocrx_word' id='word_1_414' title='bbox 3483 2420 3539 2473; x_wconf 84' lang='lat' dir='ltr'><strong>Si</strong></span> <span class='ocrx_word' id='word_1_415' title='bbox 3591 2419 3739 2473; x_wconf 89' lang='lat' dir='ltr'><strong>enim</strong></span> 
     </span>
    </p>
   </div>
   <div class='ocr_carea' id='block_1_53' title="bbox 2144 2511 3741 2582">
    <p class='ocr_par' dir='ltr' id='par_1_53' title="bbox 2144 2511 3741 2582">
     <span class='ocr_line' id='line_1_53' title="bbox 2144 2511 3741 2582; baseline -0.002 -15"><span class='ocrx_word' id='word_1_416' title='bbox 2144 2513 2321 2567; x_wconf 88' lang='lat' dir='ltr'><strong>sancti</strong></span> <span class='ocrx_word' id='word_1_417' title='bbox 2352 2514 2471 2568; x_wconf 88' lang='lat' dir='ltr'><strong>sine</strong></span> <span class='ocrx_word' id='word_1_418' title='bbox 2512 2523 2740 2582; x_wconf 90' lang='lat' dir='ltr'><strong>peccato</strong></span> <span class='ocrx_word' id='word_1_419' title='bbox 2772 2522 2925 2578; x_wconf 85' lang='lat' dir='ltr'><strong>sunt,</strong></span> <span class='ocrx_word' id='word_1_420' title='bbox 2955 2514 3232 2581; x_wconf 92' lang='lat' dir='ltr'><strong>quomodo</strong></span> <span class='ocrx_word' id='word_1_421' title='bbox 3274 2513 3376 2581; x_wconf 89' lang='lat' dir='ltr'><strong>ipsi</strong></span> <span class='ocrx_word' id='word_1_422' title='bbox 3413 2511 3573 2580; x_wconf 90' lang='lat' dir='ltr'><strong>primi</strong></span> <span class='ocrx_word' id='word_1_423' title='bbox 3613 2525 3741 2564; x_wconf 60' lang='lat' dir='ltr'><strong>sucu</strong></span> 
     </span>
    </p>
   </div>
   <div class='ocr_carea' id='block_1_54' title="bbox 2144 2603 3723 2673">
    <p class='ocr_par' dir='ltr' id='par_1_54' title="bbox 2144 2603 3723 2673">
     <span class='ocr_line' id='line_1_54' title="bbox 2144 2603 3723 2673; baseline -0.001 -17"><span class='ocrx_word' id='word_1_424' title='bbox 2144 2606 2409 2658; x_wconf 89' lang='lat' dir='ltr'><strong>cumbunt</strong></span> <span class='ocrx_word' id='word_1_425' title='bbox 2461 2604 2747 2673; x_wconf 87' lang='lat' dir='ltr'><strong>suppliciis</strong></span> <span class='ocrx_word' id='word_1_426' title='bbox 2808 2604 3203 2673; x_wconf 80' lang='lat' dir='ltr'><strong>peccatorum?</strong></span> <span class='ocrx_word' id='word_1_427' title='bbox 3263 2604 3319 2658; x_wconf 92' lang='lat' dir='ltr'><strong>Si</strong></span> <span class='ocrx_word' id='word_1_428' title='bbox 3368 2603 3541 2657; x_wconf 81' lang='lat' dir='ltr'><strong>sancti</strong></span> <span class='ocrx_word' id='word_1_429' title='bbox 3604 2603 3723 2656; x_wconf 88' lang='lat' dir='ltr'><strong>sine</strong></span> 
     </span>
    </p>
   </div>
   <div class='ocr_carea' id='block_1_55' title="bbox 2145 2693 3737 2766">
    <p class='ocr_par' dir='ltr' id='par_1_55' title="bbox 2145 2693 3737 2766">
     <span class='ocr_line' id='line_1_55' title="bbox 2145 2693 3737 2766; baseline -0.003 -16"><span class='ocrx_word' id='word_1_430' title='bbox 2145 2706 2378 2766; x_wconf 90' lang='lat' dir='ltr'><strong>peccato</strong></span> <span class='ocrx_word' id='word_1_431' title='bbox 2411 2706 2619 2761; x_wconf 90' lang='lat' dir='ltr'><strong>essent,</strong></span> <span class='ocrx_word' id='word_1_432' title='bbox 2650 2711 2929 2765; x_wconf 88' lang='lat' dir='ltr'><strong>nunquam</strong></span> <span class='ocrx_word' id='word_1_433' title='bbox 2955 2696 3164 2749; x_wconf 81' lang='lat' dir='ltr'><strong>diceret</strong></span> <span class='ocrx_word' id='word_1_434' title='bbox 3198 2693 3571 2764; x_wconf 76' lang='lat' dir='ltr'><strong>Scriptura“,</strong></span> <span class='ocrx_word' id='word_1_435' title='bbox 3607 2694 3737 2763; x_wconf 88' lang='lat' dir='ltr'><strong>quia</strong></span> 
     </span>
    </p>
   </div>
   <div class='ocr_carea' id='block_1_56' title="bbox 2152 2786 3736 2860">
    <p class='ocr_par' dir='ltr' id='par_1_56' title="bbox 2152 2786 3736 2860">
     <span class='ocr_line' id='line_1_56' title="bbox 2152 2786 3736 2860; baseline -0.001 -21"><span class='ocrx_word' id='word_1_436' title='bbox 2152 2790 2368 2860; x_wconf 70' lang='lat' dir='ltr'><strong>«justus</strong></span> <span class='ocrx_word' id='word_1_437' title='bbox 2403 2790 2456 2844; x_wconf 91' lang='lat' dir='ltr'><strong>in</strong></span> <span class='ocrx_word' id='word_1_438' title='bbox 2498 2790 2776 2860; x_wconf 86' lang='lat' dir='ltr'><strong>principio</strong></span> <span class='ocrx_word' id='word_1_439' title='bbox 2805 2787 3081 2842; x_wconf 78' lang='lat' dir='ltr'><strong>sermonis</strong></span> <span class='ocrx_word' id='word_1_440' title='bbox 3106 2788 3186 2841; x_wconf 92' lang='lat' dir='ltr'><strong>sui</strong></span> <span class='ocrx_word' id='word_1_441' title='bbox 3218 2787 3333 2855; x_wconf 88' lang='lat' dir='ltr'><strong>ipse</strong></span> <span class='ocrx_word' id='word_1_442' title='bbox 3376 2786 3459 2840; x_wconf 88' lang='lat' dir='ltr'><strong>sui</strong></span> <span class='ocrx_word' id='word_1_443' title='bbox 3509 2798 3736 2839; x_wconf 83' lang='lat' dir='ltr'><strong>accusa-</strong></span> 
     </span>
    </p>
   </div>
   <div class='ocr_carea' id='block_1_57' title="bbox 2147 2882 3736 2950">
    <p class='ocr_par' dir='ltr' id='par_1_57' title="bbox 2147 2882 3736 2950">
     <span class='ocr_line' id='line_1_57' title="bbox 2147 2882 3736 2950; baseline -0.005 -13"><span class='ocrx_word' id='word_1_444' title='bbox 2147 2893 2234 2937; x_wconf 92' lang='lat' dir='ltr'><strong>tor</strong></span> <span class='ocrx_word' id='word_1_445' title='bbox 2282 2882 2359 2937; x_wconf 88' lang='lat' dir='ltr'><strong>lit.</strong></span> <span class='ocrx_word' id='word_1_446' title='bbox 2389 2903 2408 2936; x_wconf 79' lang='grc' dir='ltr'><strong>ι</strong></span> <span class='ocrx_word' id='word_1_447' title='bbox 2446 2882 2504 2937; x_wconf 89' lang='lat' dir='ltr'><strong>Si</strong></span> <span class='ocrx_word' id='word_1_448' title='bbox 2544 2884 2723 2937; x_wconf 88' lang='lat' dir='ltr'><strong>sancti</strong></span> <span class='ocrx_word' id='word_1_449' title='bbox 2768 2882 2891 2936; x_wconf 88' lang='lat' dir='ltr'><strong>sine</strong></span> <span class='ocrx_word' id='word_1_450' title='bbox 2934 2890 3163 2950; x_wconf 87' lang='lat' dir='ltr'><strong>peccato</strong></span> <span class='ocrx_word' id='word_1_451' title='bbox 3213 2888 3420 2943; x_wconf 91' lang='lat' dir='ltr'><strong>essent,</strong></span> <span class='ocrx_word' id='word_1_452' title='bbox 3452 2892 3736 2947; x_wconf 87' lang='lat' dir='ltr'><strong>nunquam</strong></span> 
     </span>
    </p>
   </div>
   <div class='ocr_carea' id='block_1_58' title="bbox 2144 2969 3735 3045">
    <p class='ocr_par' dir='ltr' id='par_1_58' title="bbox 2144 2969 3735 3045">
     <span class='ocr_line' id='line_1_58' title="bbox 2144 2969 3735 3045; baseline -0.006 -15"><span class='ocrx_word' id='word_1_453' title='bbox 2144 2976 2347 3030; x_wconf 81' lang='lat' dir='ltr'><strong>Paulus</strong></span> <span class='ocrx_word' id='word_1_454' title='bbox 2408 2974 2689 3045; x_wconf 88' lang='lat' dir='ltr'><strong>apostolus</strong></span> <span class='ocrx_word' id='word_1_455' title='bbox 2752 2974 2998 3036; x_wconf 91' lang='lat' dir='ltr'><strong>diceret,</strong></span> <span class='ocrx_word' id='word_1_456' title='bbox 3046 2972 3311 3025; x_wconf 81' lang='lat' dir='ltr'><strong>Romanis</strong></span> <span class='ocrx_word' id='word_1_457' title='bbox 3366 2971 3615 3025; x_wconf 77' lang='lat' dir='ltr'><strong>scribens</strong></span> <span class='ocrx_word' id='word_1_458' title='bbox 3644 2969 3735 3021; x_wconf 80' lang='lat' dir='ltr'><strong>&quot;z</strong></span> 
     </span>
    </p>
   </div>
   <div class='ocr_carea' id='block_1_59' title="bbox 2150 3061 3740 3138">
    <p class='ocr_par' dir='ltr' id='par_1_59' title="bbox 2150 3061 3740 3138">
     <span class='ocr_line' id='line_1_59' title="bbox 2150 3061 3740 3138; baseline -0.003 -18"><span class='ocrx_word' id='word_1_459' title='bbox 2150 3087 2168 3119; x_wconf 76' lang='grc' dir='ltr'><strong>ι</strong></span> <span class='ocrx_word' id='word_1_460' title='bbox 2194 3068 2372 3123; x_wconf 81' lang='lat' dir='ltr'><strong>Nolite</strong></span> <span class='ocrx_word' id='word_1_461' title='bbox 2406 3078 2629 3138; x_wconf 87' lang='lat' dir='ltr'><strong>prepter</strong></span> <span class='ocrx_word' id='word_1_462' title='bbox 2672 3066 2855 3120; x_wconf 92' lang='lat' dir='ltr'><strong>cibum</strong></span> <span class='ocrx_word' id='word_1_463' title='bbox 2906 3066 3126 3120; x_wconf 88' lang='lat' dir='ltr'><strong>solvere</strong></span> <span class='ocrx_word' id='word_1_464' title='bbox 3154 3080 3292 3134; x_wconf 91' lang='lat' dir='ltr'><strong>opus</strong></span> <span class='ocrx_word' id='word_1_465' title='bbox 3332 3062 3460 3129; x_wconf 89' lang='lat' dir='ltr'><strong>Dei;</strong></span> <span class='ocrx_word' id='word_1_466' title='bbox 3491 3081 3510 3114; x_wconf 76' lang='grc' dir='ltr'><strong>ι</strong></span> <span class='ocrx_word' id='word_1_467' title='bbox 3538 3061 3740 3129; x_wconf 87' lang='lat' dir='ltr'><strong>quibus</strong></span> 
     </span>
    </p>
   </div>
   <div class='ocr_carea' id='block_1_60' title="bbox 440 3154 3737 3245">
    <p class='ocr_par' dir='ltr' id='par_1_60' title="bbox 440 3154 3737 3245">
     <span class='ocr_line' id='line_1_60' title="bbox 440 3154 3737 3245; baseline -0.002 -30"><span class='ocrx_word' id='word_1_468' title='bbox 440 3172 498 3215; x_wconf 90' lang='lat' dir='ltr'><strong>et</strong></span> <span class='ocrx_word' id='word_1_469' title='bbox 538 3163 930 3217; x_wconf 86' lang='lat' dir='ltr'><strong>transeundum</strong></span> <span class='ocrx_word' id='word_1_470' title='bbox 987 3163 1053 3216; x_wconf 90' lang='lat' dir='ltr'><strong>ad</strong></span> <span class='ocrx_word' id='word_1_471' title='bbox 1094 3160 1260 3214; x_wconf 92' lang='lat' dir='ltr'><strong>alium</strong></span> <span class='ocrx_word' id='word_1_472' title='bbox 1306 3169 1532 3228; x_wconf 86' lang='lat' dir='ltr'><strong>statum,</strong></span> <span class='ocrx_word' id='word_1_473' title='bbox 1579 3171 1841 3232; x_wconf 90' lang='lat' dir='ltr'><strong>tanquam</strong></span> <span class='ocrx_word' id='word_1_474' title='bbox 1877 3165 2029 3235; x_wconf 84' lang='lat' dir='ltr'><strong>virga</strong></span> <span class='ocrx_word' id='word_1_475' title='bbox 2063 3185 2108 3245; x_wconf 69' lang='grc' dir='ltr'><em>α</em></span> <span class='ocrx_word' id='word_1_476' title='bbox 2149 3162 2200 3216; x_wconf 92' lang='lat' dir='ltr'><strong>in</strong></span> <span class='ocrx_word' id='word_1_477' title='bbox 2245 3161 2519 3231; x_wconf 88' lang='lat' dir='ltr'><strong>principio</strong></span> <span class='ocrx_word' id='word_1_478' title='bbox 2556 3161 2812 3230; x_wconf 64' lang='lat' dir='ltr'><strong>Epistolas</strong></span> <span class='ocrx_word' id='word_1_479' title='bbox 2845 3158 3257 3228; x_wconf 84' lang='lat' dir='ltr'><strong>scripserat&quot;:</strong></span> <span class='ocrx_word' id='word_1_480' title='bbox 3295 3174 3313 3207; x_wconf 75' lang='grc' dir='ltr'><strong>ι</strong></span> <span class='ocrx_word' id='word_1_481' title='bbox 3344 3154 3612 3209; x_wconf 87' lang='lat' dir='ltr'><strong>Omnibus</strong></span> <span class='ocrx_word' id='word_1_482' title='bbox 3646 3155 3737 3223; x_wconf 88' lang='lat' dir='ltr'><strong>qui</strong></span> 
     </span>
    </p>
   </div>
   <div class='ocr_carea' id='block_1_61' title="bbox 440 3252 2037 3324">
    <p class='ocr_par' dir='ltr' id='par_1_61' title="bbox 440 3252 2037 3324">
     <span class='ocr_line' id='line_1_61' title="bbox 440 3252 2037 3324; baseline 0 -14"><span class='ocrx_word' id='word_1_483' title='bbox 440 3255 747 3324; x_wconf 86' lang='lat' dir='ltr'><strong>compulso,</strong></span> <span class='ocrx_word' id='word_1_484' title='bbox 783 3256 835 3309; x_wconf 89' lang='lat' dir='ltr'><strong>id</strong></span> <span class='ocrx_word' id='word_1_485' title='bbox 877 3262 963 3307; x_wconf 87' lang='lat' dir='ltr'><strong>est</strong></span> <span class='ocrx_word' id='word_1_486' title='bbox 994 3252 1289 3308; x_wconf 85' lang='lat' dir='ltr'><strong>severitate</strong></span> <span class='ocrx_word' id='word_1_487' title='bbox 1327 3255 1597 3309; x_wconf 68' lang='lat' dir='ltr'><strong>doctrinae</strong></span> <span class='ocrx_word' id='word_1_488' title='bbox 1628 3256 1907 3324; x_wconf 83' lang='lat' dir='ltr'><strong>rigidiorls</strong></span> <span class='ocrx_word' id='word_1_489' title='bbox 1943 3262 2037 3310; x_wconf 84' lang='lat' dir='ltr'><strong>ad-</strong></span> 
     </span>
    </p>
   </div>
   <div class='ocr_carea' id='block_1_62' title="bbox 441 3346 2038 3421">
    <p class='ocr_par' dir='ltr' id='par_1_62' title="bbox 441 3346 2038 3421">
     <span class='ocr_line' id='line_1_62' title="bbox 441 3346 2038 3421; baseline 0.001 -18"><span class='ocrx_word' id='word_1_490' title='bbox 441 3350 673 3403; x_wconf 85' lang='lat' dir='ltr'><strong>monito.</strong></span> <span class='ocrx_word' id='word_1_491' title='bbox 702 3348 805 3415; x_wconf 87' lang='lat' dir='ltr'><strong>Qui</strong></span> <span class='ocrx_word' id='word_1_492' title='bbox 858 3363 989 3402; x_wconf 90' lang='lat' dir='ltr'><strong>vero</strong></span> <span class='ocrx_word' id='word_1_493' title='bbox 1012 3346 1195 3417; x_wconf 85' lang='lat' dir='ltr'><strong>justus</strong></span> <span class='ocrx_word' id='word_1_494' title='bbox 1231 3357 1333 3411; x_wconf 91' lang='lat' dir='ltr'><strong>est,</strong></span> <span class='ocrx_word' id='word_1_495' title='bbox 1371 3350 1499 3418; x_wconf 90' lang='lat' dir='ltr'><strong>quia</strong></span> <span class='ocrx_word' id='word_1_496' title='bbox 1528 3348 1711 3417; x_wconf 89' lang='lat' dir='ltr'><strong>justus</strong></span> <span class='ocrx_word' id='word_1_497' title='bbox 1742 3352 1888 3406; x_wconf 92' lang='lat' dir='ltr'><strong>sicut</strong></span> <span class='ocrx_word' id='word_1_498' title='bbox 1919 3351 2038 3421; x_wconf 88' lang='lat' dir='ltr'><strong>pal-</strong></span> 
     </span>
    </p>
   </div>
   <div class='ocr_carea' id='block_1_63' title="bbox 442 3439 2038 3506">
    <p class='ocr_par' dir='ltr' id='par_1_63' title="bbox 442 3439 2038 3506">
     <span class='ocr_line' id='line_1_63' title="bbox 442 3439 2038 3506; baseline 0.002 -12"><span class='ocrx_word' id='word_1_499' title='bbox 442 3456 529 3494; x_wconf 87' lang='lat' dir='ltr'><strong>ma</strong></span> <span class='ocrx_word' id='word_1_500' title='bbox 560 3439 807 3506; x_wconf 64' lang='lat' dir='ltr'><strong>ﬂoret“,</strong></span> <span class='ocrx_word' id='word_1_501' title='bbox 841 3440 894 3493; x_wconf 93' lang='lat' dir='ltr'><strong>in</strong></span> <span class='ocrx_word' id='word_1_502' title='bbox 940 3440 1041 3494; x_wconf 89' lang='lat' dir='ltr'><strong>hoc</strong></span> <span class='ocrx_word' id='word_1_503' title='bbox 1075 3440 1373 3494; x_wconf 86' lang='lat' dir='ltr'><strong>ascendere</strong></span> <span class='ocrx_word' id='word_1_504' title='bbox 1408 3443 1609 3496; x_wconf 88' lang='lat' dir='ltr'><strong>dicitur</strong></span> <span class='ocrx_word' id='word_1_505' title='bbox 1642 3442 1918 3497; x_wconf 87' lang='lat' dir='ltr'><strong>Christus.</strong></span> <span class='ocrx_word' id='word_1_506' title='bbox 1947 3443 2038 3498; x_wconf 90' lang='lat' dir='ltr'><strong>Sic</strong></span> 
     </span>
    </p>
   </div>
   <div class='ocr_carea' id='block_1_64' title="bbox 443 3531 2036 3607">
    <p class='ocr_par' dir='ltr' id='par_1_64' title="bbox 443 3531 2036 3607">
     <span class='ocr_line' id='line_1_64' title="bbox 443 3531 2036 3607; baseline 0 -20"><span class='ocrx_word' id='word_1_507' title='bbox 443 3549 576 3601; x_wconf 86' lang='lat' dir='ltr'><strong>ergo</strong></span> <span class='ocrx_word' id='word_1_508' title='bbox 621 3535 714 3602; x_wconf 91' lang='lat' dir='ltr'><strong>qui</strong></span> <span class='ocrx_word' id='word_1_509' title='bbox 764 3532 1089 3587; x_wconf 89' lang='lat' dir='ltr'><strong>verberibus</strong></span> <span class='ocrx_word' id='word_1_510' title='bbox 1138 3531 1366 3601; x_wconf 85' lang='lat' dir='ltr'><strong>indiget,</strong></span> <span class='ocrx_word' id='word_1_511' title='bbox 1405 3535 1521 3589; x_wconf 81' lang='lat' dir='ltr'><strong>exit</strong></span> <span class='ocrx_word' id='word_1_512' title='bbox 1566 3535 1634 3588; x_wconf 89' lang='lat' dir='ltr'><strong>ad</strong></span> <span class='ocrx_word' id='word_1_513' title='bbox 1683 3550 1809 3589; x_wconf 90' lang='lat' dir='ltr'><strong>eum</strong></span> <span class='ocrx_word' id='word_1_514' title='bbox 1846 3537 2036 3607; x_wconf 77' lang='lat' dir='ltr'><strong>virga;</strong></span> 
     </span>
    </p>
   </div>
   <div class='ocr_carea' id='block_1_65' title="bbox 445 3625 2036 3696">
    <p class='ocr_par' dir='ltr' id='par_1_65' title="bbox 445 3625 2036 3696">
     <span class='ocr_line' id='line_1_65' title="bbox 445 3625 2036 3696; baseline 0.003 -18"><span class='ocrx_word' id='word_1_515' title='bbox 445 3629 538 3696; x_wconf 93' lang='lat' dir='ltr'><strong>qui</strong></span> <span class='ocrx_word' id='word_1_516' title='bbox 572 3637 752 3680; x_wconf 86' lang='lat' dir='ltr'><strong>autem</strong></span> <span class='ocrx_word' id='word_1_517' title='bbox 788 3625 1009 3696; x_wconf 82' lang='lat' dir='ltr'><strong>proﬁcit</strong></span> <span class='ocrx_word' id='word_1_518' title='bbox 1044 3626 1108 3678; x_wconf 89' lang='lat' dir='ltr'><strong>ad</strong></span> <span class='ocrx_word' id='word_1_519' title='bbox 1136 3627 1431 3695; x_wconf 82' lang='lat' dir='ltr'><strong>justitiam,</strong></span> <span class='ocrx_word' id='word_1_520' title='bbox 1460 3630 1713 3683; x_wconf 90' lang='lat' dir='ltr'><strong>ascendit</strong></span> <span class='ocrx_word' id='word_1_521' title='bbox 1748 3630 1798 3683; x_wconf 94' lang='lat' dir='ltr'><strong>in</strong></span> <span class='ocrx_word' id='word_1_522' title='bbox 1826 3628 2036 3683; x_wconf 90' lang='lat' dir='ltr'><strong>ﬂorem.</strong></span> 
     </span>
    </p>
   </div>
   <div class='ocr_carea' id='block_1_66' title="bbox 444 3718 2038 3792">
    <p class='ocr_par' dir='ltr' id='par_1_66' title="bbox 444 3718 2038 3792">
     <span class='ocr_line' id='line_1_66' title="bbox 444 3718 2038 3792; baseline 0.001 -18"><span class='ocrx_word' id='word_1_523' title='bbox 444 3718 720 3774; x_wconf 81' lang='lat' dir='ltr'><strong>Ascendet</strong></span> <span class='ocrx_word' id='word_1_524' title='bbox 769 3727 952 3771; x_wconf 84' lang='lat' dir='ltr'><strong>autem</strong></span> <span class='ocrx_word' id='word_1_525' title='bbox 1002 3733 1287 3787; x_wconf 90' lang='lat' dir='ltr'><strong>usquequo</strong></span> <span class='ocrx_word' id='word_1_526' title='bbox 1323 3721 1515 3774; x_wconf 79' lang='lat' dir='ltr'><strong>aﬂ&#39;erat</strong></span> <span class='ocrx_word' id='word_1_527' title='bbox 1549 3720 1756 3776; x_wconf 89' lang='lat' dir='ltr'><strong>fructus</strong></span> <span class='ocrx_word' id='word_1_528' title='bbox 1787 3722 2038 3792; x_wconf 85' lang='lat' dir='ltr'><strong>spiritus,</strong></span> 
     </span>
    </p>
   </div>
   <div class='ocr_carea' id='block_1_67' title="bbox 444 3811 2041 3883">
    <p class='ocr_par' dir='ltr' id='par_1_67' title="bbox 444 3811 2041 3883">
     <span class='ocr_line' id='line_1_67' title="bbox 444 3811 2041 3883; baseline 0.001 -17"><span class='ocrx_word' id='word_1_529' title='bbox 444 3814 540 3883; x_wconf 91' lang='lat' dir='ltr'><strong>qui</strong></span> <span class='ocrx_word' id='word_1_530' title='bbox 589 3820 716 3865; x_wconf 80' lang='lat' dir='ltr'><strong>sunt</strong></span> <span class='ocrx_word' id='word_1_531' title='bbox 753 3811 1020 3875; x_wconf 77' lang='lat' dir='ltr'><strong>Charitas,</strong></span> <span class='ocrx_word' id='word_1_532' title='bbox 1068 3813 1347 3882; x_wconf 88' lang='lat' dir='ltr'><strong>gaudium,</strong></span> <span class='ocrx_word' id='word_1_533' title='bbox 1404 3830 1534 3882; x_wconf 81' lang='lat' dir='ltr'><strong>pax,</strong></span> <span class='ocrx_word' id='word_1_534' title='bbox 1588 3815 1851 3883; x_wconf 87' lang='lat' dir='ltr'><strong>patientia</strong></span> <span class='ocrx_word' id='word_1_535' title='bbox 1876 3814 1945 3882; x_wconf 80' lang='lat'><strong>&quot;,</strong></span> <span class='ocrx_word' id='word_1_536' title='bbox 1986 3823 2041 3866; x_wconf 86' lang='lat' dir='ltr'><strong>ct</strong></span> 
     </span>
    </p>
   </div>
   <div class='ocr_carea' id='block_1_68' title="bbox 445 3901 2040 3971">
    <p class='ocr_par' dir='ltr' id='par_1_68' title="bbox 445 3901 2040 3971">
     <span class='ocr_line' id='line_1_68' title="bbox 445 3901 2040 3971; baseline 0.002 -17"><span class='ocrx_word' id='word_1_537' title='bbox 445 3901 671 3971; x_wconf 73' lang='lat' dir='ltr'><strong>reliqua:</strong></span> <span class='ocrx_word' id='word_1_538' title='bbox 725 3902 957 3957; x_wconf 85' lang='lat' dir='ltr'><strong>virtutes</strong></span> <span class='ocrx_word' id='word_1_539' title='bbox 995 3903 1047 3957; x_wconf 93' lang='lat' dir='ltr'><strong>in</strong></span> <span class='ocrx_word' id='word_1_540' title='bbox 1097 3903 1322 3959; x_wconf 86' lang='lat' dir='ltr'><strong>Christo</strong></span> <span class='ocrx_word' id='word_1_541' title='bbox 1371 3904 1497 3960; x_wconf 84' lang='lat' dir='ltr'><strong>Jesu</strong></span> <span class='ocrx_word' id='word_1_542' title='bbox 1560 3905 1791 3960; x_wconf 86' lang='lat' dir='ltr'><strong>Domino</strong></span> <span class='ocrx_word' id='word_1_543' title='bbox 1827 3915 2040 3971; x_wconf 89' lang='lat' dir='ltr'><strong>nostro,</strong></span> 
     </span>
    </p>
   </div>
   <div class='ocr_carea' id='block_1_69' title="bbox 447 3994 2041 4067">
    <p class='ocr_par' dir='ltr' id='par_1_69' title="bbox 447 3994 2041 4067">
     <span class='ocr_line' id='line_1_69' title="bbox 447 3994 2041 4067; baseline 0.002 -20"><span class='ocrx_word' id='word_1_544' title='bbox 447 3994 535 4047; x_wconf 87' lang='lat' dir='ltr'><strong>cui</strong></span> <span class='ocrx_word' id='word_1_545' title='bbox 570 4004 654 4049; x_wconf 88' lang='lat' dir='ltr'><strong>est</strong></span> <span class='ocrx_word' id='word_1_546' title='bbox 698 3994 895 4060; x_wconf 89' lang='lat' dir='ltr'><strong>honor,</strong></span> <span class='ocrx_word' id='word_1_547' title='bbox 928 4004 981 4050; x_wconf 92' lang='lat' dir='ltr'><strong>et</strong></span> <span class='ocrx_word' id='word_1_548' title='bbox 1009 3996 1205 4066; x_wconf 85' lang='lat' dir='ltr'><strong>gloria,</strong></span> <span class='ocrx_word' id='word_1_549' title='bbox 1231 4006 1285 4052; x_wconf 91' lang='lat' dir='ltr'><strong>et</strong></span> <span class='ocrx_word' id='word_1_550' title='bbox 1312 3996 1601 4067; x_wconf 89' lang='lat' dir='ltr'><strong>imperium</strong></span> <span class='ocrx_word' id='word_1_551' title='bbox 1635 3998 1688 4051; x_wconf 91' lang='lat' dir='ltr'><strong>in</strong></span> <span class='ocrx_word' id='word_1_552' title='bbox 1724 3996 1917 4053; x_wconf 67' lang='lat' dir='ltr'><strong>saecula</strong></span> <span class='ocrx_word' id='word_1_553' title='bbox 1944 4012 2041 4050; x_wconf 71' lang='lat' dir='ltr'><strong>sa:-</strong></span> 
     </span>
    </p>
   </div>
   <div class='ocr_carea' id='block_1_70' title="bbox 446 4086 953 4141">
    <p class='ocr_par' dir='ltr' id='par_1_70' title="bbox 446 4086 953 4141">
     <span class='ocr_line' id='line_1_70' title="bbox 446 4086 953 4141; baseline 0.004 -2"><span class='ocrx_word' id='word_1_554' title='bbox 446 4086 719 4140; x_wconf 87' lang='lat' dir='ltr'><strong>culorum.</strong></span> <span class='ocrx_word' id='word_1_555' title='bbox 756 4090 953 4141; x_wconf 85' lang='lat' dir='ltr'><strong>Amen.</strong></span> 
     </span>
    </p>
   </div>
   <div class='ocr_carea' id='block_1_71' title="bbox 1046 4178 1439 4235">
    <p class='ocr_par' dir='ltr' id='par_1_71' title="bbox 1046 4178 1439 4235">
     <span class='ocr_line' id='line_1_71' title="bbox 1046 4178 1439 4235; baseline 0.003 -1"><span class='ocrx_word' id='word_1_556' title='bbox 1046 4178 1327 4235; x_wconf 76' lang='lat' dir='ltr'><strong>IIOMILIA</strong></span> <span class='ocrx_word' id='word_1_557' title='bbox 1368 4182 1439 4235; x_wconf 83' lang='grc' dir='ltr'><strong>Χ.</strong></span> 
     </span>
    </p>
   </div>
   <div class='ocr_carea' id='block_1_72' title="bbox 449 4288 2042 4359">
    <p class='ocr_par' dir='ltr' id='par_1_72' title="bbox 449 4288 2042 4359">
     <span class='ocr_line' id='line_1_72' title="bbox 449 4288 2042 4359; baseline 0.004 -16"><span class='ocrx_word' id='word_1_558' title='bbox 449 4288 527 4343; x_wconf 81' lang='lat' dir='ltr'><strong>De</strong></span> <span class='ocrx_word' id='word_1_559' title='bbox 562 4307 621 4343; x_wconf 84' lang='lat' dir='ltr'><strong>co</strong></span> <span class='ocrx_word' id='word_1_560' title='bbox 649 4290 789 4359; x_wconf 79' lang='lat' dir='ltr'><strong>quod</strong></span> <span class='ocrx_word' id='word_1_561' title='bbox 822 4292 1073 4359; x_wconf 76' lang='lat' dir='ltr'><strong>scriptum</strong></span> <span class='ocrx_word' id='word_1_562' title='bbox 1102 4304 1176 4347; x_wconf 78' lang='lat' dir='ltr'><strong>est</strong></span> <span class='ocrx_word' id='word_1_563' title='bbox 1206 4294 1291 4348; x_wconf 72' lang='lat'><strong>&quot;1</strong></span> <span class='ocrx_word' id='word_1_564' title='bbox 1335 4313 1352 4345; x_wconf 73' lang='grc' dir='ltr'><strong>ι</strong></span> <span class='ocrx_word' id='word_1_565' title='bbox 1406 4292 1472 4346; x_wconf 84' lang='grc' dir='ltr'>Ει</span> <span class='ocrx_word' id='word_1_566' title='bbox 1510 4294 1645 4348; x_wconf 65' lang='lat' dir='ltr'><strong>dixit</strong></span> <span class='ocrx_word' id='word_1_567' title='bbox 1678 4293 1933 4350; x_wconf 77' lang='lat' dir='ltr'><strong>Dominus</strong></span> <span class='ocrx_word' id='word_1_568' title='bbox 1973 4298 2042 4349; x_wconf 76' lang='lat' dir='ltr'><strong>ad</strong></span> 
     </span>
    </p>
   </div>
   <div class='ocr_carea' id='block_1_73' title="bbox 523 4361 2043 4435">
    <p class='ocr_par' dir='ltr' id='par_1_73' title="bbox 523 4361 2043 4435">
     <span class='ocr_line' id='line_1_73' title="bbox 523 4361 2043 4435; baseline 0.005 -24"><span class='ocrx_word' id='word_1_569' title='bbox 523 4363 709 4435; x_wconf 70' lang='lat' dir='ltr'><strong>Aaron</strong></span> <span class='ocrx_word' id='word_1_570' title='bbox 738 4377 755 4414; x_wconf 89' lang='lat'><strong><em>:</em></strong></span> <span class='ocrx_word' id='word_1_571' title='bbox 787 4361 863 4413; x_wconf 86' lang='lat' dir='ltr'><strong>Tu</strong></span> <span class='ocrx_word' id='word_1_572' title='bbox 893 4372 940 4415; x_wconf 83' lang='lat' dir='ltr'><strong>et</strong></span> <span class='ocrx_word' id='word_1_573' title='bbox 986 4363 1088 4430; x_wconf 69' lang='lat' dir='ltr'><strong>[iiii</strong></span> <span class='ocrx_word' id='word_1_574' title='bbox 1121 4365 1219 4425; x_wconf 87' lang='lat' dir='ltr'><strong>lui,</strong></span> <span class='ocrx_word' id='word_1_575' title='bbox 1250 4375 1295 4417; x_wconf 78' lang='lat' dir='ltr'><strong>et</strong></span> <span class='ocrx_word' id='word_1_576' title='bbox 1332 4366 1519 4418; x_wconf 75' lang='lat' dir='ltr'><strong>domus</strong></span> <span class='ocrx_word' id='word_1_577' title='bbox 1562 4366 1731 4435; x_wconf 82' lang='lat' dir='ltr'><strong>patris</strong></span> <span class='ocrx_word' id='word_1_578' title='bbox 1762 4368 1840 4419; x_wconf 77' lang='lat' dir='ltr'><strong>tui</strong></span> <span class='ocrx_word' id='word_1_579' title='bbox 1872 4376 2043 4420; x_wconf 82' lang='lat' dir='ltr'><strong>tecum</strong></span> 
     </span>
    </p>
   </div>
   <div class='ocr_carea' id='block_1_74' title="bbox 518 4433 1417 4501">
    <p class='ocr_par' dir='ltr' id='par_1_74' title="bbox 518 4433 1417 4501">
     <span class='ocr_line' id='line_1_74' title="bbox 518 4433 1417 4501; baseline 0.002 -18"><span class='ocrx_word' id='word_1_580' title='bbox 518 4433 739 4485; x_wconf 76' lang='lat' dir='ltr'><strong>sumctis</strong></span> <span class='ocrx_word' id='word_1_581' title='bbox 768 4442 983 4501; x_wconf 83' lang='lat' dir='ltr'><strong>peccata</strong></span> <span class='ocrx_word' id='word_1_582' title='bbox 1022 4445 1350 4490; x_wconf 84' lang='lat' dir='ltr'><strong>sanctorum.</strong></span> <span class='ocrx_word' id='word_1_583' title='bbox 1399 4452 1417 4485; x_wconf 75' lang='grc' dir='ltr'><strong>ι</strong></span> 
     </span>
    </p>
   </div>
   <div class='ocr_carea' id='block_1_75' title="bbox 525 4546 2041 4619">
    <p class='ocr_par' dir='ltr' id='par_1_75' title="bbox 525 4546 2041 4619">
     <span class='ocr_line' id='line_1_75' title="bbox 525 4546 2041 4619; baseline 0.007 -22"><span class='ocrx_word' id='word_1_584' title='bbox 525 4547 577 4602; x_wconf 84' lang='grc'><strong>1.</strong></span> <span class='ocrx_word' id='word_1_585' title='bbox 618 4546 717 4613; x_wconf 83' lang='lat' dir='ltr'><strong>Qui</strong></span> <span class='ocrx_word' id='word_1_586' title='bbox 756 4546 1010 4600; x_wconf 88' lang='lat' dir='ltr'><strong>meliores</strong></span> <span class='ocrx_word' id='word_1_587' title='bbox 1032 4555 1181 4608; x_wconf 90' lang='lat' dir='ltr'><strong>sunt,</strong></span> <span class='ocrx_word' id='word_1_588' title='bbox 1220 4547 1541 4601; x_wconf 83' lang='lat' dir='ltr'><strong>inferiorum</strong></span> <span class='ocrx_word' id='word_1_589' title='bbox 1578 4565 1800 4619; x_wconf 90' lang='lat' dir='ltr'><strong>semper</strong></span> <span class='ocrx_word' id='word_1_590' title='bbox 1850 4552 2041 4619; x_wconf 88' lang='lat' dir='ltr'><strong>culpas</strong></span> 
     </span>
    </p>
   </div>
   <div class='ocr_carea' id='block_1_76' title="bbox 450 4638 2037 4709">
    <p class='ocr_par' dir='ltr' id='par_1_76' title="bbox 450 4638 2037 4709">
     <span class='ocr_line' id='line_1_76' title="bbox 450 4638 2037 4709; baseline 0.005 -19"><span class='ocrx_word' id='word_1_591' title='bbox 450 4647 502 4690; x_wconf 90' lang='lat' dir='ltr'><strong>et</strong></span> <span class='ocrx_word' id='word_1_592' title='bbox 526 4648 744 4702; x_wconf 83' lang='lat' dir='ltr'><strong>peccata</strong></span> <span class='ocrx_word' id='word_1_593' title='bbox 762 4639 1091 4707; x_wconf 89' lang='lat' dir='ltr'><strong>suscipiunt.</strong></span> <span class='ocrx_word' id='word_1_594' title='bbox 1116 4638 1207 4693; x_wconf 83' lang='lat' dir='ltr'><strong>Sit:</strong></span> <span class='ocrx_word' id='word_1_595' title='bbox 1238 4640 1383 4694; x_wconf 92' lang='lat' dir='ltr'><strong>enim</strong></span> <span class='ocrx_word' id='word_1_596' title='bbox 1404 4650 1459 4693; x_wconf 91' lang='lat' dir='ltr'><strong>et</strong></span> <span class='ocrx_word' id='word_1_597' title='bbox 1490 4642 1783 4709; x_wconf 77' lang='lat' dir='ltr'><strong>Apostolus</strong></span> <span class='ocrx_word' id='word_1_598' title='bbox 1815 4644 1946 4697; x_wconf 89' lang='lat' dir='ltr'><strong>dicit</strong></span> <span class='ocrx_word' id='word_1_599' title='bbox 1969 4644 2037 4697; x_wconf 72' lang='grc' dir='ltr'><strong>δίε</strong></span> 
     </span>
    </p>
   </div>
   <div class='ocr_carea' id='block_1_77' title="bbox 458 4728 2039 4797">
    <p class='ocr_par' dir='ltr' id='par_1_77' title="bbox 458 4728 2039 4797">
     <span class='ocr_line' id='line_1_77' title="bbox 458 4728 2039 4797; baseline 0.006 -18"><span class='ocrx_word' id='word_1_600' title='bbox 458 4748 478 4779; x_wconf 76' lang='grc' dir='ltr'>ε</span> <span class='ocrx_word' id='word_1_601' title='bbox 508 4728 613 4781; x_wconf 82' lang='lat' dir='ltr'><strong>Vos</strong></span> <span class='ocrx_word' id='word_1_602' title='bbox 642 4729 731 4797; x_wconf 92' lang='lat' dir='ltr'><strong>qui</strong></span> <span class='ocrx_word' id='word_1_603' title='bbox 760 4730 1035 4783; x_wconf 86' lang='lat' dir='ltr'><strong>firmiores</strong></span> <span class='ocrx_word' id='word_1_604' title='bbox 1063 4730 1217 4795; x_wconf 90' lang='lat' dir='ltr'><strong>estis,</strong></span> <span class='ocrx_word' id='word_1_605' title='bbox 1256 4731 1658 4786; x_wconf 84' lang='lat' dir='ltr'><strong>imbecillitates</strong></span> <span class='ocrx_word' id='word_1_606' title='bbox 1696 4734 2039 4788; x_wconf 75' lang='lat' dir='ltr'><strong>infirmorum</strong></span> 
     </span>
    </p>
   </div>
   <div class='ocr_carea' id='block_1_78' title="bbox 453 4820 2043 4897">
    <p class='ocr_par' dir='ltr' id='par_1_78' title="bbox 453 4820 2043 4897">
     <span class='ocr_line' id='line_1_78' title="bbox 453 4820 2043 4897; baseline 0.008 -26"><span class='ocrx_word' id='word_1_607' title='bbox 453 4823 788 4875; x_wconf 65' lang='lat' dir='ltr'><strong>sustinete.»</strong></span> <span class='ocrx_word' id='word_1_608' title='bbox 823 4820 1063 4876; x_wconf 88' lang='lat' dir='ltr'><strong>Israelita</strong></span> <span class='ocrx_word' id='word_1_609' title='bbox 1118 4823 1161 4877; x_wconf 87' lang='lat' dir='ltr'><strong>si</strong></span> <span class='ocrx_word' id='word_1_610' title='bbox 1215 4833 1427 4893; x_wconf 86' lang='lat' dir='ltr'><strong>peccet,</strong></span> <span class='ocrx_word' id='word_1_611' title='bbox 1476 4825 1527 4878; x_wconf 88' lang='lat' dir='ltr'><strong>id</strong></span> <span class='ocrx_word' id='word_1_612' title='bbox 1582 4837 1665 4881; x_wconf 90' lang='lat' dir='ltr'><strong>est</strong></span> <span class='ocrx_word' id='word_1_613' title='bbox 1704 4828 1894 4892; x_wconf 77' lang='lat' dir='ltr'><strong>laicus,</strong></span> <span class='ocrx_word' id='word_1_614' title='bbox 1931 4829 2043 4897; x_wconf 86' lang='lat' dir='ltr'><strong>ipse</strong></span> 
     </span>
    </p>
   </div>
   <div class='ocr_carea' id='block_1_79' title="bbox 453 4913 2042 4988">
    <p class='ocr_par' dir='ltr' id='par_1_79' title="bbox 453 4913 2042 4988">
     <span class='ocr_line' id='line_1_79' title="bbox 453 4913 2042 4988; baseline 0.004 -23"><span class='ocrx_word' id='word_1_615' title='bbox 453 4928 612 4965; x_wconf 86' lang='lat' dir='ltr'><strong>suum</strong></span> <span class='ocrx_word' id='word_1_616' title='bbox 664 4928 767 4965; x_wconf 90' lang='lat' dir='ltr'><strong>non</strong></span> <span class='ocrx_word' id='word_1_617' title='bbox 820 4923 1000 4983; x_wconf 83' lang='lat' dir='ltr'><strong>potest</strong></span> <span class='ocrx_word' id='word_1_618' title='bbox 1045 4913 1260 4969; x_wconf 83' lang='lat' dir='ltr'><strong>auferre</strong></span> <span class='ocrx_word' id='word_1_619' title='bbox 1297 4925 1616 4985; x_wconf 88' lang='lat' dir='ltr'><strong>peccatum;</strong></span> <span class='ocrx_word' id='word_1_620' title='bbox 1665 4920 1758 4974; x_wconf 90' lang='lat' dir='ltr'><strong>sed</strong></span> <span class='ocrx_word' id='word_1_621' title='bbox 1814 4920 2042 4988; x_wconf 88' lang='lat' dir='ltr'><strong>requirit</strong></span> 
     </span>
    </p>
   </div>
   <div class='ocr_carea' id='block_1_80' title="bbox 454 5003 2040 5076">
    <p class='ocr_par' dir='ltr' id='par_1_80' title="bbox 454 5003 2040 5076">
     <span class='ocr_line' id='line_1_80' title="bbox 454 5003 2040 5076; baseline 0.005 -21"><span class='ocrx_word' id='word_1_622' title='bbox 454 5003 699 5069; x_wconf 77' lang='lat' dir='ltr'><strong>levitam,</strong></span> <span class='ocrx_word' id='word_1_623' title='bbox 759 5004 965 5073; x_wconf 80' lang='lat' dir='ltr'><strong>indiget</strong></span> <span class='ocrx_word' id='word_1_624' title='bbox 1016 5006 1325 5071; x_wconf 89' lang='lat' dir='ltr'><strong>sacerdote,</strong></span> <span class='ocrx_word' id='word_1_625' title='bbox 1374 5006 1481 5058; x_wconf 89' lang='lat' dir='ltr'><strong>imo</strong></span> <span class='ocrx_word' id='word_1_626' title='bbox 1532 5008 1712 5076; x_wconf 89' lang='lat' dir='ltr'><strong>potius</strong></span> <span class='ocrx_word' id='word_1_627' title='bbox 1754 5017 1809 5062; x_wconf 90' lang='lat' dir='ltr'><strong>et</strong></span> <span class='ocrx_word' id='word_1_628' title='bbox 1858 5009 2040 5063; x_wconf 90' lang='lat' dir='ltr'><strong>adhuc</strong></span> 
     </span>
    </p>
   </div>
   <div class='ocr_carea' id='block_1_81' title="bbox 450 5094 2044 5172">
    <p class='ocr_par' dir='ltr' id='par_1_81' title="bbox 450 5094 2044 5172">
     <span class='ocr_line' id='line_1_81' title="bbox 450 5094 2044 5172; baseline 0.006 -26"><span class='ocrx_word' id='word_1_629' title='bbox 450 5094 645 5149; x_wconf 89' lang='lat' dir='ltr'><strong>horum</strong></span> <span class='ocrx_word' id='word_1_630' title='bbox 699 5096 901 5164; x_wconf 90' lang='lat' dir='ltr'><strong>aliquid</strong></span> <span class='ocrx_word' id='word_1_631' title='bbox 939 5099 1281 5153; x_wconf 89' lang='lat' dir='ltr'><strong>eminentius</strong></span> <span class='ocrx_word' id='word_1_632' title='bbox 1316 5100 1514 5168; x_wconf 64' lang='lat' dir='ltr'><strong>quaerit</strong></span> <span class='ocrx_word' id='word_1_633' title='bbox 1553 5119 1564 5153; x_wconf 93' lang='lat'>:</span> <span class='ocrx_word' id='word_1_634' title='bbox 1600 5101 1860 5169; x_wconf 81' lang='lat' dir='ltr'><strong>pontifice</strong></span> <span class='ocrx_word' id='word_1_635' title='bbox 1908 5117 2044 5172; x_wconf 89' lang='lat' dir='ltr'><strong>opus</strong></span> 
     </span>
    </p>
   </div>
   <div class='ocr_carea' id='block_1_82' title="bbox 453 5192 2043 5264">
    <p class='ocr_par' dir='ltr' id='par_1_82' title="bbox 453 5192 2043 5264">
     <span class='ocr_line' id='line_1_82' title="bbox 453 5192 2043 5264; baseline 0.007 -26"><span class='ocrx_word' id='word_1_636' title='bbox 453 5198 558 5253; x_wconf 75' lang='lat' dir='ltr'><strong>est,</strong></span> <span class='ocrx_word' id='word_1_637' title='bbox 595 5198 653 5241; x_wconf 92' lang='lat' dir='ltr'><strong>ut</strong></span> <span class='ocrx_word' id='word_1_638' title='bbox 695 5198 1043 5256; x_wconf 86' lang='lat' dir='ltr'><strong>peccatorum</strong></span> <span class='ocrx_word' id='word_1_639' title='bbox 1096 5192 1479 5246; x_wconf 88' lang='lat' dir='ltr'><strong>remissionem</strong></span> <span class='ocrx_word' id='word_1_640' title='bbox 1539 5195 1708 5261; x_wconf 82' lang='lat' dir='ltr'><strong>possit</strong></span> <span class='ocrx_word' id='word_1_641' title='bbox 1768 5194 2043 5264; x_wconf 89' lang='lat' dir='ltr'><strong>accipere.</strong></span> 
     </span>
    </p>
   </div>
   <div class='ocr_carea' id='block_1_83' title="bbox 454 5281 2045 5357">
    <p class='ocr_par' dir='ltr' id='par_1_83' title="bbox 454 5281 2045 5357">
     <span class='ocr_line' id='line_1_83' title="bbox 454 5281 2045 5357; baseline 0.005 -24"><span class='ocrx_word' id='word_1_642' title='bbox 454 5281 724 5335; x_wconf 82' lang='lat' dir='ltr'><strong>Sacerdos</strong></span> <span class='ocrx_word' id='word_1_643' title='bbox 782 5294 963 5336; x_wconf 87' lang='lat' dir='ltr'><strong>autem</strong></span> <span class='ocrx_word' id='word_1_644' title='bbox 1018 5286 1060 5338; x_wconf 90' lang='lat' dir='ltr'><strong>si</strong></span> <span class='ocrx_word' id='word_1_645' title='bbox 1107 5285 1414 5355; x_wconf 87' lang='lat' dir='ltr'><strong>delinquat,</strong></span> <span class='ocrx_word' id='word_1_646' title='bbox 1472 5296 1565 5338; x_wconf 88' lang='lat' dir='ltr'><strong>aut</strong></span> <span class='ocrx_word' id='word_1_647' title='bbox 1618 5286 1881 5352; x_wconf 85' lang='lat' dir='ltr'><strong>pontifex,</strong></span> <span class='ocrx_word' id='word_1_648' title='bbox 1930 5288 2045 5357; x_wconf 88' lang='lat' dir='ltr'><strong>ipse</strong></span> 
     </span>
    </p>
   </div>
   <div class='ocr_carea' id='block_1_84' title="bbox 455 5378 2046 5447">
    <p class='ocr_par' dir='ltr' id='par_1_84' title="bbox 455 5378 2046 5447">
     <span class='ocr_line' id='line_1_84' title="bbox 455 5378 2046 5447; baseline 0.006 -22"><span class='ocrx_word' id='word_1_649' title='bbox 455 5390 611 5425; x_wconf 70' lang='lat' dir='ltr'><strong>suum</strong></span> <span class='ocrx_word' id='word_1_650' title='bbox 656 5385 832 5443; x_wconf 87' lang='lat' dir='ltr'><strong>potest</strong></span> <span class='ocrx_word' id='word_1_651' title='bbox 866 5393 1101 5445; x_wconf 80' lang='lat' dir='ltr'><strong>purgare</strong></span> <span class='ocrx_word' id='word_1_652' title='bbox 1138 5388 1420 5446; x_wconf 78' lang='lat' dir='ltr'><strong>peceatum</strong></span> <span class='ocrx_word' id='word_1_653' title='bbox 1447 5394 1460 5439; x_wconf 88' lang='lat'>;</span> <span class='ocrx_word' id='word_1_654' title='bbox 1489 5378 1533 5430; x_wconf 81' lang='lat' dir='ltr'><strong>si</strong></span> <span class='ocrx_word' id='word_1_655' title='bbox 1571 5387 1748 5430; x_wconf 76' lang='lat' dir='ltr'><strong>tamen</strong></span> <span class='ocrx_word' id='word_1_656' title='bbox 1780 5392 1884 5432; x_wconf 90' lang='lat' dir='ltr'><strong>non</strong></span> <span class='ocrx_word' id='word_1_657' title='bbox 1918 5394 2046 5447; x_wconf 88' lang='lat' dir='ltr'><strong>pec-</strong></span> 
     </span>
    </p>
   </div>
   <div class='ocr_carea' id='block_1_85' title="bbox 530 5512 1589 5577">
    <p class='ocr_par' dir='ltr' id='par_1_85' title="bbox 530 5512 1589 5577">
     <span class='ocr_line' id='line_1_85' title="bbox 530 5512 1589 5577; baseline 0.003 -12"><span class='ocrx_word' id='word_1_658' title='bbox 530 5512 796 5568; x_wconf 72' lang='lat' dir='ltr'><strong>“lJoan.</strong></span> <span class='ocrx_word' id='word_1_659' title='bbox 831 5517 1007 5577; x_wconf 74' lang='lat'><strong>&quot;.13,</strong></span> <span class='ocrx_word' id='word_1_660' title='bbox 1050 5518 1135 5571; x_wconf 80' lang='grc' dir='ltr'><strong>Η.</strong></span> <span class='ocrx_word' id='word_1_661' title='bbox 1217 5518 1259 5548; x_wconf 69' lang='grc'><strong>⁸⁷</strong></span> <span class='ocrx_word' id='word_1_662' title='bbox 1294 5519 1393 5571; x_wconf 84' lang='lat' dir='ltr'><strong>lsa.</strong></span> <span class='ocrx_word' id='word_1_663' title='bbox 1430 5532 1505 5576; x_wconf 73' lang='lat' dir='ltr'><strong>XI,</strong></span> <span class='ocrx_word' id='word_1_664' title='bbox 1543 5517 1589 5569; x_wconf 83' lang='grc' dir='ltr'><strong>Ι.</strong></span> 
     </span>
    </p>
   </div>
   <div class='ocr_carea' id='block_1_86' title="bbox 460 5582 1699 5651">
    <p class='ocr_par' dir='ltr' id='par_1_86' title="bbox 460 5582 1699 5651">
     <span class='ocr_line' id='line_1_86' title="bbox 460 5582 1699 5651; baseline 0.016 -31"><span class='ocrx_word' id='word_1_665' title='bbox 460 5582 579 5612; x_wconf 63' lang='grc' dir='ltr'><strong>ιίαη</strong></span> <span class='ocrx_word' id='word_1_666' title='bbox 611 5585 804 5638; x_wconf 60' lang='grc' dir='ltr'>κιαι-ιι,</span> <span class='ocrx_word' id='word_1_667' title='bbox 845 5603 918 5649; x_wconf 60' lang='grc' dir='ltr'><strong>ιχ,</strong></span> <span class='ocrx_word' id='word_1_668' title='bbox 956 5589 1010 5639; x_wconf 75' lang='lat' dir='ltr'><strong>ti.</strong></span> <span class='ocrx_word' id='word_1_669' title='bbox 1144 5588 1188 5616; x_wconf 70' lang='lat'><em>“</em></span> <span class='ocrx_word' id='word_1_670' title='bbox 1225 5587 1385 5639; x_wconf 85' lang='lat' dir='ltr'><strong>Prov.</strong></span> <span class='ocrx_word' id='word_1_671' title='bbox 1424 5603 1579 5651; x_wconf 66' lang='lat' dir='ltr'><strong>XVIII,</strong></span> <span class='ocrx_word' id='word_1_672' title='bbox 1616 5587 1699 5640; x_wconf 87' lang='lat' dir='ltr'><strong>l7.</strong></span> 
     </span>
    </p>
   </div>
   <div class='ocr_carea' id='block_1_87' title="bbox 462 5654 2023 5724">
    <p class='ocr_par' dir='ltr' id='par_1_87' title="bbox 462 5654 2023 5724">
     <span class='ocr_line' id='line_1_87' title="bbox 462 5654 2023 5724; baseline 0.004 -19"><span class='ocrx_word' id='word_1_673' title='bbox 462 5667 543 5715; x_wconf 89' lang='grc' dir='ltr'>ιιι,</span> <span class='ocrx_word' id='word_1_674' title='bbox 706 5656 750 5684; x_wconf 69' lang='grc'><strong>⁵³</strong></span> <span class='ocrx_word' id='word_1_675' title='bbox 785 5656 802 5707; x_wconf 94' lang='lat' dir='ltr'><strong>l</strong></span> <span class='ocrx_word' id='word_1_676' title='bbox 834 5657 958 5709; x_wconf 82' lang='lat' dir='ltr'><strong>Cor.</strong></span> <span class='ocrx_word' id='word_1_677' title='bbox 994 5672 1063 5720; x_wconf 84' lang='lat' dir='ltr'><strong>Iv,</strong></span> <span class='ocrx_word' id='word_1_678' title='bbox 1096 5659 1147 5711; x_wconf 90' lang='lat'><strong>8.</strong></span> <span class='ocrx_word' id='word_1_679' title='bbox 1227 5658 1270 5687; x_wconf 77' lang='grc'><strong>⁶⁰</strong></span> <span class='ocrx_word' id='word_1_680' title='bbox 1295 5658 1419 5710; x_wconf 73' lang='lat' dir='ltr'><strong>ibid.</strong></span> <span class='ocrx_word' id='word_1_681' title='bbox 1458 5657 1543 5711; x_wconf 73' lang='grc'><strong>18.</strong></span> <span class='ocrx_word' id='word_1_682' title='bbox 1622 5659 1661 5687; x_wconf 68' lang='grc' dir='ltr'><strong>θ’</strong></span> <span class='ocrx_word' id='word_1_683' title='bbox 1687 5658 1700 5710; x_wconf 96' lang='grc' dir='ltr'><strong>Ι</strong></span> <span class='ocrx_word' id='word_1_684' title='bbox 1731 5658 1854 5713; x_wconf 63' lang='lat' dir='ltr'><strong>Cor.</strong></span> <span class='ocrx_word' id='word_1_685' title='bbox 1891 5675 1941 5724; x_wconf 78' lang='grc' dir='ltr'>ν,</span> <span class='ocrx_word' id='word_1_686' title='bbox 1978 5660 2023 5712; x_wconf 86' lang='grc' dir='ltr'><strong>Ι.</strong></span> 
     </span>
    </p>
   </div>
   <div class='ocr_carea' id='block_1_88' title="bbox 1666 5516 2148 5584">
    <p class='ocr_par' dir='ltr' id='par_1_88' title="bbox 1666 5516 2148 5584">
     <span class='ocr_line' id='line_1_88' title="bbox 1666 5516 2148 5584; baseline 0.002 -14"><span class='ocrx_word' id='word_1_687' title='bbox 1666 5518 1712 5547; x_wconf 63' lang='grc'><strong>’⁵⁸</strong></span> <span class='ocrx_word' id='word_1_688' title='bbox 1740 5516 1881 5571; x_wconf 84' lang='lat' dir='ltr'><strong>Psal.</strong></span> <span class='ocrx_word' id='word_1_689' title='bbox 1910 5533 2021 5584; x_wconf 76' lang='lat' dir='ltr'><strong>xei,</strong></span> <span class='ocrx_word' id='word_1_690' title='bbox 2059 5517 2148 5572; x_wconf 81' lang='grc'><strong>15.</strong></span> 
     </span>
    </p>
   </div>
   <div class='ocr_carea' id='block_1_89' title="bbox 1783 5588 2297 5649">
    <p class='ocr_par' dir='ltr' id='par_1_89' title="bbox 1783 5588 2297 5649">
     <span class='ocr_line' id='line_1_89' title="bbox 1783 5588 2297 5649; baseline 0.002 -7"><span class='ocrx_word' id='word_1_691' title='bbox 1783 5589 1827 5617; x_wconf 68' lang='grc'><strong>⁸⁵</strong></span> <span class='ocrx_word' id='word_1_692' title='bbox 1864 5588 2022 5642; x_wconf 67' lang='grc' dir='ltr'>Ιῖιιιιι.</span> <span class='ocrx_word' id='word_1_693' title='bbox 2064 5605 2174 5649; x_wconf 77' lang='lat' dir='ltr'><strong>XIV,</strong></span> <span class='ocrx_word' id='word_1_694' title='bbox 2208 5590 2297 5642; x_wconf 72' lang='lat'><strong>‘20.</strong></span> 
     </span>
    </p>
   </div>
   <div class='ocr_carea' id='block_1_90' title="bbox 2100 5660 2386 5716">
    <p class='ocr_par' dir='ltr' id='par_1_90' title="bbox 2100 5660 2386 5716">
     <span class='ocr_line' id='line_1_90' title="bbox 2100 5660 2386 5716; baseline -0.003 -2"><span class='ocrx_word' id='word_1_695' title='bbox 2100 5660 2143 5690; x_wconf 67' lang='grc' dir='ltr'><strong>δ’</strong></span> <span class='ocrx_word' id='word_1_696' title='bbox 2176 5662 2305 5716; x_wconf 75' lang='lat' dir='ltr'><strong>ibitl.</strong></span> <span class='ocrx_word' id='word_1_697' title='bbox 2332 5661 2386 5714; x_wconf 62' lang='grc' dir='ltr'><strong>ἳ.</strong></span> 
     </span>
    </p>
   </div>
   <div class='ocr_carea' id='block_1_91' title="bbox 2152 3245 3738 3329">
    <p class='ocr_par' dir='ltr' id='par_1_91' title="bbox 2152 3245 3738 3329">
     <span class='ocr_line' id='line_1_91' title="bbox 2152 3245 3738 3329; baseline -0.009 -20"><span class='ocrx_word' id='word_1_698' title='bbox 2152 3264 2283 3309; x_wconf 90' lang='lat' dir='ltr'><strong>sunt</strong></span> <span class='ocrx_word' id='word_1_699' title='bbox 2328 3254 2516 3309; x_wconf 69' lang='lat' dir='ltr'><strong>Romae</strong></span> <span class='ocrx_word' id='word_1_700' title='bbox 2550 3254 2765 3329; x_wconf 85' lang='lat' dir='ltr'><strong>dilectis</strong></span> <span class='ocrx_word' id='word_1_701' title='bbox 2800 3253 2918 3315; x_wconf 90' lang='lat' dir='ltr'><strong>Dei,</strong></span> <span class='ocrx_word' id='word_1_702' title='bbox 2952 3252 3161 3307; x_wconf 91' lang='lat' dir='ltr'><strong>vocatis</strong></span> <span class='ocrx_word' id='word_1_703' title='bbox 3200 3248 3428 3304; x_wconf 89' lang='lat' dir='ltr'><strong>sanctis.</strong></span> <span class='ocrx_word' id='word_1_704' title='bbox 3460 3266 3480 3297; x_wconf 77' lang='grc' dir='ltr'><strong>ι</strong></span> <span class='ocrx_word' id='word_1_705' title='bbox 3524 3245 3590 3299; x_wconf 84' lang='lat' dir='ltr'><strong>Et</strong></span> <span class='ocrx_word' id='word_1_706' title='bbox 3639 3247 3738 3297; x_wconf 82' lang='lat' dir='ltr'><strong>ite—</strong></span> 
     </span>
    </p>
   </div>
   <div class='ocr_carea' id='block_1_92' title="bbox 2144 3337 3736 3415">
    <p class='ocr_par' dir='ltr' id='par_1_92' title="bbox 2144 3337 3736 3415">
     <span class='ocr_line' id='line_1_92' title="bbox 2144 3337 3736 3415; baseline -0.008 -13"><span class='ocrx_word' id='word_1_707' title='bbox 2144 3364 2261 3402; x_wconf 91' lang='lat' dir='ltr'><strong>rum</strong></span> <span class='ocrx_word' id='word_1_708' title='bbox 2294 3348 2432 3401; x_wconf 91' lang='lat' dir='ltr'><strong>idem</strong></span> <span class='ocrx_word' id='word_1_709' title='bbox 2467 3347 2756 3415; x_wconf 70' lang='lat' dir='ltr'><strong>Apostolus</strong></span> <span class='ocrx_word' id='word_1_710' title='bbox 2782 3349 2847 3399; x_wconf 91' lang='lat' dir='ltr'><strong>ad</strong></span> <span class='ocrx_word' id='word_1_711' title='bbox 2867 3345 3184 3400; x_wconf 89' lang='lat' dir='ltr'><strong>Corinthios</strong></span> <span class='ocrx_word' id='word_1_712' title='bbox 3202 3342 3474 3403; x_wconf 87' lang='lat' dir='ltr'><strong>scribens,</strong></span> <span class='ocrx_word' id='word_1_713' title='bbox 3504 3337 3693 3392; x_wconf 83' lang='lat' dir='ltr'><strong>dicit&quot;</strong></span> <span class='ocrx_word' id='word_1_714' title='bbox 3725 3358 3736 3391; x_wconf 82' lang='lat'><em>;</em></span> 
     </span>
    </p>
   </div>
   <div class='ocr_carea' id='block_1_93' title="bbox 2148 3434 3738 3508">
    <p class='ocr_par' dir='ltr' id='par_1_93' title="bbox 2148 3434 3738 3508">
     <span class='ocr_line' id='line_1_93' title="bbox 2148 3434 3738 3508; baseline -0.006 -16"><span class='ocrx_word' id='word_1_715' title='bbox 2148 3460 2166 3492; x_wconf 75' lang='grc' dir='ltr'><strong>ι</strong></span> <span class='ocrx_word' id='word_1_716' title='bbox 2203 3441 2407 3496; x_wconf 84' lang='lat' dir='ltr'><strong>Paulus</strong></span> <span class='ocrx_word' id='word_1_717' title='bbox 2436 3449 2662 3493; x_wconf 90' lang='lat' dir='ltr'><strong>vocatus</strong></span> <span class='ocrx_word' id='word_1_718' title='bbox 2728 3437 3012 3508; x_wconf 86' lang='lat' dir='ltr'><strong>apostolus</strong></span> <span class='ocrx_word' id='word_1_719' title='bbox 3041 3436 3169 3490; x_wconf 83' lang='lat' dir='ltr'><strong>.lesu</strong></span> <span class='ocrx_word' id='word_1_720' title='bbox 3208 3434 3442 3499; x_wconf 87' lang='lat' dir='ltr'><strong>Christi;</strong></span> <span class='ocrx_word' id='word_1_721' title='bbox 3483 3451 3503 3485; x_wconf 76' lang='grc' dir='ltr'><strong>ι</strong></span> <span class='ocrx_word' id='word_1_722' title='bbox 3534 3442 3587 3486; x_wconf 91' lang='lat' dir='ltr'><strong>et</strong></span> <span class='ocrx_word' id='word_1_723' title='bbox 3620 3439 3738 3499; x_wconf 92' lang='lat' dir='ltr'><strong>post</strong></span> 
     </span>
    </p>
   </div>
   <div class='ocr_carea' id='block_1_94' title="bbox 2144 3521 3740 3603">
    <p class='ocr_par' dir='ltr' id='par_1_94' title="bbox 2144 3521 3740 3603">
     <span class='ocr_line' id='line_1_94' title="bbox 2144 3521 3740 3603; baseline -0.008 -17"><span class='ocrx_word' id='word_1_724' title='bbox 2144 3549 2311 3603; x_wconf 85' lang='lat' dir='ltr'><strong>pauca</strong></span> <span class='ocrx_word' id='word_1_725' title='bbox 2347 3552 2363 3589; x_wconf 91' lang='lat'><strong>:</strong></span> <span class='ocrx_word' id='word_1_726' title='bbox 2404 3552 2421 3586; x_wconf 88' lang='lat' dir='ltr'><strong>t</strong></span> <span class='ocrx_word' id='word_1_727' title='bbox 2450 3531 2709 3587; x_wconf 71' lang='lat' dir='ltr'><strong>Ecclesia:</strong></span> <span class='ocrx_word' id='word_1_728' title='bbox 2752 3530 2841 3585; x_wconf 91' lang='lat' dir='ltr'><strong>Dei</strong></span> <span class='ocrx_word' id='word_1_729' title='bbox 2876 3546 2998 3599; x_wconf 70' lang='lat' dir='ltr'><strong>qua:</strong></span> <span class='ocrx_word' id='word_1_730' title='bbox 3051 3541 3137 3585; x_wconf 89' lang='lat' dir='ltr'><strong>est</strong></span> <span class='ocrx_word' id='word_1_731' title='bbox 3180 3525 3459 3591; x_wconf 86' lang='lat' dir='ltr'><strong>Corinthi,</strong></span> <span class='ocrx_word' id='word_1_732' title='bbox 3492 3521 3740 3578; x_wconf 85' lang='lat' dir='ltr'><strong>sanctitl—</strong></span> 
     </span>
    </p>
   </div>
   <div class='ocr_carea' id='block_1_95' title="bbox 2142 3617 3741 3690">
    <p class='ocr_par' dir='ltr' id='par_1_95' title="bbox 2142 3617 3741 3690">
     <span class='ocr_line' id='line_1_95' title="bbox 2142 3617 3741 3690; baseline -0.01 -9"><span class='ocrx_word' id='word_1_733' title='bbox 2142 3628 2285 3681; x_wconf 86' lang='lat' dir='ltr'><strong>catis</strong></span> <span class='ocrx_word' id='word_1_734' title='bbox 2318 3628 2371 3681; x_wconf 93' lang='lat' dir='ltr'><strong>in</strong></span> <span class='ocrx_word' id='word_1_735' title='bbox 2408 3626 2631 3681; x_wconf 91' lang='lat' dir='ltr'><strong>Christo</strong></span> <span class='ocrx_word' id='word_1_736' title='bbox 2672 3624 2825 3690; x_wconf 84' lang='lat' dir='ltr'><strong>Jesu,</strong></span> <span class='ocrx_word' id='word_1_737' title='bbox 2859 3624 3069 3679; x_wconf 85' lang='lat' dir='ltr'><strong>vocatis</strong></span> <span class='ocrx_word' id='word_1_738' title='bbox 3117 3619 3346 3675; x_wconf 88' lang='lat' dir='ltr'><strong>sanctis.</strong></span> <span class='ocrx_word' id='word_1_739' title='bbox 3374 3637 3393 3670; x_wconf 75' lang='grc' dir='ltr'><strong>ι</strong></span> <span class='ocrx_word' id='word_1_740' title='bbox 3432 3617 3569 3677; x_wconf 83' lang='lat' dir='ltr'><strong>lstos</strong></span> <span class='ocrx_word' id='word_1_741' title='bbox 3610 3628 3741 3683; x_wconf 89' lang='lat' dir='ltr'><strong>ergo</strong></span> 
     </span>
    </p>
   </div>
   <div class='ocr_carea' id='block_1_96' title="bbox 2143 3708 3738 3790">
    <p class='ocr_par' dir='ltr' id='par_1_96' title="bbox 2143 3708 3738 3790">
     <span class='ocr_line' id='line_1_96' title="bbox 2143 3708 3738 3790; baseline -0.009 -19"><span class='ocrx_word' id='word_1_742' title='bbox 2143 3734 2283 3790; x_wconf 87' lang='lat' dir='ltr'><strong>quos</strong></span> <span class='ocrx_word' id='word_1_743' title='bbox 2314 3718 2692 3773; x_wconf 84' lang='lat' dir='ltr'><strong>sanetilicatos</strong></span> <span class='ocrx_word' id='word_1_744' title='bbox 2719 3725 2773 3771; x_wconf 91' lang='lat' dir='ltr'><strong>et</strong></span> <span class='ocrx_word' id='word_1_745' title='bbox 2806 3724 3027 3770; x_wconf 88' lang='lat' dir='ltr'><strong>sanctos</strong></span> <span class='ocrx_word' id='word_1_746' title='bbox 3069 3712 3336 3782; x_wconf 85' lang='lat' dir='ltr'><strong>appellat,</strong></span> <span class='ocrx_word' id='word_1_747' title='bbox 3369 3708 3497 3763; x_wconf 90' lang='lat' dir='ltr'><strong>audi</strong></span> <span class='ocrx_word' id='word_1_748' title='bbox 3529 3716 3738 3776; x_wconf 84' lang='lat' dir='ltr'><strong>quanta</strong></span> 
     </span>
    </p>
   </div>
   <div class='ocr_carea' id='block_1_97' title="bbox 2147 3798 3738 3881">
    <p class='ocr_par' dir='ltr' id='par_1_97' title="bbox 2147 3798 3738 3881">
     <span class='ocr_line' id='line_1_97' title="bbox 2147 3798 3738 3881; baseline -0.012 -14"><span class='ocrx_word' id='word_1_749' title='bbox 2147 3816 2198 3868; x_wconf 92' lang='lat' dir='ltr'><strong>in</strong></span> <span class='ocrx_word' id='word_1_750' title='bbox 2229 3814 2309 3866; x_wconf 90' lang='lat' dir='ltr'><strong>eis</strong></span> <span class='ocrx_word' id='word_1_751' title='bbox 2342 3820 2565 3881; x_wconf 87' lang='lat' dir='ltr'><strong>peccata</strong></span> <span class='ocrx_word' id='word_1_752' title='bbox 2617 3810 3015 3881; x_wconf 87' lang='lat' dir='ltr'><strong>reprehendat.</strong></span> <span class='ocrx_word' id='word_1_753' title='bbox 3072 3807 3161 3859; x_wconf 88' lang='lat' dir='ltr'><strong>Ait</strong></span> <span class='ocrx_word' id='word_1_754' title='bbox 3196 3804 3343 3858; x_wconf 87' lang='lat' dir='ltr'><strong>enim</strong></span> <span class='ocrx_word' id='word_1_755' title='bbox 3377 3802 3430 3855; x_wconf 93' lang='lat' dir='ltr'><strong>in</strong></span> <span class='ocrx_word' id='word_1_756' title='bbox 3457 3798 3738 3868; x_wconf 88' lang='lat' dir='ltr'><strong>sequenti-</strong></span> 
     </span>
    </p>
   </div>
   <div class='ocr_carea' id='block_1_98' title="bbox 2146 3893 3741 3960">
    <p class='ocr_par' dir='ltr' id='par_1_98' title="bbox 2146 3893 3741 3960">
     <span class='ocr_line' id='line_1_98' title="bbox 2146 3893 3741 3960; baseline -0.011 0"><span class='ocrx_word' id='word_1_757' title='bbox 2146 3905 2309 3960; x_wconf 76' lang='lat' dir='ltr'><strong>bus&quot;</strong></span> <span class='ocrx_word' id='word_1_758' title='bbox 2338 3924 2349 3959; x_wconf 91' lang='lat'><strong>:</strong></span> <span class='ocrx_word' id='word_1_759' title='bbox 2383 3922 2401 3955; x_wconf 70' lang='grc' dir='ltr'><strong>ι</strong></span> <span class='ocrx_word' id='word_1_760' title='bbox 2424 3904 2560 3959; x_wconf 89' lang='lat' dir='ltr'><strong>Cum</strong></span> <span class='ocrx_word' id='word_1_761' title='bbox 2612 3904 2760 3958; x_wconf 86' lang='lat' dir='ltr'><strong>enim</strong></span> <span class='ocrx_word' id='word_1_762' title='bbox 2813 3903 2923 3957; x_wconf 90' lang='lat' dir='ltr'><strong>sint</strong></span> <span class='ocrx_word' id='word_1_763' title='bbox 2963 3901 3105 3955; x_wconf 91' lang='lat' dir='ltr'><strong>inter</strong></span> <span class='ocrx_word' id='word_1_764' title='bbox 3136 3912 3229 3951; x_wconf 92' lang='lat' dir='ltr'><strong>vos</strong></span> <span class='ocrx_word' id='word_1_765' title='bbox 3262 3893 3640 3950; x_wconf 67' lang='lat' dir='ltr'><strong>aemulationes</strong></span> <span class='ocrx_word' id='word_1_766' title='bbox 3687 3899 3741 3943; x_wconf 89' lang='lat' dir='ltr'><strong>et</strong></span> 
     </span>
    </p>
   </div>
   <div class='ocr_carea' id='block_1_99' title="bbox 2145 3984 3738 4065">
    <p class='ocr_par' dir='ltr' id='par_1_99' title="bbox 2145 3984 3738 4065">
     <span class='ocr_line' id='line_1_99' title="bbox 2145 3984 3738 4065; baseline -0.013 -9"><span class='ocrx_word' id='word_1_767' title='bbox 2145 3999 2551 4065; x_wconf 89' lang='lat' dir='ltr'><strong>contentiones,</strong></span> <span class='ocrx_word' id='word_1_768' title='bbox 2600 4012 2779 4053; x_wconf 90' lang='lat' dir='ltr'><strong>nonne</strong></span> <span class='ocrx_word' id='word_1_769' title='bbox 2832 3996 3086 4053; x_wconf 89' lang='lat' dir='ltr'><strong>carnales</strong></span> <span class='ocrx_word' id='word_1_770' title='bbox 3131 3993 3289 4053; x_wconf 90' lang='lat' dir='ltr'><strong>estis,</strong></span> <span class='ocrx_word' id='word_1_771' title='bbox 3339 3999 3394 4043; x_wconf 91' lang='lat' dir='ltr'><strong>et</strong></span> <span class='ocrx_word' id='word_1_772' title='bbox 3436 3984 3738 4041; x_wconf 79' lang='lat' dir='ltr'><strong>Secundum</strong></span> 
     </span>
    </p>
   </div>
   <div class='ocr_carea' id='block_1_100' title="bbox 2146 4077 3741 4147">
    <p class='ocr_par' dir='ltr' id='par_1_100' title="bbox 2146 4077 3741 4147">
     <span class='ocr_line' id='line_1_100' title="bbox 2146 4077 3741 4147; baseline -0.011 -1"><span class='ocrx_word' id='word_1_773' title='bbox 2146 4093 2425 4147; x_wconf 89' lang='lat' dir='ltr'><strong>hominem</strong></span> <span class='ocrx_word' id='word_1_774' title='bbox 2473 4090 2808 4145; x_wconf 86' lang='lat' dir='ltr'><strong>ambulatis?</strong></span> <span class='ocrx_word' id='word_1_775' title='bbox 2840 4109 2857 4140; x_wconf 77' lang='grc' dir='ltr'><strong>ι</strong></span> <span class='ocrx_word' id='word_1_776' title='bbox 2898 4089 2963 4142; x_wconf 78' lang='lat' dir='ltr'><strong>Et</strong></span> <span class='ocrx_word' id='word_1_777' title='bbox 2997 4088 3195 4140; x_wconf 90' lang='lat' dir='ltr'><strong>iterum</strong></span> <span class='ocrx_word' id='word_1_778' title='bbox 3220 4084 3305 4136; x_wconf 70' lang='lat'><strong>&#39;9:</strong></span> <span class='ocrx_word' id='word_1_779' title='bbox 3342 4100 3360 4133; x_wconf 75' lang='grc' dir='ltr'><strong>ι</strong></span> <span class='ocrx_word' id='word_1_780' title='bbox 3393 4079 3513 4134; x_wconf 80' lang='lat' dir='ltr'><strong>Jam</strong></span> <span class='ocrx_word' id='word_1_781' title='bbox 3544 4077 3741 4131; x_wconf 79' lang='lat' dir='ltr'><strong>divites</strong></span> 
     </span>
    </p>
   </div>
   <div class='ocr_carea' id='block_1_101' title="bbox 2151 4174 3741 4250">
    <p class='ocr_par' dir='ltr' id='par_1_101' title="bbox 2151 4174 3741 4250">
     <span class='ocr_line' id='line_1_101' title="bbox 2151 4174 3741 4250; baseline -0.011 -12"><span class='ocrx_word' id='word_1_782' title='bbox 2151 4184 2278 4240; x_wconf 86' lang='lat' dir='ltr'><strong>facti</strong></span> <span class='ocrx_word' id='word_1_783' title='bbox 2305 4185 2459 4250; x_wconf 90' lang='lat' dir='ltr'><strong>estis,</strong></span> <span class='ocrx_word' id='word_1_784' title='bbox 2493 4186 2610 4238; x_wconf 90' lang='lat' dir='ltr'><strong>sine</strong></span> <span class='ocrx_word' id='word_1_785' title='bbox 2644 4182 2798 4236; x_wconf 90' lang='lat' dir='ltr'><strong>nobis</strong></span> <span class='ocrx_word' id='word_1_786' title='bbox 2834 4178 3097 4249; x_wconf 85' lang='lat' dir='ltr'><strong>reguatis,</strong></span> <span class='ocrx_word' id='word_1_787' title='bbox 3129 4185 3185 4231; x_wconf 91' lang='lat' dir='ltr'><strong>et</strong></span> <span class='ocrx_word' id='word_1_788' title='bbox 3222 4174 3428 4228; x_wconf 92' lang='lat' dir='ltr'><strong>utinam</strong></span> <span class='ocrx_word' id='word_1_789' title='bbox 3482 4183 3741 4239; x_wconf 80' lang='lat' dir='ltr'><strong>regnare-</strong></span> 
     </span>
    </p>
   </div>
   <div class='ocr_carea' id='block_1_102' title="bbox 2154 4267 3738 4337">
    <p class='ocr_par' dir='ltr' id='par_1_102' title="bbox 2154 4267 3738 4337">
     <span class='ocr_line' id='line_1_102' title="bbox 2154 4267 3738 4337; baseline -0.011 -8"><span class='ocrx_word' id='word_1_790' title='bbox 2154 4278 2220 4331; x_wconf 90' lang='lat' dir='ltr'><strong>tis</strong></span> <span class='ocrx_word' id='word_1_791' title='bbox 2248 4278 2260 4331; x_wconf 92' lang='lat' dir='ltr'><strong>l</strong></span> <span class='ocrx_word' id='word_1_792' title='bbox 2297 4296 2315 4329; x_wconf 79' lang='grc' dir='ltr'><strong>ι</strong></span> <span class='ocrx_word' id='word_1_793' title='bbox 2358 4276 2423 4330; x_wconf 82' lang='lat' dir='ltr'><strong>Et</strong></span> <span class='ocrx_word' id='word_1_794' title='bbox 2459 4274 2721 4329; x_wconf 79' lang='lat' dir='ltr'><strong>iterutn6°</strong></span> <span class='ocrx_word' id='word_1_795' title='bbox 2752 4293 2763 4327; x_wconf 89' lang='lat'><strong>:</strong></span> <span class='ocrx_word' id='word_1_796' title='bbox 2801 4291 2819 4320; x_wconf 83' lang='grc' dir='ltr'><strong>ι</strong></span> <span class='ocrx_word' id='word_1_797' title='bbox 2841 4270 3125 4337; x_wconf 86' lang='lat' dir='ltr'><strong>Tanquam</strong></span> <span class='ocrx_word' id='word_1_798' title='bbox 3152 4277 3333 4319; x_wconf 87' lang='lat' dir='ltr'><strong>autem</strong></span> <span class='ocrx_word' id='word_1_799' title='bbox 3370 4278 3476 4315; x_wconf 92' lang='lat' dir='ltr'><strong>non</strong></span> <span class='ocrx_word' id='word_1_800' title='bbox 3509 4267 3738 4312; x_wconf 88' lang='lat' dir='ltr'><strong>venturo</strong></span> 
     </span>
    </p>
   </div>
   <div class='ocr_carea' id='block_1_103' title="bbox 2153 4352 3737 4430">
    <p class='ocr_par' dir='ltr' id='par_1_103' title="bbox 2153 4352 3737 4430">
     <span class='ocr_line' id='line_1_103' title="bbox 2153 4352 3737 4430; baseline -0.011 -7"><span class='ocrx_word' id='word_1_801' title='bbox 2153 4386 2238 4424; x_wconf 88' lang='lat' dir='ltr'><strong>me</strong></span> <span class='ocrx_word' id='word_1_802' title='bbox 2274 4371 2341 4423; x_wconf 89' lang='lat' dir='ltr'><strong>ad</strong></span> <span class='ocrx_word' id='word_1_803' title='bbox 2376 4383 2472 4422; x_wconf 90' lang='lat' dir='ltr'><strong>vos</strong></span> <span class='ocrx_word' id='word_1_804' title='bbox 2522 4366 2692 4421; x_wconf 89' lang='lat' dir='ltr'><strong>inﬂati</strong></span> <span class='ocrx_word' id='word_1_805' title='bbox 2736 4374 2865 4417; x_wconf 89' lang='lat' dir='ltr'><strong>sunt</strong></span> <span class='ocrx_word' id='word_1_806' title='bbox 2894 4361 3139 4430; x_wconf 91' lang='lat' dir='ltr'><strong>quidam.</strong></span> <span class='ocrx_word' id='word_1_807' title='bbox 3175 4377 3193 4409; x_wconf 74' lang='grc' dir='ltr'><strong>ι</strong></span> <span class='ocrx_word' id='word_1_808' title='bbox 3226 4354 3474 4424; x_wconf 87' lang='lat' dir='ltr'><strong>Etpaulo</strong></span> <span class='ocrx_word' id='word_1_809' title='bbox 3505 4352 3687 4422; x_wconf 78' lang='lat' dir='ltr'><strong>post“</strong></span> <span class='ocrx_word' id='word_1_810' title='bbox 3723 4368 3737 4406; x_wconf 91' lang='lat'>:</span> 
     </span>
    </p>
   </div>
   <div class='ocr_carea' id='block_1_104' title="bbox 2158 4443 3739 4518">
    <p class='ocr_par' dir='ltr' id='par_1_104' title="bbox 2158 4443 3739 4518">
     <span class='ocr_line' id='line_1_104' title="bbox 2158 4443 3739 4518; baseline -0.013 -2"><span class='ocrx_word' id='word_1_811' title='bbox 2158 4484 2175 4516; x_wconf 79' lang='grc' dir='ltr'><strong>ι</strong></span> <span class='ocrx_word' id='word_1_812' title='bbox 2205 4462 2442 4518; x_wconf 88' lang='lat' dir='ltr'><strong>Omnino</strong></span> <span class='ocrx_word' id='word_1_813' title='bbox 2481 4461 2700 4513; x_wconf 89' lang='lat' dir='ltr'><strong>auditur</strong></span> <span class='ocrx_word' id='word_1_814' title='bbox 2733 4458 2879 4509; x_wconf 90' lang='lat' dir='ltr'><strong>inter</strong></span> <span class='ocrx_word' id='word_1_815' title='bbox 2914 4469 3010 4508; x_wconf 84' lang='lat' dir='ltr'><strong>vos</strong></span> <span class='ocrx_word' id='word_1_816' title='bbox 3040 4450 3353 4511; x_wconf 85' lang='lat' dir='ltr'><strong>fornicatio,</strong></span> <span class='ocrx_word' id='word_1_817' title='bbox 3388 4457 3442 4501; x_wconf 91' lang='lat' dir='ltr'><strong>et</strong></span> <span class='ocrx_word' id='word_1_818' title='bbox 3476 4446 3599 4499; x_wconf 90' lang='lat' dir='ltr'><strong>talis</strong></span> <span class='ocrx_word' id='word_1_819' title='bbox 3626 4443 3739 4497; x_wconf 84' lang='lat' dir='ltr'><strong>for-</strong></span> 
     </span>
    </p>
   </div>
   <div class='ocr_carea' id='block_1_105' title="bbox 2074 4533 3741 4620">
    <p class='ocr_par' dir='ltr' id='par_1_105' title="bbox 2074 4533 3741 4620">
     <span class='ocr_line' id='line_1_105' title="bbox 2074 4533 3741 4620; baseline -0.013 -10"><span class='ocrx_word' id='word_1_820' title='bbox 2074 4533 2118 4586; x_wconf 79' lang='lat' dir='ltr'>D</span> <span class='ocrx_word' id='word_1_821' title='bbox 2152 4555 2378 4618; x_wconf 86' lang='lat' dir='ltr'><strong>uicatio,</strong></span> <span class='ocrx_word' id='word_1_822' title='bbox 2422 4550 2603 4620; x_wconf 90' lang='lat' dir='ltr'><strong>qualis</strong></span> <span class='ocrx_word' id='word_1_823' title='bbox 2642 4564 2743 4601; x_wconf 87' lang='lat' dir='ltr'><strong>nec</strong></span> <span class='ocrx_word' id='word_1_824' title='bbox 2779 4549 2921 4601; x_wconf 91' lang='lat' dir='ltr'><strong>inter</strong></span> <span class='ocrx_word' id='word_1_825' title='bbox 2954 4554 3165 4613; x_wconf 83' lang='lat' dir='ltr'><strong>gentes.</strong></span> <span class='ocrx_word' id='word_1_826' title='bbox 3202 4561 3219 4592; x_wconf 75' lang='grc' dir='ltr'><strong>ι</strong></span> <span class='ocrx_word' id='word_1_827' title='bbox 3264 4542 3315 4594; x_wconf 95' lang='lat' dir='ltr'><strong>ln</strong></span> <span class='ocrx_word' id='word_1_828' title='bbox 3354 4537 3741 4608; x_wconf 79' lang='lat' dir='ltr'><strong>consequenti-</strong></span> 
     </span>
    </p>
   </div>
   <div class='ocr_carea' id='block_1_106' title="bbox 2151 4633 3739 4706">
    <p class='ocr_par' dir='ltr' id='par_1_106' title="bbox 2151 4633 3739 4706">
     <span class='ocr_line' id='line_1_106' title="bbox 2151 4633 3739 4706; baseline -0.013 -5"><span class='ocrx_word' id='word_1_829' title='bbox 2151 4649 2251 4701; x_wconf 86' lang='lat' dir='ltr'><strong>bus</strong></span> <span class='ocrx_word' id='word_1_830' title='bbox 2280 4661 2411 4700; x_wconf 86' lang='lat' dir='ltr'><strong>vero</strong></span> <span class='ocrx_word' id='word_1_831' title='bbox 2434 4645 2478 4675; x_wconf 83' lang='grc'>⁶²</span> <span class='ocrx_word' id='word_1_832' title='bbox 2508 4660 2521 4696; x_wconf 89' lang='lat'><strong>:</strong></span> <span class='ocrx_word' id='word_1_833' title='bbox 2555 4659 2573 4693; x_wconf 74' lang='grc' dir='ltr'><strong>ι</strong></span> <span class='ocrx_word' id='word_1_834' title='bbox 2608 4640 2676 4695; x_wconf 82' lang='lat' dir='ltr'><strong>Et</strong></span> <span class='ocrx_word' id='word_1_835' title='bbox 2712 4654 2830 4704; x_wconf 86' lang='lat' dir='ltr'><strong>vos,</strong></span> <span class='ocrx_word' id='word_1_836' title='bbox 2867 4636 3063 4706; x_wconf 88' lang='lat' dir='ltr'><strong>inquit,</strong></span> <span class='ocrx_word' id='word_1_837' title='bbox 3092 4633 3263 4688; x_wconf 88' lang='lat' dir='ltr'><strong>inﬂati</strong></span> <span class='ocrx_word' id='word_1_838' title='bbox 3319 4634 3473 4696; x_wconf 89' lang='lat' dir='ltr'><strong>estis,</strong></span> <span class='ocrx_word' id='word_1_839' title='bbox 3533 4639 3587 4684; x_wconf 90' lang='lat' dir='ltr'><strong>et</strong></span> <span class='ocrx_word' id='word_1_840' title='bbox 3635 4643 3739 4681; x_wconf 90' lang='lat' dir='ltr'><strong>non</strong></span> 
     </span>
    </p>
   </div>
   <div class='ocr_carea' id='block_1_107' title="bbox 2152 4722 3738 4811">
    <p class='ocr_par' dir='ltr' id='par_1_107' title="bbox 2152 4722 3738 4811">
     <span class='ocr_line' id='line_1_107' title="bbox 2152 4722 3738 4811; baseline -0.015 -15"><span class='ocrx_word' id='word_1_841' title='bbox 2152 4741 2336 4811; x_wconf 89' lang='lat' dir='ltr'><strong>potius</strong></span> <span class='ocrx_word' id='word_1_842' title='bbox 2367 4740 2577 4793; x_wconf 90' lang='lat' dir='ltr'><strong>luctum</strong></span> <span class='ocrx_word' id='word_1_843' title='bbox 2613 4731 2911 4787; x_wconf 89' lang='lat' dir='ltr'><strong>habuistis.</strong></span> <span class='ocrx_word' id='word_1_844' title='bbox 2946 4748 2964 4781; x_wconf 79' lang='grc' dir='ltr'><strong>ι</strong></span> <span class='ocrx_word' id='word_1_845' title='bbox 3008 4727 3063 4781; x_wconf 93' lang='lat' dir='ltr'><strong>lu</strong></span> <span class='ocrx_word' id='word_1_846' title='bbox 3120 4742 3226 4796; x_wconf 90' lang='lat' dir='ltr'><strong>quo</strong></span> <span class='ocrx_word' id='word_1_847' title='bbox 3291 4726 3478 4794; x_wconf 87' lang='lat' dir='ltr'><strong>utique</strong></span> <span class='ocrx_word' id='word_1_848' title='bbox 3536 4722 3738 4776; x_wconf 91' lang='lat' dir='ltr'><strong>nullum</strong></span> 
     </span>
    </p>
   </div>
   <div class='ocr_carea' id='block_1_108' title="bbox 2154 4814 3742 4902">
    <p class='ocr_par' dir='ltr' id='par_1_108' title="bbox 2154 4814 3742 4902">
     <span class='ocr_line' id='line_1_108' title="bbox 2154 4814 3742 4902; baseline -0.013 -14"><span class='ocrx_word' id='word_1_849' title='bbox 2154 4835 2376 4902; x_wconf 87' lang='lat' dir='ltr'><strong>reliquit</strong></span> <span class='ocrx_word' id='word_1_850' title='bbox 2421 4832 2747 4891; x_wconf 89' lang='lat' dir='ltr'><strong>immunem,</strong></span> <span class='ocrx_word' id='word_1_851' title='bbox 2800 4824 2927 4877; x_wconf 90' lang='lat' dir='ltr'><strong>dum</strong></span> <span class='ocrx_word' id='word_1_852' title='bbox 2980 4822 3108 4875; x_wconf 90' lang='lat' dir='ltr'><strong>aliis</strong></span> <span class='ocrx_word' id='word_1_853' title='bbox 3151 4816 3559 4879; x_wconf 83' lang='lat' dir='ltr'><strong>fornicationis,</strong></span> <span class='ocrx_word' id='word_1_854' title='bbox 3619 4814 3742 4868; x_wconf 86' lang='lat' dir='ltr'><strong>aliis</strong></span> 
     </span>
    </p>
   </div>
   <div class='ocr_carea' id='block_1_109' title="bbox 2153 4908 3742 4990">
    <p class='ocr_par' dir='ltr' id='par_1_109' title="bbox 2153 4908 3742 4990">
     <span class='ocr_line' id='line_1_109' title="bbox 2153 4908 3742 4990; baseline -0.014 -9"><span class='ocrx_word' id='word_1_855' title='bbox 2153 4924 2454 4982; x_wconf 88' lang='lat' dir='ltr'><strong>inﬂationis</strong></span> <span class='ocrx_word' id='word_1_856' title='bbox 2489 4932 2545 4977; x_wconf 92' lang='lat' dir='ltr'><strong>et</strong></span> <span class='ocrx_word' id='word_1_857' title='bbox 2597 4918 2868 4990; x_wconf 73' lang='lat' dir='ltr'><strong>superbia:</strong></span> <span class='ocrx_word' id='word_1_858' title='bbox 2898 4915 3103 4969; x_wconf 91' lang='lat' dir='ltr'><strong>crimen</strong></span> <span class='ocrx_word' id='word_1_859' title='bbox 3156 4910 3403 4966; x_wconf 86' lang='lat' dir='ltr'><strong>ascribit.</strong></span> <span class='ocrx_word' id='word_1_860' title='bbox 3450 4908 3615 4962; x_wconf 87' lang='lat' dir='ltr'><strong>Notat</strong></span> <span class='ocrx_word' id='word_1_861' title='bbox 3646 4920 3742 4960; x_wconf 86' lang='lat' dir='ltr'><strong>eos</strong></span> 
     </span>
    </p>
   </div>
   <div class='ocr_carea' id='block_1_110' title="bbox 2152 4998 3737 5083">
    <p class='ocr_par' dir='ltr' id='par_1_110' title="bbox 2152 4998 3737 5083">
     <span class='ocr_line' id='line_1_110' title="bbox 2152 4998 3737 5083; baseline -0.015 -9"><span class='ocrx_word' id='word_1_862' title='bbox 2152 5030 2206 5074; x_wconf 91' lang='lat' dir='ltr'><strong>et</strong></span> <span class='ocrx_word' id='word_1_863' title='bbox 2237 5022 2288 5072; x_wconf 91' lang='lat' dir='ltr'><strong>in</strong></span> <span class='ocrx_word' id='word_1_864' title='bbox 2328 5013 2785 5083; x_wconf 88' lang='lat' dir='ltr'><strong>consequentibus</strong></span> <span class='ocrx_word' id='word_1_865' title='bbox 2815 5009 2978 5064; x_wconf 86' lang='lat' dir='ltr'><strong>etiam</strong></span> <span class='ocrx_word' id='word_1_866' title='bbox 3012 5007 3078 5061; x_wconf 89' lang='lat' dir='ltr'><strong>de</strong></span> <span class='ocrx_word' id='word_1_867' title='bbox 3110 5003 3355 5073; x_wconf 86' lang='lat' dir='ltr'><strong>judiciis,</strong></span> <span class='ocrx_word' id='word_1_868' title='bbox 3389 5012 3445 5056; x_wconf 86' lang='lat' dir='ltr'><strong>et</strong></span> <span class='ocrx_word' id='word_1_869' title='bbox 3475 5000 3608 5054; x_wconf 92' lang='lat' dir='ltr'><strong>dicit</strong></span> <span class='ocrx_word' id='word_1_870' title='bbox 3646 4998 3695 5030; x_wconf 82' lang='lat'>“</span> <span class='ocrx_word' id='word_1_871' title='bbox 3723 5012 3737 5051; x_wconf 91' lang='lat'><strong>:</strong></span> 
     </span>
    </p>
   </div>
   <div class='ocr_carea' id='block_1_111' title="bbox 2158 5090 3740 5179">
    <p class='ocr_par' dir='ltr' id='par_1_111' title="bbox 2158 5090 3740 5179">
     <span class='ocr_line' id='line_1_111' title="bbox 2158 5090 3740 5179; baseline -0.014 -15"><span class='ocrx_word' id='word_1_872' title='bbox 2158 5133 2175 5164; x_wconf 78' lang='grc' dir='ltr'><strong>ι</strong></span> <span class='ocrx_word' id='word_1_873' title='bbox 2201 5111 2319 5166; x_wconf 82' lang='lat' dir='ltr'><strong>Jam</strong></span> <span class='ocrx_word' id='word_1_874' title='bbox 2366 5108 2587 5179; x_wconf 91' lang='lat' dir='ltr'><strong>quidem</strong></span> <span class='ocrx_word' id='word_1_875' title='bbox 2623 5103 2847 5159; x_wconf 90' lang='lat' dir='ltr'><strong>omnino</strong></span> <span class='ocrx_word' id='word_1_876' title='bbox 2876 5101 3133 5157; x_wconf 88' lang='lat' dir='ltr'><strong>delictum</strong></span> <span class='ocrx_word' id='word_1_877' title='bbox 3177 5106 3261 5153; x_wconf 90' lang='lat' dir='ltr'><strong>est</strong></span> <span class='ocrx_word' id='word_1_878' title='bbox 3308 5096 3361 5149; x_wconf 90' lang='lat' dir='ltr'><strong>in</strong></span> <span class='ocrx_word' id='word_1_879' title='bbox 3394 5093 3583 5160; x_wconf 86' lang='lat' dir='ltr'><strong>vobis;</strong></span> <span class='ocrx_word' id='word_1_880' title='bbox 3613 5090 3740 5161; x_wconf 89' lang='lat' dir='ltr'><strong>quia</strong></span> 
     </span>
    </p>
   </div>
   <div class='ocr_carea' id='block_1_112' title="bbox 2147 5188 3744 5267">
    <p class='ocr_par' dir='ltr' id='par_1_112' title="bbox 2147 5188 3744 5267">
     <span class='ocr_line' id='line_1_112' title="bbox 2147 5188 3744 5267; baseline -0.01 -16"><span class='ocrx_word' id='word_1_881' title='bbox 2147 5198 2353 5267; x_wconf 89' lang='lat' dir='ltr'><strong>judicia</strong></span> <span class='ocrx_word' id='word_1_882' title='bbox 2386 5196 2603 5252; x_wconf 85' lang='lat' dir='ltr'><strong>habetis</strong></span> <span class='ocrx_word' id='word_1_883' title='bbox 2644 5194 2787 5248; x_wconf 90' lang='lat' dir='ltr'><strong>inter</strong></span> <span class='ocrx_word' id='word_1_884' title='bbox 2816 5207 2934 5247; x_wconf 87' lang='lat' dir='ltr'><strong>vos.</strong></span> <span class='ocrx_word' id='word_1_885' title='bbox 2964 5211 2981 5243; x_wconf 83' lang='grc' dir='ltr'><strong>ι</strong></span> <span class='ocrx_word' id='word_1_886' title='bbox 3017 5188 3209 5258; x_wconf 84' lang='lat' dir='ltr'><strong>Arguit</strong></span> <span class='ocrx_word' id='word_1_887' title='bbox 3239 5202 3334 5242; x_wconf 93' lang='lat' dir='ltr'><strong>eos</strong></span> <span class='ocrx_word' id='word_1_888' title='bbox 3360 5199 3496 5253; x_wconf 87' lang='lat' dir='ltr'><strong>quos</strong></span> <span class='ocrx_word' id='word_1_889' title='bbox 3522 5189 3744 5238; x_wconf 84' lang='lat' dir='ltr'><strong>sanctos</strong></span> 
     </span>
    </p>
   </div>
   <div class='ocr_carea' id='block_1_113' title="bbox 2155 5277 3743 5357">
    <p class='ocr_par' dir='ltr' id='par_1_113' title="bbox 2155 5277 3743 5357">
     <span class='ocr_line' id='line_1_113' title="bbox 2155 5277 3743 5357; baseline -0.013 -11"><span class='ocrx_word' id='word_1_890' title='bbox 2155 5292 2393 5354; x_wconf 76' lang='lat' dir='ltr'><strong>dixerat,</strong></span> <span class='ocrx_word' id='word_1_891' title='bbox 2424 5298 2478 5343; x_wconf 91' lang='lat' dir='ltr'><strong>et</strong></span> <span class='ocrx_word' id='word_1_892' title='bbox 2500 5305 2597 5357; x_wconf 88' lang='lat' dir='ltr'><strong>pro</strong></span> <span class='ocrx_word' id='word_1_893' title='bbox 2626 5302 2693 5342; x_wconf 89' lang='lat' dir='ltr'><strong>eo</strong></span> <span class='ocrx_word' id='word_1_894' title='bbox 2722 5286 2869 5355; x_wconf 88' lang='lat' dir='ltr'><strong>quod</strong></span> <span class='ocrx_word' id='word_1_895' title='bbox 2896 5282 3057 5339; x_wconf 90' lang='lat' dir='ltr'><strong>idolis</strong></span> <span class='ocrx_word' id='word_1_896' title='bbox 3086 5280 3365 5335; x_wconf 87' lang='lat' dir='ltr'><strong>iuunolata</strong></span> <span class='ocrx_word' id='word_1_897' title='bbox 3391 5277 3743 5339; x_wconf 86' lang='lat' dir='ltr'><strong>manducent,</strong></span> 
     </span>
    </p>
   </div>
   <div class='ocr_carea' id='block_1_114' title="bbox 2153 5363 3737 5451">
    <p class='ocr_par' dir='ltr' id='par_1_114' title="bbox 2153 5363 3737 5451">
     <span class='ocr_line' id='line_1_114' title="bbox 2153 5363 3737 5451; baseline -0.011 -15"><span class='ocrx_word' id='word_1_898' title='bbox 2153 5396 2210 5436; x_wconf 91' lang='lat' dir='ltr'><strong>et</strong></span> <span class='ocrx_word' id='word_1_899' title='bbox 2258 5382 2413 5451; x_wconf 91' lang='lat' dir='ltr'><strong>quasi</strong></span> <span class='ocrx_word' id='word_1_900' title='bbox 2465 5380 2799 5435; x_wconf 87' lang='lat' dir='ltr'><strong>sententiam</strong></span> <span class='ocrx_word' id='word_1_901' title='bbox 2851 5378 2995 5430; x_wconf 88' lang='lat' dir='ltr'><strong>inter</strong></span> <span class='ocrx_word' id='word_1_902' title='bbox 3028 5390 3122 5429; x_wconf 91' lang='lat' dir='ltr'><strong>eos</strong></span> <span class='ocrx_word' id='word_1_903' title='bbox 3157 5370 3445 5443; x_wconf 88' lang='lat' dir='ltr'><strong>proferens</strong></span> <span class='ocrx_word' id='word_1_904' title='bbox 3474 5367 3611 5422; x_wconf 91' lang='lat' dir='ltr'><strong>dicit</strong></span> <span class='ocrx_word' id='word_1_905' title='bbox 3642 5363 3689 5396; x_wconf 79' lang='lat'><strong>“</strong></span> <span class='ocrx_word' id='word_1_906' title='bbox 3724 5378 3737 5413; x_wconf 76' lang='grc' dir='ltr'><strong>ε</strong></span> 
     </span>
    </p>
   </div>
   <div class='ocr_carea' id='block_1_115' title="bbox 2705 5504 3739 5587">
    <p class='ocr_par' dir='ltr' id='par_1_115' title="bbox 2705 5504 3739 5587">
     <span class='ocr_line' id='line_1_115' title="bbox 2705 5504 3739 5587; baseline -0.017 -15"><span class='ocrx_word' id='word_1_907' title='bbox 2705 5518 2750 5549; x_wconf 76' lang='grc'><strong>⁵⁸</strong></span> <span class='ocrx_word' id='word_1_908' title='bbox 2778 5517 2939 5570; x_wconf 73' lang='lat' dir='ltr'><strong>Num.</strong></span> <span class='ocrx_word' id='word_1_909' title='bbox 2973 5527 3130 5577; x_wconf 65' lang='lat' dir='ltr'><strong>XVIII,</strong></span> <span class='ocrx_word' id='word_1_910' title='bbox 3157 5509 3209 5564; x_wconf 77' lang='grc'><strong>1.</strong></span> <span class='ocrx_word' id='word_1_911' title='bbox 3289 5509 3331 5540; x_wconf 86' lang='grc'>⁸¹</span> <span class='ocrx_word' id='word_1_912' title='bbox 3368 5507 3654 5587; x_wconf 31' lang='lat' dir='ltr'><strong>Donax“</strong></span> <span class='ocrx_word' id='word_1_913' title='bbox 3689 5504 3739 5557; x_wconf 86' lang='lat' dir='ltr'><strong>l.</strong></span> 
     </span>
    </p>
   </div>
   <div class='ocr_carea' id='block_1_116' title="bbox 2897 5577 3743 5713">
    <p class='ocr_par' dir='ltr' id='par_1_116' title="bbox 2897 5577 3743 5713">
     <span class='ocr_line' id='line_1_116' title="bbox 2897 5577 3743 5645; baseline -0.008 -9"><span class='ocrx_word' id='word_1_914' title='bbox 2897 5588 2939 5615; x_wconf 75' lang='grc'><strong>⁵⁷</strong></span> <span class='ocrx_word' id='word_1_915' title='bbox 2976 5583 2990 5635; x_wconf 95' lang='grc' dir='ltr'><strong>Ι</strong></span> <span class='ocrx_word' id='word_1_916' title='bbox 3024 5586 3148 5635; x_wconf 85' lang='lat' dir='ltr'><strong>Cor.</strong></span> <span class='ocrx_word' id='word_1_917' title='bbox 3181 5584 3249 5645; x_wconf 88' lang='lat' dir='ltr'><strong>I,l</strong></span> <span class='ocrx_word' id='word_1_918' title='bbox 3286 5589 3336 5634; x_wconf 85' lang='lat' dir='ltr'><strong>et</strong></span> <span class='ocrx_word' id='word_1_919' title='bbox 3370 5579 3424 5631; x_wconf 76' lang='grc'><strong>2.</strong></span> <span class='ocrx_word' id='word_1_920' title='bbox 3501 5578 3545 5609; x_wconf 78' lang='grc'><strong>³⁸</strong></span> <span class='ocrx_word' id='word_1_921' title='bbox 3574 5577 3588 5627; x_wconf 89' lang='grc' dir='ltr'><strong>ι</strong></span> <span class='ocrx_word' id='word_1_922' title='bbox 3616 5577 3743 5629; x_wconf 77' lang='lat' dir='ltr'><strong>Cor.</strong></span> 
     </span>
     <span class='ocr_line' id='line_1_117' title="bbox 2904 5650 3525 5713; baseline -0.014 -4"><span class='ocrx_word' id='word_1_923' title='bbox 2904 5694 2917 5709; x_wconf 92' lang='lat'><strong>.</strong></span> <span class='ocrx_word' id='word_1_924' title='bbox 3000 5656 3043 5683; x_wconf 65' lang='grc'><strong>⁸³</strong></span> <span class='ocrx_word' id='word_1_925' title='bbox 3078 5656 3091 5707; x_wconf 97' lang='lat' dir='ltr'><strong>l</strong></span> <span class='ocrx_word' id='word_1_926' title='bbox 3128 5654 3253 5707; x_wconf 77' lang='lat' dir='ltr'><strong>Cor.</strong></span> <span class='ocrx_word' id='word_1_927' title='bbox 3292 5664 3406 5713; x_wconf 79' lang='lat' dir='ltr'><strong>VIII,</strong></span> <span class='ocrx_word' id='word_1_928' title='bbox 3440 5650 3525 5701; x_wconf 66' lang='grc'><strong>12.</strong></span> 
     </span>
    </p>
   </div>
   <div class='ocr_carea' id='block_1_117' title="bbox 2227 5518 2799 5651">
    <p class='ocr_par' dir='ltr' id='par_1_117' title="bbox 2227 5518 2799 5651">
     <span class='ocr_line' id='line_1_118' title="bbox 2227 5518 2799 5583; baseline -0.003 -11"><span class='ocrx_word' id='word_1_929' title='bbox 2227 5519 2270 5551; x_wconf 68' lang='grc'><strong>⁸9</strong></span> <span class='ocrx_word' id='word_1_930' title='bbox 2305 5518 2424 5576; x_wconf 88' lang='lat' dir='ltr'><strong>Gal.</strong></span> <span class='ocrx_word' id='word_1_931' title='bbox 2461 5535 2511 5583; x_wconf 81' lang='grc' dir='ltr'>ν,</span> <span class='ocrx_word' id='word_1_932' title='bbox 2536 5518 2629 5571; x_wconf 66' lang='lat'><strong>2&#39;2.</strong></span> <span class='ocrx_word' id='word_1_933' title='bbox 2705 5518 2799 5570; x_wconf 64' lang='lat'><strong>&quot;3</strong></span> 
     </span>
     <span class='ocr_line' id='line_1_119' title="bbox 2227 5588 2799 5651; baseline 0 -9"><span class='ocrx_word' id='word_1_934' title='bbox 2227 5590 2297 5642; x_wconf 65' lang='grc' dir='ltr'><strong>ΕΟ.</strong></span> <span class='ocrx_word' id='word_1_935' title='bbox 2398 5592 2442 5621; x_wconf 68' lang='grc'><strong>⁸⁵</strong></span> <span class='ocrx_word' id='word_1_936' title='bbox 2475 5590 2629 5641; x_wconf 76' lang='lat' dir='ltr'><strong>liotn.</strong></span> <span class='ocrx_word' id='word_1_937' title='bbox 2675 5605 2712 5651; x_wconf 88' lang='grc' dir='ltr'>ι,</span> <span class='ocrx_word' id='word_1_938' title='bbox 2745 5588 2799 5642; x_wconf 88' lang='grc'><strong>7.</strong></span> 
     </span>
    </p>
   </div>
   <div class='ocr_carea' id='block_1_118' title="bbox 2469 5658 2917 5724">
    <p class='ocr_par' dir='ltr' id='par_1_118' title="bbox 2469 5658 2917 5724">
     <span class='ocr_line' id='line_1_120' title="bbox 2469 5658 2917 5724; baseline -0.013 -10"><span class='ocrx_word' id='word_1_939' title='bbox 2469 5661 2513 5690; x_wconf 79' lang='grc'><strong>’⁵³</strong></span> <span class='ocrx_word' id='word_1_940' title='bbox 2544 5660 2559 5713; x_wconf 96' lang='lat' dir='ltr'><strong>l</strong></span> <span class='ocrx_word' id='word_1_941' title='bbox 2594 5660 2717 5714; x_wconf 83' lang='lat' dir='ltr'><strong>Cor.</strong></span> <span class='ocrx_word' id='word_1_942' title='bbox 2754 5675 2830 5724; x_wconf 72' lang='lat' dir='ltr'><strong>VI,</strong></span> <span class='ocrx_word' id='word_1_943' title='bbox 2865 5658 2917 5709; x_wconf 87' lang='grc'><strong>’7.</strong></span> 
     </span>
    </p>
   </div>
   <div class='ocr_carea' id='block_1_119' title="bbox 538 5813 2039 5885">
    <p class='ocr_par' dir='ltr' id='par_1_119' title="bbox 538 5813 2020 5885">
     <span class='ocr_line' id='line_1_121' title="bbox 538 5813 2020 5885; baseline 0.011 -20"><span class='ocrx_word' id='word_1_944' title='bbox 538 5813 750 5885; x_wconf 68' lang='lat' dir='ltr'><strong>(5)1’er</strong></span> <span class='ocrx_word' id='word_1_945' title='bbox 805 5819 1170 5874; x_wconf 73' lang='lat' dir='ltr'><strong>substantiam.</strong></span> <span class='ocrx_word' id='word_1_946' title='bbox 1215 5822 1581 5877; x_wconf 79' lang='lat' dir='ltr'><strong>Substantiam</strong></span> <span class='ocrx_word' id='word_1_947' title='bbox 1632 5840 1782 5880; x_wconf 84' lang='lat' dir='ltr'><strong>more</strong></span> <span class='ocrx_word' id='word_1_948' title='bbox 1833 5824 2020 5881; x_wconf 65' lang='lat' dir='ltr'><strong>Granio</strong></span> 
     </span>
    </p>
   </div>
   <div class='ocr_carea' id='block_1_120' title="bbox 2147 5813 3258 5885">
    <p class='ocr_par' dir='ltr' id='par_1_120' title="bbox 2147 5817 3258 5884">
     <span class='ocr_line' id='line_1_122' title="bbox 2147 5817 3258 5884; baseline -0.014 -4"><span class='ocrx_word' id='word_1_949' title='bbox 2147 5835 2210 5880; x_wconf 79' lang='lat' dir='ltr'><strong>:at</strong></span> <span class='ocrx_word' id='word_1_950' title='bbox 2242 5820 2671 5884; x_wconf 59' lang='lat' dir='ltr'><strong>sttlzsistcntiatu,</strong></span> <span class='ocrx_word' id='word_1_951' title='bbox 2710 5818 2762 5873; x_wconf 91' lang='lat' dir='ltr'><strong>id</strong></span> <span class='ocrx_word' id='word_1_952' title='bbox 2791 5827 2871 5872; x_wconf 80' lang='lat' dir='ltr'><strong>est</strong></span> <span class='ocrx_word' id='word_1_953' title='bbox 2904 5817 3258 5884; x_wconf 79' lang='lat' dir='ltr'><strong>hypostasim.</strong></span> 
     </span>
    </p>
   </div>
  </div>
