4134 6442
427 437 531 492 637
1643 427 1710 482 lN
1745 427 2076 486 NUMEROS
2117 430 2398 488 llOMlLIA
2443 432 2509 489 Χ.
3615 436 3716 491 638

435 576 455 608 ‹
492 557 582 610 Sic
620 564 803 610 autem
860 562 1154 624 peccantes
1181 551 1325 605 inter
1353 549 1578 615 fratres,
1616 563 1670 605 et
1707 555 2018 622 perentien-
2049 563 2096 618 Α
2123 558 2271 612 dium
2308 567 2484 627 gerat,
2540 573 2663 611 eum
2707 557 3040 627 peccaverit,
3075 557 3251 613 nescit
3293 557 3501 627 peccati
3539 562 3712 626 punii-

431 659 514 702 tes
563 647 958 702 conscientiam
1005 660 1194 700 earum
1259 645 1557 708 inﬁrmam,
1623 647 1674 698 in
1737 646 2018 700 Christum
2136 650 2382 703 tudinem
2415 663 2627 718 gerere,
2662 650 2834 703 nescit
2876 649 3058 704 delicti
3109 650 3411 704 remedium
3442 665 3712 720 quast-ere.

430 739 690 808 peccatis.
746 757 764 791 ι
819 736 925 792 Sed
986 745 1041 790 et
1107 736 1174 790 de
1225 749 1291 789 co
1354 734 1717 790 nihilominus
1772 737 2022 792 confutat
2125 741 2229 808 Qui
2268 756 2374 796 non
2425 750 2559 796 Sunt
2609 743 2809 809 sancti,
2841 743 2894 795 in
2943 742 3188 812 peccatis
3217 743 3334 797 suis
3369 743 3711 802 moriuntur:

430 844 550 892 eos,
585 828 730 898 quod
770 843 876 882 non
912 827 1086 882 solum
1134 825 1542 880 immolatitium
1577 825 1654 898 (6)
1689 827 1896 895 cibum,
1925 828 2020 883 sed
2124 834 2216 904 qui
2251 835 2426 890 sancti
2478 844 2628 898 sunt,
2662 851 2758 905 pro
2785 837 3026 905 peccatis
3054 835 3456 904 paenitudinem
3493 847 3712 904 gerunt,

429 934 484 976 et
539 921 764 975 calicem
805 920 1198 974 dmmoniorum
1255 928 1611 988 praesumant,
1664 930 1719 973 et
1774 919 2017 974 dicit“:
2123 927 2351 982 vulnera
2404 942 2500 980 sua
2554 927 2822 990 sentiunt,
2856 925 3170 992 intelligunt
3201 925 3404 995 lapsus,
3432 929 3713 996 requirunt

437 1009 598 1065 cNon
621 1014 850 1081 potestis
882 1011 1104 1064 calicem
1156 1008 1372 1064 Domini
1426 1007 1639 1077 bibere,
1691 1019 1746 1064 et
1791 1011 2019 1065 calicem
2123 1019 2487 1084 sacerdotem,
2548 1017 2838 1071 sanitatem
2893 1018 3221 1085 deposcunt,
3273 1017 3710 1086 puriﬁcationem

430 1103 830 1156 themoniorum
865 1120 878 1155 :
917 1118 1022 1155 non
1082 1102 1312 1171 putestis
1364 1115 1569 1154 mensa:
1605 1101 1820 1156 Domini
1851 1106 2022 1171 parti-
2123 1125 2223 1179 per
2259 1109 2569 1180 pontiﬁcem
2625 1117 2898 1178 quammt.
2939 1107 3146 1162 Idcirco
3196 1124 3330 1178 ergo
3363 1120 3523 1163 caute
3555 1117 3609 1162 et
3637 1110 3714 1163 si-

431 1198 579 1262 eipes
619 1209 763 1259 esse,
808 1205 862 1247 et
911 1207 1112 1246 mensa:
1165 1190 1581 1247 daemoniorum.
1619 1211 1639 1244 ι
1687 1194 1823 1262 Ipsis
1853 1197 2019 1250 etiam
2126 1204 2458 1270 gniﬁcanter
2487 1217 2669 1257 sermo
2697 1202 2833 1269 lcgis
2855 1201 3128 1271 designat,
3173 1201 3302 1270 quia
3339 1201 3626 1270 pontiﬁces
3656 1210 3716 1256 et

433 1287 562 1340 illud
594 1287 729 1340 dicit
759 1286 805 1317 "
837 1303 851 1339 :
894 1305 912 1336 ι
945 1286 1099 1352 Quod
1133 1287 1592 1342 convenientibus
1643 1287 1801 1343 vobis
1827 1289 1880 1342 in
1917 1290 2018 1344 Ec-
2125 1296 2463 1358 sacerdotes,
2523 1309 2629 1348 non
2691 1308 3188 1363 quorumcunque,
3235 1293 3329 1346 sed
3389 1305 3709 1347 sanctorum

428 1380 618 1443 clcsia,
650 1378 809 1431 audio
831 1379 1130 1433 schismata
1150 1393 1325 1433 esset
1350 1380 1411 1434 Et
1443 1381 1644 1434 iterum
1663 1380 1706 1411 ⁸⁷
1733 1396 1748 1433 :
1785 1399 1804 1432 ς
1836 1379 2018 1436 Unus-
2129 1384 2507 1437 tantummodo
2533 1393 2755 1436 sumant
2785 1391 3046 1452 peccata;
3073 1391 3302 1435 sanctus
3336 1381 3480 1434 enim
3517 1392 3600 1435 cst
3622 1381 3712 1451 qui

429 1475 665 1542 quisque
717 1471 862 1526 enim
909 1485 1062 1524 suam
1116 1485 1330 1526 orenam
1370 1472 1662 1540 prmsumit
1693 1473 1760 1526 ad
1796 1475 2023 1527 mandu-
2126 1483 2411 1543 peceatum
2447 1489 2605 1528 suum
2633 1488 2730 1542 per
2762 1473 3074 1542 pontiﬁcem
3103 1473 3283 1526 curat.

429 1565 663 1619 cundum
691 1561 942 1618 :etalius
971 1561 1190 1631 quidem
1223 1563 1435 1628 esurit,
1458 1564 1600 1620 alius
1628 1575 1812 1619 autem
1832 1565 2022 1621 ebrius
2193 1565 2250 1621 2.
2293 1565 2400 1621 Sed
2450 1567 2740 1620 redeamus
2765 1564 2831 1618 ad
2868 1565 3184 1632 pontiﬁcem
3229 1577 3498 1628 nostrum,
3532 1564 3713 1631 ponti-

427 1667 534 1711 est.
565 1675 583 1708 ι
622 1655 682 1710 Et
714 1671 812 1726 pro
847 1654 915 1709 iis
944 1654 1164 1711 delictis
1203 1655 1407 1711 dicit“
1443 1674 1456 1710 :
1492 1676 1510 1709 ι
1537 1657 1838 1729 Propterea
1876 1661 2024 1714 inter
2127 1659 2284 1712 ﬁcem
2321 1673 2572 1727 magnum
2618 1657 2708 1727 qui
2745 1658 3052 1725 penetravit
3099 1658 3289 1722 caalos,
3316 1656 3500 1711 Jesum
3533 1655 3715 1707 Denti-

431 1767 530 1806 vos
584 1750 738 1805 multi
801 1751 1033 1817 infirmi,
1098 1762 1158 1808 et
1203 1753 1362 1823 (εει-ἰ,
1413 1761 1470 1808 et
1514 1751 1801 1809 dormiunt
1842 1754 2019 1811 multi.

2124 1761 2254 1798 num
2284 1757 2564 1811 nostrum;
2598 1755 2656 1799 et
2684 1746 2966 1801 videamus
2993 1749 3267 1814 quomodo
3299 1748 3410 1815 ipse
3438 1761 3560 1799 cum
3591 1743 3717 1798 filiis

427 1843 581 1911 Quod
620 1845 664 1897 si
700 1859 800 1898 nos
841 1844 989 1914 ipsos
1020 1844 1470 1915 diiudicaremus,
1504 1861 1610 1900 non
1645 1847 1835 1914 utique
1857 1847 2018 1917 302
2058 1913 2088 1917 _
2127 1835 2261 1901 suis,
2294 1835 2557 1906 apostolis
2589 1835 2801 1890 scilicet
2825 1845 2880 1897 et
2907 1839 3262 1908 martyribus,
3290 1836 3453 1889 sumit
3491 1845 3714 1905 peccata

419 1935 817 2003 judicaremur,
847 1913 872 1989 »⁷
924 1913 1087 1992 νος-,ι’
1114 1939 1230 1994 [me
1284 1950 1466 1994 autem
1518 1955 1628 1994 ηοη
1659 1913 1772 2008 in“,
1821 1913 2018 1995 ιιέιίζῌ
2057 1913 2098 1967 Β
2129 1936 2464 1981 sanctorum.
2501 1925 2569 1980 Et
2595 1927 2816 1996 quidem
2850 1930 2995 1997 quod
3030 1929 3292 1982 Dominus
3328 1938 3519 1982 uoster
3550 1925 3709 1980 .Iesus

436 2030 668 2084 moralia
705 2030 808 2100 (7),
841 2028 935 2084 ς,εά
981 2030 1104 2085 ﬁdei
1140 2033 1192 2084 ίη
1225 2032 1306 2087 οῖς
1334 2035 1543 2088 crimen
1577 2045 1900 2104 exaggerat.
1932 2036 2022 2089 Αίι
2124 2015 2376 2071 Christus
2420 2020 2635 2072 venerit
2669 2027 2729 2072 ut
2777 2020 3001 2074 tolleret
3058 2031 3348 2090 peccatum
3403 2020 3614 2084 mundi,
3653 2028 3710 2072 et

424 2121 570 2174 enim
594 2120 639 2153 ⁶⁹
667 2139 680 2175 :
721 2139 739 2171 ι
763 2120 1048 2188 Quomodo
1091 2122 1280 2176 dicunt
1320 2122 1466 2176 inter
1500 2139 1596 2178 vos
1625 2126 1847 2193 quidam
1874 2125 2019 2196 quod

2125 2117 2303 2163 morte
2354 2123 2451 2161 sua
2515 2118 2738 2178 peccata
2803 2121 2988 2165 nostra
3046 2112 3331 2177 deleverit,
3386 2111 3568 2164 nullus
3618 2109 3711 2179 qui

428 2216 763 2269 resurrectio
804 2226 1146 2269 monuormn
1202 2232 1310 2270 ηοη
1373 2217 1526 2272 sm,
1583 2218 1649 2273 El
1706 2218 2018 2275 "erum":
2123 2199 2347 2255 Christo
2371 2200 2564 2268 credit,
2600 2201 2838 2271 ignorat.
2866 2202 3154 2269 Quomodo
3178 2212 3360 2256 autem
3394 2214 3448 2255 et
3478 2201 3570 2254 ﬁlii
3598 2203 3716 2271 ejus

430 2327 448 2355 ι
477 2306 533 2360 Si
561 2315 743 2360 autem
777 2306 1032 2361 Christus
1069 2322 1174 2361 non
1220 2310 1548 2374 resurrexit,
1586 2324 1724 2364 vana
1761 2319 1845 2364 est
1889 2311 2022 2366 ﬁdes

2123 2293 2378 2348 auferant
2405 2301 2626 2362 peccata
2663 2302 3002 2361 sanctorum,
3023 2294 3076 2348 id
3101 2301 3185 2348 est
3212 2292 3441 2362 apostoli
3471 2302 3527 2346 et
3564 2307 3717 2346 mar-

425 2405 633 2451 vcstra.
663 2399 855 2453 Adhuc
877 2398 1021 2450 enim
1054 2397 1187 2452 estis
1221 2398 1273 2453 in
1305 2400 1548 2467 peccatis
1579 2401 1798 2456 vestris.
1829 2420 1847 2452 ι
1875 2401 2021 2456 Lon-

2125 2395 2296 2457 tyres,
2328 2387 2374 2441 si
2421 2386 2748 2456 poterimus,
2785 2401 2852 2440 ex
2895 2384 3205 2454 Seripturis
3241 2386 3441 2440 divinis
3481 2386 3715 2456 probare

427 2508 554 2562 gum
591 2507 753 2562 porro
787 2499 892 2555 est,
938 2505 1039 2545 nec
1081 2493 1334 2559 pmsemi
1383 2493 1725 2548 conveniens
1763 2494 2016 2562 tempori,
2128 2479 2487 2535 tentabimus.
2521 2479 2661 2533 Audi
2715 2479 2892 2549 primo
2947 2477 3176 2532 Paulum
3219 2479 3494 2533 dicentem
3526 2497 3537 2529 :
3573 2495 3591 2528 ί
3626 2476 3720 2531 1ιὶ-

426 2595 484 2637 ut
532 2583 758 2654 plurima
816 2583 882 2636 de
941 2582 1006 2637 iis
1054 2582 1365 2640 testimonia
1416 2584 1786 2654 proferamus,
1822 2588 2019 2656 quibus

2124 2573 2316 2629 benter
2361 2572 2536 2638 enim,
2567 2571 2748 2642 inquit
2769 2571 2837 2636 ⁷³,
2869 2571 3200 2641 expendam,
3227 2582 3283 2625 et
3309 2572 3593 2642 expendar
3620 2585 3717 2639 pro

424 2677 686 2746 probetur
708 2676 855 2744 quod
883 2675 916 2728 ii
951 2675 1040 2747 qui
1076 2675 1252 2730 sancti
1293 2677 1571 2742 dicuntur,
1610 2694 1716 2732 non
1754 2679 2019 2736 continue

2121 2664 2411 2718 animabus
2431 2662 2669 2728 vestris;
2702 2682 2720 2714 ι
2751 2673 2806 2718 et
2827 2663 2880 2717 in
2907 2663 3012 2717 alio
3039 2663 3159 2717 loco
3190 2680 3202 2715 :
3237 2681 3254 2714 ‹
3289 2661 3397 2732 Ego
3433 2663 3576 2715 enim
3603 2661 3716 2730 jam

425 2769 592 2821 etiam
637 2767 756 2821 sine
788 2776 1013 2837 peccato
1044 2782 1166 2822 esse
1195 2765 1605 2838 intelligantur;
1634 2770 1728 2822 sed
1760 2768 1876 2824 hmo
1900 2771 2020 2838 opi-
2119 2756 2398 2823 ἱιιιιιιοιονν
2423 2754 2684 2825 intimi":
2707 2764 2762 2809 ει
2783 2765 2993 2825 tempus
3021 2755 3432 2824 PGBTOSSiOHiS.’
3461 2753 3579 2808 Sive
3600 2768 3719 2808 “'0-

426 2866 624 2914 no-utur
663 2859 738 2924 illi
770 2860 860 2930 qui
897 2859 1198 2927 Seripturis
1229 2859 1428 2913 divinis
1475 2874 1582 2913 non
1635 2858 1887 2924 sollicite,
1918 2877 2019 2916 nec

2121 2847 2410 2903 solutionis
2440 2861 2573 2901 meae
2606 2847 2798 2903 instat.
2818 2868 2836 2901 ι
2871 2847 2978 2902 Pro
2999 2847 3068 2902 iis
3112 2862 3246 2916 ergo
3276 2845 3474 2915 quibus
3502 2844 3713 2900 scribe-

423 2951 714 3020 diligenter
761 2952 1091 3005 intendunt:
1128 2951 1181 3005 in
1230 2952 1429 3021 quibus
1474 2951 1656 3004 multa:
1687 2966 1811 3007 esse
1862 2951 2020 3009 dill'c-

2121 2941 2238 3005 bat,
2266 2939 2502 3008 expendi
2533 2953 2592 2994 se
2623 2950 2678 2996 et
2718 2938 2984 2995 immolari
3020 2939 3153 2992 dicit
3181 2936 3499 3005 Apostolus.
3529 2935 3715 2990 llostia

424 3037 616 3093 rentia:
648 3050 966 3093 sanctorum
998 3041 1287 3102 docentur,
1326 3040 1469 3092 sicut
1499 3057 1527 3093 a
1552 3041 1708 3096 nobis
1737 3051 1792 3094 ct
1819 3043 1870 3095 in
1896 3042 2020 3096 aliis

2121 3039 2305 3086 autem
2342 3047 2464 3085 cum
2490 3030 2829 3096 immolatur,
2861 3030 2930 3084 ad
2965 3030 3069 3084 hoc
3096 3026 3496 3082 immolatur’ut
3529 3041 3715 3079 eorum

425 3133 754 3184 tractatibus
785 3131 999 3198 plenius
1036 3130 1244 3184 diettun
1277 3140 1382 3184 est.
1417 3129 1528 3185 Sed
1565 3141 1621 3185 et
1663 3147 1807 3186 nunc
1836 3147 2018 3201 quan-
2121 3137 2222 3192 pro
2255 3120 2778 3191 quibusjugulatur,
2810 3129 3032 3189 peccata
3059 3126 3385 3188 purgentur.
3413 3115 3489 3171 De
3517 3125 3724 3184 marty-

424 3233 540 3276 tum
569 3223 719 3276 locus
745 3223 994 3290 requirit,
1028 3224 1297 3277 dicemus.
1323 3221 1511 3278 Sancti
1543 3223 1802 3278 dicuntur
1826 3225 2017 3279 iidem-
2042 3267 2087 3326 ο
2124 3218 2276 3272 ribus
2319 3227 2501 3282 autem
2533 3215 2728 3270 scribit
2764 3214 3003 3269 Joannes
3050 3211 3330 3282 apostolus
3369 3213 3421 3264 in
3447 3207 3720 3280 Apocaly-

601 3325 606 3326 ,
818 3323 826 3326 _
1169 3315 1180 3325 .
1544 3322 1555 3326 _
1669 3313 1719 3326 ..
1833 3316 1868 3326 ..
2003 3325 2006 3326 ν
2392 3309 2426 3326 .ν
2478 3325 2488 3326 ,
2547 3309 2558 3320 .
2724 3323 2739 3326 _
2946 3307 3032 3326 ---ε
3081 3304 3308 3326 ε--,-,ι,..ε
3499 3313 3720 3326 .._-.-.-_

425 3330 534 3380 que
561 3325 614 3366 et
643 3323 961 3383 peccatores
989 3313 1065 3367 illi
1091 3315 1180 3382 qui
1206 3328 1266 3369 se
1295 3322 1560 3368 voverunt
1590 3313 1808 3383 quidem
1833 3316 1942 3370 Deo
1960 3325 2014 3370 et
2043 3304 2087 3326 ν
2121 3310 2289 3380 psi",
2315 3309 2439 3379 quia
2472 3309 2668 3363 auium
2715 3323 2903 3364 eorum
2938 3307 3036 3379 qui
3075 3304 3309 3376 jugulati
3339 3315 3466 3359 sunt
3498 3313 3721 3373 prOpter

425 3416 913 3477 soquestraverunt
962 3423 991 3460 a
1031 3407 1175 3475 vulgi
1216 3409 1632 3463 conversatione
1661 3407 1828 3460 vitam
1857 3423 2013 3463 suam
2119 3418 2318 3458 nomen
2347 3403 2558 3458 Domini
2581 3401 2731 3468 Jesu,
2764 3403 3032 3458 assistunt
3059 3401 3261 3467 altari;
3293 3399 3384 3470 qui
3420 3408 3601 3452 autem
3623 3413 3718 3452 as-

424 3501 490 3552 ad
527 3502 628 3553 hoc
681 3507 738 3552 ut
783 3498 1012 3554 Domino
1041 3500 1309 3554 serviant.
1343 3496 1663 3566 l'lujusmodi
1693 3514 1822 3568 ergo
1850 3501 2016 3556 homo
2119 3495 2266 3550 sistit
2295 3495 2453 3549 altari
2480 3533 2496 3561 ,
2533 3494 2845 3549 ostenditur
2867 3491 3020 3562 fungi
3052 3491 3356 3546 sacerdotis
3381 3487 3579 3544 olIicio.
3611 3488 3718 3544 Sa-

423 3591 723 3646 secundum
759 3592 884 3659 hoc,
920 3593 1062 3660 quod
1101 3607 1159 3647 se
1209 3591 1427 3646 caeteris
1469 3592 1686 3660 actibus
1731 3593 2018 3650 circumci-
2119 3586 2554 3641 cerdotisautem
2574 3583 2807 3640 olIicium
2828 3595 2932 3648 est,
2950 3599 3049 3654 pro
3065 3582 3243 3653 populi
3268 3581 3721 3652 supplicarepec—

423 3687 500 3737 sis
529 3682 758 3737 Domino
791 3683 1144 3754 mancipavit,
1182 3695 1412 3739 sanctus
1439 3681 1660 3738 dicitur.
1695 3684 1879 3740 Potest
1915 3703 2016 3740 au-
2118 3679 2277 3734 catis.
2305 3677 2460 3733 Unde
2477 3693 2578 3748 ego
2603 3691 2816 3742 vereor,
2843 3690 2911 3731 ne
2937 3677 3080 3731 forte
3103 3689 3168 3728 ex
3189 3690 3294 3744 quo
3316 3685 3587 3744 martyres
3607 3688 3714 3727 non

427 3786 532 3828 tem
569 3776 706 3841 ﬁeri,
739 3786 794 3828 ut
826 3777 876 3828 in
909 3777 1010 3831 hoc
1045 3778 1161 3846 ipso
1189 3780 1331 3847 quod
1361 3779 1589 3833 Domino
1617 3781 1877 3846 deservit,
1907 3795 2014 3834 non
2121 3770 2280 3836 ηιιηῑ,
2308 3768 2573 3824 ειΙιοειίίὲ
2595 3778 2911 3822 εθιιοῑοτυιιι
2938 3781 3042 3822 non
3071 3763 3377 3820 οίΐυτιηιῑυν
3399 3779 3496 3832 [πο
3523 3777 3717 3830 Ρεοοίὶ·

425 3870 501 3922 ita
547 3870 730 3922 ouiuia
775 3876 929 3939 gerat
965 3879 1023 3923 ut
1063 3870 1180 3940 geri
1211 3872 1495 3940 competit,
1530 3874 1626 3928 sed
1660 3874 1940 3943 delinquat
1962 3876 2013 3928 in
2122 3863 2193 3917 tis
2215 3862 2817 3931 nostris,peccatorum
2849 3868 3160 3914 nostrorum
3194 3856 3571 3911 remissionem
3606 3871 3716 3908 non

425 3960 724 4023 liOllnlliiiS,
757 3971 813 4014 et
855 3971 1063 4031 peccet.
1119 3961 1275 4018 Sicut
1305 3967 1448 4019 cnim
1503 3965 1548 4021 is
1581 3967 1673 4036 qui
1705 3976 2017 4036 sequestra;
2118 3969 2444 4010 mereamur.
2465 3954 2531 4008 Et
2551 3953 2670 4007 ideo
2697 3967 2911 4017 vereor,
2933 3967 2998 4005 ne
3017 3950 3464 4021 permanantibus
3489 3949 3540 4002 in
3561 3947 3718 4001 nobis

425 4070 508 4118 se,
536 4063 591 4108 et
638 4063 888 4125 segregat
919 4054 986 4109 ab
1012 4055 1266 4110 omnibus
1291 4057 1527 4124 actibus,
1562 4069 1619 4111 ut
1644 4059 2015 4128 disciplinam,
2119 4048 2357 4118 ρθεεειιίε
2389 4048 2616 4112 ηοδινίδ,
2643 4044 2854 4099 θεοίάίη
2879 4043 3034 4098 "oms
3061 4041 3189 4096 illud
3223 4043 3370 4111 (1⁸³οά
3411 4043 3476 4094 de
3511 4049 3715 4094 εθ¹¹¹θ¹⁶

427 4145 578 4199 verbi
612 4146 812 4216 gratia,
855 4148 1142 4202 medicina:
1194 4158 1286 4202 attt
1314 4151 1676 4218 philosophee
1711 4166 2015 4220 couscqna-
2122 4141 2254 4210 iPSiS
2287 4141 2474 4194 dicunt
2500 4137 2695 4203 ιῘιιάῖηῘ»
2730 4135 2858 4206 quia
2890 4151 2999 4189 που
3033 4135 3298 4189 habenles
3322 4134 3511 4195 “nam:
3540 4146 3717 4200 ηείιυθ

427 4246 536 4299 tur,
567 4253 670 4291 non
702 4239 888 4307 utique
917 4240 1177 4294 continuo
1209 4251 1266 4294 ut
1289 4258 1348 4297 se
1375 4243 1684 4314 hujusmodi
1733 4245 2018 4298 tradiderit

2123 4234 2404 4301 templum,
2435 4247 2615 4302 neque
2637 4229 3036 4293 sacerdotium,
3057 4237 3113 4281 et
3135 4227 3206 4281 ob
3231 4227 3335 4280 hoc
3369 4240 3469 4278 nec
3505 4223 3715 4278 bosdas

427 4326 753 4396 disciplinis,
792 4330 862 4383 ita
895 4329 1170 4399 perfectus
1218 4333 1347 4396 erit,
1374 4342 1432 4386 ut
1462 4349 1568 4386 non
1622 4335 1937 4388 inveniatur
1963 4335 2015 4388 iu
2124 4332 2440 4399 olferentes,
2475 4341 2723 4401 peccata,
2765 4329 2965 4398 inquit,
3000 4336 3184 4383 nostra
3221 4333 3448 4378 manent
3503 4323 3556 4376 in
3611 4337 3708 4374 nos

428 4417 616 4485 aliquo
667 4433 898 4486 peccare
931 4434 945 4471 :
982 4421 1088 4474 imo
1147 4422 1328 4488 potius
1385 4422 1616 4490 plurima
1655 4423 2018 4492 deliuqucudo
2124 4427 2243 4489 bis;
2292 4435 2348 4479 et
2406 4425 2530 4479 ideo
2589 4422 2750 4478 venia
2793 4422 2942 4475 nulla
2982 4418 3361 4488 subsequitur.
3393 4415 3461 4470 Et
3494 4423 3710 4476 contra,

429 4509 517 4562 vix
553 4509 617 4561 ad
646 4510 1032 4577 perfectionem
1087 4511 1382 4579 aliquando
1413 4515 1723 4582 perveniet;
1753 4526 1807 4569 et
1835 4525 2014 4570 tamen
2123 4532 2222 4570 nos
2270 4516 2457 4570 dicere
2506 4515 2792 4575 debemus,
2841 4512 2967 4580 quia
3011 4509 3204 4563 hostia:
3259 4516 3563 4576 martyrum
3605 4519 3714 4556 non

428 4599 614 4653 Statim
650 4609 709 4653 ut
731 4615 789 4654 se
816 4601 881 4652 ad
927 4600 1236 4669 huiusmodi
1269 4604 1496 4658 scholas
1521 4607 1768 4669 tradidit,
1805 4617 2015 4662 certum
2054 4609 2098 4665 Ι)
2126 4606 2430 4660 offeruntur
2461 4621 2558 4672 pro
2605 4604 2782 4666 nobis,
2820 4603 3028 4656 idcirco
3065 4607 3288 4652 manent
3321 4598 3372 4650 iu
3406 4596 3563 4650 nobis
3597 4611 3718 4662 pec-

428 4699 514 4741 t-st
564 4705 687 4744 cum
741 4692 824 4745 vel
877 4695 1021 4746 inter
1072 4694 1342 4757 medicos,
1379 4695 1458 4749 vel
1494 4697 1638 4750 inter
1666 4697 2016 4767 philosophos
2125 4709 2243 4752 cata
2271 4709 2495 4763 nostra;
2524 4713 2628 4749 non
2655 4695 2801 4749 enini
2829 4709 3108 4748 meremur
3133 4690 3567 4760 persecutionem
3603 4687 3714 4756 pali

428 4779 745 4844 numerari;
790 4782 860 4834 ita
892 4791 945 4836 ct
979 4784 1044 4836 de
1095 4788 1306 4840 sanctis
1340 4787 1719 4857 accipiendum
1758 4793 2012 4859 estquod
2126 4801 2345 4860 propter
2391 4787 2696 4852 Christum,
2729 4801 2830 4840 nec
2877 4785 3014 4839 mori
3071 4794 3294 4854 propter
3352 4797 3549 4835 nomen
3587 4778 3715 4833 Filii

429 4871 614 4924 statim
639 4873 859 4940 quidem
884 4884 944 4928 ut
969 4877 1245 4944 mancipat
1272 4892 1332 4931 se
1366 4879 1491 4947 quis
1527 4881 1726 4934 studiis
1754 4883 2015 4937 sanctita-
2130 4884 2246 4937 Dei.
2278 4881 2346 4935 Et
2383 4881 2507 4935 ideo
2553 4879 2720 4934 etiam
2756 4876 3028 4942 diabolus,
3067 4876 3252 4930 sciens
3279 4889 3375 4944 per
3405 4873 3714 4942 passionem

428 4965 522 5026 tis,
563 4972 862 5018 scentulum
890 4968 990 5021 hoc
1013 4971 1156 5036 quod
1199 4975 1502 5040 proposuit,
1535 4984 1760 5028 sanctus
1783 4975 2017 5043 :tppclic-
2127 4977 2378 5049 martyrii
2427 4974 2813 5030 remissionem
2854 4971 2971 5025 ﬁeri
3013 4979 3396 5039 peccatorum,
3429 4983 3536 5022 non
3594 4966 3715 5019 vult

431 5069 537 5109 tur.
587 5057 896 5112 Secundum
942 5060 1046 5116 hoc
1085 5078 1214 5117 vero
1247 5065 1392 5133 quod
1428 5079 1651 5120 necesse
1686 5078 1771 5123 est
1799 5082 1924 5122 eum
1961 5069 2012 5121 iu
2126 5069 2282 5122 nobis
2339 5065 2592 5134 publicas
2642 5061 2927 5133 gentilium
2988 5062 3401 5129 persecutiones
3458 5076 3714 5115 movere;

429 5150 614 5205 multis
651 5151 996 5220 delinquere,
1049 5156 1223 5208 donec
1269 5171 1366 5209 usu
1400 5166 1455 5208 et
1485 5155 1768 5228 disciplina
1805 5175 1868 5213 ac
1895 5160 2016 5213 dilio
2126 5162 2227 5214 scit
2256 5162 2426 5224 enim,
2459 5160 2583 5228 quia
2633 5158 2680 5212 si
2723 5159 2790 5208 ad
2827 5170 2982 5224 reges
3003 5168 3060 5209 ct
3088 5157 3344 5225 praesides
3377 5153 3713 5208 adducantur

429 5248 610 5311 gentia
674 5247 1025 5302 abscindatur
1075 5253 1142 5302 ab
1195 5266 1262 5303 eo
1321 5253 1663 5307 consuetudo
1728 5254 2013 5324 peccandi,
2129 5267 2350 5326 propter
2396 5269 2596 5307 nomen
2627 5251 2855 5315 Christi,
2889 5253 2957 5306 ad
3011 5251 3382 5304 testimonium
3415 5245 3613 5299 ludatis
3659 5254 3715 5296 et

429 5338 595 5390 etiam
645 5349 919 5405 peccator,
978 5350 1035 5395 ut
1091 5359 1253 5413 supra
1298 5348 1578 5410 diximus,
1624 5345 2014 5414 appellabitur.
2127 5345 2406 5414 gentibus,
2463 5344 2717 5413 gaudium
2777 5343 2935 5395 nobis
2987 5351 3042 5394 et
3097 5339 3395 5393 CXSllilaliO
3441 5337 3531 5398 sit,
3585 5334 3711 5400 quia

433 5429 541 5495 Lgo
565 5438 750 5482 autem
781 5439 836 5484 et
889 5432 1118 5500 amplius
1143 5436 1282 5487 addo
1312 5437 1539 5504 aliquid,
1573 5434 1716 5504 quod
1751 5435 1852 5487 nisi
1887 5451 2006 5486 satl-
2131 5454 2345 5490 merces
2405 5449 2588 5491 nostra
2631 5435 2797 5490 multa
2855 5433 2908 5486 iu
2959 5435 3116 5485 (utiis
3147 5441 3247 5485 est.
3288 5428 3409 5480 Ila‘c
3446 5442 3549 5477 nou
3585 5421 3711 5476 facit

430 5531 582 5573 tium
611 5523 948 5590 propositum
981 5522 1177 5592 aliquis
1213 5527 1429 5586 habeat,
1460 5537 1510 5576 et
1550 5527 1856 5578 sanctitatis
1899 5534 2019 5577 stu-
2131 5531 2409 5597 inimicus,
2443 5532 2522 5584 vel
2555 5533 2696 5598 quod
2733 5534 2845 5601 ipse
2877 5529 3058 5597 gloriae
3091 5525 3314 5582 invidet,
3345 5519 3424 5570 vel
3461 5516 3713 5570 fortast

501 5613 589 5665 ⁸⁸1
623 5617 748 5668 Cor.
785 5633 835 5677 κ,
860 5617 930 5668 ΞΟ
954 5627 1005 5669 et
1039 5614 1127 5666 21.
1209 5615 1251 5644 ⁸⁵
1281 5616 1294 5667 I
1323 5617 1449 5668 Cor.
1486 5633 1557 5679 XI,
1595 5620 1680 5672 18.
1760 5619 1802 5650 ⁸⁷
1830 5617 1958 5670 ibid.
1999 5619 2086 5672 2!.

2077 5660 2086 5672 -
2191 5625 2235 5654 ⁸⁸
2262 5626 2392 5678 ibid.
2435 5625 2506 5677 50
2531 5636 2581 5678 et
2608 5625 2692 5677 51.
2799 5623 2840 5653 ⁵⁸
2870 5621 2885 5672 Ι
2917 5622 3158 5680 (ἔοικχν,
3190 5616 3271 5667 l2.
3313 5619 3315 5621 ’
3368 5611 3415 5642 ⁷⁰
3447 5610 3579 5664 ibid.
3620 5610 3704 5664 Π.

431 5683 472 5714 ⁷³
503 5683 542 5736 Il
575 5683 702 5738 Cor.
741 5701 834 5749 xu,
877 5689 955 5739 lii.
1035 5687 1078 5715 "
1106 5686 1142 5738 ll
1178 5684 1317 5738 Tim.
1357 5703 1427 5752 tv,
1472 5692 1524 5738 ὕ.
1605 5689 1824 5758 78Apoc.
1860 5704 1931 5742 γι.

507 5824 584 5895 (6)
615 5826 794 5879 Codex
853 5826 1205 5880 Beivacensis
1233 5867 1247 5888 ,
1291 5845 1309 5875 ‹
1335 5825 1753 5881 immolatitium.
1785 5845 1801 5875 ι
1833 5828 2018 5881 Codex
2141 5846 2157 5878 ι
2185 5829 2248 5878 de
2284 5826 2595 5877 imirolatis.
2637 5845 2653 5874 ι
2693 5823 2845 5895 Libb.
2880 5821 3029 5883 editi,
3073 5838 3090 5868 ‹
3119 5816 3401 5895 immolati.
3427 5837 3445 5869 ι

435 5887 621 5950 Sancti
660 5896 1002 5964 Theudorici,
1059 5916 1077 5950 ι
1114 5887 1530 5952 immolationis.
1577 5919 1588 5948 ε
1643 5898 2018 5966 Ebroicensis,
2205 5898 2280 5966 (7)
2310 5897 2491 5952 Codex
2530 5893 2899 5962 Bt'lt'nccttsis,
2936 5907 2953 5942 ι
2980 5887 3246 5944 mortalia.
3294 5904 3308 5933 ν
