4134 6384
495 379 600 438 659

1997 368 2319 425 OBICENIS

3665 350 3771 407 σω

494 497 641 568 quod
703 495 790 549 ille
833 494 923 564 qui
957 493 1138 549 omnia
1196 492 1481 561 praevidet,
1512 488 1805 559 prmnoscit
1846 502 1945 541 nos
1978 503 2083 540 non
2119 498 2161 552 Α
2195 478 2503 549 Evangeliis
2550 478 2682 533 dicit
2715 477 2801 529 “:
2852 493 2869 527 t
2910 472 2989 568 T-u
3041 479 3222 568 autem
3272 482 3394 521 cum
3437 481 3583 530 oras.
3626 467 3767 520 imm

495 603 620 641 esse
652 588 875 640 idoneos
910 587 977 641 ad
1007 585 1331 655 martyrium
1368 583 1729 638 tolerandum.
1759 579 1874 635 Scit
1898 591 2077 634 tamen

496 679 759 733 Dominus
790 677 882 741 qui
919 686 1044 731 sunt
1076 676 1218 744 ejus,
1246 685 1303 729 et
1334 675 1386 727 in
1420 675 1618 742 quibus
1650 688 1754 726 non
1801 682 2075 741 speratur,

497 772 662 826 habet
707 770 793 825 ille
822 771 1111 824 thesauros
1140 784 1268 823 suos
1307 783 1320 822 :
1354 787 1372 820 ι
1414 768 1527 822 Non
1556 769 1701 822 enim
1744 766 1884 821 sicut
1915 765 2079 821 homo

493 866 664 927 videt,
705 864 777 916 ita
827 871 879 918 et
920 862 1146 917 Deus“.
1175 882 1193 913 ι
1233 861 1343 931 Ego
1381 877 1486 913 non
1524 860 1713 914 dubito
1755 868 1804 913 et
1864 859 1915 913 iu
1975 861 2076 913 hoc

494 966 762 1007 conventu
820 968 945 1009 csse
994 954 1213 1021 aliquos
1260 954 1360 1021 ipsi
1418 952 1517 1007 soli
1552 952 1821 1023 cognitos,
1849 952 1943 1020 qui
1971 951 2075 1019 iam

497 1047 639 1111 apud
692 1060 815 1099 eum
875 1056 1147 1113 martyres
1195 1046 1305 1100 sint
1342 1045 1656 1100 testimonio
1706 1044 2073 1105 conscientia},

494 1138 696 1207 parati,
730 1138 771 1191 si
806 1138 927 1205 quis
947 1148 1230 1206 exposcat,
1263 1137 1540 1192 eliundere
1563 1138 1880 1207 sanguinem
1918 1152 2075 1190 suum

496 1243 598 1295 pro
630 1228 847 1281 nomine
904 1227 1113 1282 Domini
1146 1228 1274 1284 Jesu
1308 1229 1545 1296 Christi;
1586 1244 1692 1284 non
1735 1230 1930 1284 dubito
1961 1243 2079 1283 esse

499 1320 711 1389 aliquos
768 1320 857 1389 qui
915 1321 1142 1376 tulerint
1186 1337 1405 1376 crucem
1458 1338 1633 1389 suam,
1693 1332 1748 1377 et
1783 1331 2080 1391 sequantur

494 1429 638 1466 eum.
692 1412 816 1466 llaec
871 1413 999 1468 licet
1031 1427 1127 1481 per
1156 1429 1443 1468 excessum
1477 1417 1792 1482 quemdam,
1820 1428 2079 1469 necessa-

495 1506 579 1559 rio
617 1516 795 1561 tamen
854 1508 1112 1561 videntur
1160 1507 1327 1570 dicta,
1366 1517 1424 1559 ut
1460 1508 1886 1577 intelligeremus
1942 1524 2077 1577 quo-

503 1598 672 1652 modo
700 1614 796 1666 per
829 1600 1167 1666 pontiﬁcem,
1207 1599 1369 1669 303
1399 1609 1453 1652 et
1488 1600 1627 1654 ﬁlios
1657 1601 1935 1668 pontiﬁcis
1984 1600 2079 1654 ﬁat

500 1687 559 1741 in
593 1689 797 1742 sanctis
831 1689 1079 1743 remissio
1104 1700 1482 1757 peccatorum.

562 1822 616 1875 3.
660 1820 916 1889 Sequitur
946 1830 1065 1891 post
1090 1820 1245 1873 hate:
1287 1838 1305 1871 t
1334 1818 1402 1874 Et
1431 1829 1510 1883 tu,
1556 1820 1732 1889 inquit
1774 1820 1843 1885 ⁷⁸,
1882 1830 1937 1876 et
1982 1822 2079 1877 ﬁlii

493 1911 571 1965 tui
607 1911 882 1981 accipietis
941 1919 1161 1981 peccata
1203 1911 1494 1965 sacerdotii
1534 1913 1700 1967 vestri
1741 1930 1755 1967 :
1800 1923 1854 1968 et
1882 1913 2081 1969 fratres

493 2014 618 2059 tuos
637 2004 872 2058 tribuum
908 2003 1064 2068 Levi,
1098 2003 1307 2071 plebem
1339 2004 1512 2071 patris
1544 2005 1620 2058 tui
1659 2020 1874 2061 assume
1902 2006 1966 2060 ad
2002 2016 2075 2073 te,

493 2105 549 2150 ct
573 2096 941 2165 adjungantur
976 2096 1092 2161 tibi,
1125 2107 1175 2151 et
1215 2097 1525 2153 ministrent
1555 2097 1650 2152 tibi
1685 2116 1699 2152 :
1732 2109 1788 2153 et
1808 2110 1860 2153 tn
1891 2110 1945 2154 et
1985 2100 2079 2155 ﬁlii

493 2188 572 2240 tui
606 2198 782 2241 tecum
811 2187 866 2241 in
892 2196 1183 2256 conspectu
1214 2189 1544 2244 tabernaculi
1570 2191 1867 2245 testimonii
1890 2192 2081 2246 obser-

492 2279 700 2333 vabunt
752 2280 1033 2334 custodias
1101 2288 1221 2336 tuas
1278 2281 1631 2336 tabernaculi.
1689 2301 1708 2334 ι
1772 2281 2079 2337 Observare

493 2368 832 2439 diligentius,
859 2368 1209 2425 etintendere
1259 2372 1324 2425 iis
1367 2388 1489 2441 quae
1517 2374 1720 2442 scripta
1752 2384 1912 2438 sunt,
1942 2390 2078 2428 cou-

491 2458 643 2512 venit
673 2473 766 2513 eos
796 2458 1067 2528 praecipue
1110 2460 1201 2529 qui
1248 2462 1301 2514 in
1338 2461 1532 2516 ordine
1589 2464 1916 2517 sacerdotali
1961 2467 2073 2532 glo-

490 2548 742 2615 riantur;
782 2558 839 2604 ut
862 2551 1038 2605 sciant
1060 2552 1187 2620 quid
1216 2562 1300 2607 est
1325 2554 1471 2622 quod
1492 2554 1573 2609 eis
1602 2554 1684 2609 lex
1728 2555 1909 2611 divina
1944 2571 2078 2626 pra:-

490 2639 634 2708 cepit
662 2638 1080 2695 observandum.
1109 2642 1210 2708 Tu,
1246 2643 1446 2711 inquit,
1479 2653 1533 2698 et
1561 2645 1653 2697 ﬁlii
1689 2646 1764 2697 tui
1799 2654 1976 2700 tecum
2024 2649 2077 2700 in

490 2740 788 2802 conspectu
822 2735 1158 2789 tabernaculi
1192 2738 1479 2791 observate
1521 2736 1797 2791 custodias
1848 2745 2077 2803 vestras,

489 2830 546 2877 et
602 2824 798 2891 altare,
844 2837 900 2881 et
949 2827 1228 2883 custodias
1275 2827 1610 2882 tabernaculi
1663 2829 1764 2900 (8).
1822 2829 2076 2887 Mandata

490 2917 708 2986 quidem
772 2928 923 2977 certa
984 2928 1110 2974 sunt
1178 2927 1233 2973 et
1283 2919 1596 2985 evidentia,
1658 2932 1719 2977 nt
1780 2924 2078 2981 observare

492 3010 787 3065 debeamus
831 3010 1104 3065 custodias
1151 3009 1512 3078 tabernaculi,
1560 3021 1615 3066 et
1658 3013 1870 3081 altaris,
1898 3026 1952 3071 et
1985 3031 2076 3071 sa-

490 3104 715 3159 cerdotii
743 3107 903 3173 ;quis
933 3118 1065 3157 sane
1089 3101 1163 3157 sit
1185 3103 1275 3173 qui
1302 3103 1574 3167 observet,
1601 3114 1655 3161 et
1677 3105 1841 3161 faciat
1857 3122 1921 3162 ea
1953 3124 2075 3178 qua:

488 3195 865 3251 sacerdotibus
897 3196 1149 3249 mandata
1176 3206 1302 3251 sunt
1339 3214 1354 3264 ;

487 3288 707 3357 quidem
748 3289 941 3342 ordine
967 3297 1024 3342 et
1053 3287 1258 3345 honore
1285 3291 1597 3357 sacerdOtii,
1636 3308 1803 3362 opera
1847 3311 1979 3350 vero
2021 3305 2075 3350 et

489 3382 811 3453 mysterium
840 3380 1130 3436 sacerdotii
1166 3397 1270 3435 non
1295 3382 1568 3449 observet,
1604 3386 1693 3441 ille
1719 3387 1868 3441 solus
1910 3402 2073 3442 nosse

485 3483 683 3543 potest,
708 3474 799 3543 qui
831 3482 1110 3528 scrutatur
1133 3475 1296 3529 corda
1346 3485 1398 3530 et
1444 3493 1601 3532 renes
1629 3479 1696 3532 ⁷⁸.
1747 3478 2077 3534 Mandantur

484 3566 768 3621 observari
806 3580 910 3620 non
939 3565 1115 3621 solum
1170 3582 1232 3621 ea
1275 3583 1395 3637 qum
1432 3568 1565 3625 foris
1620 3580 1767 3637 sunt,
1810 3590 1829 3621 ι
1870 3572 1975 3626 Sed
2022 3583 2077 3626 et

486 3672 575 3722 ea,
610 3657 788 3726 inquit
834 3654 902 3722 ⁷⁷,
946 3665 1006 3710 ιιι
1054 3669 1248 3713 curent
1278 3661 1603 3719 sacerdotes
1639 3661 1912 3730 prrccipue
1957 3678 2077 3732 qua:

488 3751 634 3806 intra
678 3749 922 3805 velamen
968 3761 1132 3818 sunt;
1178 3773 1197 3805 ›
1252 3742 1402 3807 velut
1451 3755 1495 3809 si
1531 3755 1779 3810 diceret:
1826 3772 1957 3811 cura
2006 3757 2077 3811 sit

487 3842 906 3908 sacerdotibus,
976 3844 1249 3900 evidentia
1320 3862 1384 3901 ac
1461 3849 1751 3902 manifesta
1823 3851 2075 3903 mandata

488 3929 692 3984 divinae
723 3929 855 4000 legis
890 3931 1134 4000 implere,
1160 3945 1212 3989 et
1238 3938 1493 4006 mysteria
1517 3937 1635 4005 ejus
1664 3940 1982 3993 abscondita
2021 3950 2076 3993 et

488 4019 667 4073 velata
734 4024 881 4078 omni
949 4028 1283 4095 perspicacia
1359 4031 1628 4084 contueri.
1695 4030 1751 4085 Si
1820 4047 1947 4086 vero
2008 4031 2074 4085 ad

489 4112 768 4167 hominem
818 4114 950 4170 velis
1007 4116 1215 4173 referre
1254 4119 1663 4174 tabernaculum
1730 4123 2072 4188 testimonii;

488 4206 748 4271 quoniam
813 4208 1031 4277 quidem
1094 4225 1291 4281 corpus
1360 4213 1598 4268 hominis
1659 4215 2071 4269 tabernaculum

486 4296 690 4354 Paulus
719 4301 976 4369 appellat,
1024 4302 1210 4359 dicens
1264 4305 1355 4359 7°:
1404 4323 1421 4357 t
1458 4304 1557 4371 Qui
1591 4306 1735 4359 enim
1789 4322 1978 4362 sumus
2018 4308 2071 4361 in

488 4393 841 4449 tabernaculo
874 4396 1001 4460 hoc,
1028 4398 1297 4465 gemimus
1326 4398 1604 4467 aggravali
1632 4414 1647 4463 ;
1680 4400 1733 4453 iu
1774 4415 1884 4469 quo
1915 4401 2072 4454 nolu-

488 4498 611 4539 mus
632 4486 944 4554 exspoliari,
970 4490 1064 4542 sed
1096 4492 1451 4558 supervestiri
1479 4507 1494 4556 ;
1544 4510 1560 4544 ι
1610 4491 1656 4546 si
1703 4506 1836 4559 ergo
1862 4494 1927 4546 ad
1969 4492 2071 4547 ho-

2189 572 2242 625 in
2276 569 2584 625 cubiculum
2618 576 2792 630 tuum,
2824 575 2878 618 et
2918 562 3110 617 claude
3150 566 3349 615 ostium
3397 569 3570 623 tuum,
3597 566 3653 613 et
3674 572 3768 610 ora

2186 674 2398 732 patrem
2430 671 2579 715 tuum
2609 657 2661 713 in
2688 658 3034 713 abscondito.
3072 675 3091 708 ι
3127 655 3227 721 Qui
3273 667 3405 723 ergo
3440 652 3516 706 ita
3559 660 3682 707 orat
3710 659 3772 705 ut

2187 755 2320 817 dixi,
2352 751 2657 822 ingreditur
2689 751 2754 803 ad
2781 751 2955 803 altare
2988 749 3196 803 incensi
3229 746 3372 816 quod
3407 752 3489 797 est
3512 743 3770 798 interius.

2186 848 2324 902 Cum
2374 858 2553 902 autem
2594 846 2714 915 quis
2772 845 2917 899 clara
2959 858 3110 907 voce,
3157 850 3211 897 et
3250 840 3431 893 verbis
3462 854 3584 892 cum
3634 849 3772 889 sono

2186 942 2436 1011 prolatis,
2491 941 2648 1008 quasi
2707 947 2765 992 ut
2819 939 3054 993 mdiﬁcet
3107 935 3415 996 audientes,
3456 932 3768 987 orationem

2187 1034 2362 1088 fundit
2392 1036 2456 1086 ad
2492 1033 2683 1095 Deum,
2711 1032 2798 1085 hic
2828 1031 3023 1100 spiritu
3060 1038 3201 1091 orat,
3231 1035 3286 1082 et
3311 1026 3513 1081 oll'erre
3544 1026 3765 1079 videtur

2187 1125 2421 1179 hostiam
2457 1126 2507 1176 in
2544 1123 2701 1177 altari
2730 1123 2873 1191 quod
2910 1122 3048 1176 loris
3070 1130 3157 1175 est
3186 1122 3253 1175 ad
3289 1119 3767 1174 holocaustomata

2188 1216 2369 1285 populi
2427 1215 2807 1270 constitutum.
2879 1214 3103 1284 Oportet
3154 1226 3287 1281 ergo
3342 1211 3661 1265 sacerdotes
3702 1223 3769 1263 ea

2188 1322 2386 1361 curare
2418 1307 2687 1376 prmcipue
2732 1316 2786 1360 et
2828 1306 3134 1366 custodire,
3173 1320 3292 1374 qua:
3331 1303 3472 1356 intra
3518 1300 3773 1354 velamen

2187 1398 2421 1452 interius
2452 1408 2835 1470 conteguntur,
2872 1410 2937 1450 ne
2958 1396 3087 1466 quid
3113 1396 3187 1449 ibi
3214 1393 3504 1465 pollutum,
3541 1408 3608 1446 ne
3639 1393 3773 1460 quid

2189 1489 2503 1544 inveniatur
2551 1489 2928 1555 immundum;
2961 1488 3063 1541 hoc
3107 1497 3191 1541 est
3230 1487 3547 1542 interiorem
3594 1488 3769 1539 hami-

2187 1597 2333 1640 nem.
2384 1590 2438 1634 et
2471 1582 2657 1635 cordis
2699 1592 2911 1637 secreta
2943 1596 3161 1645 curare,
3204 1591 3265 1637 ut
3302 1580 3378 1635 ibi
3420 1579 3766 1657 immaculata

2186 1682 2561 1742 permaneant.
2590 1672 2883 1727 Cherubim
2937 1682 2991 1727 et
3033 1673 3499 1744 prepitiatorium,
3537 1672 3774 1737 scientia

2191 1763 2539 1833 intelligenda
2567 1774 2651 1818 est
2676 1764 2966 1819 Trinitatis
2994 1781 3009 1829 ;
3043 1765 3420 1834 interpretatio
3450 1763 3594 1818 enim
3622 1762 3765 1817 Che-

2114 1860 2156 1918 Β
2188 1854 2363 1909 rubim
2409 1855 2831 1920 multitudinem,
2880 1857 2933 1909 id
2977 1866 3061 1911 est
3103 1857 3482 1925 perfectionem
3532 1855 3766 1910 scicntia!

2187 1946 2397 2000 indicat
2424 1945 2502 2015 t9)
2535 1964 2547 1998 :
2585 1955 2639 1999 ct
2667 1961 2787 2016 (μεριξ
2833 1957 2918 2001 est
2968 1948 3074 2001 alia
3134 1946 3417 2017 perfectio,
3452 1948 3553 2002 nisi
3595 1961 3763 2016 agno-

2183 2036 2330 2089 visse
2361 2034 2575 2090 Patrem
2609 2046 2662 2091 et
2686 2036 2903 2101 Filium,
2934 2047 2989 2091 et
3020 2038 3283 2107 Spiritum
3312 2038 3605 2093 sanctum?
3641 2038 3766 2093 Haec

2184 2142 2315 2196 ergo
2346 2128 2586 2180 curanda
2617 2138 2743 2183 sunt
2780 2129 2849 2182 ita
2883 2145 2912 2182 a
2954 2130 3358 2193 sacerdotibus,
3408 2139 3467 2183 ut
3514 2130 3764 2184 inconta-

2186 2219 2394 2273 minata
2440 2229 2496 2273 et
2541 2221 2706 2274 illmsa
2741 2233 3050 2275 serventur.
3104 2222 3210 2276 Sed
3266 2232 3319 2277 et
3373 2238 3507 2277 urna
3556 2224 3767 2277 habens

2183 2310 2458 2366 caelestem
2491 2312 2669 2366 cibum
2700 2330 2938 2382 manum,
2968 2315 3258 2369 thesaurus
3289 2322 3477 2384 utique
3499 2324 3583 2369 est
3615 2315 3773 2369 verbis

2182 2403 2373 2457 divini.
2433 2405 2499 2458 Et
2548 2420 2674 2460 arca
2724 2422 2911 2471 aurea,
2962 2410 3012 2461 in
3057 2422 3161 2476 qua
3198 2418 3325 2462 sunt
3356 2408 3550 2463 tabulte
3591 2416 3769 2461 testa—

2183 2493 2375 2558 menti,
2429 2505 2487 2547 ut
2539 2497 2759 2563 opinor,
2805 2511 2910 2548 non
2952 2496 3097 2549 aliud
3141 2513 3307 2566 quam
3368 2512 3524 2552 mens
3575 2506 3760 2552 nostra

2180 2595 2302 2635 esse
2329 2581 2665 2647 declaratur,
2694 2585 2746 2637 iti
2780 2598 2885 2652 qua
2926 2583 3099 2654 legem
3143 2586 3235 2639 Dei
3274 2586 3537 2641 debemus
3566 2589 3765 2642 habere

2181 2674 2539 2744 descriptam.
2592 2675 2717 2731 llaec
2768 2686 2950 2731 autem
3004 2692 3160 2732 mens
3193 2693 3358 2732 aurea
3409 2679 3569 2733 debet
3614 2694 3759 2742 esse,

2182 2767 2286 2821 hoc
2317 2776 2401 2822 est
2433 2782 2564 2836 pura
2597 2777 2651 2822 et
2674 2769 2933 2838 pretiosa,
2970 2770 3022 2823 in
3054 2785 3159 2839 qua
3192 2770 3366 2839 legem
3412 2770 3505 2824 Dei
3546 2771 3754 2823 descri-

2182 2866 2331 2926 ptam
2359 2872 2575 2927 semper
2607 2859 2928 2923 habeamus,
2971 2860 3112 2914 sicut
3160 2859 3457 2924 Apostolus
3503 2861 3634 2915 dicit
3662 2858 3708 2890 “
3743 2878 3761 2914 :

2188 2965 2208 2998 ι
2252 2948 2525 3020 Scriptam
2572 2967 2676 3004 non
2727 2963 3057 3019 atramento,
3111 2955 3206 3007 sed
3241 2952 3437 3022 spiritu
3481 2952 3573 3007 Dei
3609 2954 3763 3021 vivi;

2182 3057 2287 3097 non
2324 3044 2378 3097 in
2415 3044 2617 3099 tabulis
2662 3044 2914 3115 lapideis,
2950 3051 3047 3100 sed
3093 3046 3145 3099 in
3179 3046 3379 3101 tabulis
3414 3046 3599 3100 cordis
3633 3061 3768 3099 car—

2182 3137 2418 3192 nalibus.
2487 3156 2507 3190 i
2563 3136 2675 3192 Hoc
2732 3146 2818 3192 est
2868 3139 3013 3191 enim
3060 3139 3201 3208 quod
3239 3148 3293 3192 et
3332 3140 3397 3192 de
3439 3138 3767 3207 quibusdam

1404 3207 1477 3301 ει,
1503 3198 1627 3301 ‘12“
1669 3203 1741 3255 sit
1766 3201 1860 3271 qui
1886 3212 2074 3257 "tam"
2101 3213 2143 3272 (ἶ
2179 3230 2378 3283 dicitur
2414 3246 2434 3280 t
2471 3229 2563 3299 qui
2600 3231 2893 3285 ostendunt
2921 3247 3058 3301 opus
3082 3231 3217 3301 legis
3251 3231 3516 3300 scriptum
3560 3231 3611 3283 in
3641 3246 3773 3284 cor-

2179 3325 2337 3379 dibus
2372 3322 2484 3378 suis
2514 3324 2581 3377 ".
2621 3342 2639 3373 ι
2696 3322 2830 3389 Quis
2888 3333 3072 3377 autem
3127 3324 3348 3393 scripsit
3407 3325 3460 3378 in
3510 3324 3775 3380 cordibus

2177 3430 2389 3477 eorum,
2425 3414 2527 3469 nisi
2566 3414 2708 3470 Deus
2732 3416 2905 3484 digito
2965 3416 3114 3470 suo?
3158 3414 3356 3486 Legem
3387 3418 3575 3485 utique
3606 3426 3775 3469 natu~

2180 3508 2347 3561 ralem
2376 3523 2539 3576 quam
2572 3508 2721 3561 dedit
2752 3509 2891 3562 Deus
2923 3510 3164 3562 humano
3186 3508 3402 3577 generi,
3443 3515 3497 3561 et
3542 3508 3595 3560 in
3632 3523 3767 3562 cun-

2178 3610 2396 3655 ctorum
2428 3601 2703 3656 mentibus
2731 3601 2953 3670 scripsit
2983 3620 2996 3655 :
3025 3601 3165 3655 unde
3207 3611 3259 3656 et
3293 3601 3447 3654 initia
3472 3601 3771 3664 sumimus,

2180 3712 2244 3750 ac
2265 3699 2472 3750 semina
2508 3698 2755 3766 quaedam
2801 3698 2866 3749 ad
2905 3698 3356 3765 perscrutandam
3389 3696 3638 3766 capimus
3668 3710 3765 3750 ve-

2180 3789 2399 3842 ritatem
2433 3806 2446 3842 :
2479 3804 2601 3858 quae
2627 3790 2836 3846 semina
2882 3790 2925 3845 si
2963 3790 3100 3844 bene
3142 3788 3489 3852 excolamus,
3525 3788 3769 3842 fructum

2179 3880 2306 3933 vita:
2354 3879 2584 3936 aﬂ'erent
2644 3882 2697 3935 iii
2757 3882 2914 3936 nobis
2964 3881 3016 3935 in
3067 3880 3288 3935 Christo
3347 3878 3474 3934 Jesu
3534 3878 3767 3933 Domitio

2182 3984 2389 4039 nostro,
2422 3976 2507 4031 cui
2538 3986 2626 4031 est
2651 3977 2820 4047 gloria
2856 3986 2910 4031 et
2952 3976 3239 4046 imperium
3278 3977 3329 4031 iti
3373 3977 3567 4032 smcula
3596 3991 3777 4031 saccu-

2179 4064 2378 4119 lorttm.
2405 4067 2600 4122 Amen.

2765 4159 3046 4216 IlOMlLlA
3089 4158 3179 4212 Xl.

2630 4254 2703 4307 De
2724 4256 2976 4324 primitiis
3004 4253 3311 4323 oﬂ'eremlis.

2248 4387 2289 4441 l.
2334 4389 2610 4443 Primitias
2641 4390 2885 4443 omnium
2919 4387 3161 4457 frugum,
3203 4387 3552 4455 omniumque
3594 4402 3767 4458 pecn—

2178 4482 2327 4547 dum,
2380 4483 2757 4537 sacerdotibus
2794 4482 2881 4536 lcx
2927 4481 3147 4535 mandat
3200 4478 3384 4535 offerri
3446 4481 3540 4537 ⁸³ε
3598 4483 3673 4535 ita
3705 4491 3763 4533 ut

489 4577 691 4631 minem
739 4578 1145 4634 tabernaculum
1211 4581 1554 4648 referamus,
1612 4584 1870 4640 interiora
1924 4586 2073 4638 vel“-
2105 4569 2148 4622 Β
2179 4578 2358 4629 omnis
2381 4577 2475 4643 qui
2502 4575 2745 4642 possidet
2767 4588 2981 4643 agrum,
3011 4572 3091 4625 vel
3115 4574 3351 4639 vineam,
3374 4574 3455 4626 vel
3478 4574 3766 4640 olivetum,

490 4669 676 4733 minis,
735 4669 824 4723 ubi
880 4671 1281 4726 inaccessibilia
1333 4684 1721 4743 conteguntur,
1775 4676 2073 4746 principale

489 4762 672 4816 cordis
693 4763 958 4829 dicemus,
983 4764 1125 4831 quod
1150 4765 1322 4819 solum
1347 4768 1588 4836 recipere
1612 4779 1786 4838 potest
1812 4772 2070 4840 mysteria

488 4855 761 4919 veritatis,
814 4863 869 4910 et
925 4871 1097 4923 capax
1142 4872 1263 4914 esse
1307 4874 1635 4914 arcanorum
1685 4863 1796 4917 Dei.
1847 4864 2056 4918 Altaria

488 4959 619 5000 vero
651 4946 778 5012 duo,
813 4946 865 5001 id
887 4958 970 5001 est
996 4949 1229 5005 interius
1246 4960 1301 5005 et
1318 4953 1581 5017 exterius,
1618 4956 1876 5022 quoniam
1899 4957 2073 5011 altare

486 5040 754 5095 orationis
789 5041 1048 5096 indicium
1099 5053 1203 5108 est,
1242 5043 1370 5098 illud
1404 5053 1538 5114 puto
1576 5047 1888 5116 signiﬁcare
1924 5051 2065 5116 quod

488 5132 623 5187 dicit
646 5130 1000 5201 Apostolus"
1028 5150 1043 5185 :
1068 5151 1086 5184 ι
1113 5132 1298 5189 Orabo
1322 5135 1540 5203 spiritu,
1565 5138 1734 5191 orabo
1754 5147 1807 5191 et
1826 5148 2061 5193 mente.»

485 5225 620 5280 Cum
651 5225 794 5278 enim
830 5226 994 5280 corde
1029 5242 1279 5288 oravero,
1317 5228 1382 5281 ad
1410 5227 1583 5284 altare
1613 5229 1845 5283 interius
1882 5231 2067 5301 ingre-

488 5317 628 5373 dior.
680 5317 745 5370 Et
795 5316 900 5372 hoc
954 5327 1086 5386 puto
1132 5332 1255 5372 esse
1298 5320 1440 5387 quod
1480 5320 1643 5373 etiam
1687 5320 1951 5376 Dominus
2010 5324 2063 5377 in

560 5484 608 5516 ⁷⁵
637 5482 652 5536 l
686 5484 821 5553 Reg.
877 5498 989 5548 xvi,
1022 5483 1075 5537 7.

488 5568 601 5617 xw,
630 5556 717 5609 15.
794 5554 839 5586 ⁸ο
862 5554 1053 5610 Matth.
1092 5569 1167 5621 vi,
1189 5556 1241 5607 ϐ.

562 5650 637 5715 (8)
682 5650 963 5705 Observate
999 5651 1271 5703 custodias
1300 5662 1516 5716 vestras,
1554 5660 1602 5704 et
1634 5652 1824 5715 altare,
1879 5665 1923 5705 et
1969 5670 2066 5706 cu—

491 5720 695 5771 stodias
729 5721 1077 5773 tabernaculi.
1110 5721 1301 5774 llaicin
1320 5721 1450 5775 libb.
1477 5732 1632 5775 antea
1655 5723 1817 5777 editis
1841 5724 2067 5787 omissa,

493 5789 809 5855 Suppleutur
847 5806 877 5842 e
910 5806 1039 5843 mss.

573 5858 652 5930 t9)
690 5859 970 5912 Cherubim
1020 5858 1437 5930 multitudinem,
1479 5861 1531 5913 id
1573 5871 1649 5918 est
1690 5861 2061 5933 perfectionem

1149 5484 1194 5516 ⁷⁸
1226 5483 1383 5536 Num.
1421 5501 1575 5552 xvm,
1625 5485 1740 5541 1-5.
1817 5488 1857 5518 ⁷⁶

1152 5594 1167 5610 .
1189 5556 1241 5607 6.
1317 5556 1359 5586 ‘"
1402 5553 1443 5609 ll
1472 5554 1599 5609 Cur.
1627 5573 1710 5610 ιιι.
1739 5556 1794 5610 2.
1825 5558 1857 5610 5

1520 5572 1599 5609 ur.
1627 5573 1710 5619 Ill,
1739 5572 1794 5622 'z,
1825 5572 1877 5611 ο.

1817 5488 1863 5518 ⁷⁵
1898 5486 2057 5544 Rom.
2084 5503 2199 5552 vni,
2235 5486 2323 5539 27.

1954 5558 1999 5589 ⁸³
2031 5561 2186 5612 ltom.
2221 5572 2282 5619 it,
2322 5554 2407 5607 l5.

2179 4670 2261 4721 vel
2292 4669 2458 4721 etiam
2492 4668 2735 4727 hortum,
2772 4673 2824 4719 et
2852 4664 2895 4718 si
2935 4665 3063 4733 quid
3103 4675 3188 4719 est
3216 4666 3361 4735 quod
3387 4676 3677 4720 exercetur
3706 4667 3759 4719 in

2181 4760 2369 4823 terris,
2403 4758 2496 4813 scd
2532 4768 2586 4811 et
2617 4757 2662 4811 si
2696 4757 2818 4826 quis
2860 4756 3071 4825 peculia
3114 4759 3495 4827 cujuscunque
3542 4759 3765 4827 pecoris

2178 4855 2403 4917 nutriat,
2440 4849 2635 4906 oll‘erat
2663 4865 2731 4904 ex
2769 4852 2834 4905 iis
2865 4851 2976 4905 Deo
2999 4865 3164 4904 omne
3209 4850 3353 4917 quod
3380 4849 3611 4919 primum
3654 4860 3762 4913 est,

2177 4947 2231 5001 id
2272 4955 2354 5000 est
2384 4945 2450 4998 ad
2489 4943 2805 4997 sacerdotes
2830 4942 3063 4997 deferat.
3099 4940 3210 4995 Deo
3236 4945 3381 4995 enim
3409 4941 3599 4995 oll'erri
3629 4943 3764 4997 dicit

2177 5042 2320 5108 quod
2356 5038 2733 5092 sacerdotibus
2759 5039 2936 5092 datur.
2972 5038 3037 5091 Et
3080 5038 3180 5092 hoc
3211 5046 3293 5091 est
3319 5043 3464 5106 quod
3495 5038 3762 5103 docemur

2177 5148 2244 5187 ex
2282 5132 2419 5200 lege,
2448 5132 2573 5201 quia
2604 5147 2761 5185 nemo
2790 5131 2931 5185 licite
2984 5146 3083 5185 nec
3114 5129 3356 5201 legitime
3403 5140 3593 5184 utatur
3641 5128 3759 5183 fru-

2176 5228 2359 5283 ctibus
2388 5242 2528 5297 quos
2555 5236 2698 5282 terra
2732 5228 3008 5297 produxit,
3063 5245 3163 5283 nec
3216 5228 3591 5282 animantibus
3638 5242 3763 5295 quae

2175 5320 2441 5391 pecudum
2463 5319 2921 5389 protulitpartus,
2945 5320 3047 5374 nisi
3083 5336 3148 5374 ex
3186 5320 3411 5387 singulis
3446 5321 3760 5390 quibusque

2400 5484 2447 5514 '”
2476 5482 2637 5536 Num.
2661 5496 2817 5545 xvut,
2854 5479 2906 5532 7.
2985 5478 3029 5511 ⁷⁸
3058 5478 3098 5532 ll
3127 5479 3253 5536 Cor.
3288 5495 3339 5544 v,
3376 5478 3429 5532 4.
3506 5480 3551 5511 ’⁸
3580 5478 3598 5532 l
3628 5476 3757 5534 Cor.

2486 5552 2530 5584 ⁸³
2556 5550 2714 5605 Num.
2747 5566 2865 5605 χιιι.

2179 5652 2411 5704 scienlim
2443 5650 2660 5701 indicat.
2685 5650 2727 5701 A
2762 5646 2943 5701 radice
2961 5654 3077 5706 3:11
3100 5646 3158 5699 lit
3176 5655 3254 5703 ειη
3277 5644 3579 5702 multitudo.
3611 5645 3757 5701 Che-

2180 5722 2357 5775 rubim
2404 5734 2533 5788 ergo
2573 5718 2835 5784 explicari
2877 5726 3057 5785 potest
3097 5716 3235 5788 sicut
3272 5715 3553 5788 multitudo
3586 5731 3606 5770 :
3647 5731 3757 5785 quo

2182 5801 2343 5859 pacto
2376 5786 2555 5842 autem
2580 5788 2860 5840 multitudo
2890 5788 3123 5841 scientia:
3164 5786 3511 5854 interpretari
3554 5787 3761 5858 possit,

2184 5864 2357 5915 lateor
2388 5874 2470 5913 me
2502 5862 2771 5928 ignorare.
