4134 6386
356 341 454 401 641

1552 326 1624 385 ΙΝ
1660 325 1995 385 NUMEROS
2028 322 2318 382 HOMILIA
2350 322 2442 379 ΧΙ.

3522 324 3631 380 642

361 466 470 521 Deo
512 464 785 535 primitiae,
813 463 867 517 id
920 468 1002 513 est
1035 454 1413 512 sacerdotibus
1443 451 1760 508 offerantur.
1793 449 1945 503 Hauc
1975 453 2021 509 Α
2050 448 2135 500 his
2158 462 2185 499 a
2220 462 2280 501 se
2313 446 2547 501 invicem
2572 442 2792 498 ditfcrre
2816 443 3260 498 distinetiouibus
3284 442 3421 514 legis
3458 441 3632 511 ipsius

357 575 490 628 ergo
516 559 684 625 legem
720 554 1001 611 observari
1026 554 1188 605 etiam
1232 547 1396 619 304
1429 547 1733 601 secundum
1784 543 1940 596 litte-

364 667 502 715 ram,
535 650 676 704 sicut
704 658 758 702 et
786 647 893 701 alia
924 644 1208 707 nonnulla,
1242 640 1612 695 necessarium
1646 646 1777 705 puto
1804 634 1941 706 (l0).

363 743 501 794 Sunt
529 742 670 795 enim
705 739 986 806 aliquanta
1026 736 1160 806 legis
1188 735 1445 789 mandata
1472 745 1591 800 quae
1620 730 1784 783 etiam
1817 727 1942 782 novi

363 831 692 887 Tesmtnenti
724 828 973 900 discipuli
1007 826 1314 883 necessaria
1347 823 1731 878 observatione
1757 828 1942 874 custo-

364 927 538 980 diunt.
571 922 637 978 Et
668 924 712 978 si
738 923 975 987 videtur,
1012 920 1162 990 prius
1204 919 1270 971 de
1320 916 1387 970 iis
1428 915 1559 984 ipsis
1591 929 1710 983 quae
1747 911 1801 966 in
1832 912 1946 981 lege

366 1019 582 1086 quidem
607 1018 839 1086 scripta,
866 1016 958 1069 sed
985 1022 1167 1066 tamen
1195 1011 1246 1063 in
1275 1008 1584 1075 Evangeliis
1602 1008 1942 1061 observanda

366 1109 493 1175 sint,
517 1123 697 1162 sermo
733 1115 1016 1160 moveatur
1046 1120 1059 1156 :
1095 1112 1148 1156 et
1180 1116 1302 1156 cum
1335 1102 1449 1154 haec
1484 1100 1783 1167 patuerint,
1818 1108 1946 1153 tunc

364 1198 475 1268 jam
511 1198 642 1268 quid
676 1198 729 1250 in
784 1197 869 1250 his
914 1194 1081 1248 etiam
1124 1190 1446 1262 spiritaliter
1489 1190 1677 1244 sentiri
1730 1190 1945 1253 debeat,

364 1294 729 1362 requiremus.
790 1287 930 1342 Sunt
980 1287 1124 1340 enim
1189 1287 1280 1354 qui
1340 1286 1414 1338 ita
1468 1284 1667 1348 dicant,
1724 1284 1847 1350 quia
1900 1285 1943 1337 si

365 1384 571 1454 aliquid
617 1382 841 1437 omnino
887 1379 1024 1453 (11)
1074 1378 1475 1433 observandum
1516 1385 1599 1429 est
1651 1378 1944 1429 secundum

365 1477 603 1531 litteram
626 1517 641 1541 ,
674 1489 772 1529 cur
807 1488 912 1526 non
945 1480 999 1525 et
1026 1478 1220 1524 cuncta
1255 1467 1583 1522 serventur?
1621 1466 1677 1520 Si
1722 1481 1852 1519 vero
1880 1466 1945 1519 ad

364 1568 662 1638 Spiritalcm
695 1563 1112 1633 intelligentiam
1146 1576 1265 1635 qua:
1287 1560 1369 1613 lex
1400 1559 1644 1613 continet
1666 1558 1946 1613 referenda

360 1668 510 1722 sunt,
536 1656 668 1711 niltil
692 1656 916 1709 omnino
959 1653 1261 1709 secundum
1290 1651 1552 1717 litteram,
1593 1651 1686 1705 sed
1726 1650 1949 1719 spirita-

359 1748 488 1800 liter
519 1747 716 1801 debent
743 1745 1003 1799 universa
1039 1740 1300 1797 discerni.
1331 1739 1438 1795 Nos
1466 1750 1646 1794 autem
1669 1740 1945 1807 utriusque

2051 539 2376 593 testimoniis
2423 537 2815 606 approbentur,
2861 535 3178 605 diligentius
3228 535 3490 589 debemus
3540 540 3629 587 itt-

2052 630 2271 685 tendere
2301 630 2365 685 iis
2393 644 2512 698 qun:
2545 630 2846 682 recitantur
2871 629 2922 681 in
2955 627 3092 697 lege,
3130 626 3256 696 quia
3294 626 3468 681 sicubi
3491 626 3633 681 scri-

2049 722 2215 787 bitur,
2273 722 2425 776 verbi
2491 721 2705 790 gratia,
2757 719 2868 774 hoc
2927 734 3050 773 esse
3112 721 3465 785 mandatum,
3524 735 3629 771 non

2046 816 2305 869 continuo
2333 814 2650 867 mandatum
2697 812 2780 866 lex
2819 812 3138 880 accipienda
3171 819 3253 865 est
3283 832 3296 868 :
3329 812 3412 866 vel
3455 812 3629 865 sicubi

2048 908 2310 975 scriptum
2356 915 2460 968 est,
2504 907 2624 959 istae
2677 914 2810 959 sunt
2856 903 3303 971 justilicationes,
3351 920 3456 959 non
3498 920 3630 958 cou-

2051 1001 2202 1053 tinuo
2243 999 2687 1069 justitieationes,
2735 1007 2832 1051 aut
2888 998 2993 1061 lex,
3047 1007 3139 1050 aut
3177 998 3487 1051 mandatum
3531 1012 3631 1063 pu-

2050 1095 2229 1146 tandze
2278 1100 2427 1145 sunt.
2483 1090 2750 1145 Similiter
2812 1099 2995 1145 autem
3045 1097 3100 1144 et
3146 1089 3317 1144 sicubi
3367 1089 3629 1157 scriptum

2048 1194 2131 1238 est
2162 1183 2562 1247 testimonium,
2591 1190 2683 1236 aut
2710 1179 2939 1249 judicia,
2972 1195 3077 1234 non
3104 1178 3331 1233 confuse
3364 1194 3531 1231 unum
3562 1192 3630 1231 ex

2048 1276 2287 1336 caeteris,
2323 1274 2415 1329 sed
2453 1275 2727 1328 diversum
2779 1273 2847 1327 ab
2888 1272 3011 1326 aliis
3049 1270 3473 1340 unumquodque
3501 1284 3629 1323 seu-

2052 1367 2292 1419 tiendum
2320 1374 2421 1420 est.
2456 1364 2513 1419 Si
2548 1378 2678 1431 ergo
2709 1363 2972 1430 scriptum
3010 1363 3242 1431 legimus
3282 1362 3350 1427 ⁸⁵,
3392 1360 3515 1430 quia
3547 1359 3633 1413 lex

2050 1458 2297 1511 umbram
2333 1456 2530 1511 habeat
2572 1455 2882 1508 futurorum
2915 1458 3206 1521 bonorum,
3234 1468 3340 1507 non
3370 1454 3632 1507 continuo

2049 1553 2211 1603 etiam
2246 1550 2591 1616 mandatum,
2630 1549 2713 1604 vel
2737 1548 2963 1616 justitiae
3002 1546 3087 1600 vel
3122 1544 3350 1613 judicia,
3402 1544 3468 1597 de
3511 1542 3631 1611 qui-

2050 1643 2149 1695 bus
2180 1641 2281 1695 hoc
2315 1656 2421 1696 non
2463 1652 2547 1697 est
2596 1642 2886 1710 scriptum,
2928 1639 3133 1692 umbra:
3174 1652 3295 1692 esse
3344 1636 3632 1689 credendae

2051 1743 2178 1786 sunt
2200 1734 2509 1788 futurorum
2536 1734 2824 1787 bonorum.
2844 1731 3107 1799 Denique,
3123 1739 3181 1781 ιιι
3199 1727 3435 1795 exempli
3454 1726 3630 1796 gratia

357 1836 677 1891 assertionis
720 1834 1067 1889 insolentiam
1109 1839 1501 1899 temperantes,
1546 1830 1722 1898 qualis
1759 1830 1942 1899 regula
1978 1803 2018 1856 Β
2051 1838 2213 1873 unum
2242 1836 2506 1890 ponamus
2550 1837 2614 1875 ex
2659 1821 2863 1885 multis,
2914 1835 3019 1873 non
3069 1826 3151 1872 est
3194 1818 3480 1886 scriptum,
3526 1815 3631 1869 hoc

356 1930 411 1983 in
455 1926 827 1996 hujuscemodi
873 1925 1005 1995 legis
1040 1922 1384 1979 sermonibus
1437 1921 1784 1975 observanda
1840 1924 1940 1989 sit,

356 2036 421 2074 ex
478 2020 773 2075 autoritate
834 2019 1147 2073 divinarum
1217 2013 1624 2082 Scripturarum
1697 2011 1944 2080 proferre

358 2112 711 2168 tentabimus.
732 2110 1003 2179 Scriptum
1018 2117 1100 2163 est
1117 2107 1168 2160 in
1184 2116 1378 2161 octavo
1398 2105 1617 2160 decimo
1643 2105 1940 2175 psalmo”:

361 2224 381 2257 ι
423 2205 534 2260 Lex
561 2205 774 2260 Domini
806 2199 1326 2273 irreprehensibilis,
1354 2206 1683 2253 convertens
1706 2198 1940 2262 animas,

358 2297 730 2353 testimonium
794 2295 1008 2351 Domini
1064 2293 1244 2359 ﬁdele,
1292 2291 1617 2360 sapientiam
1679 2302 1945 2359 prtestans

358 2390 619 2459 parvulis.
666 2389 1023 2458 Pmceptum.
1055 2385 1266 2439 Domini
1319 2384 1581 2448 lucidum,
1620 2382 1934 2436 illumiuaus

355 2482 564 2537 oculos.
596 2479 782 2535 Timor
809 2479 1024 2534 Domini
1070 2490 1277 2541 castus,
1327 2490 1656 2545 permanens
1686 2477 1739 2530 in
1771 2491 1943 2531 saecu-

360 2574 469 2627 lum
525 2572 728 2628 seaculi.
808 2572 1043 2628 Justitiae
1110 2570 1320 2627 Domini
1384 2578 1547 2624 recta:
1604 2568 1943 2624 lwtiﬁcantes

342 2667 543 2733 .corda,
571 2665 778 2734 judicia
809 2665 1023 2721 Domini
1058 2681 1186 2721 vera
1208 2663 1503 2733 iustiﬁcata
1531 2664 1585 2717 in
1621 2664 1938 2731 setttetipsn,

358 2761 740 2815 desiderabilia
791 2775 959 2829 super
1002 2774 1197 2813 aurum
1245 2769 1302 2813 et
1351 2756 1587 2827 lapidem
1640 2758 1940 2825 pretiosum

360 2852 610 2916 multum,
648 2861 704 2905 et
745 2851 987 2905 dulciora
1029 2866 1193 2920 super
1237 2849 1344 2904 mel
1392 2858 1449 2903 et
1495 2847 1699 2901 favum.
1751 2867 1769 2900 ι
1826 2847 1940 2902 Nisi

358 2958 491 3015 ergo
514 2952 697 2999 essent
727 2944 935 3012 singula
971 2942 1072 2997 ista
1124 2958 1153 2996 a
1195 2939 1506 3008 semetipsis
1535 2939 1772 3004 diversa,
1801 2955 1941 2992 nun-

361 3048 524 3102 quam
572 3034 762 3101 utique
816 3032 1065 3102 proprias
1105 3032 1400 3099 unicuique
1438 3028 1721 3098 Scriptura
1761 3028 1940 3082 divina

2048 1923 2130 1965 est
2193 1913 2505 1966 mandatum
2551 1913 2800 1980 paschnz,
2851 1916 2980 1975 sed,
3037 1930 3055 1962 ε
3100 1912 3213 1965 lucc
3257 1919 3342 1964 est
3388 1909 3472 1962 lex
3533 1923 3633 1976 pa-

2048 2007 2196 2060 scha:
2218 2007 2285 2059 ⁸⁸.
2314 2025 2332 2057 ι
2357 2007 2420 2059 Ει
2438 2006 2560 2074 quia
2588 2005 2668 2059 lex
2695 2006 2882 2060 umbra
2904 2014 2986 2059 est
3014 2004 3316 2058 futurorum
3340 2002 3628 2064 bonorum,

2049 2099 2130 2152 lex
2161 2096 2280 2153 sine
2308 2098 2474 2152 dubio
2500 2097 2717 2166 pascha:
2761 2098 2952 2151 umbra
3001 2105 3085 2151 est
3124 2095 3425 2149 futurorum
3468 2093 3633 2146 bono-

2051 2207 2192 2249 rum.
2226 2191 2362 2246 Cum
2394 2206 2526 2261 ergo
2553 2193 2712 2248 venio
2737 2194 2801 2245 ad
2832 2190 3011 2246 locum
3041 2190 3191 2245 illum
3215 2190 3306 2259 qui
3337 2191 3403 2244 de
3425 2192 3629 2260 pascha

2048 2286 2283 2353 scriptus
2312 2292 2415 2345 est,
2456 2284 2509 2337 iu
2541 2298 2680 2354 agno
2721 2282 2813 2337 illo
2858 2280 3127 2351 corporali
3172 2280 3285 2351 (l2)
3332 2280 3505 2335 debeo
3545 2282 3631 2335 in—

2051 2377 2292 2446 telligere
2320 2377 2567 2431 umbram
2613 2390 2737 2431 esse
2784 2375 2947 2429 futuri
2986 2375 3135 2439 boni,
3186 2384 3242 2428 et
3284 2374 3386 2429 hoc
3427 2375 3631 2428 sentire

2047 2467 2189 2533 quod
2228 2484 2246 2517 ‹
2278 2466 2479 2536 pascha
2512 2476 2761 2521 nostrum
2798 2466 3110 2520 immolatus
3137 2474 3223 2519 est
3253 2465 3503 2519 Christus
3526 2465 3627 2518 ⁸⁷.»

2050 2556 2226 2610 Simili
2263 2557 2423 2610 modo
2451 2557 2694 2610 invenies
2720 2557 2885 2609 etiam
2915 2556 2980 2609 de
3011 2556 3221 2625 azymis
3246 2565 3302 2610 et
3327 2556 3393 2609 de
3418 2555 3632 2610 caeteris

2049 2650 2313 2703 festorum
2349 2648 2561 2702 dierum
2600 2648 2967 2703 observantiis
2998 2648 3289 2716 scriptum.
3323 2646 3459 2713 Quia
3500 2664 3634 2717 ergo

2047 2742 2164 2797 hzec
2195 2742 2377 2796 omnia
2409 2741 2510 2796 sub
2550 2741 2687 2810 legis
2728 2739 2886 2794 titulo
2924 2740 3240 2795 scribuntur
3282 2740 3335 2795 in
3384 2740 3500 2809 lege
3530 2757 3628 2795 ne-

2047 2835 2311 2899 cessaria,
2352 2834 2476 2902 quia
2519 2833 2603 2889 lex
2644 2848 2740 2903 per
2785 2840 3108 2903 praesentem
3153 2833 3402 2887 umbram
3446 2833 3629 2888 futura

2048 2930 2194 2982 bona
2232 2930 2501 2999 designat,
2553 2928 2836 2996 requirere
2891 2928 3063 2982 debeo
3100 2943 3221 2997 qua:
3275 2928 3390 2981 sint
3433 2942 3629 2998 azyma

2049 3022 2357 3077 futurorum
2413 3022 2720 3088 bonorum,
2774 3032 2828 3077 et
2875 3022 3094 3076 invenio
3154 3021 3428 3076 dicentem
3495 3024 3630 3078 mihi

358 3122 1261 3189 dill‘erentiasindidisset,utaliud
1279 3120 1473 3190 delege
1490 3117 1940 3181 Dominidiceret,
1973 3140 2015 3197 α
2050 3112 2369 3184 Aposmlum
2427 3113 2495 3178 ⁸⁸,
2530 3123 2591 3166 ut
2633 3113 2775 3166 diem
2819 3112 3014 3167 festum
3062 3127 3312 3181 agamus,
3366 3130 3384 3163 ι
3426 3128 3530 3167 non
3577 3115 3629 3167 in

361 3215 505 3268 aliud
540 3214 606 3267 de
636 3213 915 3279 mandato,
962 3213 1108 3267 aliud
1159 3213 1226 3266 de
1250 3209 1763 3279 justiﬂcationibus,
1800 3210 1945 3263 aliud

360 3303 697 3371 dejudiciis.
736 3303 834 3358 Est
855 3318 1008 3375 ergo,
1062 3314 1120 3357 ut
1163 3318 1231 3357 ex
1281 3303 1365 3357 his
1399 3301 1765 3365 ostendimus,
1796 3300 1943 3353 aliud

360 3397 469 3461 lex,
521 3397 666 3450 aliud
722 3405 1073 3466 praeceptum,
1132 3395 1278 3448 aliud
1331 3392 1745 3455 testimonium,
1793 3391 1943 3445 aliud

353 3486 696 3555 justiticatio,
736 3487 883 3541 aliud
909 3486 1194 3555 judicium.
1230 3484 1336 3539 Sed
1363 3492 1417 3539 et
1448 3484 1503 3536 in
1532 3482 1646 3551 ipsa
1674 3481 1792 3551 lege
1826 3481 1943 3534 evi-

357 3580 579 3634 dentior
618 3579 815 3634 horum
846 3575 1154 3632 diﬂ‘erentia
1195 3575 1527 3644 designatur,
1569 3573 1660 3627 ubi
1696 3573 1894 3626 dicitur
1924 3588 1939 3625 :

352 3672 478 3727 Haec
508 3680 592 3727 est
620 3671 728 3735 lex,
763 3678 818 3726 et
847 3671 1122 3735 mandata,
1156 3678 1211 3722 et
1236 3664 1681 3735 justiticationes,
1715 3672 1771 3717 et
1800 3675 1943 3730 prae-

355 3774 535 3834 cepta,
588 3774 644 3819 et
700 3762 1031 3826 testimonia,
1086 3769 1141 3815 et
1202 3759 1431 3829 judicia,
1496 3770 1619 3826 quae
1682 3755 1942 3824 praecepit

358 3859 623 3914 Dominus
659 3856 853 3927 Moysi.
887 3856 1020 3908 tium
1056 3866 1188 3923 ergo
1230 3851 1346 3905 huzc
1403 3850 1474 3903 ita
1522 3862 1581 3901 se
1631 3845 1853 3910 habere,
1887 3855 1942 3898 et

424 4022 472 4054 “
511 4022 661 4075 Vers.
693 4020 842 4074 8-H.
919 4018 964 4050 ⁸⁵
998 4016 1161 4071 llebr.
1196 4030 1249 4079 κ,
1282 4013 1368 4066 i2.
1445 4011 1491 4043 ⁸⁸
1515 4010 1687 4064 Exod.
1717 4024 1816 4071 xu,
1845 4007 1935 4060 45.

429 4164 541 4237 (tu)
584 4163 738 4237 Hauc
770 4177 892 4232 ergo
928 4160 1089 4237 legem
1128 4156 1397 4237 observari
1443 4155 1607 4210 etiam
1634 4152 1931 4237 secundum

358 4225 598 4289 litteram
655 4234 789 4287 sicut
830 4225 879 4285 Et
919 4225 1028 4283 alia
1065 4227 1342 4289 nonnulla,
1386 4225 1738 4279 necessarium
1782 4232 1929 4289 puto.

357 4304 655 4359 Cotelerins
687 4305 738 4356 in
777 4302 870 4355 lib.
920 4316 957 4355 tt
1003 4296 1231 4352 Constit.
1273 4305 1469 4364 apost.,
1511 4308 1631 4364 cap.
1681 4291 1936 4364 35,}th

358 4375 571 4431 erudite
612 4375 835 4429 adnotat
886 4386 1008 4439 pag.
1037 4368 1181 4422 248:
1222 4385 1239 4418 ι
1274 4361 1651 4439 Veterislegis
1684 4361 1933 4439 decimae,

356 4445 607 4509 δεκάδαι,
666 4433 1172 4515 δευτεροδεδῖᾀδαιη
1202 4433 1612 4515 τςῖωχοδξξεάδαι
1675 4433 1754 4514 (ut
1809 4447 1935 4515 cum

362 4498 692 4586 Hieronymo
737 4498 929 4586 ltiqhar
969 4498 1377 4586 cit-ca'iuitiuih
1414 4507 1507 4586 lib_.
1558 4504 1745 4584 le.in
1778 4498 1933 4586 Ἐτε-

359 4572 637 4658 εΙιὶειεηῖ),
698 4572 980 4658 pritititize,
1012 4580 1349 4658 portiones,
1404 4572 1704 4656 voluntaria
1759 4574 1931 4651 dona,

362 4644 977 4721 ministe'ria,'victitna:,
1007 4644 1238 4721 fructus,
1289 4657 1436 4709 vota,
1480 4644 1776 4721 primitiva,
1826 4644 1938 4709 pri-

362 4716 991 4795 mogenita,'omu_esque
1015 4718 1322 4795 oblationes
1347 4731 1411 4771 ac
1436 4716 1724 4795 pensiones
1746 4727 1937 4795 “sacrae

360 4782 486 4851 duo"
508 4782 1015 4864 complectebantur
1055 4806 1069 4844 :
1118 4789 1374 4864 nimirum
1424 4782 1670 4864 naturale
1711 4782 1933 4862 aliquid,

360 4876 415 4922 et
442 4853 648 4935 aliquid
678 4864 821 4934 quod
842 4869 1044 4935 vocant
1074 4855 1494 4935 positivutn..Ad
1525 4866 1782 4935 naturam
1824 4853 1938 4935 sive

362 4938 428 4991 ad
487 4921 711 4991 re'ctam'
751 4933 1029 4987 rationem.
1069 4921 1359 4997 moresque
1404 4927 1572 4997 bonos
1634 4921 1939 4994 pertinebat

362 5008 536 5061 sacris
569 5005 913 5075 operantium
928 5014 995 5075 et
1019 4996 1336 5075 paupertate
1366 4996 1687 5075 alllictorutn
1715 5000 1935 5075 susten:

361 5078 496 5132 tatio
538 5068 634 5146 pe'r
672 5073 936 5146 ejusmodi
987 5068 1340 5146 collationes;
1397 5068 1637 5135 positqu
1693 5078 1825 5146 vero
1882 5070 1938 5116 et

362 5135 765 5215 certis'reguhs
795 5159 823 5196 a
863 5140 1437 5215 Deogdeterminatum
1479 5146 1601 5215 erat
1642 5135 1933 5215 reliquum.

362 5219 540 5287 Atque
585 5205 869 5287 posteriori
893 5212 1128 5287 quidem
1163 5224 1267 5287 per
1291 5223 1506 5287 novum.
1526 5205 1933 5287 Testamentum

364 5274 647 5354 abrogato,
684 5286 833 5355 prius
854 5274 1061 5355 obligat
1080 5274 1265 5355 getiam
1305 5278 1648 5355 Christianos
1670 5293 1683 5327 :
1707 5274 1821 5355 -qui
1853 5281 1934 5355 te.

366 5343 593 5422 nentur,
629 5343 746 5410 sive
774 5354 950 5407 dando
969 5343 1222 5406 vdecimas
1256 5361 1313 5403 et
1339 5348 1637 5422 primitias,
1675 5346 1790 5398 sive
1815 5343 1936 5422 .aliu

363 5444 472 5498 quo
497 5412 751 5481 Ecclesiae
781 5426 952 5498 visum
980 5412 1353 5498 l‘tterit‘modo,‘
1374 5412 1701 5498 clericorum
1725 5425 1785 5498 et
1815 5412 1933 5465 ino-

365 5484 488 5568 pum
515 5496 926 5552 necessitatibus
947 5492 1256 5568 subvenire.
1286 5488 1421 5568 [line
1447 5484 1937 5568 iuterdunt‘Patres

364 5555 432 5623 de
455 5570 680 5623 decimis
716 5576 977 5634 tanquam
1007 5561 1224 5634 abolitis
1266 5561 1560 5623 disserunt,
1612 5568 1668 5634 ut
1701 5555 1937 5634 Epipha-

366 5642 486 5692 nius
509 5641 706 5693 hteres.
738 5637 793 5700 8,
821 5624 940 5705 cap.
975 5636 1029 5698 6,
1061 5642 1118 5686 et
1153 5632 1587 5705 Chrysostomus
1614 5624 1811 5705 homil.
1839 5624 1931 5689 74,

366 5711 419 5764 in
447 5709 756 5764 hlatthteum
782 5697 804 5760 ἐ
846 5697 1115 5759 interdum
1144 5716 1249 5757 non
1270 5697 1527 5755 sublatas
1565 5697 1731 5751 fuisse
1755 5697 1930 5758 aiunt,

368 5794 422 5833 ut
454 5784 569 5836 tusc
595 5779 856 5849 Origenes
888 5775 1073 5832 homil.
1104 5774 1189 5839 il,
1230 5773 1282 5827 in
1318 5770 1609 5837 Numeros,
1640 5768 1731 5821 ubi
1756 5766 1933 5822 cousi-

2014 4004 2057 4036 ⁸⁷
2088 4002 2127 4055 I.
2167 4001 2293 4055 Cor.
2335 4014 2390 4061 v,
2431 3998 2485 4050 7.

2049 3204 2318 3258 termento
2352 3203 2545 3267 veteri,
2578 3217 2756 3272 neque
2790 3203 2845 3257 in
2894 3201 3163 3257 fermento
3210 3201 3430 3257 malitiae
3457 3214 3508 3259 et
3538 3218 3633 3256 ne-

2051 3294 2257 3364 quitize,
2292 3294 2461 3349 sedin
2494 3293 2702 3363 azymis
2723 3291 3056 3346 sinceritatis
3081 3300 3133 3344 et
3167 3289 3439 3346 veritatis.
3464 3309 3482 3343 ι
3522 3291 3630 3347 Sed

2051 3395 2107 3440 et
2134 3385 2200 3438 de
2230 3383 2650 3438 circumcisione
2677 3382 2941 3452 scriptum
2970 3390 3055 3436 est
3093 3403 3105 3436 :
3134 3380 3258 3435 "(BC
3294 3389 3377 3435 est
3405 3381 3488 3434 lex
3522 3382 3632 3435 cir-

2051 3477 2423 3532 cumcisionis.
2476 3474 2614 3542 Quia
2659 3489 2791 3544 ergo
2840 3480 2894 3525 et
2940 3473 3292 3527 circumcisio
3350 3473 3451 3527 sub
3499 3474 3632 3542 legis

2053 3571 2209 3624 titulo
2234 3576 2512 3634 censetur,
2546 3566 2630 3620 lex
2665 3576 2847 3621 autem
2883 3564 3072 3618 umbra
3115 3573 3218 3630 est,
3271 3577 3460 3632 quer
3496 3564 3630 3631 quid

2050 3655 2492 3711 circumcisionis
2506 3654 2695 3707 umbra
2712 3655 2976 3707 bonorunt
3000 3653 3278 3707 contineat
3299 3651 3632 3717 futurorum,

2053 3765 2118 3804 ne
2146 3749 2284 3803 forte
2310 3748 2452 3802 dicat
2479 3746 2611 3800 ntihi
2642 3746 2694 3799 in
2723 3745 2918 3799 umbra
2967 3743 3409 3799 circumcisionis
3452 3744 3632 3813 posito

2052 3841 2249 3896 Paulus
2272 3841 2317 3872 ⁸⁹
2352 3858 2364 3893 :
2401 3859 2419 3892 ι
2454 3838 2589 3906 Quia
2611 3839 2655 3893 si
2681 3837 3176 3902 circuntcidatnini,
3202 3835 3459 3893 Christus
3479 3837 3632 3891 vobis

2561 3996 2608 4027 ⁸⁸
2646 3995 2775 4049 ibid.
2818 3996 2873 4050 8.
2952 3994 2996 4027 ”
3025 3994 3203 4050 Gnlztt.
3226 4009 3280 4057 v,
3310 3994 3364 4047 2.

2039 4146 2244 4200 utiliter
2270 4142 2520 4207 διαταγεῖ
2548 4136 2771 4192 adhibet
2805 4134 3175 4207 testimonium
3212 4132 3412 4207 Matth.
3436 4147 3492 4207 v,
3533 4133 3629 4199 21,

2040 4226 2097 4271 et
2124 4214 2302 4270 obiter
2325 4201 2750 4279 Chrysostomus
2772 4204 3357 4279 orationcﬁﬁtdversus
3382 4201 3628 4279 Judaefs,

2043 4296 2208 4354 atque
2248 4272 2920 4354 pseudoTChrysostomus
2959 4272 3263 4354 PUNMJHII.
3321 4287 3490 4354 χχιιι,
3537 4272 3630 4354 ῼὸ.

2045 4342 2317 4410 Praeter-ea
2347 4351 2413 4404 ad
2442 4342 2681 4403 decim'as
2705 4346 2815 4401 Deo
2856 4344 3212 4410 ecclesiisque
3236 4342 3631 4412 persolvendas

2043 4426 2307 4480 habemus
2353 4418 2772 4474 exhortationes
2811 4415 2913 4469 SS.
2956 4413 3255 4475 Ambrosii,
3313 4412 3629 4481 Augustini,

1970 4483 2014 4538 Ῑ)
2050 4506 2104 4550 et
2132 4494 2385 4547 aliorum.
2429 4488 2625 4542 Demos
2666 4496 2811 4549 tunc,
2856 4486 3031 4554 inquit
3075 4492 3280 4552 martyr
3323 4482 3631 4554 Cyprianus

2051 4567 2104 4619 in
2138 4563 2245 4616 line
2273 4569 2536 4616 tractatus
2573 4557 2645 4610 De
2676 4557 2880 4610 unitate
2912 4551 3183 4614 Ecclesite,
3218 4551 3265 4605 et
3315 4551 3510 4619 fundos
3546 4569 3631 4604 re-

2044 4635 2352 4688 nuntiabant
2381 4672 2395 4695 ,
2445 4639 2492 4681 et
2541 4633 2817 4680 thesauros
2873 4627 2974 4679 sibi
3030 4627 3086 4677 in
3128 4623 3629 4695 cteloireponentes,

2041 4692 2408 4757 distribueuda
2449 4700 2504 4752 iu
2552 4714 2681 4751 usus
2741 4698 3091 4765 indigentium
3150 4694 3317 4765 pretia
3373 4692 3630 4765 apostolis

2041 4775 2354 4844 offerebant.
2384 4772 2453 4823 At
2490 4784 2627 4844 nunc
2670 4768 2741 4844 de
2784 4762 3107 4844 patrimonio
3146 4780 3237 4817 nec
3270 4762 3500 4841 decimus
3525 4763 3631 4813 da-

2040 4832 2202 4907 nius;
2230 4853 2423 4896 etcum
2464 4840 2684 4893 vendere
2713 4836 2898 4907 jubeat
2952 4836 3233 4896 Dominus,
3270 4832 3492 4907 emimus
3528 4847 3631 4907 po-

2041 4917 2146 4968 tius
2183 4901 2239 4966 et
2278 4927 2554 4974 augemus.
2601 4907 2668 4960 Et
2713 4901 2780 4960 Β.
2836 4906 3197 4974 Hieronymus
3238 4901 3632 4974 ad_Malachia:

2047 4929 2146 4968 ηιω
2190 4929 2239 4966 ει
2278 4929 2554 4965 amemus.
2601 4929 2668 4960 LI.
2722 4929 2780 4960 ι).
2836 4929 3197 4974 ntermtymus
3238 4929 3303 4955 au
3349 4929 3623 4954 ινιίιιιιυιιιδε

2047 5000 2168 5053 cap.
2205 4998 2261 5037 ιιι
2288 5001 2300 5035 :
2335 4929 2486 5045 dum!
2510 4980 2574 5032 de
2596 4979 2811 5053 decimis
2841 4976 3191 5053 primitiisque
3220 4971 3623 5053 dixi'nnts,_qu.tt:

2042 5039 2169 5108 oli'm
2220 5039 2492 5106 daba'utur
2523 5067 2553 5102 a
2589 5048 2782 5115 papula
2822 5039 3183 5100 sacerdotibus
3228 5059 3290 5095 ac
3326 5039 3542 5104 Levitis,
3570 5039 3629 5093 in

2041 5126 2297 5179 Ecclesia:
2316 5117 2751 5192 quoqueipopulis
2774 5116 3072 5192 iutelligite,
3094 5115 3283 5192 quibus
3304 5122 3627 5192 prceceptum

2039 5208 2133 5258 est,
2168 5209 2268 5247 non
2301 5183 2470 5244 solum
2500 5183 2733 5242 decimas
2763 5194 2890 5240 dare
2916 5183 2963 5238 et
2987 5183 3272 5258 primitias,
3304 5183 3394 5234 sed
3421 5191 3470 5233 et
3507 5194 3629 5257 ven-.-

2039 5254 2162 5318 dere
2192 5263 2367 5317 omnia
2393 5277 2510 5329 qua:
2538 5262 2750 5322 habent,
2782 5270 2835 5329 et
2859 5259 2988 5329 dare
3021 5254 3362 5329 pauperibus,
3400 5259 3449 5329 e_t
3474 5254 3623 5316 sequi

2041 5335 2328 5388 Dominum
2388 5319 2743 5384 Sulvatorem.
2803 5326 2955 5392 Quod
3011 5319 3054 5377 si
3118 5332 3291 5393 [acere
3342 5319 3627 5396 uelum-us,

2038 5405 2226 5458 saltem
2266 5403 2584 5455 Judtzot'um
2630 5387 2901 5452 imitentur
2933 5387 3265 5465 exordia,ut
3303 5387 3627 5465 pauperibus

2042 5454 2481 5541 parteiuidemus
2533 5485 2595 5522 ex
2644 5479 2774 5541 toto,
2820 5479 2866 5520 et
2914 5454 3276 5519 sacerdotibus
3327 5475 3389 5511 ac
3431 5454 3627 5509 Levitis

2014 5536 2299 5598 "honorem
2333 5541 2566 5595 debitum
2593 5538 2915 5607 deferamus.
2964 5556 2983 5587 ι

2111 5594 2470 5683 (ll-)V‘Otnnes
2494 5594 2671 5664 codd:
2703 5624 2833 5663 mss.
2875 5624 2894 5656 ι
2935 5605 3178 5660 omnino.
3222 5618 3241 5651 ι
3276 5596 3432 5651 Libb.
3470 5594 3627 5661 editi,

2046 5706 2063 5738 ι
2108 5686 2358 5739 Domino.

2110 5737 2451 5827 (refectis;
2489 5753 2705 5811 Belvac.
2750 5768 2769 5800 ι
2811 5748 2863 5801 in
2901 5758 3003 5801 ove
3036 5742 3126 5798 illa
3160 5737 3453 5807 corporali.
3495 5753 3516 5789 ι
