4134 6382
509 334 618 390 6-35

509 453 643 510 nihil
688 448 932 522 proderit
969 464 982 508 ;
1018 465 1036 498 ο
1079 457 1108 497 e

511 543 801 600 manifesto
839 541 890 592 iu
919 551 1087 591 carne
1110 543 1194 587 est
1219 529 1593 592 circumcisio,
1626 529 1714 581 illa
1749 523 2102 581 circumcisio

507 650 610 702 est,
650 649 828 702 neque
864 632 954 701 qui
991 630 1046 682 iu
1090 628 1382 682 manifesto
1435 626 1488 679 iu
1531 638 1699 678 carne
1729 621 1952 675 Judreus
1991 627 2100 679 est,

506 733 602 784 sed
651 729 742 798 qui
772 729 826 782 in
885 724 1103 780 occulto
1169 722 1390 778 Judzeus
1451 728 1536 774 est
1584 737 1598 773 :
1647 727 1703 772 et
1747 711 2101 769 circumcisio

507 823 689 877 cordis
730 822 783 874 in
828 819 1049 888 spiritu,
1097 832 1204 871 non
1258 816 1465 873 littera.
1508 811 1667 877 cuius
1717 811 1838 862 laus
1871 821 1981 860 non
2032 819 2100 860 ex

506 915 847 976 hominibus,
874 915 969 966 sed
1001 925 1068 965 ex
1101 911 1212 962 Deo
1239 917 1345 962 est.
1378 927 1395 958 ι
1429 905 1554 959 lla-c
1584 919 1716 972 ergo
1741 900 1958 970 singula
1982 914 2102 968 quae

508 1020 855 1076 nequaquam
889 1004 1112 1071 penitus
1141 999 1440 1056 secumlum
1475 999 1717 1051 litteram
1749 994 2100 1048 observanda

508 1106 643 1160 dicit
673 1100 985 1172 Apostolus,
1013 1098 1257 1151 invenies
1292 1096 1472 1149 omnia
1523 1093 1641 1145 lere
1681 1091 1823 1159 apud
1877 1089 2098 1160 Moysen

510 1201 611 1254 sub
664 1197 802 1267 legis
863 1194 1015 1249 titulo
1059 1191 1357 1260 designari.
1410 1187 1527 1241 Jam
1578 1201 1706 1262 vero
1767 1186 1820 1238 itt
1889 1199 1956 1237 eo
2010 1183 2100 1236 ubi

510 1295 641 1347 dicit
696 1292 763 1353 9‘,
810 1308 828 1340 ‹
863 1287 976 1341 Non
1025 1285 1264 1347 occides,
1333 1297 1438 1334 non
1490 1278 1823 1331 adulterium
1882 1275 2053 1329 facies
2085 1314 2099 1338 ,

514 1401 620 1438 non
681 1381 978 1442 l'uraheris,
1019 1397 1037 1429 ι
1091 1385 1146 1430 et
1191 1375 1396 1442 reliqua
1460 1369 1807 1436 hujusmodi,
1859 1385 1962 1420 non
2013 1368 2098 1420 in-

513 1477 732 1537 venies,
779 1473 1037 1541 quoniam
1088 1468 1224 1537 legis
1275 1467 1326 1517 in
1375 1463 1441 1517 iis
1481 1463 1701 1514 titulum
1746 1459 2098 1528 praemiserit,

514 1568 607 1621 sed
671 1565 846 1634 magis
903 1564 1017 1615 hinc
1069 1557 1326 1612 mandata
1374 1555 1653 1614 videntur,
1711 1562 1764 1606 et
1823 1553 1945 1605 ideo
1995 1566 2100 1604 non

512 1657 829 1709 exinartitur
891 1650 1032 1721 apud
1105 1645 1399 1713 discipulos
1470 1643 1753 1714 Evangelii
1833 1644 2100 1710 scriptura

515 1753 640 1809 ista,
671 1748 762 1803 sed
793 1743 1156 1812 adimpletur:
1185 1740 1334 1807 quia,
1367 1748 1424 1792 ut
1449 1737 1583 1802 dixi,
1614 1753 1720 1790 non
1759 1738 2102 1798 mandatum,

520 1843 613 1896 sed
643 1843 722 1893 lev
755 1839 956 1891 habere
977 1831 1439 1885 diciturnmbram
1468 1825 1774 1882 futurorum
1811 1828 2101 1890 bonorum;

511 1944 568 1988 et
605 1933 725 1985 ideo
774 1931 888 1983 haec
935 1926 1092 1980 nobis
1122 1923 1423 1977 scentulum
1464 1921 1707 1974 litteram
1745 1920 2104 1974 custodienda

511 2036 659 2083 sunt.
705 2024 838 2078 Item
872 2019 1040 2074 alibi:
1085 2035 1104 2068 ι
1140 2015 1329 2078 .luste,
1379 2013 1555 2082 inquit
1597 2013 1672 2074 ",
1710 2021 1924 2066 sectare
1965 2015 2106 2078 quod

508 2122 713 2190 justum
746 2123 850 2171 est.
883 2132 900 2163 ι
946 2109 1084 2176 Quid
1119 2122 1256 2175 epus
1278 2117 1364 2160 est
1407 2106 1458 2159 in
1496 2105 1582 2159 bis
1609 2104 1924 2172 allegoriam
1946 2104 2107 2174 305

512 2224 783 2281 qumrcre,
830 2220 954 2259 cum
1005 2199 1238 2254 :edificet
1286 2199 1450 2252 etiam
1495 2197 1718 2251 littera?
1758 2195 2109 2251 Ostendimus

515 2318 647 2374 ergo
685 2313 804 2355 esse
836 2295 1085 2364 quaedam
1120 2307 1240 2360 qme
1277 2289 1505 2343 omnino
1535 2304 1640 2342 non
1677 2298 1800 2343 sunt
1840 2291 2106 2344 servanda

514 2392 812 2447 secundum
849 2385 1084 2439 litteram
1123 2381 1277 2450 legis,
1311 2389 1367 2434 et
1397 2394 1518 2434 esse
1541 2381 1794 2449 quazdam
1823 2396 1945 2450 quae
1978 2379 2108 2434 alle-

514 2485 663 2555 goria
692 2480 906 2553 penitus
939 2479 1226 2532 imnmtare
1284 2487 1392 2527 non
1438 2472 1621 2536 debet,
1671 2472 1765 2527 sed
1798 2471 2109 2526 omnimode

516 2578 590 2632 ita
624 2585 680 2629 ut
709 2571 1006 2641 Scriptura:
1035 2569 1099 2622 de
1127 2568 1195 2620 iis
1228 2569 1511 2620 continent
1551 2563 1890 2618 observanda
1923 2572 2051 2617 sunt
2087 2579 2103 2615 :

519 2681 661 2720 mmc
693 2663 910 2731 requiro
932 2660 975 2714 si
1004 2668 1130 2713 sunt
1151 2655 1331 2724 aliqua
1369 2669 1489 2724 qure
1517 2663 1574 2708 et
1621 2654 1917 2708 secundum
1959 2653 2109 2707 litte-

517 2770 634 2808 ram
672 2752 888 2822 quidem
924 2758 1068 2801 stare
1099 2745 1324 2814 possint,
1362 2740 1676 2796 necessario
1705 2747 1886 2792 tamen
1932 2739 1986 2790 in
2029 2739 2109 2792 eis

515 2847 685 2898 etiam
721 2842 1032 2912 allegoriam
1070 2837 1476 2907 requirendam.
1511 2832 1576 2886 Et
1601 2831 1726 2884 vide
1749 2830 1792 2884 si
1819 2843 2110 2899 possumus

516 2938 634 2994 lucc
686 2934 980 3005 apostolica
1037 2940 1093 2986 et
1141 2927 1452 3000 evangelica
1500 2922 1822 2978 auctoritate
1871 2926 2106 2979 munire.

515 3029 791 3098 Scriptum
823 3036 910 3081 est
953 3025 1006 3079 in
1059 3024 1174 3094 lege
1206 3021 1252 3054 ”
1288 3038 1301 3074 :
1343 3037 1362 3071 ς
1413 3018 1639 3089 PrOpter
1686 3020 1790 3076 hoc
1844 3019 2112 3088 relinquet

514 3121 682 3176 homo
705 3127 914 3188 patrem
945 3125 999 3170 et
1032 3122 1284 3170 matrem.
1319 3118 1374 3164 et
1420 3111 1718 3166 adhaerebit
1765 3112 1919 3166 uxori
1975 3126 2105 3173 suae,
2139 3135 2182 3191 ο

515 3221 753 3267 cteruut
785 3211 892 3265 duo
923 3209 976 3263 in
1012 3220 1177 3261 carne
1219 3218 1348 3256 una.
1390 3223 1410 3256 ι
1467 3204 1589 3260 II'J'C
1628 3204 1771 3275 quod
1815 3203 2110 3276 allegorica

513 3303 775 3376 mysteria
834 3299 1177 3365 contineant,
1213 3297 1439 3361 Paulus,
1473 3311 1594 3350 cum
1630 3297 1682 3350 in
1727 3297 1968 3365 Epistola
2016 3311 2112 3348 sua

516 3397 622 3451 hoc
679 3385 852 3463 ipsum
905 3390 1178 3460 posuisset
1239 3388 1586 3458 exemplum,
1653 3388 1972 3456 pronuntiat
2030 3387 2115 3440 di-

514 3503 647 3543 cens
679 3485 727 3517 "
764 3503 778 3540 :
823 3503 841 3537 ι
884 3483 1197 3556 Mysterium
1228 3485 1331 3538 hoc
1358 3495 1618 3549 magnum
1652 3488 1756 3542 est,
1788 3494 1890 3548 ego
1932 3487 2114 3531 autem

520 3580 642 3634 dico
675 3577 727 3632 in
750 3577 993 3640 Christo,
1029 3585 1083 3629 et
1107 3577 1158 3630 in
1188 3574 1452 3630 Ecclesia.
1495 3589 1514 3621 ι
1541 3568 1694 3634 Quod
1730 3579 1911 3623 autem
1951 3582 2115 3635 opor-

523 3682 637 3726 teat
672 3673 774 3727 hoc
804 3671 969 3726 etiam
1014 3669 1310 3723 scentulum
1361 3664 1597 3717 litteram
1653 3661 1945 3725 custodiri,
2001 3660 2116 3728 ipse

521 3764 782 3818 Dominus
812 3771 867 3815 et
914 3759 1167 3814 Salvator
1203 3759 1382 3821 docet,
1437 3757 1630 3810 dicens
1649 3755 1698 3788 ³⁵
1733 3771 1748 3808 :
1784 3772 1804 3806 ι
1843 3751 2115 3820 Scriptum

519 3863 626 3917 cst,
653 3854 881 3921 Propter
910 3852 1014 3906 hoc
1049 3849 1319 3917 relinquet
1346 3850 1510 3904 homo
1535 3857 1743 3917 patrem
1773 3854 1823 3901 et
1861 3852 2116 3910 matrem,

518 3958 579 4001 et
608 3946 907 4000 adlucrebit
935 3944 1088 3998 uxori
1118 3959 1249 4007 sine,
1278 3954 1332 4000 et
1361 3950 1522 3999 erunt
1568 3942 1674 3994 duo
1707 3939 1760 3992 in
1799 3950 1965 3992 carne
1989 3950 2116 3989 una.

519 4037 680 4105 Quod
733 4051 863 4103 ergo
913 4037 1058 4089 Deus
1101 4032 1407 4102 conjunxit,
1465 4033 1626 4086 homo
1668 4046 1774 4084 non
1817 4036 2055 4096 separet.
2095 4046 2114 4077 ι

528 4131 593 4186 Ει
623 4129 862 4186 ostendit
895 4127 1082 4196 utique
1110 4125 1448 4180 observanda
1501 4137 1622 4178 esse
1661 4123 1776 4176 lucc
1819 4120 1982 4174 etiam
2034 4133 2121 4172 se-

524 4222 762 4276 cundum
786 4219 1047 4281 litteram,
1089 4232 1210 4271 cum
1261 4215 1495 4284 adjicit:
1532 4230 1551 4264 ‹
1599 4211 1751 4279 Quod
1800 4225 1931 4278 ergo
1982 4207 2121 4262 Deus

524 4313 826 4381 conjunxit,
884 4312 1047 4366 homo
1099 4325 1204 4364 non
1263 4316 1497 4378 separet.
1556 4324 1574 4356 ι
1642 4303 1748 4358 Sed
1802 4312 1859 4356 et
1905 4301 1958 4354 in
2000 4299 2122 4353 aliis

524 4404 814 4475 Apostolus
849 4401 939 4457 ubi
974 4402 1105 4457 dicit
1135 4402 1206 4464 ⁸³,
1243 4418 1262 4451 ι
1309 4397 1437 4468 quia
1473 4395 1750 4451 Abraham
1792 4394 1930 4446 duos
1981 4390 2120 4446 lilios

525 4496 734 4558 habuit,
772 4509 936 4548 unum
967 4494 1033 4547 de
1063 4463 1277 4554 ancilla,
1315 4463 1370 4546 et
1395 4505 1559 4545 unum
1595 4487 1663 4542 de
1696 4485 1893 4547 libera,
1928 4503 1946 4536 ι
1993 4481 2116 4550 quis
2151 4481 2194 4535 D
2221 4463 2375 4536 βυιοε

527 4586 736 4641 dubitat
763 4587 877 4640 haec
905 4587 1203 4640 secundum
1247 4585 1484 4639 litteram
1518 4589 1667 4634 stare
1710 4575 1946 4632 debere?
1985 4575 2118 4629 Cer-

531 4692 642 4734 tum
669 4693 752 4734 est
786 4680 954 4741 enim,
986 4680 1109 4748 quia
1140 4692 1191 4735 et
1224 4680 1373 4734 lsaac
1411 4679 1476 4731 de
1512 4672 1674 4736 Sara,
1722 4680 1776 4723 et
1816 4665 2007 4722 Ismael
2048 4665 2115 4720 de

528 4773 674 4842 Agar
705 4773 795 4826 lilii
828 4769 1029 4826 fuerint
1058 4773 1308 4826 Abrahae.
1339 4769 1502 4823 Addit
1536 4776 1715 4820 tamen
1763 4762 1829 4816 iis
1871 4763 2115 4828 Aposto-

528 4864 633 4930 lus,
673 4875 730 4918 ct
774 4864 908 4919 dicit
936 4865 982 4896 ⁸⁷
1018 4883 1032 4920 :
1069 4883 1088 4917 ι
1128 4865 1254 4921 lhec
1307 4871 1487 4918 autem
1546 4865 1673 4912 sunt
1733 4851 2049 4922 allegorica,
2091 4866 2109 4900 ι

525 4974 649 5026 quae
675 4959 726 5012 in
763 4960 868 5015 duo
903 4969 1221 5014 testamenta
1267 4953 1565 5016 convertit,
1607 4957 1664 5003 et
1699 4947 1852 5001 Sara:
1896 4943 2115 5012 quidem

527 5049 767 5102 sobolem
805 5059 1060 5119 tanquam
1106 5051 1158 5104 in
1194 5051 1505 5104 libertatem
1535 5038 1808 5113 gignentis
1841 5036 1962 5090 novi
2003 5032 2117 5086 Te-

531 5142 787 5195 stameuti
815 5140 1018 5194 liberos
1049 5141 1214 5203 dicit;
1251 5139 1594 5205 Agat-autem
1629 5140 1888 5196 tanquam
1923 5125 1974 5177 in
2007 5138 2122 5177 scr-

529 5235 752 5287 vitutem
800 5233 1109 5302 generantia
1157 5244 1387 5286 terrena:
1453 5224 1751 5281 Jerusalem
1826 5220 1965 5273 lilios
2029 5235 2125 5270 no-

534 5325 775 5380 minavit.
812 5325 1182 5388 Ostendimus,
1224 5330 1282 5374 ut
1313 5321 1527 5388 opinor,
1591 5313 1916 5364 auctoritate
1964 5307 2124 5362 Scri-

527 5428 701 5484 ptura;
722 5418 940 5481 divinar,
971 5417 1130 5470 exiis
1160 5429 1280 5484 quae
1317 5412 1368 5465 in
1416 5411 1534 5478 lege
1578 5404 1778 5470 scripta
1829 5409 1976 5464 sum,
2025 5398 2123 5450 ali-

530 5529 638 5580 qua
673 5514 887 5581 penitus
912 5511 1228 5582 refugienda
1260 5522 1380 5562 esse
1416 5514 1469 5557 et
1498 5497 1761 5560 cavenda,
1818 5509 1884 5548 ne
1926 5505 2122 5546 secun—

608 5654 654 5684 ⁹⁹
689 5652 842 5705 Rom.
869 5667 930 5713 ll,
966 5649 1060 5709 28.
1089 5649 1182 5701 ‘29.

537 5737 651 5788 XIX,
690 5722 723 5774 5
754 5731 809 5773 et
842 5711 927 5774 6.7
989 5720 1034 5750 ⁹⁶
1064 5718 1201 5788 Gal.
1232 5711 1453 5788 _tv._2‘2.

536 5783 648 5847 21..
707 5793 726 5823 ³
754 5791 884 5846 ibid.
915 5789 1007 5842 2‘2.
1087 5791 1107 5819 "
1135 5786 1264 5842 ibid.
1293 5783 1382 5836 27.

1259 5645 1302 5676 9‘
1341 5644 1498 5695 ltom.
1538 5652 1657 5697 xm,
1693 5634 1746 5687 9.

1563 5709 1604 5739 θτ
1644 5705 1774 5759 ibid.
1805 5703 1893 5756 9.4.

1984 303 2308 361 ()liIGENlS

1115 440 1293 495 tillud
1327 435 1378 472 "
1409 454 1422 490 :
1459 455 1475 486 ι
1515 435 1630 488 Non
1682 437 1826 489 enim
1880 449 2002 503 qua:
2043 433 2094 483 iu
2131 437 2172 488 Α
2204 427 2330 478 dum
2355 423 2590 477 litteram
2637 417 2706 472 ab
2752 415 3026 485 Evangelii
3073 411 3357 481 discipulis
3399 411 3796 470 observentur;

1849 5633 1893 5663 9’
1925 5629 1943 5682 Ι
1975 5628 2115 5682 Tim.
2150 5637 2226 5683 Vt,
2263 5619 2349 5672 Η.

1849 5703 1893 5750 l.
2003 5696 2090 5750 "l
2119 5694 2245 5748 Cor.
2279 5705 2349 5742 Ix.

2166 5709 2245 5748 υἷ’.
2279 5705 2353 5742 IX.

3690 291 3796 346 lii-5

2207 517 2454 584 qum-dam
2492 527 2622 567 vero
2649 511 2961 565 omnimode
2989 519 3047 561 ut
3070 509 3271 576 scripta
3307 512 3433 556 sunt
3463 500 3796 562 obtinenda;

2205 609 2308 659 alia
2333 617 2512 660 autem
2547 607 2749 660 habere
2780 599 2996 671 quidem
3029 599 3330 653 secundum
3376 594 3612 648 litteram
3655 591 3801 645 veri-

2209 709 2372 752 tatem
2426 696 2534 761 sui,
2589 695 2831 766 recipere
2882 703 3062 745 tamen
3111 689 3315 744 utiliter
3375 696 3432 742 et
3486 683 3803 740 necessario

2206 791 2372 845 etiam
2404 788 2753 858 allegoricmu
2785 789 3027 840 sensum.

2277 883 2332 935 2.
2377 881 2495 934 Erit
2530 877 2796 946 crgojam
2850 873 3110 941 sapientis
3157 869 3351 925 scribze
3397 878 3452 922 et
3503 864 3680 920 edocti
3735 865 3806 917 de

2210 990 2374 1044 regno
2410 975 2525 1035 Dei,
2560 973 2650 1040 qui
2684 971 2825 1024 sciat
2856 969 2923 1022 de
2951 963 3219 1020 thesauris
3261 962 3345 1016 his
3386 959 3635 1030 proferre
3662 972 3800 1010 nova

2207 1078 2263 1122 ct
2289 1075 2494 1131 vetera,
2518 1065 2658 1119 scire
2689 1061 2964 1132 quomodo
2989 1060 3040 1112 iu
3082 1071 3189 1109 uno
3221 1068 3434 1124 quoque
3485 1052 3604 1105 loco
3652 1048 3806 1103 Scri-

2212 1169 2407 1228 pturze,
2436 1167 2528 1211 aut
2563 1155 2784 1224 abjiciat
2811 1153 3026 1224 penitus
3065 1149 3405 1204 occidentem
3450 1146 3711 1204 litteram,
3747 1154 3805 1193 ct

2209 1252 2458 1322 spiritqu
2503 1250 2863 1303 viviﬁcantem
2897 1245 3172 1312 requirat,
3221 1248 3316 1293 aut
3364 1237 3653 1292 confirmet
3681 1249 3802 1286 0m-

2209 1349 2444 1407 uimode,
2491 1355 2546 1400 et
2593 1345 2780 1398 utilem
2817 1358 2883 1396 ac
2933 1340 3297 1394 necessariam
3352 1337 3544 1405 probet
3605 1335 3801 1386 litterae

2208 1440 2512 1494 doctrinam
2544 1456 2558 1503 ;
2589 1448 2680 1490 aut
2719 1443 2973 1489 manente
2996 1433 3247 1495 historia,
3284 1439 3586 1498 opportune
3616 1435 3670 1478 et
3705 1425 3802 1477 de-

2207 1543 2401 1586 center
2437 1530 2748 1583 introducat
2775 1530 2938 1583 etiam
2977 1523 3266 1594 mysticum
3295 1535 3535 1576 sensum.
3571 1517 3723 1570 Sicut
3749 1526 3805 1568 et

2207 1625 2262 1677 in
2297 1625 2398 1677 hoc
2428 1637 2876 1689 scrmouequem
2923 1619 3184 1673 habemus
3242 1613 3292 1668 in
3347 1611 3599 1665 manibus
3649 1609 3803 1662 arbi-

2212 1727 2324 1771 tror
2351 1715 2672 1780 convenire;
2726 1715 2884 1766 decet
2925 1712 3071 1764 enim
3105 1718 3161 1762 et
3205 1707 3338 1760 utile
3365 1713 3448 1759 est
3496 1705 3658 1758 ctiam
3706 1719 3800 1757 sa-

2142 1781 2183 1836 B
2210 1805 2526 1859 cerdotilms
2564 1802 2841 1872 Evangelii
2879 1799 3065 1854 oll‘erri
3109 1797 3397 1867 primitias.
3446 1795 3518 1848 Ita
3559 1794 3704 1848 enim
3748 1805 3806 1847 et

2214 1898 2475 1952 Dominus
2502 1897 2792 1967 disposuit,
2841 1904 2899 1948 ut
2931 1894 3025 1962 qui
3061 1889 3406 1960 Evangeliqu
3451 1889 3801 1952 annuntiant,

2208 1991 2277 2044 de
2303 1989 2597 2057 Evangelia
2641 1989 2844 2049 vivant,
2897 1996 2951 2040 et
2991 1985 3086 2054 qui
3138 1983 3298 2036 altari
3341 1981 3677 2043 deserviunt,
3735 1981 3804 2034 dc

2210 2081 2368 2135 altari
2401 2080 2726 2148 participem
2747 2079 2814 2133 π.
2853 2079 2918 2133 Ει
2949 2078 3095 2131 sicut
3125 2076 3231 2129 hoc
3263 2075 3483 2143 dignum
3525 2083 3577 2128 et
3605 2073 3804 2126 decens

2218 2184 2326 2238 est,
2361 2175 2441 2228 sic
2474 2173 2781 2228 ecentrario
2827 2183 2881 2227 et
2917 2172 3176 2224 indecens
3227 2179 3280 2221 et
3314 2168 3588 2236 indignum
3615 2165 3805 2219 existi-

2222 2283 2314 2321 mo
2342 2277 2396 2322 et
2421 2267 2665 2336 impium,
2713 2276 2770 2320 ut
2797 2267 2841 2319 is
2869 2266 2957 2334 qui
2997 2263 3164 2317 Deum
3195 2261 3340 2321 colit,
3401 2269 3457 2314 et
3506 2259 3806 2328 ingreditur

2213 2360 2518 2415 Ecclesiam
2572 2359 2692 2423 Dei,
2739 2359 2830 2426 qui
2895 2357 3001 2412 scit
3054 2356 3370 2410 sacerdotes
3423 2362 3475 2406 et
3523 2351 3804 2405 ministros

2219 2453 2480 2506 assistere
2510 2451 2694 2514 altari,
2757 2459 2812 2503 ct
2855 2458 2948 2502 attt
2999 2448 3167 2503 verbo
3222 2446 3316 2501 Dei
3362 2455 3454 2498 aut
3498 2443 3806 2498 ministerio

2214 2543 2473 2596 Ecclesim
2523 2542 2822 2605 deservire,
2876 2541 2943 2592 de
2994 2538 3258 2592 fructibus
3305 2547 3467 2590 terra:
3523 2549 3662 2604 quos
3713 2534 3810 2588 dat

2212 2633 2357 2686 Deus
2391 2631 2556 2684 solem
2584 2645 2741 2682 suum
2772 2627 3143 2695 producendo,
3175 2637 3230 2679 et
3263 2625 3476 2694 pluvias
3524 2639 3650 2678 suas
3701 2622 3805 2674 mi-

2211 2721 2522 2781 nistrando,
2555 2735 2659 2773 non
2702 2719 2899 2772 ollcrat
2941 2715 3209 2785 primltias
3259 2713 3651 2768 sacerdotibus.
3687 2711 3807 2764 Non

2215 2801 2598 2866 mihividetur
2643 2809 2954 2879 lmjustnodi
3011 2807 3192 2860 anima
3246 2805 3448 2859 habere
3483 2801 3806 2857 memoriam

2217 2905 2334 2968 hci,
2370 2918 2472 2958 nec
2500 2902 2764 2972 cogitare,
2801 2915 2903 2954 nec
2945 2900 3172 2952 credere
3227 2896 3353 2966 quia
3414 2896 3554 2948 Deus
3595 2891 3810 2946 dederit

2215 2998 2423 3051 fructus
2455 3009 2593 3064 quos
2624 2992 2788 3062 cepit,
2815 3005 2950 3059 quos
2980 2990 3050 3042 ita
3081 2989 3327 3043 recondit
3386 2985 3540 3055 quasi
3598 2983 3812 3037 alienos

2218 3107 2246 3142 a
2286 3089 2415 3143 Deo.
2448 3085 2507 3142 Si
2539 3085 2683 3140 enim
2732 3099 2762 3137 a
2805 3082 2917 3136 Deo
2963 3079 3066 3135 sibi
3121 3080 3279 3134 datos
3323 3079 3592 3141 crederet,
3642 3075 3809 3129 sciret

2219 3181 2407 3249 utique
2463 3175 2803 3232 numerando
2839 3173 3154 3226 sacerdotes
3203 3171 3474 3224 honorare
3523 3167 3690 3221 Deum
3743 3168 3812 3218 de

2217 3273 2362 3328 datis
2385 3281 2441 3326 et
2463 3269 2781 3324 muneribus
2803 3267 2938 3322 suis.
2981 3267 3048 3321 Et
3085 3265 3261 3318 adhuc
3313 3271 3372 3316 ut
3417 3261 3650 3332 amplius
3695 3259 3812 3313 haec

2218 3367 2556 3424 observanda
2581 3363 2748 3417 etiam
2781 3360 3086 3415 secundum
3117 3357 3353 3411 litteram
3381 3355 3553 3426 ipsius
3595 3351 3686 3408 Dei
3713 3367 3811 3403 vo-

2222 3457 2377 3512 cibus
2411 3455 2732 3511 doceantur,
2758 3448 3023 3502 addemus
3056 3445 3122 3498 ad
3148 3445 3282 3497 lucc.
3311 3441 3568 3494 Dominus
3596 3438 3725 3493 dicit
3756 3436 3812 3490 iu

2225 3541 2534 3613 Evangeliis
2549 3540 2594 3571 ”
2619 3557 2635 3593 :
2659 3557 2677 3590 ‹
2710 3535 2800 3589 Va:
2832 3536 3009 3598 vobis,
3036 3533 3241 3586 Scriba:
3273 3539 3328 3586 et
3355 3529 3617 3584 Pharisaei
3642 3529 3815 3598 hypo-

2225 3638 2402 3698 critae,
2435 3632 2526 3702 qui
2561 3629 2843 3685 decimatis
2867 3626 3164 3688 meutham,
3196 3643 3214 3677 ι
3239 3625 3340 3678 hoc
3361 3631 3466 3689 est,
3492 3640 3511 3672 ι
3546 3617 3813 3675 decimam

2228 3729 2372 3783 datis
2398 3725 2659 3788 menthae,
2690 3734 2747 3778 et
2787 3718 3010 3790 cymiui,
3053 3725 3107 3771 et
3150 3714 3358 3781 anethi,
3413 3723 3468 3769 et
3522 3709 3813 3782 praeteritis

2223 3836 2348 3892 qua:
2393 3819 2601 3888 majora
2651 3823 2776 3873 sunt
2820 3809 2958 3878 legis
2998 3824 3013 3862 :
3057 3807 3379 3877 hypocritze,
3431 3803 3545 3858 lucc
3595 3811 3814 3871 oportet

2225 3912 2368 3977 ﬁeri,
2404 3920 2461 3966 et
2498 3909 2590 3964 illa
2636 3924 2740 3963 non
2791 3901 2992 3960 omitti.
3047 3919 3065 3952 ι
3131 3898 3267 3952 Vide
3321 3911 3450 3966 ergo
3502 3894 3816 3965 diligentius

2223 4003 2498 4075 quomodo
2523 4014 2704 4056 sermo
2759 3994 2975 4050 Domini
3032 3992 3145 4046 vult
3196 3989 3314 4045 ﬁeri
3361 3988 3580 4058 quidem
3633 3987 3817 4041 omni-

2226 4097 2384 4151 mode
2411 4110 2529 4162 qua:
2559 4093 2765 4162 majora
2802 4097 2931 4142 sunt
2984 4085 3143 4156 legis,
3175 4098 3283 4137 non
3321 4092 3499 4135 tamen
3534 4079 3712 4133 omitti
3759 4087 3818 4132 et

2226 4194 2340 4246 haec
2371 4204 2490 4259 quae
2530 4188 2824 4243 secundum
2859 4185 3099 4240 litteram
3129 4177 3508 4247 designantur.
3557 4170 3711 4238 Quod
3765 4173 3812 4224 si

2225 4285 2398 4344 dicas,
2464 4279 2591 4348 quia
2647 4277 2764 4331 haec
2813 4277 2880 4329 ad
2938 4273 3243 4328 Phariszeos
3302 4263 3541 4326 dicebat,
3594 4276 3700 4313 non
3747 4259 3820 4314 ad

2227 4370 2539 4440 discipulos,
2581 4369 2705 4422 audi
2750 4368 2948 4421 iterum
3003 4365 3181 4432 ipsmn
3221 4358 3494 4412 dicentem
3548 4355 3614 4407 ad
3651 4352 3818 4407 disci-

2435 4478 2448 4515 :
2503 4477 2523 4511 (
2586 4459 2699 4513 Nisi
2759 4453 3120 4509 abundaverit
3185 4449 3396 4521 justitia
3458 4455 3639 4502 vestra
3697 4443 3821 4513 plus

2228 4534 2393 4624 quam
2421 4551 2818 4606 Pharisaeorum
2845 4555 2898 4600 et
2929 4543 3270 4609 Scribarum,
3306 4556 3412 4594 non
3459 4535 3737 4593 intrabitis
3764 4534 3817 4587 iu

2229 4651 2458 4715 regnum
2482 4641 2746 4697 ccelorum
2774 4641 2815 4692 ‘.
2860 4656 2878 4686 ι
2921 4635 3075 4701 Quod
3127 4652 3258 4703 ergo
3289 4633 3401 4688 vult
3453 4630 3571 4684 fieri
3616 4643 3646 4681 a
3677 4625 3821 4680 Pha-

2225 4739 2420 4804 risazis,
2457 4736 2630 4790 multo
2664 4732 2832 4800 magis
2865 4741 2920 4784 et
2947 4731 3154 4800 majore
3184 4741 3306 4782 cum
3332 4721 3668 4779 abundantia
3703 4720 3823 4773 vult

2227 4847 2257 4885 a
2277 4827 2554 4897 discipulis
2577 4825 2788 4894 impleri
2812 4842 2825 4887 ;
2847 4823 2993 4892 quod
3015 4830 3193 4875 autem
3218 4817 3333 4870 fieri
3357 4831 3385 4868 a
3405 4812 3684 4882 discipulis
3708 4826 3819 4864 non

2227 4924 2364 4989 vult,
2408 4936 2510 4975 nec
2546 4917 2840 4973 Pharisa'is
2887 4916 3118 4983 imperat
3156 4907 3488 4964 faciendum.
3536 4901 3823 4970 Quomodo

2229 5027 2407 5069 autem
2457 5012 2575 5081 plus
2625 5010 2755 5062 velit
2813 5009 2928 5061 lieri
2985 5023 3010 5058 a
3062 5001 3342 5071 discipulis
3395 5013 3557 5066 quam
3604 4995 3819 5048 faciunt

2232 5111 2515 5172 Pharisaei,
2556 5109 2608 5161 in
2645 5122 2712 5160 eo
2743 5105 2982 5159 declarat
3011 5100 3101 5154 ttbi
3143 5098 3276 5152 dicit
3309 5097 3330 5127 ²
3375 5109 3388 5148 :
3427 5112 3446 5144 ε
3483 5092 3694 5146 Dictum
3735 5096 3824 5140 est

2233 5203 2509 5270 antiquis:
2539 5197 2656 5251 Non
2686 5197 2958 5250 occides»
2989 5193 3100 5246 lloc
3124 5191 3418 5244 observant
3447 5193 3501 5238 ct
3534 5180 3818 5236 l’hat‘isu'i.

2234 5293 2520 5362 Discipulis
2548 5301 2727 5343 autem
2765 5286 2896 5340 dicit
2925 5285 2946 5316 ³
2985 5302 2997 5337 :
3039 5299 3058 5333 ‹
3097 5281 3208 5350 Ego
3251 5289 3431 5331 autem
3466 5274 3588 5327 dico
3644 5271 3820 5332 Vultis,

2232 5388 2358 5458 quia
2386 5361 2436 5439 isi
2463 5384 2585 5452 quis
2627 5382 2799 5435 iratus
2827 5378 2992 5431 fuerit
3025 5374 3182 5428 fratri
3216 5386 3335 5435 suo,
3371 5382 3494 5422 reus
3527 5365 3635 5416 erit
3675 5361 3821 5428 judi-

2230 5453 2335 5537 cio.
2375 5497 2394 5530 ι
2428 5475 2693 5532 Similiter
2731 5481 2783 5525 et
2817 5471 2884 5524 de
2919 5483 2984 5524 eo
3011 5467 3155 5536 quod
3179 5463 3438 5530 scriptum
3461 5468 3543 5513 est
3577 5455 3620 5511 ‘z
3651 5466 3668 5498 ι
3701 5453 3821 5506 Non

3541 5595 3586 5626 ”
3625 5591 3819 5646 Matth.

2458 5614 2502 5645 ⁸³
2524 5611 2659 5664 Gen.
2693 5624 2751 5675 tt,
2780 5606 2872 5661 24.
2969 5606 3015 5638 ⁹⁵
3039 5605 3233 5675 Ephes.
3264 5615 3316 5675 γ,
3349 5600 3510 5675 52.Μ
3541 5600 3586 5626 ’⁵
3625 5600 3691 5675 ξιξ

3629 5665 3650 5694 ³
3680 5663 3825 5719 ibid.

2430 5685 2475 5717 νο
2513 5681 2710 5734 Matth.
2738 5666 2891 5743 Ξίκιιι,
2919 5677 3011 5730 9.5.
3085 5666 3108 5705 ’ί
3147 5672 3336 5727 Matth.
3363 5685 3416 5733 ν,
3445 5666 3536 5720 20.
