4134 6390
404 338 511 397 035

1606 338 1669 391 IN
1706 336 2044 394 NUMEROS
2086 337 2369 393 ll0.\llLlA
2405 338 2496 392 Xl.

3567 345 3675 401 646

404 458 761 524 adulterabis,
807 476 825 509 ι
864 470 1082 511 suorum
1120 453 1506 525 discipulorum
1548 457 1598 511 in
1625 473 1693 513 eo
1728 458 1843 513 vult
1868 474 1983 513 am-
2014 469 2057 518 Α
2089 460 2213 529 quia
2246 469 2371 513 sunt
2396 457 2654 527 primitire
2699 457 2862 522 Asiae,
2904 468 2958 513 et
3002 459 3094 514 alii
3140 462 3393 529 primitim
3434 464 3671 517 Achaia).

405 553 545 627 plius
572 553 847 606 abundare
888 548 1180 617 justitiam,
1238 554 1297 599 ut
1334 563 1402 602 ne
1444 548 1729 605 mulierem
1766 551 1985 620 quidem

404 646 620 700 videant
652 643 717 697 ad
749 641 1261 710 concupiscendum.
1288 639 1454 708 Igitur
1487 655 1553 695 ex
1601 641 1684 695 his
1718 658 1838 711 quze
1868 657 1988 711 pro-

407 736 627 791 tulimus
661 732 866 802 pancis,
899 733 943 786 si
975 732 1066 801 qui
1114 728 1343 785 studiosi
1390 743 1516 787 sunt
1570 733 1621 786 in
1685 734 1987 803 Scripturis

402 826 618 891 divinis,
652 823 910 893 perfacile
947 816 1206 893 colligere
1242 832 1495 892 poterunt
1541 824 1704 878 etiam
1756 835 1987 879 czetero-

405 936 521 975 rum
553 919 954 973 distinctiones.
990 917 1223 987 Sapiens
1254 920 1396 972 enim
1430 918 1472 972 si
1509 918 1712 979 audiat,
1745 918 1917 986 inquit
1939 920 1983 983 ⁵,

403 1013 626 1065 verbum
661 1026 765 1064 non
794 1011 969 1064 solum
997 1010 1261 1073 laudabit,
1287 1014 1379 1064 sed
1412 1018 1467 1063 et
1488 1010 1708 1077 adjiciet
1740 1010 1804 1061 ad
1832 1010 1981 1064 illud.

401 1102 537 1171 Quid
563 1101 821 1173 adjiciet?
848 1112 906 1156 ut
943 1102 1198 1155 discutiat
1233 1112 1288 1155 et
1329 1102 1604 1156 discernat
1653 1102 1705 1154 in
1755 1102 1981 1171 singulis

400 1194 703 1263 quibusque
755 1192 1005 1262 capitulis
1061 1191 1215 1259 legis,
1274 1192 1361 1245 ubi
1423 1192 1678 1265 fugienda
1726 1195 1796 1247 sit
1850 1193 1984 1263 legis

400 1285 609 1351 littera,
637 1284 724 1337 ubi
759 1284 1151 1352 amplectenda,
1186 1284 1273 1336 ubi
1302 1284 1464 1338 etiam
1516 1287 1759 1339 narratio
1812 1285 1984 1341 histo-

403 1376 495 1430 ria:
522 1391 643 1429 cum
681 1375 904 1446 mystica
939 1376 1283 1443 expositione
1326 1378 1636 1430 conveniat.
1672 1395 1691 1428 ι
1730 1378 1983 1433 Christus

400 1470 544 1523 enim
583 1484 681 1523 nos
720 1468 951 1523 redemit
986 1469 1051 1523 de
1082 1467 1373 1521 maledicto
1423 1468 1557 1537 legis
1582 1470 1636 1532 ⁶ς
1679 1489 1697 1521 ι
1738 1484 1841 1523 non
1886 1485 1983 1525 nos

403 1562 631 1614 redemit
661 1560 727 1614 de
758 1560 1047 1616 maledicto
1107 1560 1373 1625 mandati,
1422 1576 1523 1614 nec
1580 1561 1645 1616 de
1690 1562 1981 1617 maledicto

403 1652 715 1716 testimonii,
756 1668 854 1707 nec
910 1652 976 1707 de
1029 1652 1321 1709 maledicto
1373 1653 1731 1722 jndiciornm,
1789 1656 1883 1710 sed
1918 1657 1982 1711 de

400 1741 687 1797 maledicto
728 1741 891 1812 legis,
944 1744 996 1798 id
1042 1752 1125 1798 est
1173 1755 1239 1796 ne
1297 1741 1525 1811 subjecti
1574 1755 1821 1798 essemus
1871 1745 1980 1799 cir-

399 1833 722 1888 cmncisioni
784 1836 969 1889 carnis
1020 1849 1120 1889 nec
1164 1834 1535 1890 observationi
1588 1834 1978 1903 Sabbatorum,

399 1923 628 1991 aliisque
664 1925 857 1979 horum
894 1926 1185 1990 similibus,
1246 1941 1366 1995 quae
1422 1940 1526 1980 non
1578 1925 1631 1979 in
1680 1929 1976 1996 mandatis,

396 2015 487 2068 sed
521 2015 571 2068 in
603 2015 719 2084 lege
751 2015 976 2071 dicenda
1007 2030 1132 2072 sunt
1166 2017 1457 2072 contineri.
1517 2018 1806 2085 Quomodo
1850 2034 1979 2087 ergo

395 2107 632 2161 abundat
654 2107 860 2177 jnstitia
880 2108 1044 2181 3w
1070 2120 1255 2165 nostra
1302 2112 1422 2182 plus
1468 2128 1630 2184 quam
1663 2111 1977 2168 Scribarum

394 2207 449 2251 et
494 2197 922 2268 Pharisaeorum,
963 2202 1008 2255 si
1064 2201 1142 2255 illi
1200 2202 1268 2257 de
1325 2202 1595 2259 fructibus
1654 2213 1813 2259 teme
1868 2218 1980 2257 sua:

396 2299 619 2360 gustare
648 2308 754 2347 non
786 2294 986 2347 audent
1015 2294 1330 2365 priusquam
1374 2296 1646 2367 primitias
1684 2294 1980 2350 sacerdoti-

394 2384 495 2438 bus
524 2382 777 2449 oﬂ'erant,
810 2394 866 2439 et
900 2386 1076 2441 levitis
1124 2388 1366 2444 decimas
1421 2397 1678 2456 separent
1728 2387 1876 2459 (l3);
1923 2396 1980 2441 et

392 2490 494 2544 ego
530 2476 663 2530 nihil
698 2478 893 2532 horum
928 2476 1137 2532 faciens
1165 2478 1433 2535 fructibus
1463 2490 1622 2535 terrae
1658 2483 1731 2534 ita
1760 2480 1976 2547 abutar,

397 2578 453 2623 ut
481 2570 740 2624 sacerdos
766 2570 993 2636 nesciat,
1018 2570 1213 2627 levites
1245 2574 1477 2642 ignoret,
1521 2575 1764 2629 divinum
1806 2576 1980 2629 altare

396 2679 502 2735 non
523 2665 759 2719 sentiat?
776 2661 906 2718 Illud
925 2678 1054 2718 sane
1074 2666 1384 2720 necessario
1401 2666 1853 2723 commonendum
1872 2679 1976 2732 est,

392 2757 532 2825 quod
561 2757 646 2812 lex
677 2756 969 2827 dupliciter
994 2757 1194 2812 dicitur
1223 2775 1237 2812 :
1272 2774 1394 2811 nam
1435 2760 1766 2829 generaliter
1795 2761 1976 2816 omnia

394 2847 517 2911 ista,
552 2846 655 2902 hoc
702 2856 784 2901 est
813 2846 1152 2913 mandatum,
1191 2846 1633 2915 justilicationes,
1680 2861 1977 2920 praecepta,

394 2937 727 2999 testimonia,
748 2935 975 3003 judicia,
1008 2934 1091 2989 lex
1123 2922 1506 3005 appellantur,
1548 2940 1859 3009 specialiter
1884 2957 1980 2994 au-

393 3038 501 3082 tem
528 3042 652 3095 pars
688 3027 867 3091 aliqua
902 3044 968 3080 ex
1006 3027 1071 3081 iis
1097 3042 1221 3095 quze
1255 3027 1307 3080 in
1342 3026 1459 3098 lege
1486 3030 1687 3098 scripta
1726 3043 1849 3086 sunt
1892 3031 1977 3087 lex

391 3120 612 3182 dicitur,
655 3129 713 3172 ut
744 3126 870 3172 sunt
906 3119 1010 3173 ista
1055 3120 1123 3175 de
1172 3118 1370 3189 quibus
1416 3123 1669 3191 superius
1718 3124 1977 3179 disserui-

394 3226 535 3265 mus.
568 3206 849 3265 General'rs
875 3217 1055 3264 autem
1088 3208 1174 3263 lex
1211 3209 1573 3280 signiﬁcatur,
1602 3213 1751 3266 verbi
1779 3215 1972 3285 gratia,

392 3317 517 3355 cum
558 3303 624 3356 de
650 3298 934 3356 Salvatore
964 3300 1161 3355 dicitur
1186 3301 1232 3366 ⁷,
1266 3302 1397 3370 quia
1448 3319 1468 3355 ‹
1515 3318 1621 3356 non
1659 3305 1809 3358 venit
1854 3304 1973 3360 soi-

391 3408 519 3447 vere
550 3392 743 3461 legem,
772 3390 865 3445 sed
892 3390 1208 3458 adimplere.
1247 3410 1266 3443 ι
1302 3391 1367 3445 Ει
1397 3391 1523 3447 item
1558 3392 1685 3447 alibi
1709 3393 1731 3424 ⁸
1761 3410 1775 3448 :
1811 3411 1829 3443 ι
1855 3393 1974 3448 Ple-

396 3482 586 3537 nitudo
610 3496 743 3552 ergo
774 3480 908 3552 legis
932 3490 1016 3535 est
1042 3480 1282 3536 dilectio.
1315 3502 1333 3535 ι
1362 3481 1418 3536 In
1448 3498 1557 3554 quo
1584 3483 1773 3552 utique
1794 3484 1973 3538 omnia

391 3573 551 3629 simul
573 3589 696 3644 quae
720 3574 921 3643 scripta
938 3580 1068 3626 sunt
1086 3572 1138 3626 in
1160 3572 1296 3643 lege,
1317 3572 1488 3643 legem
1514 3574 1829 3629 nominavit.
1848 3573 1975 3631 llzec

391 3665 631 3720 diximus
666 3675 979 3721 asserentes
1009 3666 1322 3720 mandatum
1349 3664 1419 3721 de
1462 3665 1718 3735 primitiis
1758 3666 1973 3737 frugum

390 3755 474 3808 vel
499 3771 778 3825 pecorum,
810 3756 1009 3811 debere
1027 3754 1188 3808 etiam
1214 3754 1514 3809 secundum
1546 3755 1782 3810 litteram
1802 3766 1970 3813 stare.

459 3846 513 3901 5.
538 3846 688 3901 Nunc
710 3856 888 3901 autem
915 3846 1195 3901 videamus
1218 3847 1491 3916 quomodo
1516 3860 1570 3904 et
1593 3848 1969 3918 allegoricum.

390 3935 444 3992 id
473 3946 556 3991 est
578 3935 876 4005 Spiritalem
924 3934 1151 4004 recipiat
1195 3934 1552 3994 intellectum.
1606 3936 1972 4008 Requiramus

387 4040 517 4097 ergo
543 4026 713 4081 sicubi
748 4026 802 4081 in
837 4024 1142 4095 Scripturis
1177 4037 1379 4096 praeter
1419 4027 1534 4084 haac
1562 4030 1629 4083 de
1661 4031 1858 4098 quibus
1880 4045 1973 4084 su-

390 4134 484 4188 pra
518 4119 721 4173 dictum
771 4128 878 4185 est,
913 4118 1221 4175 invenimus
1249 4121 1522 4191 primitias
1559 4123 1848 4189 nominari,
1884 4123 1973 4178 hic

387 4212 530 4267 enim
566 4212 702 4266 dixit
735 4214 800 4268 ἐ
837 4231 854 4264 ι
893 4210 1097 4271 Omnes
1144 4215 1419 4285 primitias
1472 4215 1577 4271 olei
1633 4224 1688 4271 et
1730 4216 1862 4280 vini,
1916 4226 1972 4271 et

388 4301 668 4369 frumenti,
726 4305 922 4359 horum
991 4305 1235 4359 omnium
1295 4305 1553 4376 primitiae
1604 4321 1727 4375 qua:
1773 4306 1971 4362 oblatze

388 4394 592 4450 fuerint
638 4394 767 4458 Deo,
820 4396 916 4450 tibi
975 4395 1094 4449 dedi
1144 4409 1229 4450 ea.
1280 4416 1298 4449 ι
1348 4395 1589 4466 Requiro
1644 4412 1778 4465 ergo
1824 4413 1970 4453 nunc

2094 552 2245 608 Unde
2272 564 2610 618 consequens
2634 558 2716 603 est
2743 564 2839 618 per
2880 551 3122 620 singulas
3152 552 3424 607 Ecclesias
3458 554 3669 622 aliquos

2091 645 2450 706 credentium,
2493 656 2631 711 quos
2674 652 2853 696 tamen
2906 644 3234 710 apostolicus
3272 646 3499 713 spiritus
3546 663 3674 717 pro-

2091 735 2320 796 baverit,
2372 733 2641 802 primitias
2680 734 2969 785 nmninari.
3013 734 3087 788 Ex
3124 737 3321 805 quibus
3360 752 3483 792 esse
3528 739 3676 793 arbi-

2092 834 2205 879 tror
2229 827 2392 881 etiam
2425 825 2734 881 Cornelium
2766 824 2911 877 illum
2960 829 3048 896 qui
3080 829 3436 885 Caesariensis
3477 832 3676 888 Eccle-

2088 919 2182 972 size
2213 934 2333 971 cum
2375 919 2439 972 iis
2472 934 2595 974 cum
2628 920 2822 988 quibus
2863 921 3126 990 Spiritmn
3183 933 3433 977 sanctum
3476 924 3676 978 meruit

2088 1013 2358 1081 accipere,
2385 1014 2642 1081 primitias
2670 1014 2864 1067 merito
2898 1015 3093 1067 dicitur
3129 1014 3193 1070 ¹².
3234 1014 3298 1068 Ει
3341 1031 3446 1069 non
3496 1019 3671 1070 solum

2088 1103 2244 1171 hujus
2279 1104 2569 1171 Ecclesize,
2608 1106 2703 1159 sed
2747 1104 2999 1160 fortassis
3045 1115 3099 1159 et
3145 1108 3389 1160 omnium
3429 1110 3672 1177 gentium

2088 1195 2341 1265 primitiae
2388 1196 2675 1251 Cornelius
2715 1198 3068 1267 appellandus
3109 1207 3225 1263 cst;
3266 1198 3472 1266 primus
3526 1200 3670 1253 enim

2087 1288 2319 1342 credidit
2351 1303 2415 1343 ex
2455 1289 2727 1354 gentibus,
2779 1300 2833 1343 et
2879 1291 3087 1358 primus
3124 1298 3318 1343 sancto
3350 1290 3555 1359 Spiritu
3587 1306 3673 1345 re-

2087 1380 2263 1446 pletns
2304 1388 2407 1432 est.
2435 1378 2501 1433 Et
2532 1379 2652 1433 ideo
2688 1389 2833 1433 recte
2856 1380 3109 1447 primitiae
3135 1380 3379 1449 gentium
3428 1382 3672 1450 appella-

2086 1472 2253 1525 bitur.
2281 1471 2387 1525 Sed
2426 1472 2659 1539 requiris
2706 1473 2938 1525 fortasse
2966 1474 3088 1541 quis
3141 1474 3279 1527 istas
3322 1472 3516 1527 oil‘erat
3561 1474 3674 1543 pri-

2086 1564 2268 1617 mitias
2302 1563 2428 1622 Deo.
2455 1575 2545 1615 aut
2570 1564 2692 1631 quis
2719 1572 2803 1616 est
2830 1564 3075 1631 pontifex
3118 1564 3273 1634 cujus
3318 1566 3431 1619 ltzer
3487 1565 3667 1618 ratio~

2086 1657 2245 1709 nibus
2268 1657 2485 1709 cedant.
2520 1653 2632 1722 Ego
2664 1655 2902 1709 arbitror
2940 1655 3081 1723 quod
3121 1657 3415 1710 secundum
3454 1656 3669 1709 Domini

2086 1746 2309 1800 verbum
2340 1759 2468 1815 ager
2495 1746 2710 1799 dicatur
2744 1746 2831 1798 hic
2860 1746 3113 1800 mundus.
3150 1746 3294 1815 Ager
3331 1758 3512 1800 autem
3560 1762 3668 1801 non

2086 1848 2244 1892 terrae
2302 1837 2515 1902 solum,
2567 1836 2661 1890 sed
2728 1836 2890 1889 corda
2966 1836 3341 1906 intelliguntur
3390 1837 3663 1900 humana,

2082 1944 2243 1998 quem
2319 1944 2506 1999 agrum
2581 1929 2754 1999 angeli
2838 1929 2933 1983 Dei
3007 1928 3349 1997 susceperint
3421 1929 3673 1982 excolen-

2083 2023 2208 2075 dnm
2252 2021 2387 2091 (14).
2431 2019 2671 2076 Culturze
2711 2037 2843 2091 ergo
2871 2036 2981 2074 sua:
3030 2020 3241 2075 fruetus
3280 2020 3381 2089 ipsi
3446 2022 3664 2089 quidem

2083 2113 2379 2179 possident,
2412 2121 2467 2166 et
2493 2113 2717 2176 habent,
2750 2127 2845 2167 eos
2872 2111 3125 2165 videlicet
3170 2111 3261 2179 qui
3317 2112 3418 2165 sub
3469 2125 3669 2180 procu-

2086 2203 2393 2257 rationibus
2425 2212 2616 2273 agunt,
2664 2214 2721 2258 et
2756 2202 3052 2266 actoribus,
3109 2212 3167 2258 et
3209 2202 3447 2257 nondum
3495 2219 3669 2274 usque

2082 2297 2148 2345 ad
2174 2308 2447 2346 summam
2474 2303 2689 2347 :etatcm
2718 2292 3070 2361 perfectionis
3119 2300 3410 2346 venerunt.
3445 2292 3501 2346 Si
3530 2309 3668 2362 quo-

2084 2399 2202 2438 rum
2234 2400 2363 2438 vero
2385 2385 2549 2438 corda
2586 2384 2872 2455 diligenter
2898 2384 3142 2448 exculta,
3176 2393 3236 2438 et
3258 2385 3327 2438 ad
3358 2386 3660 2454 perfectum

2081 2479 2339 2547 perducta
2380 2486 2528 2542 sunt,
2575 2477 2675 2531 hos
2717 2486 2973 2546 tanquam
3017 2477 3220 2531 electos
3254 2483 3310 2531 et
3361 2478 3665 2546 praecipuos

2080 2585 2145 2624 ex
2173 2568 2391 2623 ueteris
2418 2568 2691 2637 primitias
2725 2566 2964 2623 oliorunt
3008 2567 3248 2638 pontifici
3289 2583 3508 2635 magno.
3562 2568 3666 2623 De-

2081 2661 2246 2730 nique
2272 2661 2579 2716 invenimus
2603 2660 2776 2730 ipsum
2804 2659 3117 2715 Cornelium
3139 2670 3436 2730 antequam
3462 2660 3668 2715 doctri-

2081 2766 2204 2805 nam
2238 2750 2385 2804 verbi
2438 2750 2553 2814 Dei,
2596 2751 2679 2804 vel
2736 2750 2966 2819 gratiam
3002 2748 3256 2819 baptismi
3300 2750 3607 2819 susciperet
3636 2765 3669 2804 ιι

2080 2842 2266 2905 Petro,
2309 2841 2526 2895 audisse
2569 2842 2637 2895 ab
2673 2840 2883 2910 angelo,
2941 2840 3067 2907 quia
3109 2840 3388 2895 orationes
3452 2840 3570 2909 ejus
3611 2850 3668 2894 et

2080 2933 2438 3003 eleemosynze
2465 2932 2843 2987 ascendissent
2884 2930 2950 2983 ad
2978 2930 3144 2985 Deum
3179 2932 3243 2995 η,
3278 2933 3420 2984 unde
3466 2940 3521 2985 et
3570 2944 3670 2999 per

2083 3026 2258 3095 ipsum
2286 3026 2535 3095 angelum
2565 3025 2780 3079 videtur
2824 3026 2934 3080 Deo
2973 3024 3231 3095 primitiae
3281 3023 3502 3078 oblatus
3539 3037 3666 3077 esse

2082 3117 2389 3173 Cornelius.
2427 3115 2726 3170 Possumus
2752 3126 2933 3170 autem
2960 3115 3143 3170 dicere
3171 3114 3335 3169 etiam
3387 3115 3453 3168 de
3481 3113 3668 3180 Petro,

2078 3220 2131 3263 et
2161 3208 2328 3263 Paulo
2354 3208 2676 3277 czeterisque
2706 3206 2989 3275 apostolis,
3014 3208 3157 3275 quod
3192 3217 3248 3260 et
3289 3206 3389 3275 ipsi
3431 3205 3661 3261 creden-

2078 3303 2209 3354 tium
2239 3316 2334 3370 per
2373 3316 2431 3355 se
2460 3299 2727 3370 primitias
2770 3297 3022 3363 olIerant,
3076 3299 3216 3353 sicut
3253 3298 3385 3353 dicit
3426 3298 3661 3367 Aposto-

2077 3392 2159 3447 lus
2191 3392 2256 3457 “,
2287 3392 2410 3463 quia
2439 3393 2504 3447 ab
2530 3390 2833 3446 Jerusalem
2868 3391 2920 3443 in
2953 3389 3183 3444 circuitu
3213 3404 3384 3458 usque
3428 3389 3494 3442 ad
3531 3387 3661 3458 Illy-

2077 3485 2246 3538 ricum
2288 3483 2577 3553 repleverit
2610 3483 2965 3553 Evangelium
3012 3481 3239 3548 Christi,
3273 3492 3329 3537 et
3361 3482 3431 3535 ita
3459 3482 3657 3552 praedi-

2075 3576 2281 3631 caverit
2318 3575 2667 3645 Evangelium
2701 3590 2809 3629 non
2868 3575 2958 3629 ubi
3007 3574 3324 3629 nominatus
3375 3583 3458 3628 est
3504 3572 3666 3628 Chri-

2075 3676 2212 3733 stus,
2264 3682 2334 3723 ne
2387 3681 2551 3735 super
2609 3666 2850 3722 alienum
2886 3665 3303 3720 fundamentum
3336 3664 3661 3719 aedificaret.

2072 3758 2289 3813 intuere
2326 3772 2456 3828 ergo
2481 3757 2731 3823 Paulum,
2763 3770 2953 3810 omnes
2978 3772 3073 3811 eos
3102 3770 3241 3825 quos
3296 3754 3510 3820 docuit,
3535 3755 3663 3823 qni-

2075 3850 2175 3905 bus
2208 3850 2547 3918 pnedicavit.
2590 3850 2680 3917 qui
2726 3864 2794 3903 ex
2843 3849 2960 3918 ipso
3011 3849 3363 3918 profecerunt
3420 3845 3474 3900 in
3535 3847 3663 3911 fide,

2076 3952 2332 4010 tanquam
2388 3941 2598 3994 fructus
2633 3954 2761 3993 suos
2819 3938 3158 4005 offerentem,
3221 3946 3276 3992 et
3327 3949 3661 4008 quaerentem

2073 4032 2315 4100 quotidie
2347 4045 2515 4085 novos
2568 4044 2730 4099 agros
2775 4045 2912 4098 quos
2957 4028 3195 4091 excolat,
3245 4038 3297 4083 et
3348 4044 3484 4083 nova
3535 4043 3659 4081 rura

2072 4140 2192 4193 qum
2224 4123 2459 4178 seminet
2488 4163 2503 4188 ,
2550 4133 2603 4176 et
2649 4123 2719 4177 ob
2760 4123 2863 4177 hoc
2907 4122 3184 4176 dicentem
3229 4119 3297 4174 ad
3343 4120 3606 4188 quosdam
3647 4140 3659 4173 :

2084 4234 2102 4266 ι
2140 4215 2311 4284 Cupio
2332 4215 2478 4269 enim
2514 4214 2702 4269 venire
2734 4214 2801 4267 ad
2840 4228 2959 4278 vos,
3016 4221 3075 4267 ut
3123 4211 3358 4278 aliquem
3414 4211 3653 4265 fructum

2075 4307 2301 4361 habeam
2335 4317 2389 4361 et
2418 4307 2471 4360 in
2497 4305 2672 4371 vobis,
2703 4305 2846 4359 sicut
2875 4312 2931 4357 et
2978 4302 3030 4356 in
3084 4302 3302 4356 caeteris
3331 4300 3601 4366 gentibus.
3634 4316 3661 4351 ι

2072 4400 2317 4463 Intuere,
2370 4396 2614 4467 inquam,
2663 4411 2784 4451 eum
2835 4410 2903 4450 ex
2959 4395 3026 4449 iis
3090 4394 3342 4448 omnibus
3394 4391 3665 4446 fructibus

388 4497 585 4554 prteter
648 4488 764 4542 luec
812 4488 900 4543 ubi
957 4488 1211 4557 primitiae
1267 4488 1644 4544 nominentur.
1706 4490 1766 4544 Si
1820 4490 1965 4545 enim
2000 4506 2044 4563 ι)
2073 4492 2244 4548 electa
2289 4505 2517 4559 qumque
2560 4490 2891 4557 signantem,
2934 4496 2987 4542 et
3015 4488 3287 4542 dicentem
3328 4485 3394 4539 de
3436 4484 3663 4552 quibus-

385 4594 573 4634 omnes
612 4582 863 4650 primitia:
887 4583 953 4637 ad
983 4581 1295 4651 pontificem
1327 4580 1623 4650 pertinent,
1655 4583 1965 4637 necessario

384 4672 542 4728 nobis
576 4682 629 4726 et
656 4673 896 4743 pontifex
930 4677 1285 4746 requirendus
1324 4686 1429 4741 est,
1470 4677 1537 4731 ad
1588 4690 1749 4745 quem
1788 4677 1964 4745 perti-

383 4778 515 4817 nere
563 4765 795 4820 debeant
850 4766 1011 4820 etiam
1073 4768 1179 4822 illze
1240 4769 1499 4837 primitias
1553 4783 1688 4837 quas
1737 4769 1791 4821 in
1843 4768 1963 4824 aliis

383 4856 683 4925 Scriptura:
711 4858 847 4912 locis
890 4857 1091 4913 inditas
1144 4859 1470 4914 invenimus.
1520 4859 1587 4912 Et
1624 4859 1800 4927 primo
1841 4857 1962 4926 qui-

380 4947 505 5002 dem
568 4949 810 5003 omnium
867 4950 933 5003 de
986 4950 1104 5020 ipso
1165 4951 1395 5005 Domino
1456 4950 1677 5005 Christo
1737 4950 1961 5019 legimus

379 5039 643 5109 scriptum
698 5041 764 5106 “,
828 5041 954 5110 quia
1005 5042 1076 5096 sit
1137 5043 1396 5111 primitiae
1465 5050 1827 5095 mortuormn.
1863 5038 1960 5093 Est

378 5144 514 5203 ergo
551 5142 608 5187 et
649 5132 764 5202 ipse
809 5134 987 5202 aliqua
1030 5137 1083 5188 in
1123 5146 1277 5204 parte
1315 5134 1591 5202 primitiae.
1652 5132 1719 5186 Et
1759 5133 1954 5186 iterum

382 5222 689 5280 invenimus
717 5226 782 5279 dc
825 5226 1151 5295 quibusdam
1207 5227 1409 5280 dictum
1463 5223 1533 5277 ab
1586 5222 1849 5292 Apostolo
1886 5222 1951 5288 ιι,

455 5385 656 5441 θρῖον.
689 5402 732 5448 1,
766 5385 819 5439 5.
898 5385 918 5417 ⁸
946 5384 1065 5441 Gal.
1104 5384 1278 5451 111,15.
1357 5387 1375 5417 "
1405 5384 1598 5439 Matth.
1631 5399 1683 5444 v,
1714 5384 1799 5438 17.

382 5473 472 5522 xv,
499 5458 589 5513 21.
651 5458 693 5488 “
728 5454 748 5508 Ι
776 5457 901 5510 Cor.
939 5470 1049 5519 XVI,
1080 5456 1168 5513 15.
1230 5456 1270 5485 ¹⁹
1299 5457 1424 5511 Act.
1456 5472 1512 5509 x.
1591 5455 1635 5486 “
1664 5455 1792 5508 ibid.
1826 5457 1880 5508 li.

412 5619 425 5632 υ
451 5549 566 5621 (l3)
588 5550 738 5611 Mss,
776 5566 803 5632 r
829 5548 1067 5603 decimas
1096 5559 1369 5616 separent.
1411 5567 1430 5600 ι
1462 5548 1619 5603 Libb.
1643 5546 1798 5611 editi,
1827 5566 1844 5598 ι
1866 5549 1952 5601 dc-

379 5629 533 5673 cinue
560 5629 896 5685 separentur.
936 5637 953 5670 ι

448 5689 563 5759 (14)
602 5690 766 5755 Quem
814 5704 999 5759 agrum
1038 5687 1211 5757 angeli
1258 5686 1367 5759 hDei
1415 5685 1941 5759 susceperint___exco-

381 5755 612 5814 tendum.
658 5755 889 5815 Consule
947 5755 1201 5813 lluetium
1244 5756 1683 5828 Origenianorum
1734 5755 1829 5813 lib.
1888 5771 1953 5819 ιι,

1875 5385 1895 5415 ⁸
1922 5383 2077 5438 Rom.
2113 5400 2235 5446 χιιι,
2278 5382 2364 5438 l0.

1959 5458 2001 5487 ”
2028 5459 2183 5511 llum.
2214 5471 2304 5520 xv,
2345 5454 2432 5521 l9,
2467 5452 2559 5506 ‘20.

2062 5556 2253 5619 qumst.
2287 5548 2339 5619 ᾗ,
2368 5560 2520 5619 num.
2546 5546 2615 5619 26
2639 5556 2691 5599 et
2719 5546 2809 5619 ‘27.

2074 4587 2219 4649 dam,
2250 4585 2387 4639 sicut
2408 4597 2568 4651 supra
2603 4580 2862 4645 diximus,
2886 4581 3012 4649 quia
3046 4587 3175 4633 sunt
3205 4575 3463 4645 primitia:
3492 4575 3658 4637 Asize,

2073 4686 2127 4730 et
2184 4676 2272 4729 alii
2324 4674 2574 4743 primitiae
2619 4671 2853 4734 Achaize,
2902 4682 2957 4725 et
3018 4667 3354 4738 singularum
3399 4680 3662 4735 quarum-

2070 4783 2175 4837 que
2222 4766 2584 4822 Ecelesiarum
2618 4766 2823 4835 eligere
2870 4762 3140 4833 primitias
3183 4769 3237 4813 et
3274 4758 3470 4814 oﬂ‘erre
3523 4757 3660 4811 Deo.

2072 4859 2244 4913 liabet
2289 4868 2467 4911 autem
2531 4857 2784 4912 fortassis
2842 4854 3052 4923 aliquos
3125 4861 3181 4908 et
3245 4849 3655 4920 primogenitae.

2068 4949 2244 5003 Credo
2279 4958 2459 5002 autem
2497 4950 2640 5018 quod
2676 4946 2872 5001 habeat
2897 4955 2951 4999 et
2985 4943 3196 5012 aliquos
3237 4939 3525 4994 inferiores
3556 4940 3661 4993 ho-

2068 5055 2209 5105 rum,
2237 5057 2372 5111 quos
2399 5055 2575 5109 neque
2607 5055 2704 5108 pro
2739 5036 3111 5109 primogenitis
3132 5033 3273 5105 (15),
3298 5032 3391 5087 sed
3433 5046 3531 5101 pro
3555 5033 3653 5084 de-

2067 5134 2225 5187 cimis
2263 5134 2434 5203 possit
2463 5134 2681 5188 oil‘errc.
2712 5133 2819 5187 Sed
2849 5141 2901 5186 et
2944 5128 3317 5198 unusquisque
3368 5126 3655 5179 (lOt'lorUIH

2065 5236 2192 5293 puto
2225 5226 2365 5292 quod
2397 5240 2491 5295 pro
2521 5241 2587 5280 eo
2617 5227 2758 5294 quod
2790 5225 2951 5278 docet
2980 5231 3033 5276 et
3057 5221 3313 5291 praedicat
3345 5228 3400 5272 et
3433 5213 3656 5270 instruit

2461 5382 2483 5410 ’
2517 5382 2674 5435 Num.
2706 5381 2974 5447 “111,12.
3054 5378 3097 5411 ⁸⁸
3126 5374 3242 5432 Col.
3274 5390 3315 5441 1,
3338 5373 3434 5440 l8;
3464 5370 3483 5424 l
3516 5369 3653 5427 Cor.

2635 5453 2862 5506 1"llum.
2899 5466 2937 5517 ι,
2975 5449 3064 5505 15.

2136 5618 2246 5689 (15)
2271 5610 2450 5671 COdex
2490 5616 2852 5695 Belvacensis,
2895 5630 2913 5662 t
2945 5626 3080 5679 quos
3114 5621 3287 5675 neque
3320 5621 3419 5676 pro
3450 5610 3645 5679 primi-7-

2066 5689 2153 5744 tiis
2179 5702 2353 5758 neque
2370 5702 2468 5757 pro
2504 5689 2898 5757 primogenitis.
2937 5699 2958 5733 ι
