4134 6386
472 303 576 362 647

1922 286 2249 347 ORIGENIS

3637 296 3746 353 618

472 423 768 484 auditores,
806 435 992 489 agrum
1018 414 1267 470 Ecclesim
1305 412 1447 466 illius
1476 426 1637 480 quam
1672 414 1851 473 docet,
1889 413 1939 466 id
1971 421 2053 467 est
2081 418 2128 469 Α
2157 411 2411 478 apostoli,
2445 422 2499 463 et
2532 411 2870 480 singulorum
2903 428 2994 481 per
3016 412 3285 480 ordinem,
3326 414 3404 468 vel
3445 430 3542 485 pro
3574 416 3737 470 meri-7

471 514 808 568 credentium
841 510 1002 565 corda
1046 509 1290 560 videatur
1324 507 1592 559 exrolerc.
1630 505 1800 558 Habet
1832 522 1963 573 ergo
1993 518 2045 559 et

473 607 588 673 ipse
621 606 846 659 culturae
880 619 989 657 sua:
1021 602 1278 662 fructmu,
1324 610 1380 653 et
1424 600 1474 652 in
1524 600 1590 653 iis
1628 598 1879 652 onitiibus
1934 601 2048 652 fru-

473 699 654 749 mibus
688 696 892 748 invenit
923 696 1039 749 sine
1069 694 1234 747 dubio
1269 692 1500 745 electum
1541 692 1771 759 aliquem
1813 700 1867 743 et
1908 707 2047 758 pne-

471 790 714 854 cipuum,
740 801 901 853 quem
958 785 1111 852 quasi
1167 784 1435 855 primitias
1473 782 1687 844 offerat,
1746 784 1949 836 invenit
1996 792 2051 836 et

473 890 608 942 quos
641 890 736 941 pro
783 872 1177 941 primogenitis,
1210 879 1265 923 et
1304 870 1438 923 alios
1477 886 1573 938 pro
1616 868 1859 921 decimis.
1896 866 2049 933 Quod

474 968 516 1019 si
550 981 651 1018 non
692 966 903 1018 videtur
935 962 1280 1016 temerarium
1317 962 1516 1013 audere
1551 960 1602 1013 in
1650 959 1872 1021 talibus,
1918 974 2050 1027 pos-

476 1065 605 1109 sunt
636 1055 866 1108 fortasse
898 1052 1238 1121 primogeniti
1277 1066 1402 1105 vere
1435 1050 1510 1103 illi
1567 1050 1693 1114 dici,
1742 1051 1808 1103 de
1855 1050 2052 1119 quibus

476 1146 743 1210 scriptum
769 1153 851 1197 est
876 1144 989 1174 “3-”
1012 1143 1135 1210 quia
1160 1156 1281 1195 cum
1308 1141 1623 1194 mulieribus
1655 1156 1713 1194 se
1744 1156 1848 1194 non
1877 1142 2055 1209 inqui—

476 1245 760 1298 naveruut,
802 1232 1041 1300 virgines
1093 1231 1233 1284 enim
1285 1240 1720 1300 permanserunt,
1769 1231 2050 1285 autetiam

477 1328 545 1380 de
589 1326 919 1397 martyribus
972 1333 1150 1393 potest
1203 1325 1404 1375 dictmn
1442 1322 1628 1375 videri.
1686 1321 1752 1375 Et
1804 1322 2054 1391 primitia:

477 1416 827 1471 nihilominus
856 1425 1082 1484 possunt
1113 1413 1336 1482 intelligi
1370 1413 1623 1467 Ecclesize
1656 1414 1912 1483 virgines.
1945 1412 2051 1467 De-

479 1509 635 1561 cimae
670 1523 884 1579 quoque
916 1506 952 1559 ii
994 1506 1084 1575 qui
1128 1514 1248 1574 post
1285 1504 1592 1574 conjugium
1633 1505 1975 1560 continenter
2001 1515 2057 1559 et

476 1614 623 1652 casre
662 1599 914 1652 vixerint.

543 1690 599 1743 4.
688 1690 882 1741 Verum
952 1687 1205 1756 quoniam
1273 1702 1338 1740 ex
1412 1689 1723 1756 angelorum
1798 1691 2054 1761 primitiis

473 1796 653 1834 sermo
706 1781 932 1849 sumpsit
989 1781 1313 1841 exordium,
1382 1797 1518 1848 quas
1578 1781 1761 1835 oII‘erri
1825 1783 1893 1835 ab
1957 1786 2051 1837 iis-

473 1875 592 1926 dent
624 1873 840 1926 humani
890 1873 1104 1941 generis
1171 1872 1471 1927 cultoribus
1514 1876 1844 1941 dixeramus,
1890 1878 2051 1947 307

471 1979 630 2033 atque
664 1966 731 2019 ad
755 1965 1026 2034 apostolos
1050 1968 1297 2033 sequenti
1336 1966 1475 2030 loco,
1512 1976 1568 2021 et
1601 1968 1724 2021 inde
1749 1970 1815 2020 ad
1856 1986 2053 2022 unum-

471 2074 742 2128 quemque
790 2060 1073 2113 doctorum
1124 2058 1340 2113 deducti
1397 2074 1610 2124 smnus,
1663 2061 1947 2115 redeamus
1983 2063 2050 2115 ad

472 2152 738 2222 originem
778 2166 966 2205 eorum
1008 2166 1129 2219 quae
1173 2151 1446 2205 discutere
1480 2166 1843 2218 coeperamus.
1885 2151 2054 2221 Igitur

476 2241 847 2310 tnuisquisque
870 2241 1187 2311 angelorum
1221 2240 1334 2311 (I6)
1379 2241 1430 2295 iu
1459 2243 1927 2297 consummatione
1953 2258 2054 2298 sae-

474 2333 583 2388 culi
629 2334 804 2389 aderit
851 2334 904 2387 in
947 2333 1171 2402 judicio,
1214 2334 1450 2388 edocens
1482 2348 1575 2387 eos
1616 2348 1800 2388 secum
1854 2336 2051 2405 quibus

475 2424 709 2494 praefuit,
756 2441 892 2492 quos
943 2424 1171 2492 adjuvit,
1229 2439 1365 2492 quos
1407 2425 1688 2489 instruxit,
1726 2440 1822 2494 pro
1856 2425 2052 2492 quibus

476 2532 690 2585 semper
720 2517 852 2570 vidit
888 2515 1080 2569 faciem
1106 2515 1282 2569 Patris
1314 2517 1402 2586 qui
1438 2517 1489 2569 in
1520 2516 1673 2571 caelis
1703 2527 1804 2571 est.
1825 2517 1893 2571 Et
1923 2528 2053 2588 puto

477 2608 643 2663 etiam
688 2607 760 2661 ibi
808 2606 1209 2675 inquisitionem
1262 2606 1523 2669 futuram,
1563 2622 1669 2661 non
1712 2608 1935 2676 quidem
1982 2624 2051 2663 an

476 2698 702 2753 cultura:
738 2697 1014 2751 hominum
1050 2696 1271 2765 angelus
1301 2695 1556 2761 defuerit,
1600 2697 1694 2752 sed
1724 2712 1791 2751 an
1827 2698 2055 2753 culturae

480 2787 735 2857 angelicae
752 2801 1089 2856 nequaquam
1121 2785 1281 2856 digne
1310 2787 1538 2856 segnitia
1573 2788 1807 2841 humana
1829 2803 2056 2856 respon-

479 2880 640 2935 derit.
676 2880 793 2933 Erit
815 2894 944 2949 ergo
975 2880 1103 2934 etin
1137 2878 1240 2932 hoc
1262 2878 1525 2947 judicium
1555 2879 1651 2933 Dei
1680 2891 1861 2934 utrum
1884 2880 2052 2950 negli-

478 2972 655 3039 gentia
678 2972 855 3040 aliqua
883 2971 1256 3025 ministrorum
1280 2970 1569 3040 spirituum
1596 2972 1685 3040 qui
1714 2972 1780 3026 ad
1808 2971 2055 3026 ministe-

2156 503 2242 567 tis,
2277 519 2410 569 quos
2444 504 2628 573 utique
2669 504 2722 556 in
2759 503 3034 559 laboribus
3066 514 3115 558 et
3158 505 3406 559 doctrina
3446 522 3569 570 sua,
3620 506 3734 561 sive

2153 595 2516 661 apostolorum
2571 595 2686 647 sive
2736 593 3068 661 reliquorum
3123 604 3237 663 post
3292 611 3386 651 eos
3428 596 3739 663 doctorum,

2156 700 2373 737 necesse
2410 695 2492 737 est
2516 685 2719 752 primas
2746 696 2927 753 partes
2964 686 3161 738 habere
3187 696 3242 738 et
3280 688 3585 739 animarqu
3622 702 3738 755 quae

2155 790 2249 842 per
2275 791 2369 829 eos
2424 777 2797 844 profecerunt,
2850 785 2904 828 et
2946 774 3178 828 fructum
3215 792 3318 829 una
3363 792 3485 829 cum
3521 776 3588 831 iis
3645 791 3736 841 pct

2155 882 2291 933 quos
2311 879 2517 936 operati
2538 878 2664 921 sunt
2692 867 2758 920 ad
2784 882 2968 920 aream
2995 866 3203 920 Domini
3226 877 3593 935 comportare.
3628 868 3737 919 Erit

2154 970 2284 1025 ergo
2312 956 2365 1009 in
2395 957 2818 1025 congregatione
2859 956 3155 1017 fructuum,
3188 958 3234 1008 id
3277 968 3364 1010 est
3392 958 3441 1010 in
3472 958 3739 1011 electione

2156 1047 2513 1111 credentium,
2548 1048 2656 1110 ille,
2686 1048 2838 1101 verbi
2890 1050 3086 1118 gratia,
3113 1050 3205 1118 qui
3234 1050 3335 1102 fuit
3369 1048 3514 1102 illius
3548 1048 3741 1102 Eccle-

2157 1138 2250 1191 sia:
2281 1137 2584 1206 pralcipuus
2632 1147 2687 1192 et
2742 1139 2997 1203 eximius,
3030 1140 3304 1207 primitize,
3352 1148 3407 1193 et.
3458 1140 3546 1193 ille
3576 1142 3738 1193 etiam

2159 1227 2261 1281 hoc
2307 1228 2556 1296 superior
2605 1230 2753 1284 illius
2793 1229 3049 1285 Ecclesiae
3088 1231 3502 1301 primogenitus,
3536 1232 3603 1284 ab
3628 1231 3740 1293 illo,

2157 1319 2305 1372 verbi
2331 1322 2528 1386 gratia,
2562 1320 2755 1389 angelo
2785 1322 3018 1375 oblatus.
3053 1321 3118 1375 Et
3156 1322 3228 1375 ita
3264 1338 3425 1376 omne
3460 1324 3562 1376 hoc
3597 1323 3739 1391 quod

2158 1410 2534 1465 adumbraturn
2573 1425 2658 1467 eSt
2692 1413 2744 1465 in
2792 1412 2931 1483 lege,
2959 1414 3216 1482 quoniam
3250 1413 3331 1467 lex
3368 1416 3613 1467 umbram
3646 1415 3743 1465 ha-

2160 1503 2250 1557 bet
2301 1503 2603 1558 futurorum
2642 1507 2930 1569 bonorum,
2984 1506 3166 1575 aliquo
3196 1506 3355 1561 modo
3393 1522 3491 1575 per
3513 1507 3741 1575 angelo-

2163 1611 2277 1647 rum
2335 1598 2633 1650 ministeria
2695 1597 2749 1650 in
2804 1595 3114 1652 futurorum
3182 1598 3451 1651 bonormu
3512 1601 3743 1651 veritate

2159 1689 2553 1758 complebitur:
2588 1698 2645 1742 ut
2677 1676 2795 1759 qua!
2824 1688 3166 1758 prazformata
3186 1699 3315 1742 sunt
3355 1690 3405 1742 in
3431 1689 3519 1743 illo
3548 1688 3741 1756 Israel,

2156 1780 2248 1851 qui
2295 1782 2591 1835 secundum
2644 1796 2865 1835 carnem
2906 1780 3071 1835 Israel
3122 1782 3342 1845 dicitur,
3386 1781 3439 1834 in
3485 1780 3742 1836 lsraclitis

2155 1873 2301 1926 veris
2328 1882 2381 1925 et
2409 1872 2721 1926 caalestibus
2767 1872 3119 1940 impleantur.
3148 1872 3352 1926 Nomen
3379 1872 3523 1925 enim
3574 1872 3740 1925 Israel

2155 1964 2401 2034 pervenit
2426 1977 2596 2031 usque
2624 1963 2689 2017 ad
2715 1964 2990 2032 angelicas
3018 1965 3255 2030 ordines,
3284 1963 3387 2017 nisi
3413 1962 3539 2032 quia
3573 1963 3741 2017 nndto

2155 2057 2340 2109 verius
2365 2056 2440 2109 illi
2493 2055 2914 2124 appellabuntur
2961 2056 3151 2123 Israel,
3195 2064 3402 2125 quanto
3434 2056 3615 2109 verius
3664 2055 3739 2107 illi

2155 2158 2280 2203 sunt
2308 2163 2458 2201 mens
2488 2148 2675 2201 videns
2708 2147 2894 2201 Deum.
2945 2147 3059 2203 Hoc
3087 2148 3231 2202 enim
3265 2146 3431 2201 Israel
3467 2147 3738 2213 interpre-

2158 2249 2306 2292 tatur
2352 2236 2489 2309 (I8).
2534 2237 2669 2292 Puto
2710 2239 2854 2292 enim
2885 2238 3033 2307 quia,
3078 2238 3219 2293 sicut
3252 2237 3493 2305 quamam
3524 2236 3740 2290 nomina

2154 2330 2241 2383 vel
2294 2332 2559 2398 gentium,
2616 2328 2699 2383 vel
2760 2329 3090 2397 principum,
3127 2329 3180 2382 in
3229 2327 3530 2396 Scripturis
3562 2327 3737 2397 posita

2153 2422 2420 2488 videmus,
2458 2436 2577 2490 quae
2629 2422 2837 2490 absque
2882 2422 2989 2474 ulla
3043 2421 3382 2476 dubitatione
3443 2421 3509 2475 ad
3572 2420 3741 2473 malos

2155 2515 2399 2582 angelos,
2438 2521 2491 2565 et
2523 2512 2588 2562 ad
2632 2512 2863 2564 virtutes
2902 2512 3209 2565 contrarias
3244 2511 3558 2568 referantur
3589 2527 3603 2574 ;
3638 2510 3744 2564 sic-

2157 2610 2238 2665 ut,
2267 2600 2419 2653 verbi
2457 2599 2656 2668 gratia,
2684 2598 2894 2652 Pharao
2916 2614 3010 2652 rex
3042 2598 3281 2669 Egypti,
3313 2608 3368 2654 et
3392 2598 3745 2653 Nabuchodo-

2156 2708 2319 2748 nosor
2344 2691 2671 2761 Babylonius
2696 2701 2749 2743 et
2771 2689 3027 2759 Assyrius
3057 2706 3072 2755 ;
3104 2690 3175 2743 ita
3211 2690 3376 2743 etiam
3408 2705 3495 2754 ea,
3528 2704 3646 2759 quae
3677 2696 3745 2744 de

2158 2783 2363 2839 sanctis
2393 2785 2525 2837 viris
2567 2792 2622 2837 et
2651 2792 2811 2852 gente
2844 2780 3095 2850 religiosa
3133 2782 3472 2845 scribuntur,
3509 2782 3574 2833 ad
3617 2794 3745 2832 san-

2154 2885 2273 2931 ctos
2296 2876 2515 2945 angelos
2545 2884 2602 2929 et
2636 2875 2702 2927 ad
2740 2874 3000 2943 benignas
3034 2872 3292 2926 debemus
3326 2870 3537 2925 referre
3568 2872 3739 2923 virtu-

2159 2980 2257 3023 tes.
2295 2966 2449 3033 Quod
2483 2975 2665 3019 autem
2702 2982 2793 3020 rex
2830 2965 3005 3034 gentis
3032 2963 3211 3033 impia:
3244 2963 3313 3015 ad
3353 2963 3609 3016 virtutem
3646 2959 3746 3015 ali-

480 3065 618 3118 rium
651 3072 707 3118 et
740 3063 1065 3130 adjutorium
1100 3062 1246 3117 missi
1286 3072 1412 3117 sunt
1438 3075 1662 3133 propter
1689 3080 1783 3120 eos
1816 3066 1907 3134 qui
1943 3065 2054 3119 haz-
2081 3103 2125 3161 α
2160 3075 2318 3130 quam
2353 3058 2643 3129 malignam
2697 3058 2763 3112 ab
2790 3056 3073 3124 Scriptura
3112 3053 3399 3117 referatur,
3436 3053 3557 3106 audi
3615 3067 3748 3120 quo-

479 3157 761 3210 reditatem
802 3155 1023 3224 capiunt
1051 3154 1266 3219 salutis,
1294 3171 1360 3210 an
1413 3172 1602 3211 eorum
1636 3158 1729 3224 qui
1769 3158 1837 3211 ab
1873 3156 2056 3224 iisju-

480 3258 677 3301 vantur
730 3247 943 3317 ignavia
1006 3257 1112 3299 tam
1167 3247 1321 3300 multi
1384 3246 1568 3317 lapsus
1629 3248 1752 3301 vita:
1806 3249 2058 3303 humana:

477 3340 801 3410 proveniant
859 3337 993 3408 (I7).
1036 3338 1201 3413 Quod
1240 3340 1283 3394 si
1318 3339 1391 3392 ita
1435 3350 1537 3405 est,
1578 3341 1687 3395 erit
1720 3356 1850 3411 ergo
1892 3342 2057 3393 etiam

482 3441 626 3487 Inter
650 3431 873 3499 angelos
900 3438 953 3483 et
981 3430 1227 3485 homines
1264 3432 1526 3497 iudicium
1558 3433 1686 3486 Dei:
1722 3442 1775 3485 et
1808 3432 2059 3486 fortassis

475 3524 866 3594 judieahuntur
897 3522 1066 3591 aliqui
1105 3538 1227 3576 cum
1254 3523 1419 3578 Paulo
1449 3535 1502 3578 et
1528 3524 1878 3589 conferentur
1902 3523 2056 3576 labo-

484 3614 633 3670 ribus
666 3614 803 3681 ejus,
840 3622 894 3668 et
925 3614 1192 3668 fruetibus
1224 3616 1316 3682 qui
1341 3630 1405 3668 ex
1449 3614 1794 3667 multitudine
1833 3615 2061 3667 creden-

486 3707 617 3759 tium
650 3704 908 3759 veniuut:
942 3713 997 3758 et
1020 3702 1161 3758 forte
1190 3705 1488 3758 invenietur
1519 3705 1569 3757 in
1601 3703 1876 3758 laboribus
1900 3719 2063 3772 supe-

486 3794 598 3847 rior
633 3795 795 3847 etiam
825 3793 1095 3862 aliquibus
1129 3794 1357 3862 angelis,
1390 3803 1444 3848 et
1478 3794 1600 3847 ideo
1631 3793 1890 3847 nimirqu
1922 3794 2064 3847 dice-

485 3886 578 3937 bat
608 3884 650 3914 ⁸³
683 3901 696 3937 :
734 3903 753 3935 ‹
788 3884 896 3938 Aut
926 3886 1147 3940 nescitis
1181 3886 1305 3954 quia
1353 3886 1572 3956 angelos
1594 3885 2004 3955 judicabimus?
2038 3904 2056 3936 ι

488 3974 603 4028 Νοη
646 3979 786 4044 quod
837 3978 950 4046 ipse
995 3977 1196 4031 Paulus
1243 3979 1446 4046 judicet
1500 3977 1743 4047 angelos,
1795 3979 1889 4033 sed
1920 3980 2064 4048 quod

487 4084 621 4138 opus
654 4070 800 4124 Pauli
852 4073 993 4139 quod
1029 4072 1139 4141 egit
1184 4073 1235 4126 in
1278 4072 1588 4142 Evangelio.
1619 4080 1673 4124 et
1694 4086 1823 4140 erga
1852 4073 2067 4125 animas

486 4161 849 4225 credentium,
901 4161 1169 4228 jutlicabit
1216 4163 1472 4230 aliquos:
1522 4178 1626 4216 non
1668 4162 1813 4216 enim
1849 4177 2061 4227 omnes,

487 4253 581 4307 sed
613 4253 824 4321 aliquos
859 4254 1195 4325 angelorum.
1226 4254 1290 4307 Et
1318 4266 1601 4322 prepterea
1628 4254 1876 4308 fortassis
1899 4254 2065 4307 etiam

486 4344 681 4399 Petrus
712 4346 778 4399 ad
814 4348 913 4400 ista
961 4348 1295 4415 respondens
1347 4348 1565 4401 dicebat
1599 4346 1640 4378 ¹⁹
1676 4366 1687 4400 :
1729 4364 1747 4398 ‹
1784 4348 1841 4400 In
1902 4362 2065 4416 quem

486 4438 877 4505 concupiscunt
910 4439 1073 4492 etiam
1102 4439 1605 4508 angeliprospicere
1638 4463 1648 4495 :
1690 4459 1709 4492 ι
1741 4440 1987 4507 quamvis
2011 4447 2066 4494 et
2099 4444 2143 4497 Ι)
2170 4436 2478 4505 loquentem
2535 4435 2717 4489 dicere
2749 4434 2794 4464 ³³
2832 4452 2845 4487 2

490 4528 595 4596 ipsi
619 4530 847 4596 apostoli
886 4531 1091 4598 angelis
1128 4538 1353 4584 utantur
1380 4531 1719 4599 adjutoribus
1748 4532 1814 4584 ad
1842 4532 2069 4601 explen-

489 4624 618 4673 dum
668 4621 1069 4688 praedicationis
1104 4636 1214 4676 sua:
1258 4637 1475 4685 munus,
1518 4632 1573 4677 et
1619 4638 1754 4691 Opus
1791 4624 2067 4692 Evangelii

490 4715 1003 4770 consummandum.
1072 4714 1163 4769 Sic
1215 4715 1359 4769 enim
1411 4714 1692 4769 dicebatur
1727 4714 1781 4768 in
1834 4714 2065 4768 Actibus

494 4802 861 4869 apostolorum
895 4805 961 4869 ³ο,
991 4806 1118 4874 quia
1146 4804 1372 4875 angelus
1401 4803 1545 4858 Petri
1580 4813 1723 4859 esset
1757 4805 1844 4873 qui
1880 4805 2065 4873 pulsa-

494 4905 577 4947 ret
621 4895 688 4948 ad
745 4896 965 4951 osrium.
1019 4897 1283 4952 Similiter
1335 4913 1462 4965 ergo
1503 4897 1823 4966 intelligitur
1845 4913 1969 4951 esse
2015 4910 2072 4952 et

493 4984 632 5038 alius
664 4985 809 5039 Pauli
839 4986 1085 5057 angelus,
1112 4988 1254 5043 sicut
1286 4996 1367 5041 est
1401 4987 1568 5052 Petri,
1595 4998 1648 5041 et
1677 4987 1815 5040 alius
1849 4988 2073 5040 alterius

568 5101 684 5171 ‘9'"
716 5103 882 5171 Apoc.
908 5119 1018 5171 xrv,
1056 5105 1110 5158 4.
1192 5105 1236 5136 ⁸³
1271 5105 1288 5158 ι
1322 5105 1448 5161 Cor.
1476 5121 1548 5170 vr,
1580 5105 1635 5159 '5.

496 5172 543 5202 ⁸³
568 5170 706 5226 Gen.
739 5170 813 5239 xi,
852 5173 901 5227 7.

566 5313 679 5387 (lli)
708 5315 880 5384 Igitur
904 5318 1253 5387 unusquisque
1278 5318 1605 5386 angelorum,
1630 5323 1736 5387 etc.
1767 5313 1900 5368 Vide
1929 5312 2069 5387 Ilue-

497 5385 632 5510 tiipm
662 5384 1117 5457 ’Origeuianorum
1159 5389 1255 5443 lib.
1295 5384 1363 5451 II,
1402 5396 1590 5455 quwst.
1626 5384 1680 5450 5,
1730 5400 1883 5438 nunt.
1916 5385 1986 5436 20
2019 5392 2073 5438 et

570 5524 681 5596 (I7)
715 5526 832 5580 Erit
857 5544 977 5597 ergo
1006 5536 1053 5580 et
1080 5530 1134 5579 in
1169 5526 1264 5580 hoc
1298 5525 1560 5594 judicium
1592 5524 1683 5577 Dei
1710 5524 2073 5597 utrum-negli-

498 5595 672 5665 gentia
706 5600 883 5667 aliqua
918 5595 1277 5650 initiistrorum
1310 5599 1590 5664 spirituum
1615 5596 1703 5663 qui
1736 5595 1802 5646 ad
1832 5595 2072 5667 ministe-

503 5668 640 5716 rium
667 5673 715 5716 et
738 5664 1063 5734 adjutorium
1102 5669 1245 5720 missi
1275 5676 1395 5719 sunt
1428 5678 1635 5732 propter
1670 5681 1754 5717 eos
1786 5664 1876 5733 qui
1902 5666 2075 5715 Incre—

500 5735 714 5787 ditalem
745 5740 953 5799 cupiunt
979 5737 1187 5803 salutis,
1222 5755 1288 5790 an
1314 5753 1491 5791 eorum
1519 5737 1605 5803 qui
1638 5736 1698 5788 ab
1730 5739 1801 5790 eis
1823 5736 2076 5804 juvumur

1716 5104 1758 5135 ‘°
1795 5104 1811 5157 I
1848 5105 1956 5158 νει.
1990 5116 2027 5163 1,
2081 5108 2161 5159 I‘Z.

2163 3152 2322 3207 modo
2369 3150 2540 3206 Isaias
2573 3151 2638 3203 de
2678 3147 3183 3203 Nabuchodonosor
3205 3146 3352 3200 dicat
3381 3160 3394 3196 :
3433 3162 3452 3194 «
3502 3143 3567 3197 Et
3596 3143 3747 3196 indu-

2160 3260 2302 3309 cam,
2337 3244 2515 3312 inquit
2544 3244 2610 3308 “,
2636 3241 2877 3311 gladium
2914 3253 3078 3309 super
3106 3248 3327 3307 gentem
3358 3250 3630 3305 magnam,
3657 3250 3749 3287 su-

2162 3352 2256 3405 per
2290 3314 2587 3405 principeiu
2621 3332 2993 3402 Assyriorum.
3026 3331 3120 3384 Ait
3146 3329 3291 3383 enim
3322 3342 3337 3381 :
3379 3327 3589 3382 Virtute
3628 3342 3746 3379 mea

2164 3428 2379 3489 faciam,
2411 3435 2465 3478 et
2494 3425 2758 3493 sapientia
2783 3436 2975 3475 sensus
3009 3422 3111 3474 mei
3143 3421 3417 3473 destruam
3448 3419 3584 3471 ﬁnes
3617 3435 3751 3485 geu-

2166 3521 2322 3582 tium,
2359 3528 2413 3571 et
2468 3517 2728 3569 virtutem
2790 3529 2980 3569 eorum
3025 3511 3402 3579 depraedabor.
3452 3529 3471 3562 ι
3519 3509 3584 3562 Ει
3621 3510 3749 3561 item

2164 3610 2289 3663 alibi
2333 3609 2492 3676 quasi
2550 3608 2617 3660 de
2676 3605 2920 3675 principe
2973 3607 3150 3674 gentis
3190 3603 3469 3672 cujusdam
3526 3603 3750 3667 loquens

2164 3702 2297 3756 dicit
2326 3703 2371 3733 ²²
2402 3720 2415 3754 :
2460 3720 2476 3751 ι
2527 3700 2813 3765 Quomodo
2845 3700 3043 3753 cecidit
3075 3701 3139 3752 de
3170 3697 3311 3752 cado
3354 3696 3595 3759 Lucifer,
3657 3696 3751 3763 qui

2170 3809 2325 3847 ntaue
2357 3788 2674 3847 oriebatur?
2725 3810 2743 3842 ›
2799 3791 2842 3845 si
2888 3806 3018 3859 ergo
3055 3791 3167 3842 haec
3207 3787 3385 3841 omnia
3421 3789 3486 3839 ad
3526 3788 3752 3857 angelos

2166 3886 2430 3952 quosdam
2491 3882 2740 3950 maligna:
2771 3880 2879 3951 (I9)
2914 3881 3135 3934 virtutis
3194 3879 3389 3933 referri
3423 3879 3571 3948 cogit
3617 3879 3754 3932 ratio

2169 3980 2439 4042 veritatis,
2486 3993 2664 4031 nonne
2694 3978 2883 4031 eadem
2918 3975 3302 4044 consequentia
3341 3974 3504 4029 etiam
3541 3990 3660 4044 qua:
3688 3975 3754 4027 de

2167 4071 2349 4134 bonis,
2393 4070 2475 4121 ch
2518 4069 2879 4138 principibus,
2912 4068 2989 4120 vel
3022 4068 3275 4137 gentibus
3303 4067 3754 4128 conscribuntur,

2167 4163 2235 4215 ad
2261 4162 2551 4224 bonarum,
2584 4169 2640 4212 ut
2677 4174 2840 4227 supra
2898 4158 3151 4223 diximus,
3206 4159 3466 4211 virtutum
3510 4156 3754 4226 angelos,

2173 4254 2564 4322 ministrosque
2604 4250 3079 4306 referentur?Sed
3120 4260 3177 4304 et
3211 4250 3340 4305 illud
3371 4250 3589 4319 quodin
3643 4249 3755 4303 Ge—

2173 4346 2286 4399 nesi
2314 4346 2575 4413 scriptum
2613 4344 2862 4413 legimus,
2902 4341 3071 4395 Deum
3099 4344 3166 4396 ad
3197 4341 3418 4411 angelos
3446 4342 3563 4395 sine
3593 4340 3757 4393 dubio

2906 4452 2923 4483 ι
2972 4433 3160 4487 Venite
3207 4433 3604 4488 confundamus
3652 4432 3756 4483 liu—

2171 4544 2306 4597 guas
2334 4543 2546 4593 eorum,
2590 4545 2608 4579 ι
2645 4526 2774 4595 quid
2812 4525 2956 4579 aliud
2996 4525 3294 4593 putandum
3325 4535 3429 4589 est.
3467 4524 3574 4578 nisi
3614 4523 3755 4592 quod

2172 4626 2371 4681 diversi
2403 4624 2576 4694 angeli
2614 4624 2857 4676 diversas
2892 4620 2948 4673 in
2971 4620 3285 4677 hominibus
3310 4620 3522 4688 linguas
3548 4616 3758 4685 Operati

2175 4717 2282 4771 sint
2319 4732 2380 4769 ac
2410 4713 2687 4783 loquelas?
2725 4712 2810 4775 Ut,
2838 4711 2988 4765 verbi
3020 4711 3216 4779 gratia,
3247 4726 3385 4765 unus
3410 4710 3610 4777 aliquis
3643 4708 3758 4760 fue—

2174 4809 2265 4870 rit,
2320 4809 2410 4874 qui
2449 4803 2844 4875 Bahylonicam
2893 4813 3020 4857 tunc
3052 4803 3143 4857 uni
3181 4803 3385 4858 homini
3424 4800 3761 4870 impresserit

2176 4898 2443 4965 linguam,
2471 4897 2608 4949 alius
2639 4896 2727 4963 qui
2753 4894 2842 4947 alii
2865 4893 3200 4964 Egyptiam,
3224 4904 3281 4947 et
3319 4893 3456 4945 alius
3478 4893 3567 4958 qui
3609 4892 3759 4945 Grai-

2181 5006 2322 5051 cum,
2366 5000 2418 5041 et
2458 4990 2535 5043 sic
2567 4988 2909 5041 diversarum
2964 4987 3206 5056 gentimn
3253 4983 3353 5053 ipsi
3403 4984 3476 5038 illi
3528 4983 3759 5038 fortasse

2694 5110 2736 5137 ¹¹
2772 5108 2875 5161 Isa.
2905 5122 2957 5171 Χ,
2988 5108 3075 5171 I2,
3114 5107 3199 5163 15.

2242 5110 2285 5139 ὀ
2324 5111 2442 5161 Act.
2483 5124 2582 5161 xu.
2694 5110 2736 5137 “
2772 5108 2875 5161 Isa.
2905 5122 2957 5167 χ,
2988 5108 3075 5167 12,
3114 5107 3199 5163 IS.
3277 5106 3321 5136 ³³
3363 5104 3465 5159 Isa.
3506 5118 3615 5167 xiv,
3673 5099 3755 5154 l2.

2175 5309 2386 5378 ignavia
2418 5319 2523 5360 tam
2552 5305 2719 5378 multi,
2754 5306 2931 5373 lapsus
2981 5307 3103 5378 oitw
3143 5307 3386 5359 humanae
3429 5306 3756 5378 proveniant.

2179 5374 2301 5433 Ilaec
2332 5382 2383 5431 in
2425 5380 2584 5430 editis
2616 5377 2815 5429 omissa
2851 5377 3166 5442 supplentur
3198 5392 3229 5429 e
3279 5374 3435 5431 codd.
3482 5374 3760 5443 Sagiensi,

2178 5448 2514 5512 Belvacensi,
2541 5458 2593 5500 et
2624 5448 2810 5499 Sancti
2850 5444 3193 5501 Theudorici.

2251 5543 2360 5614 (18)
2398 5540 2589 5593 Viden;
2618 5538 2809 5592 Deum.
2848 5537 2961 5591 Hoc
2991 5540 3129 5591 enim
3167 5537 3337 5592 Israel
3359 5541 3757 5609 interpretatur.

2178 5636 2222 5690 A
2253 5647 2375 5694 ΠκἿ
2406 5653 2423 5684 t
2460 5634 2613 5699 vidit,
2663 5650 2680 5682 ›
2714 5642 2764 5684 el.
2789 5615 2862 5689 Lm
2890 5650 2908 5681 ι
2946 5632 3096 5685 Deus.
3132 5649 3148 5680 ι

2254 5730 2364 5802 (I9)
2416 5728 2566 5795 Mss.,
2606 5743 2624 5778 ἰ
2664 5727 2932 5794 inalignu’.
2971 5744 2987 5775 )
3026 5724 3178 5778 Lilil).
3222 5725 3376 5791 editi,
3410 5744 3426 5777 t
3472 5739 3700 5793 maguze.
3732 5742 3756 5775 ι
