4134 6426
438 383 544 440 649

1643 374 1708 430 ΙΝ
1749 371 2087 432 NUMEROS
2125 372 2410 430 IIOMILIA
2443 377 2532 430 XI.

3595 386 3699 444 650

441 501 715 572 principes
753 499 972 565 fuerint,
1002 500 1167 569 quiet
1193 499 1496 570 linguarum
1526 511 1590 551 ac
1613 498 1844 568 loquelae
1875 500 2025 553 vidc-
2054 495 2100 552 Α
2129 497 2346 561 merito,
2399 511 2464 552 eo
2509 499 2651 568 quod
2688 501 2948 555 creditam
2979 504 3082 558 sibi
3127 505 3503 575 multiplieavit
3536 521 3691 576 pecu-

443 600 641 648 bantur
669 603 918 648 auctores
947 610 959 644 :
996 592 1258 647 manserit
1301 599 1480 645 autem
1511 590 1690 660 lingua
1719 605 1816 658 per
1843 590 2016 645 Adam

442 684 694 750 primitus
729 683 875 748 data,
930 693 986 736 ut
1017 693 1295 752 putamus,
1343 681 1608 745 Hebraeis,
1661 683 1715 736 in
1759 696 1821 737 ea
1863 693 2020 752 parte

442 775 746 841 hominum,
771 791 891 845 quae
919 789 1022 830 non
1051 790 1182 844 pars
1210 773 1440 843 alicujus
1476 775 1679 846 angeli,
1705 776 1785 829 vel
1819 778 2020 844 princi-

442 865 526 934 pis
557 867 697 922 facta
723 876 828 933 est,
857 868 948 922 sed
977 881 1098 936 qua:
1133 866 1226 920 Dei
1253 866 1432 934 portio
1460 869 1774 935 permansit.
1796 868 2015 923 Interim

441 967 501 1014 ut
525 959 708 1014 dicere
751 974 1113 1028 coeperamus,
1142 957 1386 1014 oﬂ'erunt
1417 967 1472 1014 et
1499 961 1676 1030 angeli
1723 961 2015 1029 primitias,

442 1053 816 1122 unusquisque
863 1052 1027 1107 credo
1072 1053 1249 1122 gentis
1302 1066 1437 1116 sum,
1469 1060 1526 1106 et
1569 1067 1787 1106 rursum
1845 1067 2015 1107 unus-

440 1145 671 1214 quisque
717 1142 972 1198 Ecclesia:
1001 1158 1133 1198 suae.
1188 1142 1400 1208 Quibus
1441 1141 1651 1211 angelis
1690 1152 1746 1197 et
1778 1141 2016 1199 Joannes

443 1236 498 1291 in
527 1237 847 1306 Apocalypsi
879 1235 1118 1289 scribere
1153 1233 1371 1288 videtur
1398 1233 1464 1298 “,
1503 1235 1656 1290 verbi
1686 1237 1883 1303 gratia,
1919 1250 2016 1290 an-

442 1328 560 1396 gelo
597 1328 848 1383 Ecclesiaa
899 1326 1277 1396 Ephesiorum,
1337 1325 1418 1381 vel
1453 1325 1877 1398 Smyrnaeorum,
1933 1329 2016 1383 vel

444 1419 875 1482 Laodicensium,
909 1419 1250 1487 aliarumque
1275 1432 1393 1486 qua:
1417 1419 1632 1487 scriptae
1663 1428 1809 1473 sunt.
1845 1419 2014 1476 Offert

441 1526 570 1582 ergo
613 1511 983 1580 unusquisque
1018 1509 1333 1579 angelorum
1366 1511 1657 1578 primitias,
1703 1513 1785 1566 vel
1827 1513 2016 1568 Eccle-

443 1602 554 1666 size,
585 1602 669 1655 vel
715 1601 892 1670 gentis
932 1615 1043 1656 suae
1074 1616 1195 1670 quae
1221 1602 1269 1655 ei
1299 1601 1668 1671 dispensanda
1722 1605 2013 1660 commissa

439 1701 543 1747 est.
572 1693 679 1746 Aut
706 1691 844 1746 forte
865 1702 919 1747 et
951 1691 1040 1746 alii
1069 1691 1414 1746 extrinsecus
1437 1693 1614 1762 angeli
1647 1703 1793 1760 sunt,
1828 1698 1918 1765 qui
1948 1711 2014 1751 ex

439 1783 690 1837 omnibus
749 1783 1001 1853 gentibus
1053 1781 1237 1837 fideles
1272 1797 1519 1852 quosque
1553 1798 1901 1856 congregem.
1951 1787 2014 1841 Et

441 1874 847 1929 consideremus
894 1888 961 1929 ne
1004 1872 1144 1928 forte
1182 1874 1321 1928 sicut
1354 1874 1520 1945 308
1547 1875 1599 1930 in
1632 1876 1838 1945 aliqua,
1867 1879 2015 1934 verbi

440 1967 638 2037 gratia,
677 1967 918 2031 civitate,
956 1967 1044 2021 ubi
1082 1969 1321 2022 nondum
1359 1968 1654 2022 Christiani
1709 1970 1819 2024 nati
1868 1980 2015 2036 sunt,

440 2061 483 2115 si
533 2059 756 2115 accedat
792 2058 1012 2128 aliquis,
1043 2068 1099 2113 et
1139 2059 1342 2114 docere
1384 2059 1630 2130 incipiat,
1669 2059 1898 2128 laboret,
1935 2063 2018 2116 in-

439 2160 636 2216 struat,
700 2151 936 2205 adducat
974 2149 1041 2204 ad
1093 2148 1275 2213 fidem,
1325 2158 1379 2204 et
1430 2150 1546 2218 ipse
1576 2153 1915 2220 postmodum
1950 2155 2016 2209 iis

441 2256 576 2308 quos
625 2241 810 2296 docuit
854 2240 1108 2310 princeps
1157 2250 1212 2292 et
1254 2241 1543 2310 episcopus
1598 2243 1686 2296 fit:
1743 2244 1817 2299 ita
1849 2247 2015 2300 etiam

440 2333 616 2388 sancti
656 2333 831 2403 angeli
869 2333 980 2403 (20)
1017 2347 1204 2391 eorum
1235 2349 1374 2404 quos
1423 2350 1454 2390 e
1491 2335 1725 2392 diversis
1766 2338 2020 2407 gentibus

441 2417 913 2494 congregaverint,
933 2435 985 2481 et
1009 2427 1199 2482 labore
1223 2443 1325 2483 suo
1342 2442 1406 2483 ac
1429 2427 1734 2484 ministerio
1752 2428 2021 2498 proficere

443 2512 690 2582 fecerint,
713 2516 816 2585 ipsi
851 2531 1038 2572 eorum
1066 2518 1228 2572 etiam
1264 2519 1317 2573 in
1338 2517 1520 2573 futuro
1536 2519 1812 2589 principes
1849 2519 2014 2574 fiant:

439 2617 499 2662 ut
527 2607 776 2664 Christus
813 2625 918 2664 non
951 2618 1058 2664 tam
1093 2626 1188 2666 rex
1225 2611 1439 2666 dicatur
1475 2626 1638 2680 quam
1675 2626 1772 2667 rex
1806 2627 2016 2681 regum,

439 2708 494 2755 et
523 2717 628 2755 non
659 2709 767 2756 tam
803 2700 1084 2767 Dominus,
1109 2718 1269 2772 quam
1311 2702 1569 2758 Dominus
1595 2703 2015 2759 dominantium.

439 2789 646 2860 Quippe
678 2793 724 2846 si
771 2792 856 2846 isti
913 2807 1068 2864 reges
1117 2794 1251 2847 fiunt
1285 2809 1472 2849 eorum
1513 2810 1652 2864 quos
1683 2806 1900 2866 regunt,
1964 2805 2022 2852 et

441 2880 706 2947 prolicere
743 2880 971 2949 faciunt,
1015 2882 1116 2950 ipsi
1140 2897 1270 2952 ergo
1301 2881 1537 2938 offerunt
1590 2887 1860 2953 quosdam
1895 2887 2019 2954 qui-

439 2972 560 3026 dem
587 2973 854 3042 pontifici,
881 2974 1144 3043 quosdam
1173 2988 1303 3029 vero
1345 2975 1469 3031 filiis
1496 2977 1796 3047 pontificis,
1824 2978 1874 3032 id
1914 2986 2018 3042 est,

439 3063 817 3132 superioribus
874 3064 1193 3128 virtutibus,
1234 3073 1290 3119 et
1315 3065 1695 3132 archangelis,
1750 3067 2014 3135 quosdam

438 3154 603 3210 etiam
645 3152 872 3218 Levitis,
917 3153 970 3208 id
1023 3161 1106 3208 est
1151 3154 1311 3220 paulo
1349 3155 1718 3223 inferioribus,
1747 3158 1791 3210 si
1843 3167 2018 3214 tamen
2048 3179 2092 3238 ρ

440 3260 782 3314 consequens
801 3245 1046 3300 videatur
1079 3245 1171 3299 tali
1195 3245 1428 3314 quadam
1455 3247 1636 3317 specie
1657 3249 1820 3303 etiam
1846 3264 2045 3320 anger

441 3337 574 3393 licos
612 3338 857 3406 ordines,
908 3346 967 3392 ut
1011 3336 1292 3393 lsraelitici
1349 3349 1496 3404 sunt,
1544 3355 1667 3396 esse
1714 3343 2017 3410 distinctos,

439 3429 877 3498 quandoquidem
931 3429 1196 3485 Israelita:
1239 3429 1353 3499 (21)
1398 3431 1602 3485 umbrae
1632 3440 1687 3487 et
1717 3435 2018 3503 exemplari

437 3518 691 3573 dicantur
721 3520 998 3576 deservire
1023 3521 1346 3576 caelestium.
1373 3521 1672 3578 Possumus
1702 3538 1831 3595 ergo
1867 3525 2020 3582 dice-

443 3621 519 3672 re,
544 3609 668 3678 quia
706 3609 848 3664 forte
882 3611 932 3664 in
971 3611 1152 3667 futuro
1175 3628 1296 3667 cum
1327 3629 1517 3669 omnes
1549 3613 1760 3670 fructus
1792 3631 2019 3686 congre-

439 3701 706 3770 gabuntur
737 3703 803 3757 ad
849 3718 1052 3765 aream,
1083 3717 1240 3760 erunt
1263 3707 1479 3776 quidam
1521 3709 1695 3776 portio
1722 3710 2014 3778 pontificis,

440 3791 534 3844 sed
565 3791 707 3846 illius
739 3794 848 3848 veri
881 3795 1152 3862 pontificis
1173 3795 1398 3851 Christi.
1432 3797 1602 3851 Erunt
1632 3807 1688 3852 et
1723 3799 1812 3852 alii
1842 3800 2018 3869 portio

440 3880 774 3950 Levitarum,
819 3885 957 3941 sicut
1007 3887 1120 3955 iam
1154 3903 1315 3956 supra
1360 3888 1616 3954 diximus,
1665 3891 1746 3944 vel
1789 3891 2016 3961 angelis,

440 3977 520 4028 vel
550 3975 668 4030 aliis
695 3978 1013 4034 coelestibus
1044 3980 1335 4036 virtutibus
1364 3990 1724 4050 sequestrata.
1756 3981 1894 4038 Puto
1919 3999 2018 4037 au-

439 4077 543 4122 tem
575 4067 717 4137 quod
755 4081 917 4123 erunt
948 4071 1164 4138 quidam
1204 4073 1379 4140 portio
1407 4072 1572 4126 etiam
1616 4073 1894 4128 hominum
1923 4089 2016 4129 e0—

437 4175 555 4213 rum
606 4161 870 4215 duntaxat
907 4163 996 4232 qui
1045 4163 1097 4216 in
1135 4164 1234 4218 hac
1264 4164 1368 4216 vita
1409 4165 1700 4232 prudentes
1727 4180 1791 4220 ac
1829 4165 2015 4220 fideles

437 4251 832 4321 dispensatores
871 4255 1022 4309 verbi
1055 4253 1145 4309 Dei
1184 4255 1421 4308 fuerunt.
1456 4254 1568 4310 Hoc
1598 4257 1746 4310 enim
1776 4258 2014 4311 arbitror

436 4341 490 4396 in
525 4343 833 4413 Evangeliis
866 4345 1135 4415 designari
1169 4362 1196 4399 a
1236 4346 1481 4412 Domino,
1526 4347 1614 4400 ubi
1655 4348 1728 4400 ait
1762 4349 1827 4401 ad
1865 4363 2012 4415 eum,

436 4433 522 4486 cui
559 4437 864 4490 crediderat
901 4437 1140 4506 quinque
1181 4451 1360 4500 muas,
1397 4445 1452 4490 et
1489 4435 1694 4492 fecerat
1719 4453 1782 4492 ex
1806 4438 1886 4493 eis
1914 4440 2011 4492 de-

2125 585 2292 650 niam,
2347 591 2596 656 pervenit
2627 590 2690 642 ad
2748 589 3054 659 huiusmodi
3113 605 3460 664 potestatem.
3507 596 3702 650 Omnia

2121 677 2262 731 enim
2313 681 2452 749 apud
2493 682 2659 736 Deum
2711 686 2918 740 ratione
2947 696 3003 740 et
3038 688 3248 756 judicio
3275 690 3428 754 fiunt,
3481 705 3581 744 nec
3632 692 3702 744 atl

2121 772 2374 840 gratiam,
2407 775 2500 829 sed
2533 790 2631 844 pro
2669 778 2863 832 merito
2895 778 3032 832 alius
3072 781 3321 850 princeps
3352 796 3472 836 esse
3503 782 3700 837 multo-

2123 877 2239 916 rum
2270 865 2509 932 ponitur,
2549 867 2687 923 alius
2719 869 2995 938 subjectus
3031 886 3153 925 esse
3179 871 3525 941 principalui.
3562 872 3702 925 Eva-

2120 955 2228 1024 gati
2265 954 2492 1011 forsitan
2537 961 2833 1030 prolixiore
2885 963 3169 1016 videamur
3203 978 3450 1029 excessu,
3480 966 3575 1019 sed
3633 965 3701 1019 de

2120 1045 2374 1114 primitiis
2415 1055 2811 1121 exponentibus
2851 1055 3215 1110 necessarium
3267 1055 3562 1110 fuitetiam
3593 1055 3696 1110 ista

2117 1136 2410 1204 discutere,
2440 1142 2878 1212 quandoquidem
2914 1145 3050 1199 tanti
3081 1145 3304 1199 honoris
3332 1159 3528 1199 nomen
3555 1145 3700 1199 istud

2122 1228 2174 1282 in
2207 1229 2505 1300 Scripturis
2539 1234 2736 1290 divinis
2768 1235 2999 1292 habetur
3021 1246 3080 1290 ut
3112 1237 3280 1291 etiam
3314 1236 3429 1304 ipse
3450 1236 3702 1292 Christus

2120 1322 2374 1391 primitiae
2403 1326 2712 1382 nominatus
2743 1328 2836 1393 sit,
2866 1339 2924 1382 et
2949 1327 3204 1398 primitiae
3228 1328 3613 1383 dormientium
3632 1328 3698 1382 ’⁷.

2119 1413 2186 1468 Et
2215 1415 2359 1469 sicut
2401 1431 2494 1472 rex
2527 1433 2739 1489 regum,
2787 1429 2842 1474 et
2881 1420 3140 1475 Dominus
3170 1421 3588 1487 dominantium,
3646 1430 3702 1475 et

2120 1513 2306 1574 pastor
2334 1517 2638 1576 pastorum,
2681 1512 3064 1580 etpontificum
3099 1512 3368 1581 pontifex,
3403 1513 3476 1566 ita
3510 1528 3702 1568 conse-

2119 1606 2353 1665 quenter
2381 1606 2435 1652 et
2469 1599 2833 1668 primitiarum
2867 1603 3124 1670 primitiae
3163 1604 3395 1658 dicetur.
3427 1603 3559 1670 Quae
3591 1605 3703 1674 pri-

2122 1685 2286 1741 mitiae
2323 1703 2427 1743 non
2459 1688 2571 1757 jam
2607 1690 2871 1760 pontifici,
2902 1692 2994 1746 sed
3035 1691 3144 1746 Deo
3173 1691 3369 1750 oblatae
3414 1705 3562 1759 sunt,
3613 1709 3704 1750 se-

2122 1777 2355 1832 cundum
2384 1781 2487 1836 hoc
2529 1782 2670 1849 quod
2701 1783 2938 1852 seipsum
2975 1785 3212 1840 hostiam
3253 1785 3448 1840 obtulit
3483 1786 3616 1851 Deo,
3646 1795 3702 1841 et

2124 1886 2352 1942 surgens
2384 1887 2414 1926 a
2459 1875 2689 1930 mortuis
2734 1876 2875 1930 sedit
2918 1877 2970 1930 in
3021 1878 3268 1932 dextram
3327 1877 3440 1932 Dei.
3492 1879 3704 1934 Dicitur

2121 1971 2302 2018 autem
2336 1964 2381 1997 ³⁸
2424 1964 2540 2034 ipse
2575 1975 2632 2020 et
2676 1968 2948 2035 primitiae,
2997 1978 3046 2023 et
3093 1969 3483 2039 primogenitus
3538 1970 3705 2025 totius

2122 2066 2413 2120 creaturae,
2445 2057 2589 2124 quod
2616 2068 2794 2111 utrum
2828 2059 2919 2111 tali
2955 2059 3111 2113 modo
3149 2073 3242 2127 per
3272 2061 3512 2130 singulas
3539 2076 3705 2129 quas--

2123 2158 2229 2212 que
2263 2154 2544 2199 creaturas
2590 2147 2814 2215 intelligi
2853 2149 3066 2213 debeat,
3098 2150 3244 2219 quali
3279 2151 3426 2205 inter
3455 2153 3703 2206 homines

2122 2233 2379 2299 primitiae
2433 2236 2820 2290 dormientium
2870 2237 3085 2303 dicitur,
3138 2249 3190 2292 et
3248 2240 3585 2308 intelligitur,
3629 2256 3698 2294 an

2123 2324 2302 2396 aliqua
2358 2325 2587 2382 celsiore
2627 2337 2682 2381 et
2722 2328 2990 2384 diviniore
3037 2329 3412 2400 intelligentia,
3471 2349 3575 2386 non
3618 2342 3704 2388 est

2123 2418 2406 2484 praesentis
2424 2418 2684 2487 temporis
2714 2419 2990 2489 persequi.

2194 2507 2245 2562 5.
2273 2507 2581 2564 Redeamus
2609 2525 2740 2580 ergo
2764 2510 2838 2566 ad
2864 2509 3225 2580 primitiarum
3271 2511 3532 2567 rationem
3562 2511 3700 2583 quas

2123 2601 2360 2658 diximus
2417 2601 2598 2658 offerri
2649 2619 2747 2673 per
2799 2605 3040 2675 angelos,
3097 2621 3218 2675 quae
3266 2607 3596 2678 colliguntur
3633 2626 3701 2665 ex

2124 2692 2274 2764 agris
2330 2693 2489 2763 hujus
2529 2694 2732 2750 mundi.
2767 2695 2896 2766 Agri
2939 2706 3120 2752 autem
3145 2697 3482 2766 angelorum,
3534 2701 3700 2755 corda

2124 2794 2309 2840 nostra
2329 2793 2474 2840 sunt.
2503 2785 2886 2856 Unusquisque
2904 2803 3036 2858 ergo
3063 2803 3249 2844 eorum
3277 2805 3342 2844 ex
3374 2805 3504 2862 agro
3533 2806 3696 2860 quem

2124 2875 2277 2941 colit,
2314 2875 2475 2930 oﬂ'crt
2506 2876 2776 2944 primitias
2816 2877 2944 2932 Deo.
2994 2878 3108 2933 Etsi
3140 2893 3377 2933 mererer
3405 2893 3504 2948 ego
3539 2880 3701 2935 hodie

2126 2981 2381 3036 magnum
2424 2965 2681 3034 aliquem,
2714 2976 2771 3022 et
2803 2982 3013 3023 summo
3042 2973 3298 3038 pontifice
3325 2974 3546 3040 dignum
3575 2986 3701 3026 sen-

2125 3071 2244 3111 sum
2289 3056 2558 3125 proferre,
2603 3058 2676 3111 ita
2714 3067 2774 3112 ut
2822 3059 2980 3114 exiis
3010 3063 3264 3117 omnibus
3286 3078 3404 3133 qua!
3427 3065 3700 3134 loquimur

2127 3155 2184 3201 et
2229 3146 2507 3210 docemus,
2559 3156 2707 3202 esset
2735 3147 2938 3218 aliquid
2983 3151 3283 3222 egregium,
3312 3155 3456 3221 quod
3489 3168 3702 3207 summo

2125 3237 2398 3294 sacerdoti
2426 3240 2641 3308 placere
2672 3240 2916 3306 deberet,
2959 3250 3172 3311 poterat
3204 3243 3436 3299 fortasse
3469 3244 3607 3308 lieri,
3643 3255 3703 3299 ut

2125 3331 2349 3402 angelus
2375 3333 2465 3400 qui
2504 3332 2993 3401 prmestEcclesize,
3025 3347 3088 3388 ex
3126 3335 3381 3390 omnibus
3414 3337 3572 3391 dictis
3599 3351 3702 3390 uo—

2125 3425 2257 3481 stris
2304 3423 2532 3493 eligeret
2579 3423 2800 3494 aliquid,
2829 3434 2884 3480 et
2927 3424 3047 3480 loco
3071 3426 3435 3495 primitiarum
3473 3427 3702 3481 Domino

2127 3517 2194 3571 de
2225 3515 2404 3586 agello
2431 3515 2535 3570 mei
2565 3515 2749 3572 cordis
2774 3516 3015 3572 offerret.
3051 3517 3158 3573 Sed
3188 3533 3288 3586 ego
3316 3531 3404 3573 me
3437 3520 3552 3574 scio
3595 3533 3702 3573 non

2129 3607 2348 3673 mereri,
2382 3621 2480 3662 nec
2529 3608 2783 3662 conscius
2832 3623 2951 3662 smn
2995 3609 3150 3674 mihi,
3178 3609 3321 3679 quod
3353 3610 3475 3664 talis
3505 3609 3703 3678 aliquis

2122 3713 2316 3754 sensus
2341 3698 2650 3754 inveniatur
2685 3703 2737 3754 in
2779 3716 2883 3764 me,
2920 3716 3080 3770 quem
3118 3702 3335 3772 dignutn
3366 3703 3575 3772 judicet
3603 3718 3701 3756 an-

2120 3794 2273 3865 gelus
2304 3796 2394 3863 qui
2435 3810 2533 3850 nos
2569 3795 2792 3860 excolit,
2825 3794 3021 3850 offerre
3045 3811 3140 3866 pro
3181 3796 3456 3866 primitiis,
3481 3797 3564 3851 vel
3599 3812 3699 3865 pro

2120 3883 2502 3954 primogenitis
2530 3885 2777 3941 Domino.
2813 3887 2990 3957 Atque
3042 3891 3244 3941 utinam
3278 3889 3382 3943 tale
3432 3889 3502 3942 sit
3557 3891 3701 3958 quod

2124 3974 2400 4043 loquimur
2451 3985 2506 4029 et
2557 3976 2838 4039 docemus,
2897 3986 2953 4028 ut
2986 3991 3090 4030 non
3145 3992 3243 4046 pro
3275 3978 3455 4033 verbis
3499 3981 3702 4034 nostris

2124 4065 2475 4120 condemnari
2507 4080 2840 4132 mereamur,
2866 4069 3137 4123 sufficeret
3171 4069 3326 4122 nobis
3353 4069 3467 4122 haec
3502 4071 3698 4138 gratia.

2119 4155 2508 4222 Oﬂ‘eruntergo
2527 4157 2702 4227 angeli
2723 4172 2786 4212 ex
2809 4157 2968 4212 nobis
2991 4159 3281 4228 primitias,
3302 4167 3355 4213 et
3373 4158 3700 4228 excolitf‘iﬁ)

2121 4250 2491 4318 unusquisque
2529 4263 2626 4303 eos
2657 4263 2795 4319 quos
2831 4250 3013 4303 studio
3043 4259 3099 4303 et
3137 4250 3412 4318 diligentia
3470 4265 3568 4304 sua
3630 4251 3699 4305 ab

2119 4340 2400 4396 erroribus
2427 4338 2667 4409 gentium
2695 4340 2964 4394 convertit
3001 4340 3067 4394 ad
3093 4339 3259 4393 Deum
3285 4355 3300 4394 :
3330 4349 3383 4395 et
3420 4352 3500 4396 est
3532 4356 3700 4396 unus-

2121 4430 2351 4498 quisque
2377 4429 2430 4483 in
2469 4429 2720 4497 portione
2752 4429 2837 4483 vel
2875 4443 3004 4483 cura
3034 4429 3180 4485 illius
3212 4431 3389 4500 angeli
3427 4449 3439 4484 :
3471 4441 3527 4486 et
3557 4435 3698 4486 sicut

433 4540 550 4581 cem
579 4527 626 4559 ’⁵
661 4546 675 4582 :
708 4546 726 4580 ι
765 4529 891 4585 Esto
920 4537 1238 4598 potestatem
1280 4529 1486 4584 habens
1516 4544 1678 4597 supra
1725 4531 1910 4585 decem
1931 4531 2013 4585 ci-

2123 4534 2185 4572 ex
2221 4519 2377 4574 initio
2411 4519 2593 4574 saeculi
2652 4517 2811 4587 hujus
2858 4534 2981 4574 cum
3010 4521 3345 4591 dispergeret
3392 4522 3529 4577 Deus
3557 4522 3699 4579 filios

434 4617 652 4674 vitales.
690 4638 709 4672 ι
749 4621 844 4676 Cui
874 4637 1003 4676 vero
1033 4624 1339 4679 crediderat
1372 4639 1556 4687 unam,
1589 4631 1646 4677 et
1686 4621 1890 4677 fecerat
1941 4637 2010 4677 ex

434 4723 498 4762 ca
539 4712 778 4779 quinque
828 4713 908 4765 ’δε
959 4733 977 4765 ι
1029 4714 1159 4770 Esto
1210 4725 1539 4785 potestatem
1591 4715 1802 4770 habens
1848 4729 2010 4784 supra

435 4803 672 4871 quinque
703 4804 964 4859 civitates.
995 4825 1013 4857 ι
1045 4807 1173 4872 Quae
1190 4807 1332 4861 enim
1359 4808 1446 4861 hic
1474 4815 1710 4876 potestas
1731 4805 2012 4859 civitatum

435 4891 779 4961 intelligenda
826 4904 928 4958 est,
969 4895 1072 4948 nisi
1117 4895 1438 4964 gubernatio
1485 4895 1825 4949 animarum?
1857 4892 2013 4948 Unde

435 4994 490 5038 et
537 4987 746 5041 videtur
789 4987 916 5042 mihi
947 4989 1089 5057 quod
1131 4987 1250 5041 sine
1281 5003 1441 5042 causa
1469 4989 1633 5043 etiam
1666 4988 1810 5041 inter
1863 4986 2010 5054 ipsos

436 5080 655 5150 angelos
680 5081 768 5134 alii
801 5090 1120 5150 potestatem
1163 5090 1217 5135 et
1258 5079 1626 5150 principatum
1666 5091 1830 5145 super
1873 5077 2011 5132 alios

434 5177 644 5234 gerant,
679 5168 765 5221 alii
799 5179 977 5224 autem
1009 5170 1344 5238 subjaceant,
1372 5178 1425 5222 et
1455 5169 1828 5234 obtemperent
1854 5175 2008 5236 pote-

433 5259 582 5312 stati.
611 5258 764 5312 Sicut
795 5275 861 5314 ne
890 5261 988 5315 iste
1017 5261 1229 5328 quidem
1262 5259 1347 5314 cui
1379 5266 1618 5328 potestas
1653 5257 1839 5310 decem
1880 5257 2012 5311 civi-

435 5355 630 5414 tatum,
671 5350 754 5404 vel
807 5350 894 5405 ille
945 5351 1029 5404 cui
1068 5351 1306 5419 quinque
1346 5349 1625 5402 civitatum
1656 5347 1839 5409 datur,
1892 5347 2011 5401 sine

505 5447 551 5479 “
579 5447 747 5516 Apoc.
781 5464 839 5502 II.
914 5447 962 5478 ³⁵
985 5446 1116 5500 Luc.
1160 5462 1274 5510 nx,
1320 5447 1406 5502 I7.
1484 5443 1681 5496 “ibid.
1729 5442 1818 5496 I9.

507 5541 617 5612 (20)
650 5540 734 5594 Ita
767 5541 924 5612 etiam
972 5542 1140 5593 sancti
1185 5539 1376 5612 angeli,
1428 5547 1535 5592 etc.
1750 5533 2003 5590 Huetium

437 5606 992 5685 Origeizi‘qnorumlib.
1028 5625 1085 5685 tt,
1120 5609 1392 5685 quaist‘.‘5,
1427 5623 1579 5685 num.
1605 5606 1695 5685 2_6.

503 5674 617 5748 (il)
646 5681 797 5744 Mss,
822 5698 841 5731 ι
880 5674 1153 5734 Israelith
1187 5698 1204 5728 ι
1226 5677 1548 5748 Libb.editi,_
1577 5675 1606 5725 ‘t
1636 5674 2000 5729 Israeliticae.»

503 5746 618 5822 (Ἡ)
648 5751 803 5804 Lihb.
837 5751 990 5814 editi,
1020 5768 1046 5822 Ac
1090 5749 1423 5822 excolunt”
1458 5746 1550 5822 sed
1586 5759 1742 5822 mss,
1784 5763 1802 5794 ί
1844 5759 2006 5822 exco-

433 5814 522 5875 lit.
555 5839 572 5871 ι
603 5814 770 5880 ἰδιιιιιυ
798 5820 1097 5889 postcodex
1121 5819 1176 5872 S.
1209 5815 1554 5880 'I‘heodorici,
1585 5832 1602 5866 ι
1635 5815 1704 5868 ab
1729 5814 2007 5868 erroribus

754 5916 1020 5976 l’nttOL.
1055 5914 1170 5974 Cn.
1210 5911 1349 5973 XII.

1895 5443 1978 5497 ²⁷Ι
2006 5444 2228 5506 Cor.xv,
2255 5441 2347 5495 ‘30.
2423 5437 2712 5492 1""Coloss.
2747 5453 2785 5500 I,
2813 5437 2900 5492 15.

2116 4611 2288 4665 Adam
2310 4612 2378 4674 ’³,
2413 4611 2605 4666 statuit
2636 4611 2774 4666 ﬁnes
2805 4613 3045 4681 gentium
3073 4615 3372 4669 secundum
3407 4630 3695 4670 numerum

2117 4703 2430 4774 angelorum
2461 4702 2578 4768 Dei,
2604 4712 2661 4756 et
2691 4719 3034 4773 unaquaeque
3060 4720 3194 4774 gens
3229 4707 3331 4760 sub
3379 4707 3467 4762 illo
3507 4709 3696 4779 angelo

2117 4793 2262 4849 facta
2295 4803 2376 4847 est
2407 4810 2421 4846 :
2450 4809 2555 4847 una
2585 4805 2763 4848 autem
2788 4793 2886 4848 fuit
2914 4805 2968 4850 et
2995 4795 3164 4851 electa
3193 4812 3325 4867 gens
3354 4797 3543 4864 Israel,
3576 4813 3698 4868 qua:

2118 4887 2296 4954 portio
2331 4885 2544 4939 Domini
2577 4885 2704 4950 fuit,
2746 4895 2801 4941 et
2853 4886 3127 4942 funiculus
3161 4889 3501 4944 haereditatis
3529 4889 3646 4956 ejus
3679 4906 3694 4942 :

2117 4976 2193 5030 ita
2221 4976 2383 5032 credo
2422 4977 2554 5031 etin
2592 4977 2700 5032 fine
2737 4977 2893 5046 hujus
2919 4979 3101 5032 mundi
3136 4988 3300 5048 atque
3329 4979 3382 5034 in
3415 4979 3568 5035 initio
3592 4995 3697 5035 sae-

2116 5071 2220 5124 culi
2250 5069 2476 5124 alterius
2508 5068 2747 5124 futurum
2771 5067 2910 5139 (‘23),
2951 5079 3011 5123 ut
3042 5069 3237 5123 iterum
3278 5069 3483 5125 dividat
3507 5069 3697 5125 Excel—

2117 5181 2209 5220 sus
2239 5163 2379 5217 filios
2399 5161 2570 5215 Adam
2596 5180 2606 5212 :
2631 5169 2684 5215 et
2709 5162 2802 5228 qui
2831 5176 2935 5215 non
2960 5161 3324 5229 potuerintita
3359 5161 3544 5216 mundi
3574 5176 3696 5217 esse

2116 5255 2285 5311 corde
2339 5262 2396 5306 ut
2447 5251 2622 5319 ipsum
2653 5249 2874 5304 videant
2917 5250 3225 5316 Dominum,
3260 5261 3316 5306 et
3353 5266 3473 5306 esse
3514 5251 3695 5318 portio

2121 5345 2357 5409 Domini,
2388 5344 2605 5397 videant
2635 5350 2856 5396 sanctos
2882 5342 3127 5411 angelos,
3163 5353 3217 5397 et
3248 5345 3359 5398 sint
3390 5341 3689 5398 secundum

2979 5440 3024 5470 ²⁹
3056 5437 3212 5492 Deut.
3236 5453 3404 5490 xxx".

2115 5534 2375 5609 gentium.
2413 5551 2432 5584 ι
2470 5530 2625 5609 Libh.
2654 5530 2867 5609 editiut
2899 5529 2967 5609 ab
2984 5529 3472 5609 erroribusletiam.
3515 5546 3544 5607 ,ι
3593 5597 3605 5609 0

2189 5602 2299 5675 (‘23)
2335 5601 2419 5677 Ita
2448 5600 2606 5677 credo
2645 5600 2767 5677 et’t'u
2798 5599 2901 5665 ﬁne
2926 5599 3083 5677 hujus
3118 5595 3486 5677 utttndi‘alque
3509 5594 3688 5677 inini-

2116 5663 2391 5727 tio‘sw'culi
2419 5669 2637 5723 alterius
2686 5663 2944 5735 futurum,
2980 5663 3086 5718 etc.
3121 5663 3539 5735 VideAHue'lium
3567 5663 3687 5719 Ori-

2117 5746 2455 5812 genianorum
2483 5739 2572 5794 lib.
2608 5733 2884 5806 n,'quaast.
2915 5737 3000 5797 ll,
3033 5747 3178 5786 nutu.
3219 5733 3308 5789 IO.

3298 5891 3372 5947 21
