4134 6394
441 345 536 399 651
1911 336 2232 395 OlllGENlS

3611 335 3719 393 652

444 473 728 517 numerum
761 454 1072 526 angelorum
1097 453 1209 508 Dei.
1243 451 1348 507 Sed
1381 453 1575 508 beatus
1599 463 1676 509 est
1714 456 1802 524 qui
1831 455 2025 526 dignus
2057 459 2098 512 A
2130 455 2270 507 enim
2317 455 2472 525 panis
2518 454 2633 522 qui,
2689 467 2811 508 cum
2855 468 3069 523 semper
3119 454 3456 517 comedatur,
3503 467 3717 522 semper

443 552 605 608 fuerit
659 550 709 604 in
757 549 846 602 illa
881 549 988 601 vita
1025 545 1366 615 esse'portiu
1425 547 1658 614 Domini,
1703 557 1754 600 et
1800 547 2029 616 populus

441 650 558 720 ejus
578 646 764 709 Jacob,
791 661 852 700 ac
876 643 1150 698 funiculus
1177 642 1507 697 haereditatis
1527 657 1636 696 sua:
1664 640 1848 695 Israel.
1871 640 2031 710 Opta-

445 744 550 799 bile
586 750 668 798 est
704 755 855 812 ergo,
887 737 1222 801 utdiximus,
1254 737 1326 790 ita
1362 735 1630 805 proﬁcere
1666 749 2027 804 unumquem-

444 851 570 904 que,
609 843 667 888 ut
691 833 834 886 inter
860 829 1152 900 primitias,
1176 828 1256 882 vel
1282 826 1642 898 primogenita
1673 826 1800 896 eligi
1821 840 2029 879 merea-

442 938 551 990 tur,
571 933 622 980 et
639 923 821 980 offerri
848 924 977 987 Deo,
999 934 1052 976 et
1069 935 1189 975 esse
1205 934 1332 988 pars
1353 920 1588 983 Domini,
1607 919 1745 973 sicut
1773 928 2026 972 econtra-

441 1021 521 1075 rio
551 1017 702 1071 valde
722 1015 1018 1069 timendum
1046 1021 1128 1068 est
1150 1027 1216 1066 nc
1245 1011 1586 1066 inveniamur
1614 1011 1753 1064 inter
1778 1010 1919 1078 illos,
1955 1011 2023 1064 de

440 1108 637 1180 quibus
656 1106 920 1174 scriptum
939 1103 1106 1157 est”:
1135 1121 1151 1154 ι
1175 1103 1480 1157 lntroibunt
1495 1103 1547 1155 in
1565 1100 1822 1155 inferiora
1844 1110 2026 1164 terrm,

443 1196 727 1252 tradentur
746 1194 798 1247 in
824 1193 1207 1263 manusgladii,
1228 1199 1411 1261 partes
1431 1191 1671 1259 vulpium
1687 1199 1868 1243 erunt.
1897 1207 1914 1240 ι
1938 1187 2031 1242 Vi—

441 1289 535 1342 des
549 1280 714 1358 309
741 1299 872 1357 ergo
907 1285 1328 1341 resurrectionis
1364 1292 1616 1352 tempore
1639 1298 1762 1336 cum
1787 1281 2030 1336 dividere

441 1381 679 1450 cmperit
709 1377 973 1433 Excelsus
1004 1387 1212 1448 gentes,
1243 1385 1296 1431 et
1336 1392 1435 1447 pro
1479 1379 1686 1431 meritis
1720 1377 2030 1444 dispergere

445 1473 584 1526 ﬁlios
636 1472 832 1536 Adam,
874 1472 1084 1526 futuros
1133 1483 1254 1525 esse
1298 1469 1563 1538 quosdam
1613 1469 1704 1538 qui
1741 1468 1947 1522 intrent
1975 1468 2026 1520 in

443 1559 698 1616 inferiora
746 1569 929 1625 terrm,
973 1569 1029 1614 et
1059 1569 1248 1628 partes
1286 1558 1556 1626 vulpium,
1612 1558 1662 1610 id
1713 1566 1799 1613 est
1847 1566 2029 1625 partes

442 1655 744 1707 damnonum
797 1652 950 1705 ﬁant.
986 1650 1118 1720 Ipsae
1149 1651 1293 1704 enim
1343 1659 1476 1702 sunt
1535 1649 1718 1718 vulpes
1763 1647 2026 1703 exterrui-

442 1754 632 1800 nantes
662 1744 852 1796 vineas
879 1742 947 1806 ³¹,
973 1756 1036 1796 ex
1075 1740 1274 1809 quibus
1305 1749 1426 1794 erat
1455 1747 1509 1794 et
1540 1738 1797 1803 Herodes,
1829 1742 1894 1794 de
1920 1754 2026 1809 quo

440 1839 636 1893 dicitur
664 1834 708 1868 "
742 1853 754 1889 :
796 1853 814 1886 ι
873 1835 968 1897 Ite,
1001 1833 1168 1888 dicite
1223 1833 1368 1902 vulpi
1422 1832 1568 1886 huic.
1615 1851 1633 1884 ι
1667 1831 2024 1901 Refugiamus

437 1943 563 2001 ergo
601 1938 847 1983 terrenos
879 1935 1034 1981 actus
1061 1934 1114 1980 et
1166 1925 1588 1995 intelligentiam
1625 1935 1928 1986 terrenam,
1962 1937 2028 1976 ne

439 2023 715 2095 aggravati
749 2020 985 2075 terrenis
1017 2018 1289 2081 sensibus,
1322 2017 1551 2073 introire
1580 2017 1828 2071 dicamur
1857 2017 1909 2070 in
1941 2015 2020 2070 in-

442 2116 639 2171 feriora
670 2121 850 2176 terrae,
892 2121 947 2167 et
987 2118 1173 2180 partes
1201 2109 1442 2178 vulpium
1472 2107 1611 2162 ﬁeri.
1645 2107 1854 2162 latrant
1879 2109 2024 2161 enim

439 2213 493 2260 et
520 2204 597 2259 illi
630 2204 683 2258 in
713 2201 972 2257 inferiora
1003 2211 1183 2263 terrm,
1207 2202 1302 2268 qui
1331 2201 1502 2271 legem
1530 2199 1622 2254 Dei
1648 2211 1704 2254 et
1727 2199 2026 2268 repromis-

441 2295 654 2349 siunum
679 2292 843 2356 bona,
867 2288 1229 2359 intelligentia
1264 2298 1494 2342 terrenae
1522 2285 1872 2356 cogitationis
1926 2298 2023 2338 ex-

441 2385 666 2457 cipiunt,
694 2391 747 2436 et
773 2396 878 2436 non
897 2379 1140 2435 excitant
1169 2379 1381 2433 animas
1409 2375 1712 2430 auditorum
1740 2375 1808 2427 ad
1832 2388 2022 2443 exspe-

440 2479 737 2532 ctationem
795 2472 1124 2536 etelestium,
1191 2480 1246 2525 et
1297 2469 1553 2524 intuitum
1613 2479 2020 2536 supernorum:

442 2586 566 2626 cum
603 2567 886 2623 evidenter
924 2561 1215 2634 Apostolus
1253 2561 1395 2617 dicat
1434 2560 1478 2591 ³³
1511 2578 1524 2614 :
1566 2578 1583 2610 ι
1637 2557 1693 2612 Si
1735 2573 2026 2613 consurre.

441 2663 600 2719 xistis
639 2677 761 2716 cum
812 2658 1036 2715 Christo
1065 2669 1186 2726 qua:
1221 2670 1440 2711 sursum
1487 2663 1615 2709 sunt
1655 2654 1900 2721 quaerite,
1934 2650 2023 2704 ubi

441 2755 691 2811 Christus
732 2762 815 2807 est
853 2752 905 2806 in
955 2750 1178 2805 dextera
1227 2746 1319 2802 Dei
1350 2745 1568 2808 sedens,
1598 2758 1704 2799 non
1752 2757 1873 2812 qum
1901 2749 2027 2796 sunt

441 2863 606 2919 super
629 2855 831 2900 terram
865 2863 878 2898 :
921 2863 940 2897 ι
988 2842 1132 2913 quod
1161 2841 1352 2911 utique
1393 2838 1499 2895 illis
1533 2837 1754 2892 dicebat
1788 2836 2023 2903 Aposto-

442 2939 522 2994 lus
567 2938 631 3005 “,
657 2938 748 3008 qui
778 2946 999 2992 terrena
1032 2932 1444 2995 observatione,
1491 2926 1723 2983 terrenis
1757 2941 1776 2975 ι
1812 2939 1878 2978 ne
1905 2923 2024 2978 teti-

441 3030 632 3101 geritis
663 3048 680 3081 ι
722 3027 964 3092 aiebant,
1002 3043 1021 3076 ι
1062 3039 1130 3080 ne
1157 3021 1529 3094 gustaveritis,
1555 3023 1634 3074 'ne
1661 3017 2022 3072 attamiuave-

2133 555 2433 614 permanet,
2462 545 2568 598 imo
2590 558 2804 613 semper
2825 557 3072 614 augetur.
3106 546 3200 600 Est
3227 561 3378 615 ergo,
3405 547 3550 600 sicut
3577 543 3718 610 Apo-

2131 636 2303 690 stolus
2335 635 2465 688 dicit
2500 635 2564 699 37,
2608 634 2870 702 Spirilalis
2916 651 3074 702 esca,
3132 653 3252 706 qua:
3299 649 3502 705 quanto
3546 633 3718 706 magis

2133 725 2447 790 insumitur,
2481 735 2628 779 tanto
2657 725 2887 793 amplius
2921 728 3137 781 crescit.
3181 728 3394 795 Quanto
3418 729 3560 782 enim
3595 741 3714 780 am-

2132 820 2271 888 plius
2305 821 2522 874 verbum
2571 817 2663 872 Dei
2699 820 3016 886 sumpseris,
3067 829 3270 888 quanto
3303 819 3596 873 instantius
3640 819 3719 873 ci-

2133 913 2256 965 bum
2293 913 2452 966 istum
2496 909 2820 976 comederis,
2853 918 3000 963 tanto
3033 910 3085 964 iu
3117 925 3168 966 te
3215 911 3520 965 afﬂuentius
3548 911 3719 964 abun-

2132 1006 2300 1059 dabit.
2359 1004 2482 1058 llaec
2515 1003 2662 1056 dicta
2703 1013 2829 1056 sunt
2869 1019 2970 1072 pro
2999 1018 3063 1058 eo
3105 1007 3249 1073 quod
3305 1005 3564 1073 scriptum
3610 1011 3716 1068 eet,

2139 1117 2156 1149 ι
2196 1099 2263 1152 ad
2297 1096 2724 1152 conservandum
2759 1095 3048 1161 primitias.
3095 1116 3112 1147 ι

2203 1187 2255 1239 7.
2303 1185 2562 1255 Sequitur
2615 1193 2798 1238 autem
2841 1185 2884 1215 ³⁸
2923 1202 2934 1236 :
2971 1201 2989 1235 ι
3027 1185 3102 1238 Ex
3133 1187 3386 1240 erunibus
3435 1199 3554 1255 quae
3592 1199 3718 1238 san-

2133 1277 2444 1332 ctiﬁcantur
2477 1277 2608 1330 mihi
2642 1289 2672 1328 a
2719 1273 2845 1327 ﬁliis
2883 1273 3069 1328 Israel.
3101 1294 3119 1326 ι
3155 1273 3262 1330 Nec
3312 1275 3414 1330 hoc
3465 1275 3585 1330 sine
3630 1289 3718 1330 sa-

2131 1379 2411 1424 cramento
2447 1369 2680 1434 dicitur;
2713 1383 2819 1422 non
2852 1369 2966 1421 vult
2999 1368 3143 1421 enim
3183 1366 3320 1421 Deus
3366 1367 3585 1421 aliunde
3630 1380 3719 1421 ac-

2132 1463 2312 1531 cipere
2344 1463 2636 1530 primitias,
2671 1463 2774 1517 nisi
2802 1477 2830 1515 a
2862 1460 3216 1516 sanctiﬁcatis
3261 1458 3444 1514 Israel.
3491 1459 3713 1514 Poterat

2132 1559 2273 1608 enim
2327 1555 2441 1607 ﬁeri
2483 1563 2540 1607 ut
2577 1563 2632 1609 et
2664 1556 2805 1623 apud
2855 1553 3085 1624 gentiles
3121 1553 3493 1607 invenirentur
3533 1553 3712 1622 aliqua

2131 1647 2484 1716 upera'digna
2513 1645 2642 1701 Deo.
2691 1646 3059 1702 Excoluerunt
3109 1645 3252 1699 enim
3301 1655 3356 1698 et
3405 1645 3545 1698 inter
3594 1644 3714 1698 illos

2133 1738 2295 1808 aliqui
2353 1739 2579 1792 virtutes
2619 1737 2808 1802 animi,
2859 1747 2913 1791 et
2957 1736 3294 1807 philosophia
3344 1737 3394 1789 in
3444 1735 3715 1789 nonnullis

2131 1830 2239 1898 egit
2267 1828 2686 1898 aliquantulum,
2719 1832 2811 1884 sed
2855 1844 2962 1883 non
3003 1828 3114 1881 vult
3161 1828 3261 1882 ista
3309 1827 3493 1881 offerri
3525 1827 3576 1880 in
3604 1826 3717 1896 pri-

2132 1918 2319 1972 mitiis.
2354 1918 2428 1972 Ex
2465 1918 2570 1972 illis
2616 1919 2724 1972 vult
2750 1919 2888 1973 Deus
2933 1918 3212 1972 benefacta
3247 1917 3543 1985 suscipere,
3577 1931 3712 1986 quo-

2131 2023 2248 2062 rum
2279 2023 2431 2063 mens
2459 2009 2605 2064 videt
2630 2010 2818 2076 Deum,
2854 2019 2909 2063 et
2940 2008 3030 2078 qui
3067 2009 3393 2062 sanctiﬁcati
3438 2018 3564 2062 sunt
3606 2009 3713 2063 Deo

2131 2114 2225 2167 per
2253 2101 2432 2155 ﬁdem.
2461 2100 2690 2157 Centilis
2720 2109 2899 2156 autem
2928 2101 3143 2156 etiamsi
3187 2100 3389 2170 aliquid
3425 2100 3710 2154 honestum

2129 2203 2182 2247 et
2221 2192 2500 2263 probabile
2541 2193 2743 2248 habere
2778 2193 3025 2248 videatur
3069 2193 3122 2246 in
3165 2194 3431 2259 moribus,
3464 2193 3563 2246 hoc
3599 2193 3712 2262 ipso

2129 2289 2271 2358 quod
2301 2303 2405 2342 non
2435 2287 2542 2342 Deo
2586 2288 2814 2342 ascribit
2845 2287 3010 2341 animi
3057 2287 3332 2349 virtutem,
3364 2287 3458 2341 sed
3493 2285 3713 2355 jactan-

2132 2380 2218 2434 tia:
2262 2393 2374 2433 suae
2419 2377 2679 2446 deputat,
2725 2392 2832 2432 non
2889 2387 2972 2432 est
3017 2376 3355 2432 sanctiﬁcata
3401 2375 3709 2446 hujusmodi

2130 2468 2404 2537 probitas,
2463 2477 2517 2522 et
2576 2468 2694 2522 ideo
2757 2483 2861 2522 non
2918 2469 3182 2537 recipitur
3236 2469 3375 2521 inter
3426 2468 3710 2536 primitias.

2128 2559 2400 2625 Quantum
2431 2564 2610 2610 autem
2643 2556 2708 2610 ad
2739 2556 3110 2611 deﬁnitionem
3149 2558 3341 2612 littera:
3381 2558 3536 2627 legis,
3565 2557 3714 2612 vide-

2132 2657 2216 2701 tur
2243 2648 2409 2702 etiam
2441 2647 2749 2716 proselytos
2776 2647 3067 2702 excludere
3098 2648 3168 2702 ab
3205 2647 3574 2714 hujuscemodi
3604 2663 3717 2701 mu-

2130 2755 2277 2794 nere.
2323 2737 2481 2793 Solos
2523 2739 2664 2792 enim
2713 2737 3086 2793 sanctiﬁcatos
3124 2753 3190 2792 ex
3232 2737 3356 2793 ﬁliis
3390 2738 3556 2793 Israel
3600 2739 3714 2792 vult

2127 2830 2325 2887 offerre
2351 2830 2639 2900 primitias.
2674 2828 2815 2884 Puto
2838 2838 3018 2885 autem
3046 2829 3343 2884 lsraelitem
3395 2827 3500 2883 dici
3531 2843 3714 2896 posse.

2127 2941 2190 2982 ex
2217 2937 2324 2994 quo
2360 2923 2489 2977 licet
2516 2921 2564 2976 ei
2602 2920 2808 2992 ingredi
2845 2921 2898 2975 in
2937 2920 3238 2975 Ecclesiam
3280 2919 3417 2973 Dei:
3449 2920 3712 2990 scriptum

2126 3022 2209 3070 est
2252 3012 2394 3068 enim
2443 3011 2530 3064 '9:
2571 3029 2588 3061 ι
2622 3009 2739 3062 Non
2785 3008 3189 3064 abominaberis
3226 3006 3545 3073 ldurmeum,
3589 3006 3715 3074 quia

442 3097 580 3187 ritis,
611 3139 628 3172 ι
658 3121 860 3192 quibus
885 3117 1030 3173 addit
1067 3131 1083 3169 :
1129 3133 1148 3169 ι
1194 3115 1325 3183 Quae
1364 3121 1490 3168 sunt
1517 3112 1701 3168 omnia
1749 3112 1801 3166 in
1829 3123 2020 3166 corru-
2051 3139 2093 3198 ϐ
2129 3105 2299 3160 frater
2351 3113 2472 3158 tuus
2529 3111 2611 3156 est
2635 3143 2649 3167 ,
2700 3116 2802 3156 nec
2837 3101 3179 3171 Egyplium,
3233 3100 3489 3170 quoniam
3540 3097 3714 3154 incola

439 3213 680 3282 ptionem
720 3214 836 3282 ipso
865 3227 991 3278 usu,
1023 3207 1326 3268 secundum
1361 3205 1624 3261 mandata
1655 3214 1710 3259 et
1743 3202 2024 3259 doctrinas

440 3308 741 3362 hominum.
784 3325 804 3358 ι

508 3401 564 3458 6.
593 3401 755 3457 Addit
799 3410 921 3471 post
953 3401 1068 3455 haec
1093 3399 1136 3432 ³⁸
1171 3413 1184 3451 :
1224 3415 1243 3448 ι
1282 3396 1349 3452 Ει
1376 3396 1589 3452 locutus
1631 3406 1716 3450 est
1764 3395 2024 3449 Dominus

438 3495 504 3550 ad
542 3495 721 3549 Aaron
757 3492 941 3548 dicens
977 3509 990 3545 :
1020 3490 1161 3546 Ecce
1207 3505 1309 3561 ego
1339 3487 1463 3544 dedi
1497 3485 1652 3541 vobis
1697 3483 1764 3539 ad
1804 3497 2023 3539 conser-

438 3587 671 3642 vandum
703 3583 996 3655 primitias.
1034 3601 1054 3636 ›
1084 3581 1344 3650 Quamvis
1372 3581 1423 3634 in
1454 3575 1727 3634 nonnullis
1749 3572 2026 3643 exempla-

439 3676 590 3732 ribus
641 3674 983 3737 Latinorum,
1034 3690 1053 3723 ι
1109 3674 1176 3727 ad
1224 3667 1660 3732 observandum,
1706 3684 1726 3716 ι
1761 3664 2023 3733 scriptum

437 3769 532 3836 sit,
556 3769 740 3822 verius
765 3774 944 3820 tamen
973 3775 1056 3819 est
1085 3781 1105 3816 ι
1145 3765 1211 3818 ad
1248 3766 1708 3817 conservandum.
1747 3777 1766 3812 ι
1799 3757 1906 3812 Sed
1937 3769 2022 3810 re-

438 3859 769 3929 quirendum
799 3865 883 3911 est
911 3856 1181 3926 quomodo
1230 3854 1523 3910 secundum
1568 3852 1740 3923 legem
1771 3847 2026 3920 primitiae

438 3955 853 4004 conserventur.
887 3947 1002 4003 Non
1033 3947 1177 4002 enim
1215 3957 1274 4001 ut
1306 3952 1546 4008 servent,
1587 3943 1900 3999 sacerdotes
1933 3954 2024 3994 ac-

441 4040 652 4111 cipiunt
680 4039 971 4110 primitias,
997 4041 1090 4096 sed
1132 4049 1192 4096 ut
1238 4042 1533 4095 insumant.
1576 4035 1856 4102 Quomodo
1894 4046 2024 4102 ergo

440 4132 611 4189 dicit:
642 4151 661 4184 ι
697 4133 836 4189 Ecce
883 4133 1006 4189 dedi
1055 4133 1209 4190 vobis
1253 4130 1522 4201 primitias
1572 4129 1639 4182 ad
1687 4141 2024 4181 conservan-

441 4224 606 4281 dum?
638 4244 657 4276 ›
688 4223 841 4282 Unde
875 4232 1094 4280 constat
1122 4239 1226 4279 non
1262 4237 1420 4293 posse
1465 4223 1566 4276 hoc
1621 4221 1687 4274 ad
1729 4219 1901 4288 legem
1933 4216 2023 4269 lit-

442 4327 590 4382 terae,
639 4317 731 4373 sed
782 4317 848 4372 ad
894 4315 1066 4388 legem
1117 4317 1343 4387 spiritus
1396 4312 1678 4384 applicari.
1713 4309 1833 4364 Istas
1878 4309 2023 4362 enim

439 4409 692 4478 primitiae
731 4425 870 4480 quas
919 4423 1081 4478 supra
1129 4407 1444 4478 spiritaliter
1474 4404 1848 4475 exposuimus,
1887 4415 2022 4456 con-

2122 3197 2278 3254 fuisti
2310 3197 2362 3251 in
2392 3203 2537 3248 terra
2573 3190 2815 3262 Egypti.
2851 3189 2975 3245 Filii
3021 3190 3064 3245 si
3099 3190 3210 3244 nati
3251 3189 3455 3244 fuerint
3492 3189 3598 3253 eis,
3622 3204 3717 3258 ge-

2127 3290 2409 3347 neratione
2450 3283 2607 3341 tertia
2648 3283 2954 3338 introibant
2986 3281 3041 3336 in
3070 3279 3368 3336 Ecclesiam
3400 3279 3512 3335 Dei.
3549 3298 3570 3332 ι
3606 3279 3717 3334 Do-

2125 3396 2226 3436 nec
2244 3394 2374 3450 ergo
2394 3377 2632 3433 fructum
2658 3389 2764 3429 non
2795 3371 2955 3426 affert
2976 3369 3287 3442 Egyptius,
3313 3369 3398 3426 vel
3423 3369 3712 3432 ldumaus,

2127 3487 2227 3528 nec
2254 3470 2446 3526 fecerit
2479 3467 2617 3523 ﬁlios
2644 3466 2832 3536 prima:
2857 3471 2912 3518 et
2936 3463 3187 3517 secunda:
3207 3470 3261 3516 et
3283 3460 3458 3515 tertia:
3485 3473 3713 3530 genera-

2127 3566 2311 3629 tionis,
2346 3579 2451 3618 non
2484 3569 2662 3630 potest
2690 3558 2920 3614 introire
2947 3556 3000 3610 in
3029 3553 3326 3610 Ecclesiam
3360 3551 3591 3614 Domini,
3615 3548 3713 3605 sed

2127 3658 2361 3712 ﬁliorum
2399 3654 2680 3726 generatio
2725 3641 2865 3706 facit
2905 3664 3000 3704 eos
3041 3647 3270 3703 introire
3309 3646 3367 3699 in
3405 3641 3707 3699 Ecclesiam

2131 3750 2361 3806 Domini.
2393 3746 2660 3803 Ohservet
2694 3743 3005 3814 diligentius
3035 3741 3128 3810 qui
3169 3739 3298 3809 legit
3337 3737 3549 3792 litteras
3573 3734 3716 3790 divi-

2127 3859 2246 3909 nas,
2283 3851 2341 3898 et
2374 3855 2479 3897 non
2516 3847 2574 3893 ut
2611 3837 2740 3893 libet
2793 3836 3091 3906 Scriptura:
3125 3831 3292 3887 verba
3327 3833 3712 3901 pertranseat:

2127 3935 2220 3989 sed
2254 3931 2480 4001 aspiciat
2508 3929 2576 3983 ad
2609 3939 3051 3995 unumquemque
3081 3936 3416 3988 sermonem,
3441 3918 3711 3990 quomodo

2127 4041 2232 4080 non
2262 4023 2425 4084 dixit,
2445 4022 2487 4076 si
2531 4019 2644 4074 nati
2688 4017 2890 4072 fuerint
2925 4015 3004 4072 eis
3029 4013 3124 4069 ﬁlii
3151 4013 3235 4068 vel
3269 4011 3412 4077 ﬁliae,
3446 4011 3540 4066 sed
3570 4027 3586 4062 ι
3617 4008 3714 4063 filii

2125 4117 2169 4172 si
2207 4114 2316 4170 nati
2347 4113 2550 4168 fuerint
2588 4109 2690 4173 eis,
2718 4108 2877 4162 tertia
2922 4105 3275 4176 generatione
3322 4102 3625 4158 introibunt
3660 4100 3716 4155 in

2126 4204 2424 4261 Ecclesiam
2446 4199 2681 4258 Domini.
2697 4217 2714 4249 ι
2745 4196 2812 4252 Et
2831 4197 3141 4260 considera,
3162 4196 3206 4249 si
3225 4201 3400 4265 potes,
3418 4190 3712 4246 secundum

2125 4295 2412 4367 mysticum
2444 4305 2687 4356 sensum,
2720 4304 2820 4345 cur
2867 4287 2971 4344 soli
3017 4287 3110 4342 ﬁlii
3143 4287 3274 4352 sint,
3309 4300 3417 4340 non
3451 4283 3615 4338 etiam
3651 4282 3714 4335 ﬁ-

2127 4391 2229 4454 liae,
2255 4388 2346 4458 qui
2373 4386 2578 4442 faciunt
2607 4383 2834 4438 introire
2861 4389 3046 4451 patres
3068 4381 3119 4434 in
3141 4378 3440 4434 Ecclesiam
3473 4377 3716 4432 Domini.

440 4500 648 4556 servari
677 4468 921 4570 possunt,
951 4468 1052 4553 illa:
1080 4468 1184 4553 non
1215 4506 1459 4567 possunt.
1486 4468 1592 4549 Sed
1617 4503 1673 4548 et
1696 4493 1740 4548 si
1769 4491 2022 4547 Christus
2054 4480 2098 4535 Β
2128 4480 2376 4550 Denique
2413 4476 2659 4533 invenies
2684 4474 2850 4570 (illam
2897 4470 3351 4570 sanctuanuibus
3381 4468 3642 4570 eximium
3679 4482 3709 4520 a

440 4600 524 4646 est
553 4591 847 4647 secundum
879 4591 1190 4660 Apostolum
1217 4588 1489 4658 primitiae,
1516 4601 1645 4642 vere
1687 4587 1804 4640 ista:
1834 4585 2022 4654 primi-

444 4684 529 4738 tiae
559 4683 625 4737 ad
658 4682 1088 4738 censervandum
1125 4682 1263 4737 datae
1306 4691 1435 4736 sunt
1483 4679 1656 4735 nobis.
1689 4677 1828 4744 Quid
1876 4675 2021 4731 enim

444 4783 551 4828 tam
581 4773 824 4839 beatum,
843 4785 998 4841 quam
1033 4780 1090 4827 ut
1114 4772 1294 4827 anima
1317 4785 1434 4841 quae
1461 4770 1699 4839 suscepit
1723 4769 2020 4833 Christum,

442 4880 655 4936 semper
680 4880 802 4921 eum
835 4873 1144 4931 conservet,
1180 4871 1235 4918 et
1262 4877 1478 4934 semper
1503 4860 1701 4916 habeat
1739 4861 1791 4914 in
1820 4873 1878 4914 se
1909 4873 2022 4912 ma-

442 4959 698 5015 nentem?
728 4958 793 5013 Et
821 4956 945 5014 talis
984 4958 1165 5013 anima
1212 4971 1337 5013 vere
1385 4954 1653 5026 primitias
1699 4951 1927 5022 suscipit
1956 4950 2024 5004 ad

441 5051 899 5105 conservandum.
929 5047 1066 5104 Nam
1094 5049 1200 5103 illae
1229 5048 1481 5119 primitiae
1509 5059 1628 5115 qua:
1652 5043 2024 5100 offerebantur

441 5142 492 5195 in
525 5141 659 5212 lege,
699 5142 1166 5197 consumebantur
1207 5157 1305 5213 per
1353 5140 1527 5205 cibos,
1555 5147 1611 5194 et
1659 5137 1922 5206 ingressa:
1968 5135 2021 5186 in

439 5239 704 5300 ventrem,
747 5233 1138 5304 dirigebantur,
1176 5245 1235 5287 ut
1281 5228 1633 5300 Evangelium
1676 5227 1809 5281 dicit
1844 5225 1910 5290 ",
1967 5223 2021 5274 in

439 5339 737 5380 secessum.
769 5325 906 5380 Istas
947 5334 1124 5380 autem
1167 5324 1439 5394 primitias
1470 5320 1560 5392 qui
1592 5313 2020 5379 manducaverit,

438 5428 492 5470 ct
520 5419 818 5487 gustaverit
867 5433 1062 5487 panem
1117 5419 1208 5487 qui
1256 5418 1323 5470 de
1386 5413 1524 5468 cazlo
1578 5400 1879 5470 deSceadit,
1916 5420 2020 5459 non

440 5513 723 5578 morietur,
757 5513 848 5566 sed
879 5520 1159 5580 permanet
1185 5511 1237 5563 in
1285 5509 1446 5562 vitam
1484 5514 1767 5559 tctcrnam.
1800 5501 1903 5554 Iste
1940 5507 2025 5553 est

1191 5690 1234 5719 ³¹
1269 5688 1424 5741 Cant.
1456 5701 1512 5737 ll.

1347 5758 1386 5786 ³⁷
1421 5757 1439 5808 l
1471 5756 1597 5808 Cor.
1654 5769 1705 5808 κ.

510 5691 554 5722 ³⁰
582 5689 719 5742 l’sal.
757 5689 1000 5752 tht.10,
1030 5691 1113 5743 ΙΙ.

442 5774 594 5826 mu,
630 5760 683 5813 8.
762 5759 1023 5812 "Matth.
1055 5775 1140 5825 xv,
1184 5759 1266 5811 l'r'.

1621 5683 1661 5713 3’
1692 5681 1819 5735 Luc.
1854 5697 1973 5743 xm,
2001 5678 2090 5734 '59.

1782 5753 1824 5783 ³⁸
1859 5751 2016 5804 Num.
2054 5761 2206 5813 λιι-ιιι,
2249 5749 2304 5801 8.

2132 4577 2240 4630 Deo
2295 4570 2664 4628 testimonium
2727 4565 2912 4627 datur,
2971 4560 3189 4617 dilIicile
3237 4560 3398 4629 ﬁlias,
3431 4559 3526 4617 sed
3569 4559 3710 4615 ﬁlios

2128 4666 2401 4738 genuisse.
2432 4662 2705 4717 Abraham
2739 4671 2846 4711 non
2870 4653 3057 4725 genuit
3089 4653 3247 4719 ﬁlias,
3288 4652 3436 4708 Isaac
3471 4665 3570 4706 nec
3597 4651 3711 4720 ipse
3741 4647 3746 4654 ’

2127 4758 2370 4828 quidem,
2403 4753 2550 4810 solus
2573 4750 2745 4806 Jacob
2773 4761 2936 4802 unam
2960 4745 3167 4814 genuit,
3193 4740 3709 4814 etipsamfratribus

2130 4864 2194 4905 ac
2221 4846 2538 4919 parentibus
2569 4857 2815 4914 gravem.
2856 4836 3236 4894 Contaminata
3282 4836 3427 4892 enim
3451 4835 3518 4890 ab
3545 4833 3710 4888 Emor

2130 4941 2244 4996 ﬁlio
2269 4939 2513 5002 Sichem,
2531 4933 2881 5004 opprobrium
2915 4929 3100 5001 generi
3124 4937 3178 4983 et
3194 4928 3447 4983 vindicta:
3469 4926 3708 4982 furorem

2127 5033 2394 5088 fratribus
2410 5029 2691 5084 excitavit.
2722 5026 2828 5082 Sed
2847 5033 2903 5080 et
2934 5032 3016 5078 ter
3051 5025 3105 5077 in
3139 5036 3282 5076 anno
3306 5032 3570 5091 apparere
3600 5017 3710 5071 Do-

2128 5125 2276 5180 mino
2301 5121 2523 5190 jubetur
2549 5133 2711 5176 omne
2747 5115 3125 5172 masculinum.
3172 5113 3397 5168 Femina
3433 5112 3501 5167 ad
3536 5122 3709 5178 appa-

2127 5218 2356 5273 rendum
2382 5215 2608 5270 Domino
2643 5229 2748 5270 non
2780 5217 3028 5266 vocatur.
3058 5207 3152 5262 Sic
3179 5221 3308 5275 ergo
3335 5205 3379 5260 si
3405 5205 3529 5275 quis
3557 5201 3707 5256 Scri-

2125 5311 2302 5381 pturis
2329 5307 2528 5362 divinis
2556 5307 2845 5376 diligenter
2879 5299 3144 5362 intendat,
3175 5299 3416 5353 inveniet
3440 5311 3547 5352 non
3578 5293 3714 5348 otio-

2125 5417 2241 5457 sum
2271 5400 2418 5470 quod
2457 5397 2584 5453 alibi
2623 5396 2844 5466 quidem
2901 5390 3148 5446 nominat
3194 5389 3317 5444 cum
3369 5387 3494 5442 ﬁliis
3541 5385 3708 5440 etiam

2127 5493 2287 5560 ﬁlias,
2318 5493 2448 5547 alibi
2495 5499 2675 5544 autem
2722 5486 2957 5542 ﬁliarum
3014 5498 3119 5539 non
3171 5482 3304 5536 facit
3351 5480 3703 5536 mentionem.

2169 5678 2211 5707 ³³
2237 5676 2448 5730 Coloss.
2483 5689 2562 5735 ιιι,
2603 5674 2648 5735 l,
2678 5670 2730 5722 Ξ.
2813 5669 2856 5699 ’δ
2879 5667 3084 5721 Coloss.
3111 5680 3169 5731 ιι,
3196 5665 3284 5730 2|,
3312 5662 3401 5718 Η.
3477 5660 3522 5690 ³⁵
3545 5658 3704 5715 Num.

2388 5746 2430 5774 θ’
2474 5745 2628 5795 Deut.
2668 5756 2824 5804 XM”,
2857 5738 2909 5802 7,
2934 5739 2988 5791 8.
