  <div class='ocr_page' id='page_1' title='image "/cluster/home/n/w/nwhite01/storage/ocr_20150623/12:no.2/coo.31924054873074/340.png"; bbox 0 0 4134 6390; ppageno 0'>
   <div class='ocr_carea' id='block_1_1' title="bbox 413 398 515 454">
    <p class='ocr_par' dir='ltr' id='par_1_1' title="bbox 413 398 515 454">
     <span class='ocr_line' id='line_1_1' title="bbox 413 398 515 454; baseline 0 0"><span class='ocrx_word' id='word_1_1' title='bbox 413 398 515 454; x_wconf 77' lang='lat'><strong>655</strong></span> 
     </span>
    </p>
   </div>
   <div class='ocr_carea' id='block_1_2' title="bbox 1634 376 2525 436">
    <p class='ocr_par' dir='ltr' id='par_1_2' title="bbox 1634 376 2525 436">
     <span class='ocr_line' id='line_1_2' title="bbox 1634 376 2525 436; baseline 0.004 -5"><span class='ocrx_word' id='word_1_2' title='bbox 1634 381 1697 432; x_wconf 76' lang='lat' dir='ltr'><strong>IN</strong></span> <span class='ocrx_word' id='word_1_3' title='bbox 1738 377 2069 433; x_wconf 72' lang='lat' dir='ltr'><strong>NUMERUS</strong></span> <span class='ocrx_word' id='word_1_4' title='bbox 2109 377 2393 430; x_wconf 75' lang='lat' dir='ltr'><strong>HOMILIA</strong></span> <span class='ocrx_word' id='word_1_5' title='bbox 2429 376 2525 436; x_wconf 77' lang='lat' dir='ltr'><strong>XI.</strong></span> 
     </span>
    </p>
   </div>
   <div class='ocr_carea' id='block_1_3' title="bbox 3579 377 3681 431">
    <p class='ocr_par' dir='ltr' id='par_1_3' title="bbox 3579 377 3681 431">
     <span class='ocr_line' id='line_1_3' title="bbox 3579 377 3681 431; baseline 0.049 -5"><span class='ocrx_word' id='word_1_6' title='bbox 3579 377 3681 431; x_wconf 64' lang='lat' dir='ltr'><strong>(iiii</strong></span> 
     </span>
    </p>
   </div>
   <div class='ocr_carea' id='block_1_4' title="bbox 415 494 3680 584">
    <p class='ocr_par' dir='ltr' id='par_1_4' title="bbox 415 494 3680 584">
     <span class='ocr_line' id='line_1_4' title="bbox 415 494 3680 584; baseline -0.001 -32"><span class='ocrx_word' id='word_1_7' title='bbox 415 517 480 573; x_wconf 49' lang='lat' dir='ltr'><strong>Et</strong></span> <span class='ocrx_word' id='word_1_8' title='bbox 508 518 595 572; x_wconf 70' lang='lat' dir='ltr'><strong>hic</strong></span> <span class='ocrx_word' id='word_1_9' title='bbox 622 527 751 584; x_wconf 69' lang='lat' dir='ltr'><strong>ergo</strong></span> <span class='ocrx_word' id='word_1_10' title='bbox 794 508 1044 582; x_wconf 63' lang='lat' dir='ltr'><strong>primitiae</strong></span> <span class='ocrx_word' id='word_1_11' title='bbox 1081 519 1198 571; x_wconf 69' lang='lat' dir='ltr'><strong>qua)</strong></span> <span class='ocrx_word' id='word_1_12' title='bbox 1237 501 1558 562; x_wconf 74' lang='lat' dir='ltr'><strong>oﬁ‘ernntur,</strong></span> <span class='ocrx_word' id='word_1_13' title='bbox 1585 513 1612 551; x_wconf 86' lang='lat' dir='ltr'><strong>a</strong></span> <span class='ocrx_word' id='word_1_14' title='bbox 1643 497 1995 552; x_wconf 83' lang='lat' dir='ltr'><strong>sanctiticatis</strong></span> <span class='ocrx_word' id='word_1_15' title='bbox 2026 498 2070 552; x_wconf 78' lang='grc' dir='ltr'>Α</span> <span class='ocrx_word' id='word_1_16' title='bbox 2099 504 2218 548; x_wconf 91' lang='lat' dir='ltr'><strong>ctus</strong></span> <span class='ocrx_word' id='word_1_17' title='bbox 2273 494 2376 548; x_wconf 90' lang='lat' dir='ltr'><strong>dici</strong></span> <span class='ocrx_word' id='word_1_18' title='bbox 2429 503 2643 561; x_wconf 91' lang='lat' dir='ltr'><strong>potest:</strong></span> <span class='ocrx_word' id='word_1_19' title='bbox 2673 508 2799 547; x_wconf 87' lang='lat' dir='ltr'><strong>vere</strong></span> <span class='ocrx_word' id='word_1_20' title='bbox 2846 502 3024 547; x_wconf 90' lang='lat' dir='ltr'><strong>autem</strong></span> <span class='ocrx_word' id='word_1_21' title='bbox 3077 503 3130 547; x_wconf 88' lang='lat' dir='ltr'><strong>et</strong></span> <span class='ocrx_word' id='word_1_22' title='bbox 3177 508 3388 564; x_wconf 78' lang='lat' dir='ltr'><strong>semper</strong></span> <span class='ocrx_word' id='word_1_23' title='bbox 3457 503 3680 549; x_wconf 85' lang='lat' dir='ltr'><strong>sanctus</strong></span> 
     </span>
    </p>
   </div>
   <div class='ocr_carea' id='block_1_5' title="bbox 417 587 1988 669">
    <p class='ocr_par' dir='ltr' id='par_1_5' title="bbox 417 587 1988 669">
     <span class='ocr_line' id='line_1_5' title="bbox 417 587 1988 669; baseline -0.015 -6"><span class='ocrx_word' id='word_1_24' title='bbox 417 609 542 664; x_wconf 93' lang='lat' dir='ltr'><strong>ﬁliis</strong></span> <span class='ocrx_word' id='word_1_25' title='bbox 575 604 760 669; x_wconf 90' lang='lat' dir='ltr'><strong>lsrael,</strong></span> <span class='ocrx_word' id='word_1_26' title='bbox 791 617 897 655; x_wconf 90' lang='lat' dir='ltr'><strong>non</strong></span> <span class='ocrx_word' id='word_1_27' title='bbox 933 598 1097 652; x_wconf 89' lang='lat' dir='ltr'><strong>etiam</strong></span> <span class='ocrx_word' id='word_1_28' title='bbox 1143 609 1171 648; x_wconf 89' lang='lat' dir='ltr'><strong>a</strong></span> <span class='ocrx_word' id='word_1_29' title='bbox 1223 593 1438 647; x_wconf 89' lang='lat' dir='ltr'><strong>ﬁliabus</strong></span> <span class='ocrx_word' id='word_1_30' title='bbox 1473 589 1731 657; x_wconf 81' lang='lat' dir='ltr'><strong>iubentur</strong></span> <span class='ocrx_word' id='word_1_31' title='bbox 1764 587 1942 642; x_wconf 77' lang='lat' dir='ltr'><strong>nﬁ&#39;crri</strong></span> <span class='ocrx_word' id='word_1_32' title='bbox 1977 607 1988 640; x_wconf 87' lang='lat'>:</span> 
     </span>
    </p>
   </div>
   <div class='ocr_carea' id='block_1_6' title="bbox 414 680 1989 768">
    <p class='ocr_par' dir='ltr' id='par_1_6' title="bbox 414 680 1989 768">
     <span class='ocr_line' id='line_1_6' title="bbox 414 680 1989 768; baseline -0.013 -16"><span class='ocrx_word' id='word_1_33' title='bbox 414 715 533 768; x_wconf 71' lang='lat' dir='ltr'><strong>quae</strong></span> <span class='ocrx_word' id='word_1_34' title='bbox 564 707 742 752; x_wconf 91' lang='lat' dir='ltr'><strong>tamen</strong></span> <span class='ocrx_word' id='word_1_35' title='bbox 793 690 1090 748; x_wconf 90' lang='lat' dir='ltr'><strong>secundum</strong></span> <span class='ocrx_word' id='word_1_36' title='bbox 1141 683 1440 756; x_wconf 91' lang='lat' dir='ltr'><strong>spiritalem</strong></span> <span class='ocrx_word' id='word_1_37' title='bbox 1487 680 1842 745; x_wconf 90' lang='lat' dir='ltr'><strong>intellectum,</strong></span> <span class='ocrx_word' id='word_1_38' title='bbox 1885 695 1989 734; x_wconf 91' lang='lat' dir='ltr'><strong>non</strong></span> 
     </span>
    </p>
   </div>
   <div class='ocr_carea' id='block_1_7' title="bbox 392 769 1992 848">
    <p class='ocr_par' dir='ltr' id='par_1_7' title="bbox 392 769 1992 848">
     <span class='ocr_line' id='line_1_7' title="bbox 392 769 1992 848; baseline -0.011 -5"><span class='ocrx_word' id='word_1_39' title='bbox 392 787 480 842; x_wconf 84' lang='lat' dir='ltr'><strong>ad</strong></span> <span class='ocrx_word' id='word_1_40' title='bbox 529 800 735 848; x_wconf 78' lang='lat' dir='ltr'><strong>sexus,</strong></span> <span class='ocrx_word' id='word_1_41' title='bbox 786 779 879 837; x_wconf 88' lang='lat' dir='ltr'><strong>sed</strong></span> <span class='ocrx_word' id='word_1_42' title='bbox 929 780 1231 834; x_wconf 87' lang='lat' dir='ltr'><strong>animarum</strong></span> <span class='ocrx_word' id='word_1_43' title='bbox 1278 772 1664 828; x_wconf 78' lang='lat' dir='ltr'><strong>discretionem</strong></span> <span class='ocrx_word' id='word_1_44' title='bbox 1711 769 1992 829; x_wconf 75' lang='lat' dir='ltr'><strong>referenda</strong></span> 
     </span>
    </p>
   </div>
   <div class='ocr_carea' id='block_1_8' title="bbox 413 863 1991 940">
    <p class='ocr_par' dir='ltr' id='par_1_8' title="bbox 413 863 1991 940">
     <span class='ocr_line' id='line_1_8' title="bbox 413 863 1991 940; baseline -0.013 -7"><span class='ocrx_word' id='word_1_45' title='bbox 413 886 560 934; x_wconf 89' lang='lat' dir='ltr'><strong>sunt.</strong></span> <span class='ocrx_word' id='word_1_46' title='bbox 596 894 614 927; x_wconf 77' lang='grc' dir='ltr'>ι</span> <span class='ocrx_word' id='word_1_47' title='bbox 651 872 771 928; x_wconf 88' lang='lat' dir='ltr'><strong>Tibi</strong></span> <span class='ocrx_word' id='word_1_48' title='bbox 800 872 970 936; x_wconf 92' lang='lat' dir='ltr'><strong>enim,</strong></span> <span class='ocrx_word' id='word_1_49' title='bbox 1015 868 1189 940; x_wconf 86' lang='lat' dir='ltr'><strong>inquit</strong></span> <span class='ocrx_word' id='word_1_50' title='bbox 1217 863 1291 930; x_wconf 80' lang='grc' dir='ltr'>⁸ο,</span> <span class='ocrx_word' id='word_1_51' title='bbox 1321 863 1440 918; x_wconf 88' lang='lat' dir='ltr'><strong>dedi</strong></span> <span class='ocrx_word' id='word_1_52' title='bbox 1497 877 1576 932; x_wconf 33' lang='lat' dir='ltr'><strong>ea.</strong></span> <span class='ocrx_word' id='word_1_53' title='bbox 1613 863 1663 917; x_wconf 91' lang='lat' dir='ltr'><strong>iu</strong></span> <span class='ocrx_word' id='word_1_54' title='bbox 1709 863 1991 923; x_wconf 84' lang='lat' dir='ltr'><strong>honorem,</strong></span> 
     </span>
    </p>
   </div>
   <div class='ocr_carea' id='block_1_9' title="bbox 411 952 1992 1034">
    <p class='ocr_par' dir='ltr' id='par_1_9' title="bbox 411 952 1992 1034">
     <span class='ocr_line' id='line_1_9' title="bbox 411 952 1992 1034; baseline -0.01 -10"><span class='ocrx_word' id='word_1_55' title='bbox 411 977 467 1024; x_wconf 89' lang='lat' dir='ltr'><strong>et</strong></span> <span class='ocrx_word' id='word_1_56' title='bbox 494 967 616 1020; x_wconf 91' lang='lat' dir='ltr'><strong>ﬁliis</strong></span> <span class='ocrx_word' id='word_1_57' title='bbox 647 966 750 1023; x_wconf 92' lang='lat' dir='ltr'><strong>tuis</strong></span> <span class='ocrx_word' id='word_1_58' title='bbox 782 972 903 1034; x_wconf 87' lang='lat' dir='ltr'><strong>post</strong></span> <span class='ocrx_word' id='word_1_59' title='bbox 936 973 986 1017; x_wconf 91' lang='lat' dir='ltr'><strong>te</strong></span> <span class='ocrx_word' id='word_1_60' title='bbox 1020 960 1322 1030; x_wconf 84' lang='lat' dir='ltr'><strong>legitimum</strong></span> <span class='ocrx_word' id='word_1_61' title='bbox 1356 966 1639 1012; x_wconf 75' lang='lat' dir='ltr'><strong>aeternum.</strong></span> <span class='ocrx_word' id='word_1_62' title='bbox 1686 974 1703 1004; x_wconf 72' lang='grc' dir='ltr'><strong>ι</strong></span> <span class='ocrx_word' id='word_1_63' title='bbox 1735 952 1878 1020; x_wconf 88' lang='lat' dir='ltr'><strong>Tibi,</strong></span> <span class='ocrx_word' id='word_1_64' title='bbox 1906 954 1992 1008; x_wconf 83' lang='lat' dir='ltr'><strong>in-</strong></span> 
     </span>
    </p>
   </div>
   <div class='ocr_carea' id='block_1_10' title="bbox 411 1045 1992 1129">
    <p class='ocr_par' dir='ltr' id='par_1_10' title="bbox 411 1045 1992 1129">
     <span class='ocr_line' id='line_1_10' title="bbox 411 1045 1992 1129; baseline -0.007 -17"><span class='ocrx_word' id='word_1_65' title='bbox 411 1059 548 1129; x_wconf 90' lang='lat' dir='ltr'><strong>quit.</strong></span> <span class='ocrx_word' id='word_1_66' title='bbox 571 1057 708 1113; x_wconf 85' lang='lat' dir='ltr'><strong>Cui?</strong></span> <span class='ocrx_word' id='word_1_67' title='bbox 728 1055 1054 1122; x_wconf 88' lang='lat' dir='ltr'><strong>Aaron,siue</strong></span> <span class='ocrx_word' id='word_1_68' title='bbox 1077 1053 1240 1108; x_wconf 91' lang='lat' dir='ltr'><strong>dubio</strong></span> <span class='ocrx_word' id='word_1_69' title='bbox 1269 1048 1638 1120; x_wconf 89' lang='lat' dir='ltr'><strong>respondebis.</strong></span> <span class='ocrx_word' id='word_1_70' title='bbox 1674 1045 1779 1102; x_wconf 86' lang='lat' dir='ltr'><strong>Sed</strong></span> <span class='ocrx_word' id='word_1_71' title='bbox 1813 1061 1992 1107; x_wconf 87' lang='lat' dir='ltr'><strong>sermo</strong></span> 
     </span>
    </p>
   </div>
   <div class='ocr_carea' id='block_1_11' title="bbox 409 1140 1994 1222">
    <p class='ocr_par' dir='ltr' id='par_1_11' title="bbox 409 1140 1994 1222">
     <span class='ocr_line' id='line_1_11' title="bbox 409 1140 1994 1222; baseline -0.006 -16"><span class='ocrx_word' id='word_1_72' title='bbox 409 1153 500 1222; x_wconf 85' lang='lat' dir='ltr'><strong>qui</strong></span> <span class='ocrx_word' id='word_1_73' title='bbox 551 1151 815 1218; x_wconf 86' lang='lat' dir='ltr'><strong>sequitur,</strong></span> <span class='ocrx_word' id='word_1_74' title='bbox 846 1147 1018 1216; x_wconf 80' lang='lat' dir='ltr'><strong>magis</strong></span> <span class='ocrx_word' id='word_1_75' title='bbox 1066 1145 1132 1199; x_wconf 93' lang='lat' dir='ltr'><strong>de</strong></span> <span class='ocrx_word' id='word_1_76' title='bbox 1188 1159 1316 1197; x_wconf 81' lang='lat' dir='ltr'><strong>vero</strong></span> <span class='ocrx_word' id='word_1_77' title='bbox 1362 1140 1617 1212; x_wconf 90' lang='lat' dir='ltr'><strong>pontiﬁce</strong></span> <span class='ocrx_word' id='word_1_78' title='bbox 1666 1140 1904 1204; x_wconf 87' lang='lat' dir='ltr'><strong>Christo,</strong></span> <span class='ocrx_word' id='word_1_79' title='bbox 1940 1148 1994 1196; x_wconf 86' lang='lat' dir='ltr'><strong>et</strong></span> 
     </span>
    </p>
   </div>
   <div class='ocr_carea' id='block_1_12' title="bbox 411 1223 1990 1316">
    <p class='ocr_par' dir='ltr' id='par_1_12' title="bbox 411 1223 1990 1316">
     <span class='ocr_line' id='line_1_12' title="bbox 411 1223 1990 1316; baseline -0.008 -17"><span class='ocrx_word' id='word_1_80' title='bbox 411 1245 537 1300; x_wconf 92' lang='lat' dir='ltr'><strong>ﬁliis</strong></span> <span class='ocrx_word' id='word_1_81' title='bbox 558 1242 724 1316; x_wconf 78' lang='lat'><strong>310</strong></span> <span class='ocrx_word' id='word_1_82' title='bbox 752 1223 867 1310; x_wconf 55' lang='lat' dir='ltr'><strong>eius</strong></span> <span class='ocrx_word' id='word_1_83' title='bbox 895 1236 1176 1309; x_wconf 87' lang='lat' dir='ltr'><strong>apostolis,</strong></span> <span class='ocrx_word' id='word_1_84' title='bbox 1203 1245 1256 1290; x_wconf 89' lang='lat' dir='ltr'><strong>et</strong></span> <span class='ocrx_word' id='word_1_85' title='bbox 1283 1235 1596 1291; x_wconf 84' lang='lat' dir='ltr'><strong>doctoribus</strong></span> <span class='ocrx_word' id='word_1_86' title='bbox 1623 1233 1990 1292; x_wconf 83' lang='lat' dir='ltr'><strong>Ecclesiarum</strong></span> 
     </span>
    </p>
   </div>
   <div class='ocr_carea' id='block_1_13' title="bbox 409 1325 1983 1400">
    <p class='ocr_par' dir='ltr' id='par_1_13' title="bbox 409 1325 1983 1400">
     <span class='ocr_line' id='line_1_13' title="bbox 409 1325 1983 1400; baseline -0.009 -10"><span class='ocrx_word' id='word_1_87' title='bbox 409 1325 607 1390; x_wconf 81' lang='lat' dir='ltr'><strong>suadet</strong></span> <span class='ocrx_word' id='word_1_88' title='bbox 633 1329 884 1400; x_wconf 81' lang='lat' dir='ltr'><strong>intelligi.</strong></span> <span class='ocrx_word' id='word_1_89' title='bbox 915 1329 1006 1384; x_wconf 85' lang='lat' dir='ltr'><strong>Ait</strong></span> <span class='ocrx_word' id='word_1_90' title='bbox 1029 1325 1172 1383; x_wconf 91' lang='lat' dir='ltr'><strong>enim</strong></span> <span class='ocrx_word' id='word_1_91' title='bbox 1210 1344 1222 1382; x_wconf 87' lang='lat'>:</span> <span class='ocrx_word' id='word_1_92' title='bbox 1251 1345 1267 1377; x_wconf 78' lang='grc' dir='ltr'>ι</span> <span class='ocrx_word' id='word_1_93' title='bbox 1301 1326 1625 1396; x_wconf 85' lang='lat' dir='ltr'><strong>Legitimum</strong></span> <span class='ocrx_word' id='word_1_94' title='bbox 1649 1333 1934 1381; x_wconf 71' lang='lat' dir='ltr'><strong>aeternum.</strong></span> <span class='ocrx_word' id='word_1_95' title='bbox 1967 1343 1983 1376; x_wconf 77' lang='grc' dir='ltr'><strong><em>ι</em></strong></span> 
     </span>
    </p>
   </div>
   <div class='ocr_carea' id='block_1_14' title="bbox 410 1414 1991 1491">
    <p class='ocr_par' dir='ltr' id='par_1_14' title="bbox 410 1414 1991 1491">
     <span class='ocr_line' id='line_1_14' title="bbox 410 1414 1991 1491; baseline -0.007 -13"><span class='ocrx_word' id='word_1_96' title='bbox 410 1424 691 1490; x_wconf 85' lang='lat' dir='ltr'><strong>Quomodo</strong></span> <span class='ocrx_word' id='word_1_97' title='bbox 737 1435 864 1491; x_wconf 85' lang='lat' dir='ltr'><strong>ergo</strong></span> <span class='ocrx_word' id='word_1_98' title='bbox 896 1427 1163 1474; x_wconf 64' lang='lat' dir='ltr'><strong>aeternum</strong></span> <span class='ocrx_word' id='word_1_99' title='bbox 1199 1427 1374 1486; x_wconf 86' lang='lat' dir='ltr'><strong>potest</strong></span> <span class='ocrx_word' id='word_1_100' title='bbox 1420 1431 1544 1472; x_wconf 89' lang='lat' dir='ltr'><strong>esse</strong></span> <span class='ocrx_word' id='word_1_101' title='bbox 1591 1415 1732 1484; x_wconf 91' lang='lat' dir='ltr'><strong>quod</strong></span> <span class='ocrx_word' id='word_1_102' title='bbox 1779 1414 1991 1470; x_wconf 88' lang='lat' dir='ltr'><strong>visibile</strong></span> 
     </span>
    </p>
   </div>
   <div class='ocr_carea' id='block_1_15' title="bbox 411 1499 1985 1580">
    <p class='ocr_par' dir='ltr' id='par_1_15' title="bbox 411 1499 1985 1580">
     <span class='ocr_line' id='line_1_15' title="bbox 411 1499 1985 1580; baseline -0.013 -8"><span class='ocrx_word' id='word_1_103' title='bbox 411 1514 528 1572; x_wconf 88' lang='lat' dir='ltr'><strong>est?</strong></span> <span class='ocrx_word' id='word_1_104' title='bbox 559 1529 679 1570; x_wconf 78' lang='lat' dir='ltr'><strong>cum</strong></span> <span class='ocrx_word' id='word_1_105' title='bbox 710 1509 1001 1580; x_wconf 87' lang='lat' dir='ltr'><strong>Apostolus</strong></span> <span class='ocrx_word' id='word_1_106' title='bbox 1043 1507 1188 1565; x_wconf 83' lang='lat' dir='ltr'><strong>dicat</strong></span> <span class='ocrx_word' id='word_1_107' title='bbox 1217 1507 1258 1537; x_wconf 86' lang='grc'>⁸¹</span> <span class='ocrx_word' id='word_1_108' title='bbox 1293 1525 1305 1560; x_wconf 92' lang='lat'>:</span> <span class='ocrx_word' id='word_1_109' title='bbox 1342 1525 1358 1556; x_wconf 76' lang='grc' dir='ltr'><strong><em>ι</em></strong></span> <span class='ocrx_word' id='word_1_110' title='bbox 1395 1506 1524 1572; x_wconf 84' lang='lat' dir='ltr'><strong>Quae</strong></span> <span class='ocrx_word' id='word_1_111' title='bbox 1550 1505 1693 1560; x_wconf 89' lang='lat' dir='ltr'><strong>enim</strong></span> <span class='ocrx_word' id='word_1_112' title='bbox 1713 1499 1985 1563; x_wconf 89' lang='lat' dir='ltr'><strong>videntur,</strong></span> 
     </span>
    </p>
   </div>
   <div class='ocr_carea' id='block_1_16' title="bbox 411 1595 1987 1676">
    <p class='ocr_par' dir='ltr' id='par_1_16' title="bbox 411 1595 1987 1676">
     <span class='ocr_line' id='line_1_16' title="bbox 411 1595 1987 1676; baseline -0.01 -16"><span class='ocrx_word' id='word_1_113' title='bbox 411 1603 726 1676; x_wconf 88' lang='lat' dir='ltr'><strong>temporalia</strong></span> <span class='ocrx_word' id='word_1_114' title='bbox 759 1611 926 1667; x_wconf 87' lang='lat' dir='ltr'><strong>sunt;</strong></span> <span class='ocrx_word' id='word_1_115' title='bbox 963 1614 1080 1670; x_wconf 84' lang='lat' dir='ltr'><strong>quae</strong></span> <span class='ocrx_word' id='word_1_116' title='bbox 1114 1607 1294 1655; x_wconf 84' lang='lat' dir='ltr'><strong>autem</strong></span> <span class='ocrx_word' id='word_1_117' title='bbox 1323 1611 1426 1652; x_wconf 90' lang='lat' dir='ltr'><strong>non</strong></span> <span class='ocrx_word' id='word_1_118' title='bbox 1482 1595 1751 1658; x_wconf 89' lang='lat' dir='ltr'><strong>videntur,</strong></span> <span class='ocrx_word' id='word_1_119' title='bbox 1785 1603 1987 1650; x_wconf 59' lang='lat' dir='ltr'><strong>aeterna</strong></span> 
     </span>
    </p>
   </div>
   <div class='ocr_carea' id='block_1_17' title="bbox 406 1688 1990 1766">
    <p class='ocr_par' dir='ltr' id='par_1_17' title="bbox 406 1688 1990 1766">
     <span class='ocr_line' id='line_1_17' title="bbox 406 1688 1990 1766; baseline -0.007 -11"><span class='ocrx_word' id='word_1_120' title='bbox 406 1709 552 1755; x_wconf 90' lang='lat' dir='ltr'><strong>sunt.</strong></span> <span class='ocrx_word' id='word_1_121' title='bbox 595 1717 612 1749; x_wconf 77' lang='grc' dir='ltr'><strong><em>ι</em></strong></span> <span class='ocrx_word' id='word_1_122' title='bbox 651 1695 708 1751; x_wconf 91' lang='lat' dir='ltr'><strong>Si</strong></span> <span class='ocrx_word' id='word_1_123' title='bbox 757 1709 886 1766; x_wconf 86' lang='lat' dir='ltr'><strong>ergo</strong></span> <span class='ocrx_word' id='word_1_124' title='bbox 921 1691 1164 1752; x_wconf 80' lang='lat' dir='ltr'><strong>visibiles</strong></span> <span class='ocrx_word' id='word_1_125' title='bbox 1214 1700 1342 1748; x_wconf 87' lang='lat' dir='ltr'><strong>sunt</strong></span> <span class='ocrx_word' id='word_1_126' title='bbox 1389 1690 1641 1762; x_wconf 74' lang='lat' dir='ltr'><strong>primitiae</strong></span> <span class='ocrx_word' id='word_1_127' title='bbox 1686 1705 1806 1759; x_wconf 76' lang='lat' dir='ltr'><strong>qua:</strong></span> <span class='ocrx_word' id='word_1_128' title='bbox 1856 1688 1990 1744; x_wconf 76' lang='lat' dir='ltr'><strong>olfe-</strong></span> 
     </span>
    </p>
   </div>
   <div class='ocr_carea' id='block_1_18' title="bbox 409 1783 1987 1855">
    <p class='ocr_par' dir='ltr' id='par_1_18' title="bbox 409 1783 1987 1855">
     <span class='ocr_line' id='line_1_18' title="bbox 409 1783 1987 1855; baseline -0.007 -10"><span class='ocrx_word' id='word_1_129' title='bbox 409 1801 602 1846; x_wconf 91' lang='lat' dir='ltr'><strong>runtur</strong></span> <span class='ocrx_word' id='word_1_130' title='bbox 631 1792 832 1854; x_wconf 78' lang='lat' dir='ltr'><strong>Aaron,</strong></span> <span class='ocrx_word' id='word_1_131' title='bbox 866 1801 986 1855; x_wconf 76' lang='lat' dir='ltr'><strong>qua:</strong></span> <span class='ocrx_word' id='word_1_132' title='bbox 1035 1783 1265 1840; x_wconf 90' lang='lat' dir='ltr'><strong>visibilia</strong></span> <span class='ocrx_word' id='word_1_133' title='bbox 1307 1795 1455 1850; x_wconf 84' lang='lat' dir='ltr'><strong>sunt,</strong></span> <span class='ocrx_word' id='word_1_134' title='bbox 1495 1784 1598 1838; x_wconf 91' lang='lat' dir='ltr'><strong>dici</strong></span> <span class='ocrx_word' id='word_1_135' title='bbox 1647 1790 1846 1836; x_wconf 69' lang='lat' dir='ltr'><strong>atterna</strong></span> <span class='ocrx_word' id='word_1_136' title='bbox 1884 1796 1987 1834; x_wconf 91' lang='lat' dir='ltr'><strong>non</strong></span> 
     </span>
    </p>
   </div>
   <div class='ocr_carea' id='block_1_19' title="bbox 408 1874 1984 1952">
    <p class='ocr_par' dir='ltr' id='par_1_19' title="bbox 408 1874 1984 1952">
     <span class='ocr_line' id='line_1_19' title="bbox 408 1874 1984 1952; baseline -0.006 -14"><span class='ocrx_word' id='word_1_137' title='bbox 408 1892 654 1952; x_wconf 86' lang='lat' dir='ltr'><strong>possunt.</strong></span> <span class='ocrx_word' id='word_1_138' title='bbox 685 1881 952 1937; x_wconf 85' lang='lat' dir='ltr'><strong>Similiter</strong></span> <span class='ocrx_word' id='word_1_139' title='bbox 981 1886 1037 1936; x_wconf 87' lang='lat' dir='ltr'><strong>et</strong></span> <span class='ocrx_word' id='word_1_140' title='bbox 1068 1877 1415 1934; x_wconf 85' lang='lat' dir='ltr'><strong>circumcisio</strong></span> <span class='ocrx_word' id='word_1_141' title='bbox 1445 1874 1694 1937; x_wconf 79' lang='lat' dir='ltr'><strong>visibilis,</strong></span> <span class='ocrx_word' id='word_1_142' title='bbox 1721 1884 1775 1928; x_wconf 90' lang='lat' dir='ltr'><strong>et</strong></span> <span class='ocrx_word' id='word_1_143' title='bbox 1796 1889 1984 1944; x_wconf 83' lang='lat' dir='ltr'><strong>azyma</strong></span> 
     </span>
    </p>
   </div>
   <div class='ocr_carea' id='block_1_20' title="bbox 409 1968 1984 2043">
    <p class='ocr_par' dir='ltr' id='par_1_20' title="bbox 409 1968 1984 2043">
     <span class='ocr_line' id='line_1_20' title="bbox 409 1968 1984 2043; baseline -0.008 -13"><span class='ocrx_word' id='word_1_144' title='bbox 409 1975 648 2040; x_wconf 86' lang='lat' dir='ltr'><strong>visibile,</strong></span> <span class='ocrx_word' id='word_1_145' title='bbox 689 1983 744 2030; x_wconf 88' lang='lat' dir='ltr'><strong>et</strong></span> <span class='ocrx_word' id='word_1_146' title='bbox 792 1973 996 2043; x_wconf 82' lang='lat' dir='ltr'><strong>pascha</strong></span> <span class='ocrx_word' id='word_1_147' title='bbox 1045 1968 1256 2026; x_wconf 89' lang='lat' dir='ltr'><strong>visibile</strong></span> <span class='ocrx_word' id='word_1_148' title='bbox 1315 1983 1537 2024; x_wconf 85' lang='lat' dir='ltr'><strong>necesse</strong></span> <span class='ocrx_word' id='word_1_149' title='bbox 1585 1977 1668 2023; x_wconf 89' lang='lat' dir='ltr'><strong>est</strong></span> <span class='ocrx_word' id='word_1_150' title='bbox 1722 1975 1984 2024; x_wconf 75' lang='lat' dir='ltr'><strong>:nternum</strong></span> 
     </span>
    </p>
   </div>
   <div class='ocr_carea' id='block_1_21' title="bbox 410 2061 1987 2135">
    <p class='ocr_par' dir='ltr' id='par_1_21' title="bbox 410 2061 1987 2135">
     <span class='ocr_line' id='line_1_21' title="bbox 410 2061 1987 2135; baseline -0.006 -14"><span class='ocrx_word' id='word_1_151' title='bbox 410 2083 516 2123; x_wconf 89' lang='lat' dir='ltr'><strong>non</strong></span> <span class='ocrx_word' id='word_1_152' title='bbox 544 2081 685 2135; x_wconf 84' lang='lat' dir='ltr'><strong>esse,</strong></span> <span class='ocrx_word' id='word_1_153' title='bbox 707 2066 800 2124; x_wconf 82' lang='lat' dir='ltr'><strong>sed</strong></span> <span class='ocrx_word' id='word_1_154' title='bbox 837 2063 1150 2134; x_wconf 84' lang='lat' dir='ltr'><strong>temporale,</strong></span> <span class='ocrx_word' id='word_1_155' title='bbox 1177 2062 1303 2132; x_wconf 90' lang='lat' dir='ltr'><strong>quia</strong></span> <span class='ocrx_word' id='word_1_156' title='bbox 1330 2077 1452 2131; x_wconf 75' lang='lat' dir='ltr'><strong>qua:</strong></span> <span class='ocrx_word' id='word_1_157' title='bbox 1481 2061 1750 2123; x_wconf 89' lang='lat' dir='ltr'><strong>videntur,</strong></span> <span class='ocrx_word' id='word_1_158' title='bbox 1783 2069 1987 2128; x_wconf 83' lang='lat' dir='ltr'><strong>tempo-</strong></span> 
     </span>
    </p>
   </div>
   <div class='ocr_carea' id='block_1_22' title="bbox 409 2150 1986 2230">
    <p class='ocr_par' dir='ltr' id='par_1_22' title="bbox 409 2150 1986 2230">
     <span class='ocr_line' id='line_1_22' title="bbox 409 2150 1986 2230; baseline -0.006 -17"><span class='ocrx_word' id='word_1_159' title='bbox 409 2160 542 2215; x_wconf 80' lang='lat' dir='ltr'><strong>ralia</strong></span> <span class='ocrx_word' id='word_1_160' title='bbox 590 2169 738 2230; x_wconf 74' lang='lat' dir='ltr'><strong>sunt.</strong></span> <span class='ocrx_word' id='word_1_161' title='bbox 798 2157 864 2212; x_wconf 87' lang='lat' dir='ltr'><strong>Et</strong></span> <span class='ocrx_word' id='word_1_162' title='bbox 915 2171 1107 2212; x_wconf 84' lang='lat' dir='ltr'><strong>rursus</strong></span> <span class='ocrx_word' id='word_1_163' title='bbox 1146 2156 1197 2206; x_wconf 51' lang='grc' dir='ltr'><strong>θ’</strong></span> <span class='ocrx_word' id='word_1_164' title='bbox 1230 2173 1243 2207; x_wconf 91' lang='lat'>:</span> <span class='ocrx_word' id='word_1_165' title='bbox 1277 2154 1322 2208; x_wconf 90' lang='lat' dir='ltr'><strong>si</strong></span> <span class='ocrx_word' id='word_1_166' title='bbox 1380 2167 1501 2221; x_wconf 66' lang='lat' dir='ltr'><strong>quae</strong></span> <span class='ocrx_word' id='word_1_167' title='bbox 1550 2166 1658 2206; x_wconf 90' lang='lat' dir='ltr'><strong>non</strong></span> <span class='ocrx_word' id='word_1_168' title='bbox 1710 2150 1986 2214; x_wconf 87' lang='lat' dir='ltr'><strong>videntur,</strong></span> 
     </span>
    </p>
   </div>
   <div class='ocr_carea' id='block_1_23' title="bbox 406 2248 1988 2320">
    <p class='ocr_par' dir='ltr' id='par_1_23' title="bbox 406 2248 1988 2320">
     <span class='ocr_line' id='line_1_23' title="bbox 406 2248 1988 2320; baseline -0.002 -13"><span class='ocrx_word' id='word_1_169' title='bbox 406 2263 607 2308; x_wconf 71' lang='lat' dir='ltr'><strong>aaterna</strong></span> <span class='ocrx_word' id='word_1_170' title='bbox 660 2260 809 2316; x_wconf 87' lang='lat' dir='ltr'><strong>sunt,</strong></span> <span class='ocrx_word' id='word_1_171' title='bbox 845 2265 974 2320; x_wconf 81' lang='lat' dir='ltr'><strong>ergo</strong></span> <span class='ocrx_word' id='word_1_172' title='bbox 1023 2259 1076 2306; x_wconf 86' lang='lat' dir='ltr'><strong>et</strong></span> <span class='ocrx_word' id='word_1_173' title='bbox 1125 2249 1411 2308; x_wconf 84' lang='lat' dir='ltr'><strong>invisibilis</strong></span> <span class='ocrx_word' id='word_1_174' title='bbox 1457 2248 1824 2314; x_wconf 86' lang='lat' dir='ltr'><strong>circumcisio,</strong></span> <span class='ocrx_word' id='word_1_175' title='bbox 1869 2263 1988 2317; x_wconf 65' lang='lat' dir='ltr'><strong>qua:</strong></span> 
     </span>
    </p>
   </div>
   <div class='ocr_carea' id='block_1_24' title="bbox 406 2339 1989 2410">
    <p class='ocr_par' dir='ltr' id='par_1_24' title="bbox 406 2339 1989 2410">
     <span class='ocr_line' id='line_1_24' title="bbox 406 2339 1989 2410; baseline -0.003 -14"><span class='ocrx_word' id='word_1_176' title='bbox 406 2351 490 2396; x_wconf 90' lang='lat' dir='ltr'><strong>est</strong></span> <span class='ocrx_word' id='word_1_177' title='bbox 522 2343 574 2396; x_wconf 89' lang='lat' dir='ltr'><strong>in</strong></span> <span class='ocrx_word' id='word_1_178' title='bbox 603 2342 836 2407; x_wconf 86' lang='lat' dir='ltr'><strong>occulto,</strong></span> <span class='ocrx_word' id='word_1_179' title='bbox 869 2353 1072 2399; x_wconf 85' lang='lat' dir='ltr'><strong>aeterna</strong></span> <span class='ocrx_word' id='word_1_180' title='bbox 1107 2350 1211 2407; x_wconf 87' lang='lat' dir='ltr'><strong>est,</strong></span> <span class='ocrx_word' id='word_1_181' title='bbox 1249 2350 1302 2395; x_wconf 90' lang='lat' dir='ltr'><strong>et</strong></span> <span class='ocrx_word' id='word_1_182' title='bbox 1335 2355 1529 2410; x_wconf 87' lang='lat' dir='ltr'><strong>azyma</strong></span> <span class='ocrx_word' id='word_1_183' title='bbox 1564 2339 1894 2396; x_wconf 86' lang='lat' dir='ltr'><strong>sinceritatis</strong></span> <span class='ocrx_word' id='word_1_184' title='bbox 1935 2348 1989 2392; x_wconf 86' lang='lat' dir='ltr'><strong>et</strong></span> 
     </span>
    </p>
   </div>
   <div class='ocr_carea' id='block_1_25' title="bbox 412 2427 1986 2504">
    <p class='ocr_par' dir='ltr' id='par_1_25' title="bbox 412 2427 1986 2504">
     <span class='ocr_line' id='line_1_25' title="bbox 412 2427 1986 2504; baseline 0 -22"><span class='ocrx_word' id='word_1_185' title='bbox 412 2431 678 2497; x_wconf 81' lang='lat' dir='ltr'><strong>veritatis,</strong></span> <span class='ocrx_word' id='word_1_186' title='bbox 698 2439 751 2488; x_wconf 87' lang='lat' dir='ltr'><strong>et</strong></span> <span class='ocrx_word' id='word_1_187' title='bbox 782 2432 958 2500; x_wconf 87' lang='lat' dir='ltr'><strong>ipsqu</strong></span> <span class='ocrx_word' id='word_1_188' title='bbox 993 2431 1118 2504; x_wconf 88' lang='lat' dir='ltr'><strong>quia</strong></span> <span class='ocrx_word' id='word_1_189' title='bbox 1145 2430 1296 2488; x_wconf 78' lang='lat' dir='ltr'><strong>exiis</strong></span> <span class='ocrx_word' id='word_1_190' title='bbox 1324 2438 1546 2498; x_wconf 86' lang='lat' dir='ltr'><strong>estquae</strong></span> <span class='ocrx_word' id='word_1_191' title='bbox 1576 2441 1684 2482; x_wconf 90' lang='lat' dir='ltr'><strong>non</strong></span> <span class='ocrx_word' id='word_1_192' title='bbox 1714 2427 1986 2492; x_wconf 88' lang='lat' dir='ltr'><strong>videntur,</strong></span> 
     </span>
    </p>
   </div>
   <div class='ocr_carea' id='block_1_26' title="bbox 407 2520 1987 2594">
    <p class='ocr_par' dir='ltr' id='par_1_26' title="bbox 407 2520 1987 2594">
     <span class='ocr_line' id='line_1_26' title="bbox 407 2520 1987 2594; baseline -0.003 -17"><span class='ocrx_word' id='word_1_193' title='bbox 407 2533 669 2578; x_wconf 83' lang='lat' dir='ltr'><strong>aeternum</strong></span> <span class='ocrx_word' id='word_1_194' title='bbox 709 2532 814 2584; x_wconf 84' lang='lat' dir='ltr'><strong>est.</strong></span> <span class='ocrx_word' id='word_1_195' title='bbox 857 2523 1032 2580; x_wconf 86' lang='lat' dir='ltr'><strong>Simili</strong></span> <span class='ocrx_word' id='word_1_196' title='bbox 1079 2537 1208 2594; x_wconf 85' lang='lat' dir='ltr'><strong>ergo</strong></span> <span class='ocrx_word' id='word_1_197' title='bbox 1254 2521 1412 2578; x_wconf 91' lang='lat' dir='ltr'><strong>modo</strong></span> <span class='ocrx_word' id='word_1_198' title='bbox 1442 2529 1496 2577; x_wconf 88' lang='lat' dir='ltr'><strong>et</strong></span> <span class='ocrx_word' id='word_1_199' title='bbox 1539 2521 1655 2576; x_wconf 66' lang='lat' dir='ltr'><strong>haee</strong></span> <span class='ocrx_word' id='word_1_200' title='bbox 1687 2534 1790 2574; x_wconf 92' lang='lat' dir='ltr'><strong>non</strong></span> <span class='ocrx_word' id='word_1_201' title='bbox 1821 2520 1870 2575; x_wconf 93' lang='lat' dir='ltr'><strong>ei</strong></span> <span class='ocrx_word' id='word_1_202' title='bbox 1898 2521 1987 2589; x_wconf 88' lang='lat' dir='ltr'><strong>qui</strong></span> 
     </span>
    </p>
   </div>
   <div class='ocr_carea' id='block_1_27' title="bbox 411 2613 1989 2684">
    <p class='ocr_par' dir='ltr' id='par_1_27' title="bbox 411 2613 1989 2684">
     <span class='ocr_line' id='line_1_27' title="bbox 411 2613 1989 2684; baseline 0 -16"><span class='ocrx_word' id='word_1_203' title='bbox 411 2615 462 2668; x_wconf 93' lang='lat' dir='ltr'><strong>in</strong></span> <span class='ocrx_word' id='word_1_204' title='bbox 492 2615 807 2681; x_wconf 77' lang='lat' dir='ltr'><strong>manifesto,</strong></span> <span class='ocrx_word' id='word_1_205' title='bbox 841 2615 939 2672; x_wconf 86' lang='lat' dir='ltr'><strong>sed</strong></span> <span class='ocrx_word' id='word_1_206' title='bbox 970 2616 1045 2670; x_wconf 90' lang='lat' dir='ltr'><strong>illi</strong></span> <span class='ocrx_word' id='word_1_207' title='bbox 1090 2617 1182 2684; x_wconf 91' lang='lat' dir='ltr'><strong>qui</strong></span> <span class='ocrx_word' id='word_1_208' title='bbox 1214 2616 1265 2672; x_wconf 92' lang='lat' dir='ltr'><strong>in</strong></span> <span class='ocrx_word' id='word_1_209' title='bbox 1298 2614 1510 2670; x_wconf 83' lang='lat' dir='ltr'><strong>occulto</strong></span> <span class='ocrx_word' id='word_1_210' title='bbox 1540 2613 1757 2668; x_wconf 84' lang='lat' dir='ltr'><strong>Judaeus</strong></span> <span class='ocrx_word' id='word_1_211' title='bbox 1798 2621 1903 2680; x_wconf 86' lang='lat' dir='ltr'><strong>est,</strong></span> <span class='ocrx_word' id='word_1_212' title='bbox 1932 2622 1989 2668; x_wconf 90' lang='lat' dir='ltr'><strong>et</strong></span> 
     </span>
    </p>
   </div>
   <div class='ocr_carea' id='block_1_28' title="bbox 407 2704 1988 2777">
    <p class='ocr_par' dir='ltr' id='par_1_28' title="bbox 407 2704 1988 2777">
     <span class='ocr_line' id='line_1_28' title="bbox 407 2704 1988 2777; baseline -0.001 -18"><span class='ocrx_word' id='word_1_213' title='bbox 407 2705 498 2775; x_wconf 90' lang='lat' dir='ltr'><strong>qui</strong></span> <span class='ocrx_word' id='word_1_214' title='bbox 547 2705 768 2776; x_wconf 89' lang='lat' dir='ltr'><strong>spiritu,</strong></span> <span class='ocrx_word' id='word_1_215' title='bbox 821 2721 930 2762; x_wconf 87' lang='lat' dir='ltr'><strong>non</strong></span> <span class='ocrx_word' id='word_1_216' title='bbox 966 2706 1146 2766; x_wconf 86' lang='lat' dir='ltr'><strong>littera</strong></span> <span class='ocrx_word' id='word_1_217' title='bbox 1191 2705 1364 2777; x_wconf 82' lang='lat' dir='ltr'><strong>legem</strong></span> <span class='ocrx_word' id='word_1_218' title='bbox 1413 2706 1652 2766; x_wconf 82' lang='lat' dir='ltr'><strong>custodit</strong></span> <span class='ocrx_word' id='word_1_219' title='bbox 1692 2704 1988 2765; x_wconf 86' lang='lat' dir='ltr'><strong>secundum</strong></span> 
     </span>
    </p>
   </div>
   <div class='ocr_carea' id='block_1_29' title="bbox 408 2796 1986 2868">
    <p class='ocr_par' dir='ltr' id='par_1_29' title="bbox 408 2796 1986 2868">
     <span class='ocr_line' id='line_1_29' title="bbox 408 2796 1986 2868; baseline -0.001 -16"><span class='ocrx_word' id='word_1_220' title='bbox 408 2797 721 2857; x_wconf 81' lang='lat' dir='ltr'><strong>interiorem</strong></span> <span class='ocrx_word' id='word_1_221' title='bbox 753 2799 1051 2865; x_wconf 82' lang='lat' dir='ltr'><strong>hominem,</strong></span> <span class='ocrx_word' id='word_1_222' title='bbox 1081 2798 1323 2868; x_wconf 84' lang='lat' dir='ltr'><strong>legitima</strong></span> <span class='ocrx_word' id='word_1_223' title='bbox 1377 2805 1432 2856; x_wconf 83' lang='lat' dir='ltr'><strong>ct</strong></span> <span class='ocrx_word' id='word_1_224' title='bbox 1467 2801 1670 2856; x_wconf 70' lang='lat' dir='ltr'><strong>aeterna</strong></span> <span class='ocrx_word' id='word_1_225' title='bbox 1709 2796 1986 2852; x_wconf 88' lang='lat' dir='ltr'><strong>dicuntur.</strong></span> 
     </span>
    </p>
   </div>
   <div class='ocr_carea' id='block_1_30' title="bbox 411 2887 1988 2959">
    <p class='ocr_par' dir='ltr' id='par_1_30' title="bbox 411 2887 1988 2959">
     <span class='ocr_line' id='line_1_30' title="bbox 411 2887 1988 2959; baseline 0.001 -18"><span class='ocrx_word' id='word_1_226' title='bbox 411 2906 432 2941; x_wconf 72' lang='grc' dir='ltr'><em>ς</em></span> <span class='ocrx_word' id='word_1_227' title='bbox 470 2888 545 2949; x_wconf 85' lang='grc' dir='ltr'><strong>Ει,</strong></span> <span class='ocrx_word' id='word_1_228' title='bbox 571 2890 675 2948; x_wconf 91' lang='lat' dir='ltr'><strong>hoc</strong></span> <span class='ocrx_word' id='word_1_229' title='bbox 714 2891 786 2948; x_wconf 91' lang='lat' dir='ltr'><strong>sit</strong></span> <span class='ocrx_word' id='word_1_230' title='bbox 828 2890 984 2948; x_wconf 81' lang='lat' dir='ltr'><strong>vobis</strong></span> <span class='ocrx_word' id='word_1_231' title='bbox 1027 2904 1095 2949; x_wconf 77' lang='lat' dir='ltr'><strong>ex</strong></span> <span class='ocrx_word' id='word_1_232' title='bbox 1145 2889 1212 2948; x_wconf 86' lang='lat' dir='ltr'><strong>iis</strong></span> <span class='ocrx_word' id='word_1_233' title='bbox 1256 2903 1377 2959; x_wconf 79' lang='lat' dir='ltr'><strong>quae</strong></span> <span class='ocrx_word' id='word_1_234' title='bbox 1421 2887 1827 2946; x_wconf 88' lang='lat' dir='ltr'><strong>sanctiﬁcantur</strong></span> <span class='ocrx_word' id='word_1_235' title='bbox 1865 2904 1988 2946; x_wconf 90' lang='lat' dir='ltr'><strong>san-</strong></span> 
     </span>
    </p>
   </div>
   <div class='ocr_carea' id='block_1_31' title="bbox 408 2981 668 3038">
    <p class='ocr_par' dir='ltr' id='par_1_31' title="bbox 408 2981 668 3038">
     <span class='ocr_line' id='line_1_31' title="bbox 408 2981 668 3038; baseline -0.015 -1"><span class='ocrx_word' id='word_1_236' title='bbox 408 2983 513 3038; x_wconf 90' lang='lat' dir='ltr'><strong>ctis</strong></span> <span class='ocrx_word' id='word_1_237' title='bbox 544 2981 609 3034; x_wconf 71' lang='grc'><strong>⁸³.</strong></span> <span class='ocrx_word' id='word_1_238' title='bbox 649 2999 668 3033; x_wconf 76' lang='lat' dir='ltr'><strong>a</strong></span> 
     </span>
    </p>
   </div>
   <div class='ocr_carea' id='block_1_32' title="bbox 477 3070 1990 3141">
    <p class='ocr_par' dir='ltr' id='par_1_32' title="bbox 477 3070 1990 3141">
     <span class='ocr_line' id='line_1_32' title="bbox 477 3070 1990 3141; baseline -0.001 -14"><span class='ocrx_word' id='word_1_239' title='bbox 477 3073 530 3127; x_wconf 87' lang='grc'><strong>8.</strong></span> <span class='ocrx_word' id='word_1_240' title='bbox 562 3071 640 3128; x_wconf 86' lang='lat' dir='ltr'><strong>De</strong></span> <span class='ocrx_word' id='word_1_241' title='bbox 667 3070 949 3128; x_wconf 87' lang='lat' dir='ltr'><strong>sacriﬁciis</strong></span> <span class='ocrx_word' id='word_1_242' title='bbox 975 3070 1264 3141; x_wconf 79' lang='lat' dir='ltr'><strong>aliquoties</strong></span> <span class='ocrx_word' id='word_1_243' title='bbox 1309 3071 1448 3140; x_wconf 84' lang='lat' dir='ltr'><strong>apud</strong></span> <span class='ocrx_word' id='word_1_244' title='bbox 1477 3071 1856 3138; x_wconf 83' lang='lat' dir='ltr'><strong>memetipsum</strong></span> <span class='ocrx_word' id='word_1_245' title='bbox 1890 3071 1990 3126; x_wconf 88' lang='lat' dir='ltr'><strong>ista</strong></span> 
     </span>
    </p>
   </div>
   <div class='ocr_carea' id='block_1_33' title="bbox 410 3160 1987 3235">
    <p class='ocr_par' dir='ltr' id='par_1_33' title="bbox 410 3160 1987 3235">
     <span class='ocr_line' id='line_1_33' title="bbox 410 3160 1987 3235; baseline -0.003 -16"><span class='ocrx_word' id='word_1_246' title='bbox 410 3177 734 3235; x_wconf 89' lang='lat' dir='ltr'><strong>percurrens</strong></span> <span class='ocrx_word' id='word_1_247' title='bbox 781 3160 1040 3232; x_wconf 84' lang='lat' dir='ltr'><strong>requisivi</strong></span> <span class='ocrx_word' id='word_1_248' title='bbox 1080 3178 1092 3216; x_wconf 91' lang='lat'><strong>:</strong></span> <span class='ocrx_word' id='word_1_249' title='bbox 1127 3175 1371 3230; x_wconf 81' lang='lat' dir='ltr'><strong>quaenam</strong></span> <span class='ocrx_word' id='word_1_250' title='bbox 1416 3170 1606 3218; x_wconf 88' lang='lat' dir='ltr'><strong>essent</strong></span> <span class='ocrx_word' id='word_1_251' title='bbox 1649 3160 1987 3220; x_wconf 80' lang='lat' dir='ltr'><strong>sanctiﬁcata</strong></span> 
     </span>
    </p>
   </div>
   <div class='ocr_carea' id='block_1_34' title="bbox 410 3251 1994 3322">
    <p class='ocr_par' dir='ltr' id='par_1_34' title="bbox 410 3251 1994 3322">
     <span class='ocr_line' id='line_1_34' title="bbox 410 3251 1994 3322; baseline -0.001 -13"><span class='ocrx_word' id='word_1_252' title='bbox 410 3264 619 3319; x_wconf 86' lang='lat' dir='ltr'><strong>sancta,</strong></span> <span class='ocrx_word' id='word_1_253' title='bbox 645 3264 700 3309; x_wconf 92' lang='lat' dir='ltr'><strong>et</strong></span> <span class='ocrx_word' id='word_1_254' title='bbox 727 3253 941 3308; x_wconf 86' lang='lat' dir='ltr'><strong>videtur</strong></span> <span class='ocrx_word' id='word_1_255' title='bbox 981 3251 1113 3310; x_wconf 89' lang='lat' dir='ltr'><strong>mihi</strong></span> <span class='ocrx_word' id='word_1_256' title='bbox 1151 3253 1305 3322; x_wconf 86' lang='lat' dir='ltr'><strong>quasi</strong></span> <span class='ocrx_word' id='word_1_257' title='bbox 1354 3254 1423 3310; x_wconf 89' lang='lat' dir='ltr'><strong>ad</strong></span> <span class='ocrx_word' id='word_1_258' title='bbox 1468 3251 1872 3311; x_wconf 77' lang='lat' dir='ltr'><strong>distinctionem</strong></span> <span class='ocrx_word' id='word_1_259' title='bbox 1903 3268 1994 3308; x_wconf 88' lang='lat' dir='ltr'><strong>eo-</strong></span> 
     </span>
    </p>
   </div>
   <div class='ocr_carea' id='block_1_35' title="bbox 413 3343 1994 3416">
    <p class='ocr_par' dir='ltr' id='par_1_35' title="bbox 413 3343 1994 3416">
     <span class='ocr_line' id='line_1_35' title="bbox 413 3343 1994 3416; baseline 0.002 -17"><span class='ocrx_word' id='word_1_260' title='bbox 413 3361 530 3400; x_wconf 86' lang='lat' dir='ltr'><strong>rum</strong></span> <span class='ocrx_word' id='word_1_261' title='bbox 559 3360 679 3416; x_wconf 73' lang='lat' dir='ltr'><strong>qua:</strong></span> <span class='ocrx_word' id='word_1_262' title='bbox 717 3359 821 3402; x_wconf 89' lang='lat' dir='ltr'><strong>non</strong></span> <span class='ocrx_word' id='word_1_263' title='bbox 853 3343 1194 3403; x_wconf 85' lang='lat' dir='ltr'><strong>sanctiﬁcata</strong></span> <span class='ocrx_word' id='word_1_264' title='bbox 1227 3355 1418 3404; x_wconf 81' lang='lat' dir='ltr'><strong>saneta</strong></span> <span class='ocrx_word' id='word_1_265' title='bbox 1459 3355 1606 3410; x_wconf 81' lang='lat' dir='ltr'><strong>sunt,</strong></span> <span class='ocrx_word' id='word_1_266' title='bbox 1635 3344 1722 3401; x_wconf 92' lang='lat' dir='ltr'><strong>hic</strong></span> <span class='ocrx_word' id='word_1_267' title='bbox 1754 3345 1994 3404; x_wconf 81' lang='lat' dir='ltr'><strong>sanctiﬁ-</strong></span> 
     </span>
    </p>
   </div>
   <div class='ocr_carea' id='block_1_36' title="bbox 409 3435 1991 3510">
    <p class='ocr_par' dir='ltr' id='par_1_36' title="bbox 409 3435 1991 3510">
     <span class='ocr_line' id='line_1_36' title="bbox 409 3435 1991 3510; baseline 0.001 -19"><span class='ocrx_word' id='word_1_268' title='bbox 409 3445 530 3491; x_wconf 85' lang='lat' dir='ltr'><strong>cata</strong></span> <span class='ocrx_word' id='word_1_269' title='bbox 567 3447 754 3493; x_wconf 88' lang='lat' dir='ltr'><strong>sancta</strong></span> <span class='ocrx_word' id='word_1_270' title='bbox 792 3436 1017 3493; x_wconf 76' lang='lat' dir='ltr'><strong>dixisse.</strong></span> <span class='ocrx_word' id='word_1_271' title='bbox 1051 3435 1190 3494; x_wconf 88' lang='lat' dir='ltr'><strong>Puto</strong></span> <span class='ocrx_word' id='word_1_272' title='bbox 1221 3451 1349 3507; x_wconf 86' lang='lat' dir='ltr'><strong>ergo</strong></span> <span class='ocrx_word' id='word_1_273' title='bbox 1378 3436 1521 3510; x_wconf 88' lang='lat' dir='ltr'><strong>quod</strong></span> <span class='ocrx_word' id='word_1_274' title='bbox 1558 3446 1779 3494; x_wconf 84' lang='lat' dir='ltr'><strong>sanctus</strong></span> <span class='ocrx_word' id='word_1_275' title='bbox 1814 3436 1991 3506; x_wconf 89' lang='lat' dir='ltr'><strong>Spiri-</strong></span> 
     </span>
    </p>
   </div>
   <div class='ocr_carea' id='block_1_37' title="bbox 413 3527 1992 3593">
    <p class='ocr_par' dir='ltr' id='par_1_37' title="bbox 413 3527 1992 3593">
     <span class='ocr_line' id='line_1_37' title="bbox 413 3527 1992 3593; baseline 0.001 -11"><span class='ocrx_word' id='word_1_276' title='bbox 413 3539 498 3584; x_wconf 89' lang='lat' dir='ltr'><strong>tus</strong></span> <span class='ocrx_word' id='word_1_277' title='bbox 531 3529 602 3584; x_wconf 88' lang='lat' dir='ltr'><strong>ita</strong></span> <span class='ocrx_word' id='word_1_278' title='bbox 652 3538 873 3584; x_wconf 82' lang='lat' dir='ltr'><strong>sanctus</strong></span> <span class='ocrx_word' id='word_1_279' title='bbox 921 3527 1012 3593; x_wconf 86' lang='lat' dir='ltr'><strong>sit,</strong></span> <span class='ocrx_word' id='word_1_280' title='bbox 1059 3537 1116 3583; x_wconf 92' lang='lat' dir='ltr'><strong>ut</strong></span> <span class='ocrx_word' id='word_1_281' title='bbox 1156 3543 1262 3586; x_wconf 92' lang='lat' dir='ltr'><strong>non</strong></span> <span class='ocrx_word' id='word_1_282' title='bbox 1311 3529 1384 3586; x_wconf 85' lang='lat' dir='ltr'><strong>sit</strong></span> <span class='ocrx_word' id='word_1_283' title='bbox 1429 3528 1823 3587; x_wconf 85' lang='lat' dir='ltr'><strong>sanctiﬁcatus.</strong></span> <span class='ocrx_word' id='word_1_284' title='bbox 1877 3528 1992 3584; x_wconf 82' lang='lat' dir='ltr'><strong>Non</strong></span> 
     </span>
    </p>
   </div>
   <div class='ocr_carea' id='block_1_38' title="bbox 408 3617 1989 3686">
    <p class='ocr_par' dir='ltr' id='par_1_38' title="bbox 408 3617 1989 3686">
     <span class='ocr_line' id='line_1_38' title="bbox 408 3617 1989 3686; baseline 0.001 -12"><span class='ocrx_word' id='word_1_285' title='bbox 408 3620 554 3674; x_wconf 92' lang='lat' dir='ltr'><strong>enim</strong></span> <span class='ocrx_word' id='word_1_286' title='bbox 581 3619 632 3672; x_wconf 90' lang='lat' dir='ltr'><strong>ei</strong></span> <span class='ocrx_word' id='word_1_287' title='bbox 658 3618 1002 3674; x_wconf 82' lang='lat' dir='ltr'><strong>extrinsecus</strong></span> <span class='ocrx_word' id='word_1_288' title='bbox 1022 3626 1079 3671; x_wconf 88' lang='lat' dir='ltr'><strong>et</strong></span> <span class='ocrx_word' id='word_1_289' title='bbox 1106 3617 1324 3674; x_wconf 84' lang='lat' dir='ltr'><strong>aliunde</strong></span> <span class='ocrx_word' id='word_1_290' title='bbox 1347 3620 1583 3676; x_wconf 87' lang='lat' dir='ltr'><strong>accessit</strong></span> <span class='ocrx_word' id='word_1_291' title='bbox 1609 3619 1989 3686; x_wconf 88' lang='lat' dir='ltr'><strong>sanctiﬁcatio,</strong></span> 
     </span>
    </p>
   </div>
   <div class='ocr_carea' id='block_1_39' title="bbox 409 3705 1995 3779">
    <p class='ocr_par' dir='ltr' id='par_1_39' title="bbox 409 3705 1995 3779">
     <span class='ocr_line' id='line_1_39' title="bbox 409 3705 1995 3779; baseline 0.002 -16"><span class='ocrx_word' id='word_1_292' title='bbox 409 3723 529 3778; x_wconf 83' lang='lat' dir='ltr'><strong>quae</strong></span> <span class='ocrx_word' id='word_1_293' title='bbox 563 3718 692 3764; x_wconf 88' lang='lat' dir='ltr'><strong>ante</strong></span> <span class='ocrx_word' id='word_1_294' title='bbox 735 3723 842 3766; x_wconf 90' lang='lat' dir='ltr'><strong>non</strong></span> <span class='ocrx_word' id='word_1_295' title='bbox 870 3705 1067 3771; x_wconf 78' lang='lat' dir='ltr'><strong>fuerat,</strong></span> <span class='ocrx_word' id='word_1_296' title='bbox 1104 3710 1198 3766; x_wconf 90' lang='lat' dir='ltr'><strong>sed</strong></span> <span class='ocrx_word' id='word_1_297' title='bbox 1237 3723 1453 3779; x_wconf 83' lang='lat' dir='ltr'><strong>semper</strong></span> <span class='ocrx_word' id='word_1_298' title='bbox 1494 3708 1596 3763; x_wconf 77' lang='lat' dir='ltr'><strong>fuit</strong></span> <span class='ocrx_word' id='word_1_299' title='bbox 1629 3717 1869 3778; x_wconf 89' lang='lat' dir='ltr'><strong>sanctus,</strong></span> <span class='ocrx_word' id='word_1_300' title='bbox 1895 3725 1995 3770; x_wconf 88' lang='lat' dir='ltr'><strong>nec</strong></span> 
     </span>
    </p>
   </div>
   <div class='ocr_carea' id='block_1_40' title="bbox 411 3797 1992 3874">
    <p class='ocr_par' dir='ltr' id='par_1_40' title="bbox 411 3797 1992 3874">
     <span class='ocr_line' id='line_1_40' title="bbox 411 3797 1992 3874; baseline 0.005 -24"><span class='ocrx_word' id='word_1_301' title='bbox 411 3797 624 3855; x_wconf 89' lang='lat' dir='ltr'><strong>initium</strong></span> <span class='ocrx_word' id='word_1_302' title='bbox 665 3803 924 3859; x_wconf 86' lang='lat' dir='ltr'><strong>sanctitas</strong></span> <span class='ocrx_word' id='word_1_303' title='bbox 968 3804 1084 3874; x_wconf 84' lang='lat' dir='ltr'><strong>ejus</strong></span> <span class='ocrx_word' id='word_1_304' title='bbox 1124 3801 1354 3872; x_wconf 86' lang='lat' dir='ltr'><strong>accepit.</strong></span> <span class='ocrx_word' id='word_1_305' title='bbox 1404 3799 1685 3871; x_wconf 87' lang='lat' dir='ltr'><strong>Similique</strong></span> <span class='ocrx_word' id='word_1_306' title='bbox 1722 3802 1883 3856; x_wconf 91' lang='lat' dir='ltr'><strong>modo</strong></span> <span class='ocrx_word' id='word_1_307' title='bbox 1926 3804 1992 3862; x_wconf 88' lang='lat' dir='ltr'><strong>de</strong></span> 
     </span>
    </p>
   </div>
   <div class='ocr_carea' id='block_1_41' title="bbox 410 3888 1992 3967">
    <p class='ocr_par' dir='ltr' id='par_1_41' title="bbox 410 3888 1992 3967">
     <span class='ocr_line' id='line_1_41' title="bbox 410 3888 1992 3967; baseline 0.008 -25"><span class='ocrx_word' id='word_1_308' title='bbox 410 3888 572 3946; x_wconf 87' lang='lat' dir='ltr'><strong>Patre</strong></span> <span class='ocrx_word' id='word_1_309' title='bbox 601 3903 653 3948; x_wconf 91' lang='lat' dir='ltr'><strong>et</strong></span> <span class='ocrx_word' id='word_1_310' title='bbox 679 3892 817 3950; x_wconf 84' lang='lat' dir='ltr'><strong>Filio</strong></span> <span class='ocrx_word' id='word_1_311' title='bbox 845 3895 1250 3967; x_wconf 83' lang='lat' dir='ltr'><strong>intelligendum</strong></span> <span class='ocrx_word' id='word_1_312' title='bbox 1284 3903 1386 3951; x_wconf 89' lang='lat' dir='ltr'><strong>est.</strong></span> <span class='ocrx_word' id='word_1_313' title='bbox 1423 3892 1550 3950; x_wconf 87' lang='lat' dir='ltr'><strong>Sola</strong></span> <span class='ocrx_word' id='word_1_314' title='bbox 1578 3894 1724 3954; x_wconf 85' lang='lat' dir='ltr'><strong>enim</strong></span> <span class='ocrx_word' id='word_1_315' title='bbox 1755 3895 1992 3954; x_wconf 85' lang='lat' dir='ltr'><strong>Trinita-</strong></span> 
     </span>
    </p>
   </div>
   <div class='ocr_carea' id='block_1_42' title="bbox 413 3981 1990 4060">
    <p class='ocr_par' dir='ltr' id='par_1_42' title="bbox 413 3981 1990 4060">
     <span class='ocr_line' id='line_1_42' title="bbox 413 3981 1990 4060; baseline 0.006 -25"><span class='ocrx_word' id='word_1_316' title='bbox 413 3981 483 4037; x_wconf 89' lang='lat' dir='ltr'><strong>tis</strong></span> <span class='ocrx_word' id='word_1_317' title='bbox 512 3985 818 4040; x_wconf 85' lang='lat' dir='ltr'><strong>substantia</strong></span> <span class='ocrx_word' id='word_1_318' title='bbox 867 3996 973 4053; x_wconf 89' lang='lat' dir='ltr'><strong>est,</strong></span> <span class='ocrx_word' id='word_1_319' title='bbox 1015 4003 1136 4057; x_wconf 83' lang='lat' dir='ltr'><strong>quae</strong></span> <span class='ocrx_word' id='word_1_320' title='bbox 1193 4002 1298 4042; x_wconf 88' lang='lat' dir='ltr'><strong>non</strong></span> <span class='ocrx_word' id='word_1_321' title='bbox 1383 3988 1721 4048; x_wconf 77' lang='lat' dir='ltr'><strong>extrinsecus</strong></span> <span class='ocrx_word' id='word_1_322' title='bbox 1770 4001 1990 4060; x_wconf 82' lang='lat' dir='ltr'><strong>accepta</strong></span> 
     </span>
    </p>
   </div>
   <div class='ocr_carea' id='block_1_43' title="bbox 413 4073 1993 4143">
    <p class='ocr_par' dir='ltr' id='par_1_43' title="bbox 413 4073 1993 4143">
     <span class='ocr_line' id='line_1_43' title="bbox 413 4073 1993 4143; baseline 0.008 -17"><span class='ocrx_word' id='word_1_323' title='bbox 413 4073 866 4143; x_wconf 88' lang='lat' dir='ltr'><strong>sanctiﬁcatione,</strong></span> <span class='ocrx_word' id='word_1_324' title='bbox 906 4079 1001 4133; x_wconf 87' lang='lat' dir='ltr'><strong>sed</strong></span> <span class='ocrx_word' id='word_1_325' title='bbox 1050 4079 1132 4136; x_wconf 90' lang='lat' dir='ltr'><strong>sui</strong></span> <span class='ocrx_word' id='word_1_326' title='bbox 1179 4090 1372 4136; x_wconf 87' lang='lat' dir='ltr'><strong>natura</strong></span> <span class='ocrx_word' id='word_1_327' title='bbox 1421 4082 1492 4136; x_wconf 87' lang='lat' dir='ltr'><strong>sit</strong></span> <span class='ocrx_word' id='word_1_328' title='bbox 1547 4091 1759 4136; x_wconf 82' lang='lat' dir='ltr'><strong>sancta.</strong></span> <span class='ocrx_word' id='word_1_329' title='bbox 1801 4080 1993 4138; x_wconf 86' lang='lat' dir='ltr'><strong>Omnis</strong></span> 
     </span>
    </p>
   </div>
   <div class='ocr_carea' id='block_1_44' title="bbox 414 4169 1994 4240">
    <p class='ocr_par' dir='ltr' id='par_1_44' title="bbox 414 4169 1994 4240">
     <span class='ocr_line' id='line_1_44' title="bbox 414 4169 1994 4240; baseline 0.009 -25"><span class='ocrx_word' id='word_1_330' title='bbox 414 4179 542 4220; x_wconf 64' lang='lat' dir='ltr'><strong>vero</strong></span> <span class='ocrx_word' id='word_1_331' title='bbox 567 4176 816 4225; x_wconf 84' lang='lat' dir='ltr'><strong>creatura</strong></span> <span class='ocrx_word' id='word_1_332' title='bbox 843 4169 924 4224; x_wconf 85' lang='lat' dir='ltr'><strong>vei</strong></span> <span class='ocrx_word' id='word_1_333' title='bbox 949 4169 1264 4238; x_wconf 81' lang='lat' dir='ltr'><strong>dignatione</strong></span> <span class='ocrx_word' id='word_1_334' title='bbox 1284 4171 1455 4228; x_wconf 85' lang='lat' dir='ltr'><strong>sancti</strong></span> <span class='ocrx_word' id='word_1_335' title='bbox 1488 4171 1747 4240; x_wconf 86' lang='lat' dir='ltr'><strong>Spiritus,</strong></span> <span class='ocrx_word' id='word_1_336' title='bbox 1773 4175 1855 4230; x_wconf 87' lang='lat' dir='ltr'><strong>vel</strong></span> <span class='ocrx_word' id='word_1_337' title='bbox 1881 4189 1994 4230; x_wconf 78' lang='lat' dir='ltr'><strong>me-</strong></span> 
     </span>
    </p>
   </div>
   <div class='ocr_carea' id='block_1_45' title="bbox 415 4255 1994 4326">
    <p class='ocr_par' dir='ltr' id='par_1_45' title="bbox 415 4255 1994 4326">
     <span class='ocr_line' id='line_1_45' title="bbox 415 4255 1994 4326; baseline 0.012 -19"><span class='ocrx_word' id='word_1_338' title='bbox 415 4255 643 4312; x_wconf 89' lang='lat' dir='ltr'><strong>ritorum</strong></span> <span class='ocrx_word' id='word_1_339' title='bbox 708 4259 924 4315; x_wconf 89' lang='lat' dir='ltr'><strong>ratione</strong></span> <span class='ocrx_word' id='word_1_340' title='bbox 992 4260 1331 4318; x_wconf 87' lang='lat' dir='ltr'><strong>sanctiﬁcata</strong></span> <span class='ocrx_word' id='word_1_341' title='bbox 1380 4273 1566 4319; x_wconf 87' lang='lat' dir='ltr'><strong>sancta</strong></span> <span class='ocrx_word' id='word_1_342' title='bbox 1618 4265 1849 4322; x_wconf 85' lang='lat' dir='ltr'><strong>dicetur.</strong></span> <span class='ocrx_word' id='word_1_343' title='bbox 1899 4266 1994 4326; x_wconf 83' lang='lat' dir='ltr'><strong>Sic</strong></span> 
     </span>
    </p>
   </div>
   <div class='ocr_carea' id='block_1_46' title="bbox 413 4350 1994 4426">
    <p class='ocr_par' dir='ltr' id='par_1_46' title="bbox 413 4350 1994 4426">
     <span class='ocr_line' id='line_1_46' title="bbox 413 4350 1994 4426; baseline 0.008 -26"><span class='ocrx_word' id='word_1_344' title='bbox 413 4359 542 4417; x_wconf 90' lang='lat' dir='ltr'><strong>ergo</strong></span> <span class='ocrx_word' id='word_1_345' title='bbox 571 4357 628 4403; x_wconf 91' lang='lat' dir='ltr'><strong>et</strong></span> <span class='ocrx_word' id='word_1_346' title='bbox 656 4350 918 4420; x_wconf 87' lang='lat' dir='ltr'><strong>scriptum</strong></span> <span class='ocrx_word' id='word_1_347' title='bbox 965 4351 1194 4422; x_wconf 88' lang='lat' dir='ltr'><strong>legimus</strong></span> <span class='ocrx_word' id='word_1_348' title='bbox 1221 4353 1267 4384; x_wconf 76' lang='grc'><strong>⁸⁸</strong></span> <span class='ocrx_word' id='word_1_349' title='bbox 1293 4371 1305 4406; x_wconf 93' lang='lat'>:</span> <span class='ocrx_word' id='word_1_350' title='bbox 1336 4371 1354 4404; x_wconf 76' lang='grc' dir='ltr'>ι</span> <span class='ocrx_word' id='word_1_351' title='bbox 1391 4353 1575 4412; x_wconf 84' lang='lat' dir='ltr'><strong>Sancti</strong></span> <span class='ocrx_word' id='word_1_352' title='bbox 1619 4365 1814 4422; x_wconf 85' lang='lat' dir='ltr'><strong>estote,</strong></span> <span class='ocrx_word' id='word_1_353' title='bbox 1858 4371 1994 4426; x_wconf 91' lang='lat' dir='ltr'><strong>quo-</strong></span> 
     </span>
    </p>
   </div>
   <div class='ocr_carea' id='block_1_47' title="bbox 417 4439 1988 4511">
    <p class='ocr_par' dir='ltr' id='par_1_47' title="bbox 417 4439 1988 4511">
     <span class='ocr_line' id='line_1_47' title="bbox 417 4439 1988 4511; baseline 0.008 -19"><span class='ocrx_word' id='word_1_354' title='bbox 417 4439 560 4493; x_wconf 87' lang='lat' dir='ltr'><strong>niam</strong></span> <span class='ocrx_word' id='word_1_355' title='bbox 581 4454 680 4511; x_wconf 94' lang='lat' dir='ltr'><strong>ego</strong></span> <span class='ocrx_word' id='word_1_356' title='bbox 708 4451 928 4498; x_wconf 84' lang='lat' dir='ltr'><strong>sanctus</strong></span> <span class='ocrx_word' id='word_1_357' title='bbox 969 4458 1111 4511; x_wconf 87' lang='lat' dir='ltr'><strong>sum,</strong></span> <span class='ocrx_word' id='word_1_358' title='bbox 1149 4463 1168 4498; x_wconf 73' lang='grc' dir='ltr'><strong><em>ι</em></strong></span> <span class='ocrx_word' id='word_1_359' title='bbox 1205 4445 1334 4504; x_wconf 88' lang='lat' dir='ltr'><strong>dicit</strong></span> <span class='ocrx_word' id='word_1_360' title='bbox 1365 4444 1628 4502; x_wconf 87' lang='lat' dir='ltr'><strong>Dominus</strong></span> <span class='ocrx_word' id='word_1_361' title='bbox 1673 4447 1834 4504; x_wconf 85' lang='lat' dir='ltr'><strong>Deus.</strong></span> <span class='ocrx_word' id='word_1_362' title='bbox 1873 4448 1988 4506; x_wconf 82' lang='lat' dir='ltr'><strong>Non</strong></span> 
     </span>
    </p>
   </div>
   <div class='ocr_carea' id='block_1_48' title="bbox 2098 585 3681 656">
    <p class='ocr_par' dir='ltr' id='par_1_48' title="bbox 2098 585 3681 656">
     <span class='ocr_line' id='line_1_48' title="bbox 2098 585 3681 656; baseline 0.003 -18"><span class='ocrx_word' id='word_1_363' title='bbox 2098 585 2242 639; x_wconf 92' lang='lat' dir='ltr'><strong>solus</strong></span> <span class='ocrx_word' id='word_1_364' title='bbox 2273 596 2354 641; x_wconf 77' lang='lat' dir='ltr'><strong>e51</strong></span> <span class='ocrx_word' id='word_1_365' title='bbox 2379 585 2540 644; x_wconf 83' lang='lat' dir='ltr'><strong>Deus.</strong></span> <span class='ocrx_word' id='word_1_366' title='bbox 2574 586 2665 642; x_wconf 85' lang='lat' dir='ltr'><strong>Vis</strong></span> <span class='ocrx_word' id='word_1_367' title='bbox 2715 595 2895 642; x_wconf 88' lang='lat' dir='ltr'><strong>autem</strong></span> <span class='ocrx_word' id='word_1_368' title='bbox 2935 586 3026 639; x_wconf 91' lang='lat' dir='ltr'><strong>tibi</strong></span> <span class='ocrx_word' id='word_1_369' title='bbox 3073 596 3126 641; x_wconf 92' lang='lat' dir='ltr'><strong>et</strong></span> <span class='ocrx_word' id='word_1_370' title='bbox 3162 588 3226 641; x_wconf 90' lang='lat' dir='ltr'><strong>de</strong></span> <span class='ocrx_word' id='word_1_371' title='bbox 3267 586 3572 656; x_wconf 85' lang='lat' dir='ltr'><strong>Scriptttris</strong></span> <span class='ocrx_word' id='word_1_372' title='bbox 3599 589 3681 642; x_wconf 91' lang='lat' dir='ltr'><strong>di-</strong></span> 
     </span>
    </p>
   </div>
   <div class='ocr_carea' id='block_1_49' title="bbox 2099 675 3680 748">
    <p class='ocr_par' dir='ltr' id='par_1_49' title="bbox 2099 675 3680 748">
     <span class='ocr_line' id='line_1_49' title="bbox 2099 675 3680 748; baseline 0.001 -18"><span class='ocrx_word' id='word_1_373' title='bbox 2099 678 2238 734; x_wconf 83' lang='lat' dir='ltr'><strong>vinis</strong></span> <span class='ocrx_word' id='word_1_374' title='bbox 2272 678 2434 746; x_wconf 84' lang='lat' dir='ltr'><strong>hujus</strong></span> <span class='ocrx_word' id='word_1_375' title='bbox 2477 678 2648 748; x_wconf 91' lang='lat' dir='ltr'><strong>apicis</strong></span> <span class='ocrx_word' id='word_1_376' title='bbox 2691 675 2805 748; x_wconf 68' lang='grc'><strong>(24)</strong></span> <span class='ocrx_word' id='word_1_377' title='bbox 2839 677 3083 746; x_wconf 86' lang='lat' dir='ltr'><strong>aperiam</strong></span> <span class='ocrx_word' id='word_1_378' title='bbox 3113 679 3511 734; x_wconf 76' lang='lat' dir='ltr'><strong>diiferentiam?</strong></span> <span class='ocrx_word' id='word_1_379' title='bbox 3544 680 3680 734; x_wconf 80' lang='lat' dir='ltr'><strong>Audi</strong></span> 
     </span>
    </p>
   </div>
   <div class='ocr_carea' id='block_1_50' title="bbox 2097 770 3677 836">
    <p class='ocr_par' dir='ltr' id='par_1_50' title="bbox 2097 770 3677 836">
     <span class='ocr_line' id='line_1_50' title="bbox 2097 770 3677 836; baseline 0.003 -15"><span class='ocrx_word' id='word_1_380' title='bbox 2097 770 2371 836; x_wconf 80' lang='lat' dir='ltr'><strong>quomodo</strong></span> <span class='ocrx_word' id='word_1_381' title='bbox 2417 770 2614 826; x_wconf 89' lang='lat' dir='ltr'><strong>Paulus</strong></span> <span class='ocrx_word' id='word_1_382' title='bbox 2671 773 2737 826; x_wconf 86' lang='lat' dir='ltr'><strong>ad</strong></span> <span class='ocrx_word' id='word_1_383' title='bbox 2803 771 3058 827; x_wconf 67' lang='lat' dir='ltr'><strong>llebrmos</strong></span> <span class='ocrx_word' id='word_1_384' title='bbox 3113 772 3360 825; x_wconf 89' lang='lat' dir='ltr'><strong>scribens</strong></span> <span class='ocrx_word' id='word_1_385' title='bbox 3413 770 3543 826; x_wconf 86' lang='lat' dir='ltr'><strong>dicit</strong></span> <span class='ocrx_word' id='word_1_386' title='bbox 3582 771 3677 826; x_wconf 77' lang='grc'><strong>⁸⁵;</strong></span> 
     </span>
    </p>
   </div>
   <div class='ocr_carea' id='block_1_51' title="bbox 2103 858 3680 930">
    <p class='ocr_par' dir='ltr' id='par_1_51' title="bbox 2103 858 3680 930">
     <span class='ocr_line' id='line_1_51' title="bbox 2103 858 3680 930; baseline 0.004 -20"><span class='ocrx_word' id='word_1_387' title='bbox 2103 877 2121 910; x_wconf 85' lang='grc'><strong>‹</strong></span> <span class='ocrx_word' id='word_1_388' title='bbox 2158 858 2258 926; x_wconf 90' lang='lat' dir='ltr'><strong>Qui</strong></span> <span class='ocrx_word' id='word_1_389' title='bbox 2293 861 2435 915; x_wconf 90' lang='lat' dir='ltr'><strong>enim</strong></span> <span class='ocrx_word' id='word_1_390' title='bbox 2463 862 2868 929; x_wconf 86' lang='lat' dir='ltr'><strong>sanctiﬁcat,et</strong></span> <span class='ocrx_word' id='word_1_391' title='bbox 2892 863 2981 930; x_wconf 86' lang='lat' dir='ltr'><strong>qui</strong></span> <span class='ocrx_word' id='word_1_392' title='bbox 3017 862 3445 927; x_wconf 86' lang='lat' dir='ltr'><strong>sauctiﬁcantur,</strong></span> <span class='ocrx_word' id='word_1_393' title='bbox 3474 879 3538 916; x_wconf 80' lang='lat' dir='ltr'><strong>ex</strong></span> <span class='ocrx_word' id='word_1_394' title='bbox 3573 878 3680 916; x_wconf 88' lang='lat' dir='ltr'><strong>uno</strong></span> 
     </span>
    </p>
   </div>
   <div class='ocr_carea' id='block_1_52' title="bbox 2096 952 3676 1022">
    <p class='ocr_par' dir='ltr' id='par_1_52' title="bbox 2096 952 3676 1022">
     <span class='ocr_line' id='line_1_52' title="bbox 2096 952 3676 1022; baseline 0.003 -18"><span class='ocrx_word' id='word_1_395' title='bbox 2096 966 2306 1008; x_wconf 89' lang='lat' dir='ltr'><strong>omnes.</strong></span> <span class='ocrx_word' id='word_1_396' title='bbox 2342 970 2360 1003; x_wconf 69' lang='grc' dir='ltr'><strong><em>ι</em></strong></span> <span class='ocrx_word' id='word_1_397' title='bbox 2396 952 2526 1019; x_wconf 89' lang='lat' dir='ltr'><strong>Quis</strong></span> <span class='ocrx_word' id='word_1_398' title='bbox 2552 968 2678 1022; x_wconf 84' lang='lat' dir='ltr'><strong>ergo</strong></span> <span class='ocrx_word' id='word_1_399' title='bbox 2707 953 3044 1010; x_wconf 85' lang='lat' dir='ltr'><strong>sanctiﬁcat?</strong></span> <span class='ocrx_word' id='word_1_400' title='bbox 3067 952 3316 1006; x_wconf 88' lang='lat' dir='ltr'><strong>Christus</strong></span> <span class='ocrx_word' id='word_1_401' title='bbox 3340 953 3457 1008; x_wconf 89' lang='lat' dir='ltr'><strong>sine</strong></span> <span class='ocrx_word' id='word_1_402' title='bbox 3479 954 3676 1008; x_wconf 85' lang='lat' dir='ltr'><strong>dubio:</strong></span> 
     </span>
    </p>
   </div>
   <div class='ocr_carea' id='block_1_53' title="bbox 2099 1042 3682 1112">
    <p class='ocr_par' dir='ltr' id='par_1_53' title="bbox 2099 1042 3682 1112">
     <span class='ocr_line' id='line_1_53' title="bbox 2099 1042 3682 1112; baseline 0.001 -16"><span class='ocrx_word' id='word_1_403' title='bbox 2099 1050 2151 1096; x_wconf 90' lang='lat' dir='ltr'><strong>et</strong></span> <span class='ocrx_word' id='word_1_404' title='bbox 2192 1043 2281 1112; x_wconf 90' lang='lat' dir='ltr'><strong>qui</strong></span> <span class='ocrx_word' id='word_1_405' title='bbox 2331 1044 2777 1100; x_wconf 87' lang='lat' dir='ltr'><strong>sanctiﬁcantur?</strong></span> <span class='ocrx_word' id='word_1_406' title='bbox 2819 1045 3103 1099; x_wconf 86' lang='lat' dir='ltr'><strong>credentes</strong></span> <span class='ocrx_word' id='word_1_407' title='bbox 3135 1044 3186 1097; x_wconf 88' lang='lat' dir='ltr'><strong>itt</strong></span> <span class='ocrx_word' id='word_1_408' title='bbox 3219 1042 3456 1100; x_wconf 84' lang='lat' dir='ltr'><strong>Christo.</strong></span> <span class='ocrx_word' id='word_1_409' title='bbox 3505 1043 3682 1102; x_wconf 82' lang='lat' dir='ltr'><strong>Mani-</strong></span> 
     </span>
    </p>
   </div>
   <div class='ocr_carea' id='block_1_54' title="bbox 2097 1131 3680 1205">
    <p class='ocr_par' dir='ltr' id='par_1_54' title="bbox 2097 1131 3680 1205">
     <span class='ocr_line' id='line_1_54' title="bbox 2097 1131 3680 1205; baseline 0.001 -19"><span class='ocrx_word' id='word_1_410' title='bbox 2097 1131 2293 1188; x_wconf 82' lang='lat' dir='ltr'><strong>festum</strong></span> <span class='ocrx_word' id='word_1_411' title='bbox 2327 1149 2458 1205; x_wconf 85' lang='lat' dir='ltr'><strong>ergo</strong></span> <span class='ocrx_word' id='word_1_412' title='bbox 2499 1147 2582 1190; x_wconf 88' lang='lat' dir='ltr'><strong>est</strong></span> <span class='ocrx_word' id='word_1_413' title='bbox 2616 1136 2760 1205; x_wconf 89' lang='lat' dir='ltr'><strong>quod</strong></span> <span class='ocrx_word' id='word_1_414' title='bbox 2798 1135 2888 1203; x_wconf 90' lang='lat' dir='ltr'><strong>qui</strong></span> <span class='ocrx_word' id='word_1_415' title='bbox 2921 1134 3248 1198; x_wconf 89' lang='lat' dir='ltr'><strong>sanctiﬁcat,</strong></span> <span class='ocrx_word' id='word_1_416' title='bbox 3305 1147 3528 1188; x_wconf 85' lang='lat' dir='ltr'><strong>sanctus</strong></span> <span class='ocrx_word' id='word_1_417' title='bbox 3577 1143 3680 1198; x_wconf 87' lang='lat' dir='ltr'><strong>est,</strong></span> 
     </span>
    </p>
   </div>
   <div class='ocr_carea' id='block_1_55' title="bbox 2096 1227 3680 1297">
    <p class='ocr_par' dir='ltr' id='par_1_55' title="bbox 2096 1227 3680 1297">
     <span class='ocr_line' id='line_1_55' title="bbox 2096 1227 3680 1297; baseline 0.001 -18"><span class='ocrx_word' id='word_1_418' title='bbox 2096 1227 2218 1294; x_wconf 86' lang='lat' dir='ltr'><strong>quia</strong></span> <span class='ocrx_word' id='word_1_419' title='bbox 2252 1241 2464 1297; x_wconf 91' lang='lat' dir='ltr'><strong>semper</strong></span> <span class='ocrx_word' id='word_1_420' title='bbox 2493 1237 2718 1282; x_wconf 88' lang='lat' dir='ltr'><strong>sanctus</strong></span> <span class='ocrx_word' id='word_1_421' title='bbox 2742 1237 2844 1282; x_wconf 91' lang='lat' dir='ltr'><strong>est.</strong></span> <span class='ocrx_word' id='word_1_422' title='bbox 2878 1228 2977 1296; x_wconf 90' lang='lat' dir='ltr'><strong>Qui</strong></span> <span class='ocrx_word' id='word_1_423' title='bbox 3030 1236 3209 1281; x_wconf 89' lang='lat' dir='ltr'><strong>autem</strong></span> <span class='ocrx_word' id='word_1_424' title='bbox 3245 1227 3680 1293; x_wconf 89' lang='lat' dir='ltr'><strong>sanctiﬁcautur,</strong></span> 
     </span>
    </p>
   </div>
   <div class='ocr_carea' id='block_1_56' title="bbox 2097 1317 3678 1387">
    <p class='ocr_par' dir='ltr' id='par_1_56' title="bbox 2097 1317 3678 1387">
     <span class='ocr_line' id='line_1_56' title="bbox 2097 1317 3678 1387; baseline 0.003 -18"><span class='ocrx_word' id='word_1_425' title='bbox 2097 1333 2200 1371; x_wconf 92' lang='lat' dir='ltr'><strong>non</strong></span> <span class='ocrx_word' id='word_1_426' title='bbox 2239 1317 2560 1387; x_wconf 86' lang='lat' dir='ltr'><strong>simpliciter</strong></span> <span class='ocrx_word' id='word_1_427' title='bbox 2607 1320 2807 1383; x_wconf 86' lang='lat' dir='ltr'><strong>saucti,</strong></span> <span class='ocrx_word' id='word_1_428' title='bbox 2856 1321 2947 1374; x_wconf 91' lang='lat' dir='ltr'><strong>sed</strong></span> <span class='ocrx_word' id='word_1_429' title='bbox 2992 1320 3314 1376; x_wconf 87' lang='lat' dir='ltr'><strong>sanctiﬁcati</strong></span> <span class='ocrx_word' id='word_1_430' title='bbox 3367 1321 3541 1375; x_wconf 88' lang='lat' dir='ltr'><strong>sancti</strong></span> <span class='ocrx_word' id='word_1_431' title='bbox 3592 1319 3678 1373; x_wconf 89' lang='lat' dir='ltr'><strong>di-</strong></span> 
     </span>
    </p>
   </div>
   <div class='ocr_carea' id='block_1_57' title="bbox 2095 1410 3678 1480">
    <p class='ocr_par' dir='ltr' id='par_1_57' title="bbox 2095 1410 3678 1480">
     <span class='ocr_line' id='line_1_57' title="bbox 2095 1410 3678 1480; baseline 0.002 -17"><span class='ocrx_word' id='word_1_432' title='bbox 2095 1410 2249 1464; x_wconf 86' lang='lat' dir='ltr'><strong>cendi</strong></span> <span class='ocrx_word' id='word_1_433' title='bbox 2285 1419 2425 1465; x_wconf 89' lang='lat' dir='ltr'><strong>sunt.</strong></span> <span class='ocrx_word' id='word_1_434' title='bbox 2459 1411 2566 1466; x_wconf 80' lang='lat' dir='ltr'><strong>Nec</strong></span> <span class='ocrx_word' id='word_1_435' title='bbox 2593 1422 2750 1480; x_wconf 88' lang='lat' dir='ltr'><strong>putes</strong></span> <span class='ocrx_word' id='word_1_436' title='bbox 2794 1413 2919 1468; x_wconf 90' lang='lat' dir='ltr'><strong>huic</strong></span> <span class='ocrx_word' id='word_1_437' title='bbox 2951 1414 3136 1469; x_wconf 87' lang='lat' dir='ltr'><strong>sensui</strong></span> <span class='ocrx_word' id='word_1_438' title='bbox 3181 1426 3302 1470; x_wconf 85' lang='lat' dir='ltr'><strong>esse</strong></span> <span class='ocrx_word' id='word_1_439' title='bbox 3342 1413 3678 1471; x_wconf 80' lang='lat' dir='ltr'><strong>contrarium</strong></span> 
     </span>
    </p>
   </div>
   <div class='ocr_carea' id='block_1_58' title="bbox 2096 1500 3681 1574">
    <p class='ocr_par' dir='ltr' id='par_1_58' title="bbox 2096 1500 3681 1574">
     <span class='ocr_line' id='line_1_58' title="bbox 2096 1500 3681 1574; baseline 0.002 -21"><span class='ocrx_word' id='word_1_440' title='bbox 2096 1500 2225 1554; x_wconf 91' lang='lat' dir='ltr'><strong>illud</strong></span> <span class='ocrx_word' id='word_1_441' title='bbox 2249 1501 2389 1569; x_wconf 88' lang='lat' dir='ltr'><strong>quod</strong></span> <span class='ocrx_word' id='word_1_442' title='bbox 2426 1502 2491 1556; x_wconf 91' lang='lat' dir='ltr'><strong>de</strong></span> <span class='ocrx_word' id='word_1_443' title='bbox 2514 1501 2730 1558; x_wconf 88' lang='lat' dir='ltr'><strong>Christo</strong></span> <span class='ocrx_word' id='word_1_444' title='bbox 2775 1505 3038 1573; x_wconf 89' lang='lat' dir='ltr'><strong>scriptum</strong></span> <span class='ocrx_word' id='word_1_445' title='bbox 3069 1506 3297 1574; x_wconf 86' lang='lat' dir='ltr'><strong>legimus</strong></span> <span class='ocrx_word' id='word_1_446' title='bbox 3325 1506 3370 1536; x_wconf 75' lang='grc'><strong>⁸⁸</strong></span> <span class='ocrx_word' id='word_1_447' title='bbox 3403 1521 3416 1557; x_wconf 91' lang='lat'><strong>:</strong></span> <span class='ocrx_word' id='word_1_448' title='bbox 3455 1524 3473 1556; x_wconf 76' lang='grc' dir='ltr'>ι</span> <span class='ocrx_word' id='word_1_449' title='bbox 3511 1510 3681 1572; x_wconf 81' lang='lat' dir='ltr'><strong>Quem</strong></span> 
     </span>
    </p>
   </div>
   <div class='ocr_carea' id='block_1_59' title="bbox 2097 1596 3682 1659">
    <p class='ocr_par' dir='ltr' id='par_1_59' title="bbox 2097 1596 3682 1659">
     <span class='ocr_line' id='line_1_59' title="bbox 2097 1596 3682 1659; baseline 0.006 -10"><span class='ocrx_word' id='word_1_450' title='bbox 2097 1596 2254 1650; x_wconf 84' lang='lat' dir='ltr'><strong>Pater</strong></span> <span class='ocrx_word' id='word_1_451' title='bbox 2284 1599 2646 1654; x_wconf 84' lang='lat' dir='ltr'><strong>sanctiﬁcavit</strong></span> <span class='ocrx_word' id='word_1_452' title='bbox 2673 1611 2725 1654; x_wconf 88' lang='lat' dir='ltr'><strong>et</strong></span> <span class='ocrx_word' id='word_1_453' title='bbox 2758 1602 2903 1656; x_wconf 88' lang='lat' dir='ltr'><strong>misit</strong></span> <span class='ocrx_word' id='word_1_454' title='bbox 2933 1603 2986 1656; x_wconf 93' lang='lat' dir='ltr'><strong>in</strong></span> <span class='ocrx_word' id='word_1_455' title='bbox 3021 1604 3165 1657; x_wconf 92' lang='lat' dir='ltr'><strong>hunc</strong></span> <span class='ocrx_word' id='word_1_456' title='bbox 3199 1607 3482 1658; x_wconf 89' lang='lat' dir='ltr'><strong>mundum.</strong></span> <span class='ocrx_word' id='word_1_457' title='bbox 3526 1625 3542 1657; x_wconf 74' lang='grc' dir='ltr'><strong><em>ι</em></strong></span> <span class='ocrx_word' id='word_1_458' title='bbox 3581 1605 3682 1659; x_wconf 85' lang='lat' dir='ltr'><strong>Hic</strong></span> 
     </span>
    </p>
   </div>
   <div class='ocr_carea' id='block_1_60' title="bbox 2095 1692 3684 1762">
    <p class='ocr_par' dir='ltr' id='par_1_60' title="bbox 2095 1692 3684 1762">
     <span class='ocr_line' id='line_1_60' title="bbox 2095 1692 3684 1762; baseline 0.004 -18"><span class='ocrx_word' id='word_1_459' title='bbox 2095 1692 2238 1747; x_wconf 92' lang='lat' dir='ltr'><strong>enim</strong></span> <span class='ocrx_word' id='word_1_460' title='bbox 2268 1693 2356 1762; x_wconf 90' lang='lat' dir='ltr'><strong>qui</strong></span> <span class='ocrx_word' id='word_1_461' title='bbox 2388 1692 2784 1758; x_wconf 85' lang='lat' dir='ltr'><strong>sanetiﬁcatur,</strong></span> <span class='ocrx_word' id='word_1_462' title='bbox 2836 1697 3132 1750; x_wconf 89' lang='lat' dir='ltr'><strong>secundum</strong></span> <span class='ocrx_word' id='word_1_463' title='bbox 3165 1711 3387 1751; x_wconf 80' lang='lat' dir='ltr'><strong>carnem</strong></span> <span class='ocrx_word' id='word_1_464' title='bbox 3429 1697 3684 1752; x_wconf 90' lang='lat' dir='ltr'><strong>Christus</strong></span> 
     </span>
    </p>
   </div>
   <div class='ocr_carea' id='block_1_61' title="bbox 2095 1782 3685 1854">
    <p class='ocr_par' dir='ltr' id='par_1_61' title="bbox 2095 1782 3685 1854">
     <span class='ocr_line' id='line_1_61' title="bbox 2095 1782 3685 1854; baseline 0.003 -19"><span class='ocrx_word' id='word_1_465' title='bbox 2095 1791 2198 1847; x_wconf 86' lang='lat' dir='ltr'><strong>est,</strong></span> <span class='ocrx_word' id='word_1_466' title='bbox 2235 1798 2343 1839; x_wconf 89' lang='lat' dir='ltr'><strong>non</strong></span> <span class='ocrx_word' id='word_1_467' title='bbox 2376 1784 2674 1840; x_wconf 86' lang='lat' dir='ltr'><strong>secundum</strong></span> <span class='ocrx_word' id='word_1_468' title='bbox 2701 1782 2974 1852; x_wconf 91' lang='lat' dir='ltr'><strong>spiritum.</strong></span> <span class='ocrx_word' id='word_1_469' title='bbox 3007 1784 3138 1838; x_wconf 76' lang='lat' dir='ltr'><strong>Nam</strong></span> <span class='ocrx_word' id='word_1_470' title='bbox 3190 1787 3488 1844; x_wconf 87' lang='lat' dir='ltr'><strong>secundum</strong></span> <span class='ocrx_word' id='word_1_471' title='bbox 3522 1786 3685 1854; x_wconf 85' lang='lat' dir='ltr'><strong>spiri-</strong></span> 
     </span>
    </p>
   </div>
   <div class='ocr_carea' id='block_1_62' title="bbox 2098 1873 3680 1945">
    <p class='ocr_par' dir='ltr' id='par_1_62' title="bbox 2098 1873 3680 1945">
     <span class='ocr_line' id='line_1_62' title="bbox 2098 1873 3680 1945; baseline 0.003 -19"><span class='ocrx_word' id='word_1_472' title='bbox 2098 1882 2210 1928; x_wconf 91' lang='lat' dir='ltr'><strong>tum</strong></span> <span class='ocrx_word' id='word_1_473' title='bbox 2243 1874 2447 1945; x_wconf 90' lang='lat' dir='ltr'><strong>paritcr</strong></span> <span class='ocrx_word' id='word_1_474' title='bbox 2477 1884 2527 1930; x_wconf 91' lang='lat' dir='ltr'><strong>et</strong></span> <span class='ocrx_word' id='word_1_475' title='bbox 2569 1877 2866 1930; x_wconf 87' lang='lat' dir='ltr'><strong>secundum</strong></span> <span class='ocrx_word' id='word_1_476' title='bbox 2905 1890 3125 1932; x_wconf 86' lang='lat' dir='ltr'><strong>carnem</strong></span> <span class='ocrx_word' id='word_1_477' title='bbox 3157 1873 3406 1929; x_wconf 91' lang='lat' dir='ltr'><strong>Christus</strong></span> <span class='ocrx_word' id='word_1_478' title='bbox 3434 1875 3569 1928; x_wconf 80' lang='lat' dir='ltr'><strong>dixit</strong></span> <span class='ocrx_word' id='word_1_479' title='bbox 3597 1875 3680 1930; x_wconf 70' lang='grc' dir='ltr'><strong>ιτς</strong></span> 
     </span>
    </p>
   </div>
   <div class='ocr_carea' id='block_1_63' title="bbox 2101 1966 3682 2040">
    <p class='ocr_par' dir='ltr' id='par_1_63' title="bbox 2101 1966 3682 2040">
     <span class='ocr_line' id='line_1_63' title="bbox 2101 1966 3682 2040; baseline 0.005 -22"><span class='ocrx_word' id='word_1_480' title='bbox 2101 1986 2117 2018; x_wconf 75' lang='grc' dir='ltr'>ι</span> <span class='ocrx_word' id='word_1_481' title='bbox 2157 1966 2269 2036; x_wconf 89' lang='lat' dir='ltr'><strong>Ego</strong></span> <span class='ocrx_word' id='word_1_482' title='bbox 2305 1969 2592 2024; x_wconf 88' lang='lat' dir='ltr'><strong>sanctiﬁco</strong></span> <span class='ocrx_word' id='word_1_483' title='bbox 2629 1970 2893 2040; x_wconf 86' lang='lat' dir='ltr'><strong>meipsum</strong></span> <span class='ocrx_word' id='word_1_484' title='bbox 2935 1983 3031 2038; x_wconf 90' lang='lat' dir='ltr'><strong>pro</strong></span> <span class='ocrx_word' id='word_1_485' title='bbox 3059 1969 3139 2024; x_wconf 90' lang='lat' dir='ltr'><strong>eis</strong></span> <span class='ocrx_word' id='word_1_486' title='bbox 3173 1987 3186 2022; x_wconf 90' lang='lat'><strong>:</strong></span> <span class='ocrx_word' id='word_1_487' title='bbox 3224 1989 3241 2020; x_wconf 81' lang='grc' dir='ltr'><strong><em>ι</em></strong></span> <span class='ocrx_word' id='word_1_488' title='bbox 3269 1978 3326 2022; x_wconf 80' lang='grc' dir='ltr'><strong>ιιι</strong></span> <span class='ocrx_word' id='word_1_489' title='bbox 3360 1970 3448 2036; x_wconf 89' lang='lat' dir='ltr'><strong>qui</strong></span> <span class='ocrx_word' id='word_1_490' title='bbox 3480 1971 3682 2026; x_wconf 88' lang='lat' dir='ltr'><strong>sancti-</strong></span> 
     </span>
    </p>
   </div>
   <div class='ocr_carea' id='block_1_64' title="bbox 2098 2059 3683 2132">
    <p class='ocr_par' dir='ltr' id='par_1_64' title="bbox 2098 2059 3683 2132">
     <span class='ocr_line' id='line_1_64' title="bbox 2098 2059 3683 2132; baseline 0.004 -21"><span class='ocrx_word' id='word_1_491' title='bbox 2098 2059 2251 2130; x_wconf 86' lang='lat' dir='ltr'><strong>ﬁcat,</strong></span> <span class='ocrx_word' id='word_1_492' title='bbox 2303 2061 2596 2116; x_wconf 89' lang='lat' dir='ltr'><strong>secundum</strong></span> <span class='ocrx_word' id='word_1_493' title='bbox 2638 2061 2888 2130; x_wconf 87' lang='lat' dir='ltr'><strong>spiritum</strong></span> <span class='ocrx_word' id='word_1_494' title='bbox 2942 2062 3323 2132; x_wconf 84' lang='lat' dir='ltr'><strong>intelligatur:</strong></span> <span class='ocrx_word' id='word_1_495' title='bbox 3365 2062 3455 2132; x_wconf 92' lang='lat' dir='ltr'><strong>qui</strong></span> <span class='ocrx_word' id='word_1_496' title='bbox 3504 2071 3683 2118; x_wconf 89' lang='lat' dir='ltr'><strong>autem</strong></span> 
     </span>
    </p>
   </div>
   <div class='ocr_carea' id='block_1_65' title="bbox 2095 2150 3684 2222">
    <p class='ocr_par' dir='ltr' id='par_1_65' title="bbox 2095 2150 3684 2222">
     <span class='ocr_line' id='line_1_65' title="bbox 2095 2150 3684 2222; baseline 0.002 -19"><span class='ocrx_word' id='word_1_497' title='bbox 2095 2150 2464 2208; x_wconf 84' lang='lat' dir='ltr'><strong>sanctiﬁcatur</strong></span> <span class='ocrx_word' id='word_1_498' title='bbox 2491 2167 2588 2220; x_wconf 91' lang='lat' dir='ltr'><strong>pro</strong></span> <span class='ocrx_word' id='word_1_499' title='bbox 2618 2153 2916 2222; x_wconf 89' lang='lat' dir='ltr'><strong>discipulis,</strong></span> <span class='ocrx_word' id='word_1_500' title='bbox 2943 2155 3244 2208; x_wconf 90' lang='lat' dir='ltr'><strong>secundum</strong></span> <span class='ocrx_word' id='word_1_501' title='bbox 3275 2168 3517 2219; x_wconf 88' lang='lat' dir='ltr'><strong>carnem,</strong></span> <span class='ocrx_word' id='word_1_502' title='bbox 3543 2168 3684 2208; x_wconf 90' lang='lat' dir='ltr'><strong>unus</strong></span> 
     </span>
    </p>
   </div>
   <div class='ocr_carea' id='block_1_66' title="bbox 2098 2241 3681 2316">
    <p class='ocr_par' dir='ltr' id='par_1_66' title="bbox 2098 2241 3681 2316">
     <span class='ocr_line' id='line_1_66' title="bbox 2098 2241 3681 2316; baseline 0.002 -22"><span class='ocrx_word' id='word_1_503' title='bbox 2098 2250 2275 2298; x_wconf 86' lang='lat' dir='ltr'><strong>tamen</strong></span> <span class='ocrx_word' id='word_1_504' title='bbox 2304 2251 2465 2312; x_wconf 88' lang='lat' dir='ltr'><strong>atque</strong></span> <span class='ocrx_word' id='word_1_505' title='bbox 2489 2243 2630 2297; x_wconf 91' lang='lat' dir='ltr'><strong>idem</strong></span> <span class='ocrx_word' id='word_1_506' title='bbox 2672 2241 2923 2304; x_wconf 86' lang='lat' dir='ltr'><strong>Christus</strong></span> <span class='ocrx_word' id='word_1_507' title='bbox 2947 2246 3038 2310; x_wconf 92' lang='lat' dir='ltr'><strong>sit,</strong></span> <span class='ocrx_word' id='word_1_508' title='bbox 3064 2245 3155 2313; x_wconf 90' lang='lat' dir='ltr'><strong>qui</strong></span> <span class='ocrx_word' id='word_1_509' title='bbox 3206 2260 3348 2298; x_wconf 90' lang='lat' dir='ltr'><strong>nunc</strong></span> <span class='ocrx_word' id='word_1_510' title='bbox 3393 2243 3446 2301; x_wconf 88' lang='lat' dir='ltr'><strong>in</strong></span> <span class='ocrx_word' id='word_1_511' title='bbox 3486 2245 3681 2316; x_wconf 86' lang='lat' dir='ltr'><strong>spiritu</strong></span> 
     </span>
    </p>
   </div>
   <div class='ocr_carea' id='block_1_67' title="bbox 2096 2333 3685 2400">
    <p class='ocr_par' dir='ltr' id='par_1_67' title="bbox 2096 2333 3685 2400">
     <span class='ocr_line' id='line_1_67' title="bbox 2096 2333 3685 2400; baseline 0.001 -12"><span class='ocrx_word' id='word_1_512' title='bbox 2096 2333 2421 2400; x_wconf 89' lang='lat' dir='ltr'><strong>sanctiﬁcat,</strong></span> <span class='ocrx_word' id='word_1_513' title='bbox 2441 2341 2597 2388; x_wconf 81' lang='lat' dir='ltr'><strong>&quot;nunc</strong></span> <span class='ocrx_word' id='word_1_514' title='bbox 2640 2335 3019 2392; x_wconf 86' lang='lat' dir='ltr'><strong>sanctiﬁcatur</strong></span> <span class='ocrx_word' id='word_1_515' title='bbox 3056 2337 3108 2392; x_wconf 94' lang='lat' dir='ltr'><strong>iu</strong></span> <span class='ocrx_word' id='word_1_516' title='bbox 3148 2351 3334 2392; x_wconf 86' lang='lat' dir='ltr'><strong>carne.</strong></span> <span class='ocrx_word' id='word_1_517' title='bbox 3381 2335 3461 2388; x_wconf 88' lang='lat' dir='ltr'><strong>Ab</strong></span> <span class='ocrx_word' id='word_1_518' title='bbox 3503 2337 3685 2390; x_wconf 85' lang='lat' dir='ltr'><strong>omni-</strong></span> 
     </span>
    </p>
   </div>
   <div class='ocr_carea' id='block_1_68' title="bbox 2096 2424 3683 2496">
    <p class='ocr_par' dir='ltr' id='par_1_68' title="bbox 2096 2424 3683 2496">
     <span class='ocr_line' id='line_1_68' title="bbox 2096 2424 3683 2496; baseline 0.006 -18"><span class='ocrx_word' id='word_1_519' title='bbox 2096 2424 2196 2483; x_wconf 89' lang='lat' dir='ltr'><strong>bus</strong></span> <span class='ocrx_word' id='word_1_520' title='bbox 2213 2441 2343 2496; x_wconf 88' lang='lat' dir='ltr'><strong>ergo</strong></span> <span class='ocrx_word' id='word_1_521' title='bbox 2363 2426 2626 2484; x_wconf 79' lang='lat' dir='ltr'><strong>fructibus</strong></span> <span class='ocrx_word' id='word_1_522' title='bbox 2647 2429 3000 2486; x_wconf 75' lang='lat' dir='ltr'><strong>sanctiﬁcata:</strong></span> <span class='ocrx_word' id='word_1_523' title='bbox 3017 2439 3216 2487; x_wconf 70' lang='lat' dir='ltr'><strong>sancta:</strong></span> <span class='ocrx_word' id='word_1_524' title='bbox 3241 2437 3366 2481; x_wconf 78' lang='lat' dir='ltr'><strong>sunt</strong></span> <span class='ocrx_word' id='word_1_525' title='bbox 3393 2426 3683 2483; x_wconf 63' lang='lat' dir='ltr'><strong>efferendae</strong></span> 
     </span>
    </p>
   </div>
   <div class='ocr_carea' id='block_1_69' title="bbox 2096 2519 3681 2591">
    <p class='ocr_par' dir='ltr' id='par_1_69' title="bbox 2096 2519 3681 2591">
     <span class='ocr_line' id='line_1_69' title="bbox 2096 2519 3681 2591; baseline 0.001 -17"><span class='ocrx_word' id='word_1_526' title='bbox 2096 2519 2370 2586; x_wconf 70' lang='lat' dir='ltr'><strong>primitiae,</strong></span> <span class='ocrx_word' id='word_1_527' title='bbox 2401 2521 2494 2574; x_wconf 88' lang='lat' dir='ltr'><strong>sed</strong></span> <span class='ocrx_word' id='word_1_528' title='bbox 2517 2521 2755 2590; x_wconf 87' lang='lat' dir='ltr'><strong>spiritali</strong></span> <span class='ocrx_word' id='word_1_529' title='bbox 2783 2522 3050 2591; x_wconf 87' lang='lat' dir='ltr'><strong>pontiﬁci.</strong></span> <span class='ocrx_word' id='word_1_530' title='bbox 3082 2521 3160 2580; x_wconf 82' lang='lat' dir='ltr'><strong>Ex</strong></span> <span class='ocrx_word' id='word_1_531' title='bbox 3189 2520 3386 2590; x_wconf 87' lang='lat' dir='ltr'><strong>quibus</strong></span> <span class='ocrx_word' id='word_1_532' title='bbox 3408 2535 3539 2588; x_wconf 82' lang='lat' dir='ltr'><strong>ergo</strong></span> <span class='ocrx_word' id='word_1_533' title='bbox 3566 2521 3681 2576; x_wconf 82' lang='lat' dir='ltr'><strong>frn-</strong></span> 
     </span>
    </p>
   </div>
   <div class='ocr_carea' id='block_1_70' title="bbox 2097 2610 3684 2683">
    <p class='ocr_par' dir='ltr' id='par_1_70' title="bbox 2097 2610 3684 2683">
     <span class='ocr_line' id='line_1_70' title="bbox 2097 2610 3684 2683; baseline 0.003 -21"><span class='ocrx_word' id='word_1_534' title='bbox 2097 2610 2274 2669; x_wconf 87' lang='lat' dir='ltr'><strong>ctibus</strong></span> <span class='ocrx_word' id='word_1_535' title='bbox 2329 2613 2600 2682; x_wconf 81' lang='lat' dir='ltr'><strong>spiritales</strong></span> <span class='ocrx_word' id='word_1_536' title='bbox 2647 2615 2918 2683; x_wconf 89' lang='lat' dir='ltr'><strong>primitias</strong></span> <span class='ocrx_word' id='word_1_537' title='bbox 2981 2613 3311 2672; x_wconf 83' lang='lat' dir='ltr'><strong>oﬁeremus?</strong></span> <span class='ocrx_word' id='word_1_538' title='bbox 3360 2614 3500 2670; x_wconf 77' lang='lat' dir='ltr'><strong>Audi</strong></span> <span class='ocrx_word' id='word_1_539' title='bbox 3551 2625 3684 2682; x_wconf 83' lang='lat' dir='ltr'><strong>quot</strong></span> 
     </span>
    </p>
   </div>
   <div class='ocr_carea' id='block_1_71' title="bbox 2097 2700 3681 2773">
    <p class='ocr_par' dir='ltr' id='par_1_71' title="bbox 2097 2700 3681 2773">
     <span class='ocr_line' id='line_1_71' title="bbox 2097 2700 3681 2773; baseline 0.002 -19"><span class='ocrx_word' id='word_1_540' title='bbox 2097 2700 2308 2760; x_wconf 83' lang='lat' dir='ltr'><strong>fructus</strong></span> <span class='ocrx_word' id='word_1_541' title='bbox 2361 2713 2648 2762; x_wconf 86' lang='lat' dir='ltr'><strong>euumeret</strong></span> <span class='ocrx_word' id='word_1_542' title='bbox 2706 2705 2996 2773; x_wconf 88' lang='lat' dir='ltr'><strong>Apostolus</strong></span> <span class='ocrx_word' id='word_1_543' title='bbox 3023 2705 3067 2736; x_wconf 73' lang='grc'><strong>⁸⁸</strong></span> <span class='ocrx_word' id='word_1_544' title='bbox 3117 2723 3178 2758; x_wconf 73' lang='lat' dir='ltr'><strong>:r</strong></span> <span class='ocrx_word' id='word_1_545' title='bbox 3217 2704 3452 2760; x_wconf 84' lang='lat' dir='ltr'><strong>Fructus</strong></span> <span class='ocrx_word' id='word_1_546' title='bbox 3500 2715 3681 2759; x_wconf 89' lang='lat' dir='ltr'><strong>autem</strong></span> 
     </span>
    </p>
   </div>
   <div class='ocr_carea' id='block_1_72' title="bbox 2097 2795 3686 2868">
    <p class='ocr_par' dir='ltr' id='par_1_72' title="bbox 2097 2795 3686 2868">
     <span class='ocr_line' id='line_1_72' title="bbox 2097 2795 3686 2868; baseline 0.003 -20"><span class='ocrx_word' id='word_1_547' title='bbox 2097 2795 2320 2863; x_wconf 87' lang='lat' dir='ltr'><strong>spiritus</strong></span> <span class='ocrx_word' id='word_1_548' title='bbox 2347 2805 2450 2860; x_wconf 88' lang='lat' dir='ltr'><strong>est,</strong></span> <span class='ocrx_word' id='word_1_549' title='bbox 2487 2798 2745 2859; x_wconf 76' lang='lat' dir='ltr'><strong>Charitas,</strong></span> <span class='ocrx_word' id='word_1_550' title='bbox 2770 2800 3046 2867; x_wconf 78' lang='lat' dir='ltr'><strong>gaudium,</strong></span> <span class='ocrx_word' id='word_1_551' title='bbox 3089 2814 3216 2868; x_wconf 80' lang='lat' dir='ltr'><strong>pax,</strong></span> <span class='ocrx_word' id='word_1_552' title='bbox 3260 2798 3543 2868; x_wconf 88' lang='lat' dir='ltr'><strong>patientia,</strong></span> <span class='ocrx_word' id='word_1_553' title='bbox 3578 2817 3595 2849; x_wconf 72' lang='grc' dir='ltr'><strong><em>ι</em></strong></span> <span class='ocrx_word' id='word_1_554' title='bbox 3629 2807 3686 2852; x_wconf 84' lang='lat' dir='ltr'><strong>et</strong></span> 
     </span>
    </p>
   </div>
   <div class='ocr_carea' id='block_1_73' title="bbox 2097 2887 3679 2957">
    <p class='ocr_par' dir='ltr' id='par_1_73' title="bbox 2097 2887 3679 2957">
     <span class='ocr_line' id='line_1_73' title="bbox 2097 2887 3679 2957; baseline -0.001 -16"><span class='ocrx_word' id='word_1_555' title='bbox 2097 2894 2319 2942; x_wconf 70' lang='lat' dir='ltr'><strong>cmtera.</strong></span> <span class='ocrx_word' id='word_1_556' title='bbox 2362 2888 2507 2956; x_wconf 85' lang='lat' dir='ltr'><strong>Quas</strong></span> <span class='ocrx_word' id='word_1_557' title='bbox 2557 2888 2720 2957; x_wconf 77' lang='lat' dir='ltr'><strong>igitur</strong></span> <span class='ocrx_word' id='word_1_558' title='bbox 2749 2888 3016 2954; x_wconf 88' lang='lat' dir='ltr'><strong>primitias</strong></span> <span class='ocrx_word' id='word_1_559' title='bbox 3061 2902 3123 2942; x_wconf 76' lang='lat' dir='ltr'><strong>ex</strong></span> <span class='ocrx_word' id='word_1_560' title='bbox 3164 2888 3452 2944; x_wconf 87' lang='lat' dir='ltr'><strong>charitatis</strong></span> <span class='ocrx_word' id='word_1_561' title='bbox 3484 2887 3679 2951; x_wconf 82' lang='lat' dir='ltr'><strong>fructu,</strong></span> 
     </span>
    </p>
   </div>
   <div class='ocr_carea' id='block_1_74' title="bbox 2098 2979 3686 3050">
    <p class='ocr_par' dir='ltr' id='par_1_74' title="bbox 2098 2979 3686 3050">
     <span class='ocr_line' id='line_1_74' title="bbox 2098 2979 3686 3050; baseline 0.001 -19"><span class='ocrx_word' id='word_1_562' title='bbox 2098 2979 2188 3047; x_wconf 87' lang='lat' dir='ltr'><strong>qni</strong></span> <span class='ocrx_word' id='word_1_563' title='bbox 2215 2979 2422 3047; x_wconf 88' lang='lat' dir='ltr'><strong>primus</strong></span> <span class='ocrx_word' id='word_1_564' title='bbox 2446 2989 2530 3034; x_wconf 87' lang='lat' dir='ltr'><strong>est</strong></span> <span class='ocrx_word' id='word_1_565' title='bbox 2569 2979 2778 3036; x_wconf 81' lang='lat' dir='ltr'><strong>fructus</strong></span> <span class='ocrx_word' id='word_1_566' title='bbox 2805 2981 3046 3049; x_wconf 87' lang='lat' dir='ltr'><strong>spiritus,</strong></span> <span class='ocrx_word' id='word_1_567' title='bbox 3073 2980 3361 3036; x_wconf 77' lang='lat' dir='ltr'><strong>oﬁeramus</strong></span> <span class='ocrx_word' id='word_1_568' title='bbox 3390 2995 3516 3034; x_wconf 85' lang='lat' dir='ltr'><strong>vero</strong></span> <span class='ocrx_word' id='word_1_569' title='bbox 3547 2995 3650 3050; x_wconf 90' lang='lat' dir='ltr'><strong>pon</strong></span> <span class='ocrx_word' id='word_1_570' title='bbox 3670 3009 3686 3021; x_wconf 87' lang='lat'><strong>-</strong></span> 
     </span>
    </p>
   </div>
   <div class='ocr_carea' id='block_1_75' title="bbox 2101 3070 3685 3141">
    <p class='ocr_par' dir='ltr' id='par_1_75' title="bbox 2101 3070 3685 3141">
     <span class='ocr_line' id='line_1_75' title="bbox 2101 3070 3685 3141; baseline 0.002 -17"><span class='ocrx_word' id='word_1_571' title='bbox 2101 3070 2269 3126; x_wconf 82' lang='lat' dir='ltr'><strong>tiﬁci?</strong></span> <span class='ocrx_word' id='word_1_572' title='bbox 2321 3070 2442 3126; x_wconf 85' lang='lat' dir='ltr'><strong>Illas</strong></span> <span class='ocrx_word' id='word_1_573' title='bbox 2485 3086 2588 3141; x_wconf 87' lang='lat' dir='ltr'><strong>ego</strong></span> <span class='ocrx_word' id='word_1_574' title='bbox 2636 3081 2766 3139; x_wconf 89' lang='lat' dir='ltr'><strong>puto</strong></span> <span class='ocrx_word' id='word_1_575' title='bbox 2811 3087 2932 3126; x_wconf 88' lang='lat' dir='ltr'><strong>esse</strong></span> <span class='ocrx_word' id='word_1_576' title='bbox 2976 3071 3246 3140; x_wconf 85' lang='lat' dir='ltr'><strong>primitias</strong></span> <span class='ocrx_word' id='word_1_577' title='bbox 3290 3072 3596 3136; x_wconf 85' lang='lat' dir='ltr'><strong>charitatis,</strong></span> <span class='ocrx_word' id='word_1_578' title='bbox 3624 3082 3685 3127; x_wconf 84' lang='lat' dir='ltr'><strong>ut</strong></span> 
     </span>
    </p>
   </div>
   <div class='ocr_carea' id='block_1_76' title="bbox 2096 3162 3679 3232">
    <p class='ocr_par' dir='ltr' id='par_1_76' title="bbox 2096 3162 3679 3232">
     <span class='ocr_line' id='line_1_76' title="bbox 2096 3162 3679 3232; baseline 0.001 -15"><span class='ocrx_word' id='word_1_579' title='bbox 2096 3163 2320 3232; x_wconf 87' lang='lat' dir='ltr'><strong>diligam</strong></span> <span class='ocrx_word' id='word_1_580' title='bbox 2354 3162 2641 3220; x_wconf 87' lang='lat' dir='ltr'><strong>Dominum</strong></span> <span class='ocrx_word' id='word_1_581' title='bbox 2671 3165 2839 3220; x_wconf 91' lang='lat' dir='ltr'><strong>Deum</strong></span> <span class='ocrx_word' id='word_1_582' title='bbox 2879 3181 3059 3222; x_wconf 90' lang='lat' dir='ltr'><strong>meum</strong></span> <span class='ocrx_word' id='word_1_583' title='bbox 3089 3181 3151 3220; x_wconf 85' lang='lat' dir='ltr'><strong>ex</strong></span> <span class='ocrx_word' id='word_1_584' title='bbox 3189 3173 3305 3220; x_wconf 89' lang='lat' dir='ltr'><strong>toto</strong></span> <span class='ocrx_word' id='word_1_585' title='bbox 3342 3165 3506 3220; x_wconf 91' lang='lat' dir='ltr'><strong>corde</strong></span> <span class='ocrx_word' id='word_1_586' title='bbox 3536 3179 3679 3230; x_wconf 88' lang='lat' dir='ltr'><strong>meo,</strong></span> 
     </span>
    </p>
   </div>
   <div class='ocr_carea' id='block_1_77' title="bbox 2096 3256 3686 3323">
    <p class='ocr_par' dir='ltr' id='par_1_77' title="bbox 2096 3256 3686 3323">
     <span class='ocr_line' id='line_1_77' title="bbox 2096 3256 3686 3323; baseline 0.001 -12"><span class='ocrx_word' id='word_1_587' title='bbox 2096 3266 2149 3311; x_wconf 90' lang='lat' dir='ltr'><strong>et</strong></span> <span class='ocrx_word' id='word_1_588' title='bbox 2175 3270 2241 3312; x_wconf 79' lang='lat' dir='ltr'><strong>ex</strong></span> <span class='ocrx_word' id='word_1_589' title='bbox 2263 3263 2372 3312; x_wconf 90' lang='lat' dir='ltr'><strong>tota</strong></span> <span class='ocrx_word' id='word_1_590' title='bbox 2391 3256 2572 3312; x_wconf 85' lang='lat' dir='ltr'><strong>anima</strong></span> <span class='ocrx_word' id='word_1_591' title='bbox 2591 3272 2732 3323; x_wconf 87' lang='lat' dir='ltr'><strong>mea,</strong></span> <span class='ocrx_word' id='word_1_592' title='bbox 2753 3267 2808 3313; x_wconf 89' lang='lat' dir='ltr'><strong>et</strong></span> <span class='ocrx_word' id='word_1_593' title='bbox 2831 3273 2894 3313; x_wconf 78' lang='lat' dir='ltr'><strong>ex</strong></span> <span class='ocrx_word' id='word_1_594' title='bbox 2923 3265 3026 3314; x_wconf 88' lang='lat' dir='ltr'><strong>tota</strong></span> <span class='ocrx_word' id='word_1_595' title='bbox 3052 3266 3232 3316; x_wconf 84' lang='lat' dir='ltr'><strong>mente</strong></span> <span class='ocrx_word' id='word_1_596' title='bbox 3254 3272 3392 3315; x_wconf 85' lang='lat' dir='ltr'><strong>mea.</strong></span> <span class='ocrx_word' id='word_1_597' title='bbox 3409 3256 3530 3312; x_wconf 78' lang='lat' dir='ltr'><strong>Istae</strong></span> <span class='ocrx_word' id='word_1_598' title='bbox 3556 3267 3686 3314; x_wconf 86' lang='lat' dir='ltr'><strong>sunt</strong></span> 
     </span>
    </p>
   </div>
   <div class='ocr_carea' id='block_1_78' title="bbox 2097 3349 3703 3420">
    <p class='ocr_par' dir='ltr' id='par_1_78' title="bbox 2097 3349 3703 3420">
     <span class='ocr_line' id='line_1_78' title="bbox 2097 3349 3703 3420; baseline -0.002 -13"><span class='ocrx_word' id='word_1_599' title='bbox 2097 3351 2369 3420; x_wconf 81' lang='lat' dir='ltr'><strong>primitiae.</strong></span> <span class='ocrx_word' id='word_1_600' title='bbox 2398 3354 2534 3420; x_wconf 85' lang='lat' dir='ltr'><strong>Quid</strong></span> <span class='ocrx_word' id='word_1_601' title='bbox 2563 3362 2742 3412; x_wconf 89' lang='lat' dir='ltr'><strong>autem</strong></span> <span class='ocrx_word' id='word_1_602' title='bbox 2769 3360 2853 3408; x_wconf 86' lang='lat' dir='ltr'><strong>est</strong></span> <span class='ocrx_word' id='word_1_603' title='bbox 2874 3350 3017 3419; x_wconf 88' lang='lat' dir='ltr'><strong>quod</strong></span> <span class='ocrx_word' id='word_1_604' title='bbox 3042 3365 3105 3406; x_wconf 83' lang='lat' dir='ltr'><strong>ex</strong></span> <span class='ocrx_word' id='word_1_605' title='bbox 3134 3350 3235 3414; x_wconf 83' lang='lat' dir='ltr'><strong>isto</strong></span> <span class='ocrx_word' id='word_1_606' title='bbox 3261 3349 3552 3408; x_wconf 85' lang='lat' dir='ltr'><strong>charitatis</strong></span> <span class='ocrx_word' id='word_1_607' title='bbox 3575 3349 3703 3404; x_wconf 83' lang='lat' dir='ltr'><strong>fru-</strong></span> 
     </span>
    </p>
   </div>
   <div class='ocr_carea' id='block_1_79' title="bbox 2096 3442 3680 3511">
    <p class='ocr_par' dir='ltr' id='par_1_79' title="bbox 2096 3442 3680 3511">
     <span class='ocr_line' id='line_1_79' title="bbox 2096 3442 3680 3511; baseline -0.003 -12"><span class='ocrx_word' id='word_1_608' title='bbox 2096 3453 2184 3499; x_wconf 92' lang='lat' dir='ltr'><strong>ctu</strong></span> <span class='ocrx_word' id='word_1_609' title='bbox 2208 3446 2598 3500; x_wconf 72' lang='lat' dir='ltr'><strong>secundoloco</strong></span> <span class='ocrx_word' id='word_1_610' title='bbox 2621 3445 2823 3502; x_wconf 88' lang='lat' dir='ltr'><strong>habere</strong></span> <span class='ocrx_word' id='word_1_611' title='bbox 2856 3442 3121 3500; x_wconf 85' lang='lat' dir='ltr'><strong>debeam?</strong></span> <span class='ocrx_word' id='word_1_612' title='bbox 3147 3442 3212 3498; x_wconf 88' lang='lat' dir='ltr'><strong>Ut</strong></span> <span class='ocrx_word' id='word_1_613' title='bbox 3240 3442 3463 3510; x_wconf 83' lang='lat' dir='ltr'><strong>diligam</strong></span> <span class='ocrx_word' id='word_1_614' title='bbox 3493 3442 3680 3511; x_wconf 79' lang='lat' dir='ltr'><strong>proxi-</strong></span> 
     </span>
    </p>
   </div>
   <div class='ocr_carea' id='block_1_80' title="bbox 2097 3532 3684 3604">
    <p class='ocr_par' dir='ltr' id='par_1_80' title="bbox 2097 3532 3684 3604">
     <span class='ocr_line' id='line_1_80' title="bbox 2097 3532 3684 3604; baseline -0.001 -16"><span class='ocrx_word' id='word_1_615' title='bbox 2097 3550 2245 3590; x_wconf 88' lang='lat' dir='ltr'><strong>mum</strong></span> <span class='ocrx_word' id='word_1_616' title='bbox 2272 3550 2451 3591; x_wconf 89' lang='lat' dir='ltr'><strong>meum</strong></span> <span class='ocrx_word' id='word_1_617' title='bbox 2486 3538 2626 3592; x_wconf 86' lang='lat' dir='ltr'><strong>sicut</strong></span> <span class='ocrx_word' id='word_1_618' title='bbox 2659 3536 2947 3604; x_wconf 87' lang='lat' dir='ltr'><strong>meipsum.</strong></span> <span class='ocrx_word' id='word_1_619' title='bbox 2976 3533 3083 3590; x_wconf 73' lang='lat' dir='ltr'><strong>Illa:</strong></span> <span class='ocrx_word' id='word_1_620' title='bbox 3105 3548 3233 3602; x_wconf 84' lang='lat' dir='ltr'><strong>ergo</strong></span> <span class='ocrx_word' id='word_1_621' title='bbox 3272 3533 3523 3602; x_wconf 79' lang='lat' dir='ltr'><strong>primitiae</strong></span> <span class='ocrx_word' id='word_1_622' title='bbox 3551 3532 3684 3588; x_wconf 86' lang='lat' dir='ltr'><strong>cha-</strong></span> 
     </span>
    </p>
   </div>
   <div class='ocr_carea' id='block_1_81' title="bbox 2097 3625 3683 3696">
    <p class='ocr_par' dir='ltr' id='par_1_81' title="bbox 2097 3625 3683 3696">
     <span class='ocr_line' id='line_1_81' title="bbox 2097 3625 3683 3696; baseline -0.001 -16"><span class='ocrx_word' id='word_1_623' title='bbox 2097 3625 2273 3680; x_wconf 86' lang='lat' dir='ltr'><strong>ritatis</strong></span> <span class='ocrx_word' id='word_1_624' title='bbox 2297 3625 2406 3681; x_wconf 93' lang='lat' dir='ltr'><strong>Deo</strong></span> <span class='ocrx_word' id='word_1_625' title='bbox 2427 3627 2730 3685; x_wconf 75' lang='lat' dir='ltr'><strong>oﬁ&#39;eruntur</strong></span> <span class='ocrx_word' id='word_1_626' title='bbox 2769 3641 2866 3696; x_wconf 87' lang='lat' dir='ltr'><strong>per</strong></span> <span class='ocrx_word' id='word_1_627' title='bbox 2895 3626 3225 3696; x_wconf 89' lang='lat' dir='ltr'><strong>pontiﬁcem,</strong></span> <span class='ocrx_word' id='word_1_628' title='bbox 3263 3626 3378 3680; x_wconf 83' lang='lat' dir='ltr'><strong>haec</strong></span> <span class='ocrx_word' id='word_1_629' title='bbox 3409 3639 3539 3679; x_wconf 87' lang='lat' dir='ltr'><strong>vero</strong></span> <span class='ocrx_word' id='word_1_630' title='bbox 3562 3640 3683 3694; x_wconf 81' lang='lat' dir='ltr'><strong>quae</strong></span> 
     </span>
    </p>
   </div>
   <div class='ocr_carea' id='block_1_82' title="bbox 2096 3717 3680 3786">
    <p class='ocr_par' dir='ltr' id='par_1_82' title="bbox 2096 3717 3680 3786">
     <span class='ocr_line' id='line_1_82' title="bbox 2096 3717 3680 3786; baseline 0.001 -16"><span class='ocrx_word' id='word_1_631' title='bbox 2096 3719 2149 3771; x_wconf 92' lang='lat' dir='ltr'><strong>in</strong></span> <span class='ocrx_word' id='word_1_632' title='bbox 2192 3719 2433 3774; x_wconf 85' lang='lat' dir='ltr'><strong>secando</strong></span> <span class='ocrx_word' id='word_1_633' title='bbox 2471 3725 2601 3778; x_wconf 88' lang='lat' dir='ltr'><strong>sunt</strong></span> <span class='ocrx_word' id='word_1_634' title='bbox 2644 3718 2787 3783; x_wconf 88' lang='lat' dir='ltr'><strong>loco,</strong></span> <span class='ocrx_word' id='word_1_635' title='bbox 2851 3719 2984 3776; x_wconf 86' lang='lat' dir='ltr'><strong>meis</strong></span> <span class='ocrx_word' id='word_1_636' title='bbox 3043 3717 3230 3772; x_wconf 86' lang='lat' dir='ltr'><strong>usibus</strong></span> <span class='ocrx_word' id='word_1_637' title='bbox 3275 3717 3680 3786; x_wconf 90' lang='lat' dir='ltr'><strong>relinquuntur.</strong></span> 
     </span>
    </p>
   </div>
   <div class='ocr_carea' id='block_1_83' title="bbox 2094 3807 3684 3881">
    <p class='ocr_par' dir='ltr' id='par_1_83' title="bbox 2094 3807 3684 3881">
     <span class='ocr_line' id='line_1_83' title="bbox 2094 3807 3684 3881; baseline 0.002 -19"><span class='ocrx_word' id='word_1_638' title='bbox 2094 3807 2232 3863; x_wconf 87' lang='lat' dir='ltr'><strong>Puto</strong></span> <span class='ocrx_word' id='word_1_639' title='bbox 2257 3823 2405 3881; x_wconf 45' lang='lat' dir='ltr'><strong>‘csse</strong></span> <span class='ocrx_word' id='word_1_640' title='bbox 2449 3809 2653 3878; x_wconf 86' lang='lat' dir='ltr'><strong>aliquid</strong></span> <span class='ocrx_word' id='word_1_641' title='bbox 2685 3824 2753 3866; x_wconf 76' lang='lat' dir='ltr'><strong>ex</strong></span> <span class='ocrx_word' id='word_1_642' title='bbox 2801 3808 2906 3866; x_wconf 87' lang='lat' dir='ltr'><strong>hoc</strong></span> <span class='ocrx_word' id='word_1_643' title='bbox 2946 3807 3124 3866; x_wconf 82' lang='lat' dir='ltr'><strong>fructu</strong></span> <span class='ocrx_word' id='word_1_644' title='bbox 3179 3809 3322 3877; x_wconf 88' lang='lat' dir='ltr'><strong>quod</strong></span> <span class='ocrx_word' id='word_1_645' title='bbox 3367 3809 3526 3862; x_wconf 90' lang='lat' dir='ltr'><strong>tertio</strong></span> <span class='ocrx_word' id='word_1_646' title='bbox 3564 3808 3684 3865; x_wconf 91' lang='lat' dir='ltr'><strong>loco</strong></span> 
     </span>
    </p>
   </div>
   <div class='ocr_carea' id='block_1_84' title="bbox 2096 3900 3680 3970">
    <p class='ocr_par' dir='ltr' id='par_1_84' title="bbox 2096 3900 3680 3970">
     <span class='ocr_line' id='line_1_84' title="bbox 2096 3900 3680 3970; baseline 0.001 -14"><span class='ocrx_word' id='word_1_647' title='bbox 2096 3903 2405 3958; x_wconf 84' lang='lat' dir='ltr'><strong>habendum</strong></span> <span class='ocrx_word' id='word_1_648' title='bbox 2444 3903 2550 3965; x_wconf 80' lang='lat' dir='ltr'><strong>sit,</strong></span> <span class='ocrx_word' id='word_1_649' title='bbox 2607 3911 2665 3957; x_wconf 89' lang='lat' dir='ltr'><strong>ttt</strong></span> <span class='ocrx_word' id='word_1_650' title='bbox 2718 3900 2940 3970; x_wconf 82' lang='lat' dir='ltr'><strong>diligam</strong></span> <span class='ocrx_word' id='word_1_651' title='bbox 2981 3902 3147 3957; x_wconf 87' lang='lat' dir='ltr'><strong>etiam</strong></span> <span class='ocrx_word' id='word_1_652' title='bbox 3202 3901 3457 3958; x_wconf 88' lang='lat' dir='ltr'><strong>inimicos</strong></span> <span class='ocrx_word' id='word_1_653' title='bbox 3507 3917 3680 3957; x_wconf 90' lang='lat' dir='ltr'><strong>meos.</strong></span> 
     </span>
    </p>
   </div>
   <div class='ocr_carea' id='block_1_85' title="bbox 2097 3990 3684 4062">
    <p class='ocr_par' dir='ltr' id='par_1_85' title="bbox 2097 3990 3684 4062">
     <span class='ocr_line' id='line_1_85' title="bbox 2097 3990 3684 4062; baseline -0.001 -14"><span class='ocrx_word' id='word_1_654' title='bbox 2097 3993 2232 4054; x_wconf 80' lang='lat' dir='ltr'><strong>Vide</strong></span> <span class='ocrx_word' id='word_1_655' title='bbox 2262 4002 2466 4059; x_wconf 89' lang='lat' dir='ltr'><strong>autem,</strong></span> <span class='ocrx_word' id='word_1_656' title='bbox 2506 3993 2550 4048; x_wconf 89' lang='lat' dir='ltr'><strong>si</strong></span> <span class='ocrx_word' id='word_1_657' title='bbox 2597 4003 2775 4062; x_wconf 89' lang='lat' dir='ltr'><strong>potes,</strong></span> <span class='ocrx_word' id='word_1_658' title='bbox 2803 3991 3056 4050; x_wconf 88' lang='lat' dir='ltr'><strong>similiter</strong></span> <span class='ocrx_word' id='word_1_659' title='bbox 3088 3990 3227 4045; x_wconf 89' lang='lat' dir='ltr'><strong>etde</strong></span> <span class='ocrx_word' id='word_1_660' title='bbox 3247 3993 3462 4050; x_wconf 78' lang='lat' dir='ltr'><strong>czeteris</strong></span> <span class='ocrx_word' id='word_1_661' title='bbox 3494 3991 3684 4046; x_wconf 80' lang='lat' dir='ltr'><strong>fructi-</strong></span> 
     </span>
    </p>
   </div>
   <div class='ocr_carea' id='block_1_86' title="bbox 2095 4081 3680 4154">
    <p class='ocr_par' dir='ltr' id='par_1_86' title="bbox 2095 4081 3680 4154">
     <span class='ocr_line' id='line_1_86' title="bbox 2095 4081 3680 4154; baseline -0.003 -15"><span class='ocrx_word' id='word_1_662' title='bbox 2095 4087 2197 4140; x_wconf 87' lang='lat' dir='ltr'><strong>bus</strong></span> <span class='ocrx_word' id='word_1_663' title='bbox 2257 4087 2484 4154; x_wconf 86' lang='lat' dir='ltr'><strong>spiritus</strong></span> <span class='ocrx_word' id='word_1_664' title='bbox 2531 4083 2736 4140; x_wconf 87' lang='lat' dir='ltr'><strong>similes</strong></span> <span class='ocrx_word' id='word_1_665' title='bbox 2788 4082 3036 4139; x_wconf 81' lang='lat' dir='ltr'><strong>invenire</strong></span> <span class='ocrx_word' id='word_1_666' title='bbox 3077 4081 3361 4152; x_wconf 86' lang='lat' dir='ltr'><strong>primitias.</strong></span> <span class='ocrx_word' id='word_1_667' title='bbox 3409 4082 3680 4136; x_wconf 86' lang='lat' dir='ltr'><strong>Gaudium</strong></span> 
     </span>
    </p>
   </div>
   <div class='ocr_carea' id='block_1_87' title="bbox 2095 4173 3683 4244">
    <p class='ocr_par' dir='ltr' id='par_1_87' title="bbox 2095 4173 3683 4244">
     <span class='ocr_line' id='line_1_87' title="bbox 2095 4173 3683 4244; baseline 0 -14"><span class='ocrx_word' id='word_1_668' title='bbox 2095 4177 2333 4231; x_wconf 88' lang='lat' dir='ltr'><strong>secundo</strong></span> <span class='ocrx_word' id='word_1_669' title='bbox 2387 4177 2507 4230; x_wconf 87' lang='lat' dir='ltr'><strong>loco</strong></span> <span class='ocrx_word' id='word_1_670' title='bbox 2565 4175 2775 4234; x_wconf 79' lang='lat' dir='ltr'><strong>fructus</strong></span> <span class='ocrx_word' id='word_1_671' title='bbox 2824 4175 3047 4244; x_wconf 83' lang='lat' dir='ltr'><strong>spiritus</strong></span> <span class='ocrx_word' id='word_1_672' title='bbox 3101 4174 3378 4228; x_wconf 87' lang='lat' dir='ltr'><strong>scribitur.</strong></span> <span class='ocrx_word' id='word_1_673' title='bbox 3437 4173 3494 4228; x_wconf 93' lang='lat' dir='ltr'><strong>Si</strong></span> <span class='ocrx_word' id='word_1_674' title='bbox 3551 4189 3683 4242; x_wconf 79' lang='lat' dir='ltr'><strong>ergo</strong></span> 
     </span>
    </p>
   </div>
   <div class='ocr_carea' id='block_1_88' title="bbox 2098 4267 3682 4339">
    <p class='ocr_par' dir='ltr' id='par_1_88' title="bbox 2098 4267 3682 4339">
     <span class='ocr_line' id='line_1_88' title="bbox 2098 4267 3682 4339; baseline -0.001 -17"><span class='ocrx_word' id='word_1_675' title='bbox 2098 4269 2150 4322; x_wconf 89' lang='lat' dir='ltr'><strong>in</strong></span> <span class='ocrx_word' id='word_1_676' title='bbox 2198 4268 2426 4326; x_wconf 90' lang='lat' dir='ltr'><strong>Domino</strong></span> <span class='ocrx_word' id='word_1_677' title='bbox 2476 4269 2778 4339; x_wconf 85' lang='lat' dir='ltr'><strong>gaudeam,</strong></span> <span class='ocrx_word' id='word_1_678' title='bbox 2825 4277 2882 4323; x_wconf 90' lang='lat' dir='ltr'><strong>et</strong></span> <span class='ocrx_word' id='word_1_679' title='bbox 2929 4282 3026 4337; x_wconf 85' lang='lat' dir='ltr'><strong>spe</strong></span> <span class='ocrx_word' id='word_1_680' title='bbox 3065 4268 3350 4337; x_wconf 82' lang='lat' dir='ltr'><strong>gaudeam,</strong></span> <span class='ocrx_word' id='word_1_681' title='bbox 3377 4275 3432 4322; x_wconf 89' lang='lat' dir='ltr'><strong>et</strong></span> <span class='ocrx_word' id='word_1_682' title='bbox 3473 4267 3517 4322; x_wconf 90' lang='lat' dir='ltr'><strong>si</strong></span> <span class='ocrx_word' id='word_1_683' title='bbox 3546 4282 3682 4336; x_wconf 76' lang='lat' dir='ltr'><strong>gau-</strong></span> 
     </span>
    </p>
   </div>
   <div class='ocr_carea' id='block_1_89' title="bbox 2095 4357 3683 4429">
    <p class='ocr_par' dir='ltr' id='par_1_89' title="bbox 2095 4357 3683 4429">
     <span class='ocr_line' id='line_1_89' title="bbox 2095 4357 3683 4429; baseline 0.001 -14"><span class='ocrx_word' id='word_1_684' title='bbox 2095 4360 2252 4415; x_wconf 88' lang='lat' dir='ltr'><strong>deam</strong></span> <span class='ocrx_word' id='word_1_685' title='bbox 2302 4374 2400 4429; x_wconf 90' lang='lat' dir='ltr'><strong>pro</strong></span> <span class='ocrx_word' id='word_1_686' title='bbox 2442 4359 2661 4416; x_wconf 90' lang='lat' dir='ltr'><strong>nomine</strong></span> <span class='ocrx_word' id='word_1_687' title='bbox 2701 4358 2910 4414; x_wconf 89' lang='lat' dir='ltr'><strong>Domini</strong></span> <span class='ocrx_word' id='word_1_688' title='bbox 2952 4372 3145 4428; x_wconf 87' lang='lat' dir='ltr'><strong>passus</strong></span> <span class='ocrx_word' id='word_1_689' title='bbox 3183 4357 3458 4426; x_wconf 74' lang='lat' dir='ltr'><strong>iniuriam,</strong></span> <span class='ocrx_word' id='word_1_690' title='bbox 3504 4361 3554 4414; x_wconf 90' lang='lat' dir='ltr'><strong>in</strong></span> <span class='ocrx_word' id='word_1_691' title='bbox 3596 4359 3683 4417; x_wconf 87' lang='lat' dir='ltr'><strong>his</strong></span> 
     </span>
    </p>
   </div>
   <div class='ocr_carea' id='block_1_90' title="bbox 2094 4452 3685 4524">
    <p class='ocr_par' dir='ltr' id='par_1_90' title="bbox 2094 4452 3685 4524">
     <span class='ocr_line' id='line_1_90' title="bbox 2094 4452 3685 4524; baseline 0.002 -16"><span class='ocrx_word' id='word_1_692' title='bbox 2094 4453 2348 4509; x_wconf 89' lang='lat' dir='ltr'><strong>omnibus</strong></span> <span class='ocrx_word' id='word_1_693' title='bbox 2377 4453 2607 4524; x_wconf 89' lang='lat' dir='ltr'><strong>aliisque</strong></span> <span class='ocrx_word' id='word_1_694' title='bbox 2645 4454 2838 4508; x_wconf 90' lang='lat' dir='ltr'><strong>horum</strong></span> <span class='ocrx_word' id='word_1_695' title='bbox 2873 4453 3164 4520; x_wconf 86' lang='lat' dir='ltr'><strong>similibus,</strong></span> <span class='ocrx_word' id='word_1_696' title='bbox 3197 4452 3467 4522; x_wconf 82' lang='lat' dir='ltr'><strong>primitias</strong></span> <span class='ocrx_word' id='word_1_697' title='bbox 3497 4455 3685 4524; x_wconf 85' lang='lat' dir='ltr'><strong>gaudii</strong></span> 
     </span>
    </p>
   </div>
   <div class='ocr_carea' id='block_1_91' title="bbox 416 4531 3682 4620">
    <p class='ocr_par' dir='ltr' id='par_1_91' title="bbox 416 4531 3682 4620">
     <span class='ocr_line' id='line_1_91' title="bbox 416 4531 3682 4620; baseline 0.006 -36"><span class='ocrx_word' id='word_1_698' title='bbox 416 4531 674 4588; x_wconf 84' lang='lat' dir='ltr'><strong>continuo</strong></span> <span class='ocrx_word' id='word_1_699' title='bbox 694 4533 990 4591; x_wconf 83' lang='lat' dir='ltr'><strong>similitudo</strong></span> <span class='ocrx_word' id='word_1_700' title='bbox 1009 4535 1319 4592; x_wconf 88' lang='lat' dir='ltr'><strong>sanctitatis</strong></span> <span class='ocrx_word' id='word_1_701' title='bbox 1347 4536 1399 4592; x_wconf 85' lang='lat' dir='ltr'><strong>in</strong></span> <span class='ocrx_word' id='word_1_702' title='bbox 1431 4537 1540 4594; x_wconf 89' lang='lat' dir='ltr'><strong>Deo</strong></span> <span class='ocrx_word' id='word_1_703' title='bbox 1565 4547 1728 4606; x_wconf 85' lang='lat' dir='ltr'><strong>atque</strong></span> <span class='ocrx_word' id='word_1_704' title='bbox 1754 4539 1990 4598; x_wconf 48' lang='lat' dir='ltr'><strong>homini.</strong></span> <span class='ocrx_word' id='word_1_705' title='bbox 2026 4545 2072 4604; x_wconf 83' lang='grc' dir='ltr'><strong>Ι)</strong></span> <span class='ocrx_word' id='word_1_706' title='bbox 2099 4561 2197 4617; x_wconf 88' lang='lat' dir='ltr'><strong>per</strong></span> <span class='ocrx_word' id='word_1_707' title='bbox 2218 4547 2527 4616; x_wconf 90' lang='lat' dir='ltr'><strong>pontiﬁcem</strong></span> <span class='ocrx_word' id='word_1_708' title='bbox 2557 4563 2744 4603; x_wconf 86' lang='lat' dir='ltr'><strong>verum</strong></span> <span class='ocrx_word' id='word_1_709' title='bbox 2776 4546 2888 4602; x_wconf 86' lang='lat' dir='ltr'><strong>Deo</strong></span> <span class='ocrx_word' id='word_1_710' title='bbox 2912 4548 3105 4604; x_wconf 85' lang='lat' dir='ltr'><strong>obtuli.</strong></span> <span class='ocrx_word' id='word_1_711' title='bbox 3141 4547 3244 4602; x_wconf 87' lang='lat' dir='ltr'><strong>Sed</strong></span> <span class='ocrx_word' id='word_1_712' title='bbox 3277 4558 3331 4604; x_wconf 88' lang='lat' dir='ltr'><strong>et</strong></span> <span class='ocrx_word' id='word_1_713' title='bbox 3367 4549 3410 4602; x_wconf 91' lang='lat' dir='ltr'><strong>si</strong></span> <span class='ocrx_word' id='word_1_714' title='bbox 3437 4551 3682 4620; x_wconf 88' lang='lat' dir='ltr'><strong>rapinam</strong></span> 
     </span>
    </p>
   </div>
   <div class='ocr_carea' id='block_1_92' title="bbox 417 4623 1990 4700">
    <p class='ocr_par' dir='ltr' id='par_1_92' title="bbox 417 4623 1990 4700">
     <span class='ocr_line' id='line_1_92' title="bbox 417 4623 1990 4700; baseline 0.007 -24"><span class='ocrx_word' id='word_1_715' title='bbox 417 4623 516 4676; x_wconf 89' lang='lat' dir='ltr'><strong>bus</strong></span> <span class='ocrx_word' id='word_1_716' title='bbox 547 4626 814 4692; x_wconf 87' lang='lat' dir='ltr'><strong>ponenda.</strong></span> <span class='ocrx_word' id='word_1_717' title='bbox 846 4627 921 4682; x_wconf 91' lang='lat' dir='ltr'><strong>De</strong></span> <span class='ocrx_word' id='word_1_718' title='bbox 951 4625 1060 4682; x_wconf 90' lang='lat' dir='ltr'><strong>Deo</strong></span> <span class='ocrx_word' id='word_1_719' title='bbox 1083 4627 1228 4684; x_wconf 84' lang='lat' dir='ltr'><strong>enim</strong></span> <span class='ocrx_word' id='word_1_720' title='bbox 1251 4627 1453 4686; x_wconf 89' lang='lat' dir='ltr'><strong>dicitur</strong></span> <span class='ocrx_word' id='word_1_721' title='bbox 1480 4630 1604 4700; x_wconf 87' lang='lat' dir='ltr'><strong>quia</strong></span> <span class='ocrx_word' id='word_1_722' title='bbox 1641 4641 1862 4689; x_wconf 88' lang='lat' dir='ltr'><strong>sanctus</strong></span> <span class='ocrx_word' id='word_1_723' title='bbox 1888 4643 1990 4700; x_wconf 88' lang='lat' dir='ltr'><strong>est,</strong></span> 
     </span>
    </p>
   </div>
   <div class='ocr_carea' id='block_1_93' title="bbox 419 4715 1991 4794">
    <p class='ocr_par' dir='ltr' id='par_1_93' title="bbox 419 4715 1991 4794">
     <span class='ocr_line' id='line_1_93' title="bbox 419 4715 1991 4794; baseline 0.008 -26"><span class='ocrx_word' id='word_1_724' title='bbox 419 4715 664 4776; x_wconf 83' lang='lat' dir='ltr'><strong>homines</strong></span> <span class='ocrx_word' id='word_1_725' title='bbox 689 4726 870 4774; x_wconf 87' lang='lat' dir='ltr'><strong>autem</strong></span> <span class='ocrx_word' id='word_1_726' title='bbox 904 4722 1060 4789; x_wconf 88' lang='lat' dir='ltr'><strong>quasi</strong></span> <span class='ocrx_word' id='word_1_727' title='bbox 1102 4724 1197 4790; x_wconf 90' lang='lat' dir='ltr'><strong>qui</strong></span> <span class='ocrx_word' id='word_1_728' title='bbox 1241 4737 1348 4778; x_wconf 91' lang='lat' dir='ltr'><strong>non</strong></span> <span class='ocrx_word' id='word_1_729' title='bbox 1395 4737 1612 4792; x_wconf 86' lang='lat' dir='ltr'><strong>semper</strong></span> <span class='ocrx_word' id='word_1_730' title='bbox 1657 4722 1876 4791; x_wconf 84' lang='lat' dir='ltr'><strong>fuerint,</strong></span> <span class='ocrx_word' id='word_1_731' title='bbox 1908 4725 1991 4794; x_wconf 88' lang='lat' dir='ltr'><strong>jn-</strong></span> 
     </span>
    </p>
   </div>
   <div class='ocr_carea' id='block_1_94' title="bbox 418 4808 1992 4884">
    <p class='ocr_par' dir='ltr' id='par_1_94' title="bbox 418 4808 1992 4884">
     <span class='ocr_line' id='line_1_94' title="bbox 418 4808 1992 4884; baseline 0.008 -24"><span class='ocrx_word' id='word_1_732' title='bbox 418 4808 616 4863; x_wconf 89' lang='lat' dir='ltr'><strong>beutur</strong></span> <span class='ocrx_word' id='word_1_733' title='bbox 637 4817 696 4862; x_wconf 92' lang='lat' dir='ltr'><strong>ut</strong></span> <span class='ocrx_word' id='word_1_734' title='bbox 731 4809 860 4866; x_wconf 88' lang='lat' dir='ltr'><strong>ﬁant</strong></span> <span class='ocrx_word' id='word_1_735' title='bbox 890 4814 1084 4867; x_wconf 75' lang='lat' dir='ltr'><strong>sancti.</strong></span> <span class='ocrx_word' id='word_1_736' title='bbox 1113 4813 1354 4883; x_wconf 80' lang='lat' dir='ltr'><strong>Denique</strong></span> <span class='ocrx_word' id='word_1_737' title='bbox 1385 4829 1566 4874; x_wconf 86' lang='lat' dir='ltr'><strong>sermo</strong></span> <span class='ocrx_word' id='word_1_738' title='bbox 1592 4816 1678 4870; x_wconf 90' lang='lat' dir='ltr'><strong>hic</strong></span> <span class='ocrx_word' id='word_1_739' title='bbox 1701 4816 1752 4869; x_wconf 92' lang='lat' dir='ltr'><strong>in</strong></span> <span class='ocrx_word' id='word_1_740' title='bbox 1775 4815 1992 4884; x_wconf 62' lang='lat' dir='ltr'><strong>Graeco,</strong></span> 
     </span>
    </p>
   </div>
   <div class='ocr_carea' id='block_1_95' title="bbox 421 4898 1996 4977">
    <p class='ocr_par' dir='ltr' id='par_1_95' title="bbox 421 4898 1996 4977">
     <span class='ocr_line' id='line_1_95' title="bbox 421 4898 1996 4977; baseline 0.008 -26"><span class='ocrx_word' id='word_1_741' title='bbox 421 4898 508 4952; x_wconf 89' lang='lat' dir='ltr'><strong>ubi</strong></span> <span class='ocrx_word' id='word_1_742' title='bbox 551 4915 649 4955; x_wconf 92' lang='lat' dir='ltr'><strong>nos</strong></span> <span class='ocrx_word' id='word_1_743' title='bbox 681 4901 960 4968; x_wconf 87' lang='lat' dir='ltr'><strong>habemus,</strong></span> <span class='ocrx_word' id='word_1_744' title='bbox 997 4921 1018 4955; x_wconf 83' lang='grc'><em>‹</em></span> <span class='ocrx_word' id='word_1_745' title='bbox 1054 4907 1224 4962; x_wconf 86' lang='lat' dir='ltr'><strong>sancti</strong></span> <span class='ocrx_word' id='word_1_746' title='bbox 1255 4915 1452 4971; x_wconf 90' lang='lat' dir='ltr'><strong>estote,</strong></span> <span class='ocrx_word' id='word_1_747' title='bbox 1492 4924 1511 4956; x_wconf 85' lang='grc'><strong>›</strong></span> <span class='ocrx_word' id='word_1_748' title='bbox 1549 4907 1651 4962; x_wconf 90' lang='lat' dir='ltr'><strong>hoc</strong></span> <span class='ocrx_word' id='word_1_749' title='bbox 1689 4908 1861 4977; x_wconf 85' lang='lat' dir='ltr'><strong>magis</strong></span> <span class='ocrx_word' id='word_1_750' title='bbox 1907 4923 1996 4963; x_wconf 84' lang='lat' dir='ltr'><strong>so-</strong></span> 
     </span>
    </p>
   </div>
   <div class='ocr_carea' id='block_1_96' title="bbox 2101 4639 3683 4708">
    <p class='ocr_par' dir='ltr' id='par_1_96' title="bbox 2101 4639 3683 4708">
     <span class='ocr_line' id='line_1_96' title="bbox 2101 4639 3683 4708; baseline 0.001 -14"><span class='ocrx_word' id='word_1_751' title='bbox 2101 4640 2365 4695; x_wconf 89' lang='lat' dir='ltr'><strong>bonorum</strong></span> <span class='ocrx_word' id='word_1_752' title='bbox 2400 4653 2648 4693; x_wconf 88' lang='lat' dir='ltr'><strong>meorum</strong></span> <span class='ocrx_word' id='word_1_753' title='bbox 2674 4653 2798 4694; x_wconf 88' lang='lat' dir='ltr'><strong>cum</strong></span> <span class='ocrx_word' id='word_1_754' title='bbox 2827 4639 3024 4708; x_wconf 86' lang='lat' dir='ltr'><strong>gaudio</strong></span> <span class='ocrx_word' id='word_1_755' title='bbox 3067 4640 3365 4694; x_wconf 86' lang='lat' dir='ltr'><strong>sustineam</strong></span> <span class='ocrx_word' id='word_1_756' title='bbox 3395 4640 3462 4706; x_wconf 78' lang='grc'>⁸⁸,</span> <span class='ocrx_word' id='word_1_757' title='bbox 3492 4649 3547 4696; x_wconf 92' lang='lat' dir='ltr'><strong>ct</strong></span> <span class='ocrx_word' id='word_1_758' title='bbox 3584 4641 3683 4695; x_wconf 90' lang='lat' dir='ltr'><strong>tri-</strong></span> 
     </span>
    </p>
   </div>
   <div class='ocr_carea' id='block_1_97' title="bbox 2101 4731 3684 4804">
    <p class='ocr_par' dir='ltr' id='par_1_97' title="bbox 2101 4731 3684 4804">
     <span class='ocr_line' id='line_1_97' title="bbox 2101 4731 3684 4804; baseline 0.001 -18"><span class='ocrx_word' id='word_1_759' title='bbox 2101 4731 2430 4798; x_wconf 83' lang='lat' dir='ltr'><strong>buiatioues,</strong></span> <span class='ocrx_word' id='word_1_760' title='bbox 2457 4732 2500 4787; x_wconf 91' lang='lat' dir='ltr'><strong>si</strong></span> <span class='ocrx_word' id='word_1_761' title='bbox 2529 4742 2930 4802; x_wconf 85' lang='lat' dir='ltr'><strong>paupertatem,</strong></span> <span class='ocrx_word' id='word_1_762' title='bbox 2961 4735 3005 4789; x_wconf 89' lang='lat' dir='ltr'><strong>si</strong></span> <span class='ocrx_word' id='word_1_763' title='bbox 3035 4733 3468 4804; x_wconf 89' lang='lat' dir='ltr'><strong>qualemcunque</strong></span> <span class='ocrx_word' id='word_1_764' title='bbox 3489 4744 3684 4789; x_wconf 90' lang='lat' dir='ltr'><strong>contu-</strong></span> 
     </span>
    </p>
   </div>
   <div class='ocr_carea' id='block_1_98' title="bbox 2103 4824 3683 4895">
    <p class='ocr_par' dir='ltr' id='par_1_98' title="bbox 2103 4824 3683 4895">
     <span class='ocr_line' id='line_1_98' title="bbox 2103 4824 3683 4895; baseline 0.001 -19"><span class='ocrx_word' id='word_1_765' title='bbox 2103 4825 2318 4878; x_wconf 89' lang='lat' dir='ltr'><strong>meliam</strong></span> <span class='ocrx_word' id='word_1_766' title='bbox 2352 4827 2594 4895; x_wconf 81' lang='lat' dir='ltr'><strong>gaudens</strong></span> <span class='ocrx_word' id='word_1_767' title='bbox 2639 4825 2884 4890; x_wconf 91' lang='lat' dir='ltr'><strong>tolerem,</strong></span> <span class='ocrx_word' id='word_1_768' title='bbox 2917 4833 3006 4880; x_wconf 87' lang='lat' dir='ltr'><strong>est</strong></span> <span class='ocrx_word' id='word_1_769' title='bbox 3047 4824 3177 4879; x_wconf 84' lang='lat' dir='ltr'><strong>mihi</strong></span> <span class='ocrx_word' id='word_1_770' title='bbox 3212 4833 3268 4878; x_wconf 85' lang='lat' dir='ltr'><strong>et</strong></span> <span class='ocrx_word' id='word_1_771' title='bbox 3299 4824 3401 4879; x_wconf 87' lang='lat' dir='ltr'><strong>iste</strong></span> <span class='ocrx_word' id='word_1_772' title='bbox 3443 4827 3683 4879; x_wconf 86' lang='lat' dir='ltr'><strong>secundo</strong></span> 
     </span>
    </p>
   </div>
   <div class='ocr_carea' id='block_1_99' title="bbox 2102 4915 3678 4988">
    <p class='ocr_par' dir='ltr' id='par_1_99' title="bbox 2102 4915 3678 4988">
     <span class='ocr_line' id='line_1_99' title="bbox 2102 4915 3678 4988; baseline 0.001 -18"><span class='ocrx_word' id='word_1_773' title='bbox 2102 4917 2154 4970; x_wconf 92' lang='lat' dir='ltr'><strong>in</strong></span> <span class='ocrx_word' id='word_1_774' title='bbox 2192 4917 2314 4972; x_wconf 89' lang='lat' dir='ltr'><strong>loco</strong></span> <span class='ocrx_word' id='word_1_775' title='bbox 2347 4933 2414 4972; x_wconf 81' lang='lat' dir='ltr'><strong>ex</strong></span> <span class='ocrx_word' id='word_1_776' title='bbox 2449 4917 2714 4973; x_wconf 84' lang='lat' dir='ltr'><strong>fructibus</strong></span> <span class='ocrx_word' id='word_1_777' title='bbox 2766 4917 3011 4988; x_wconf 88' lang='lat' dir='ltr'><strong>spiritus,</strong></span> <span class='ocrx_word' id='word_1_778' title='bbox 3050 4916 3256 4972; x_wconf 82' lang='lat' dir='ltr'><strong>fructus</strong></span> <span class='ocrx_word' id='word_1_779' title='bbox 3304 4917 3512 4986; x_wconf 85' lang='lat' dir='ltr'><strong>gaudii.</strong></span> <span class='ocrx_word' id='word_1_780' title='bbox 3544 4915 3678 4971; x_wconf 81' lang='lat' dir='ltr'><strong>Nam</strong></span> 
     </span>
    </p>
   </div>
   <div class='ocr_carea' id='block_1_100' title="bbox 423 4992 1990 5079">
    <p class='ocr_par' dir='ltr' id='par_1_100' title="bbox 423 4992 1990 5068">
     <span class='ocr_line' id='line_1_100' title="bbox 423 4992 1990 5068; baseline 0.01 -29"><span class='ocrx_word' id='word_1_781' title='bbox 423 4996 536 5052; x_wconf 87' lang='lat' dir='ltr'><strong>nat,</strong></span> <span class='ocrx_word' id='word_1_782' title='bbox 578 5007 596 5041; x_wconf 85' lang='grc' dir='ltr'>ι</span> <span class='ocrx_word' id='word_1_783' title='bbox 633 4992 807 5047; x_wconf 85' lang='lat' dir='ltr'><strong>sancti</strong></span> <span class='ocrx_word' id='word_1_784' title='bbox 843 4992 1139 5050; x_wconf 84' lang='lat' dir='ltr'><strong>eﬁicimiui.</strong></span> <span class='ocrx_word' id='word_1_785' title='bbox 1181 5014 1200 5046; x_wconf 81' lang='grc'>›</span> <span class='ocrx_word' id='word_1_786' title='bbox 1231 4994 1340 5052; x_wconf 88' lang='lat' dir='ltr'><strong>Sed</strong></span> <span class='ocrx_word' id='word_1_787' title='bbox 1368 4998 1536 5054; x_wconf 87' lang='lat' dir='ltr'><strong>nostri</strong></span> <span class='ocrx_word' id='word_1_788' title='bbox 1569 5000 1892 5068; x_wconf 87' lang='lat' dir='ltr'><strong>interpretes</strong></span> <span class='ocrx_word' id='word_1_789' title='bbox 1918 5001 1990 5056; x_wconf 90' lang='lat' dir='ltr'><strong>in-</strong></span> 
     </span>
    </p>
   </div>
   <div class='ocr_carea' id='block_1_101' title="bbox 2097 4992 3682 5079">
    <p class='ocr_par' dir='ltr' id='par_1_101' title="bbox 2097 5009 3682 5079">
     <span class='ocr_line' id='line_1_101' title="bbox 2097 5009 3682 5079; baseline -0.001 -15"><span class='ocrx_word' id='word_1_790' title='bbox 2097 5010 2141 5064; x_wconf 87' lang='lat' dir='ltr'><strong>si</strong></span> <span class='ocrx_word' id='word_1_791' title='bbox 2173 5009 2436 5079; x_wconf 86' lang='lat' dir='ltr'><strong>gaudeam</strong></span> <span class='ocrx_word' id='word_1_792' title='bbox 2467 5009 2535 5063; x_wconf 92' lang='lat' dir='ltr'><strong>de</strong></span> <span class='ocrx_word' id='word_1_793' title='bbox 2569 5009 2728 5064; x_wconf 91' lang='lat' dir='ltr'><strong>rebus</strong></span> <span class='ocrx_word' id='word_1_794' title='bbox 2758 5009 2961 5072; x_wconf 62' lang='lat' dir='ltr'><strong>saeculi,</strong></span> <span class='ocrx_word' id='word_1_795' title='bbox 2991 5009 3059 5064; x_wconf 92' lang='lat' dir='ltr'><strong>de</strong></span> <span class='ocrx_word' id='word_1_796' title='bbox 3092 5009 3412 5075; x_wconf 87' lang='lat' dir='ltr'><strong>honoribus,</strong></span> <span class='ocrx_word' id='word_1_797' title='bbox 3445 5011 3511 5064; x_wconf 89' lang='lat' dir='ltr'><strong>de</strong></span> <span class='ocrx_word' id='word_1_798' title='bbox 3544 5009 3682 5064; x_wconf 86' lang='lat' dir='ltr'><strong>divi-</strong></span> 
     </span>
    </p>
   </div>
   <div class='ocr_carea' id='block_1_102' title="bbox 419 5077 1995 5162">
    <p class='ocr_par' dir='ltr' id='par_1_102' title="bbox 419 5077 1995 5162">
     <span class='ocr_line' id='line_1_102' title="bbox 419 5077 1995 5162; baseline 0.011 -29"><span class='ocrx_word' id='word_1_799' title='bbox 419 5077 755 5149; x_wconf 74' lang='lat' dir='ltr'><strong>diﬁ‘erenter,</strong></span> <span class='ocrx_word' id='word_1_800' title='bbox 797 5103 820 5138; x_wconf 74' lang='grc' dir='ltr'>ί</span> <span class='ocrx_word' id='word_1_801' title='bbox 855 5097 1027 5144; x_wconf 84' lang='lat' dir='ltr'><strong>estote</strong></span> <span class='ocrx_word' id='word_1_802' title='bbox 1059 5109 1078 5140; x_wconf 72' lang='grc' dir='ltr'><strong><em>ι</em></strong></span> <span class='ocrx_word' id='word_1_803' title='bbox 1113 5104 1212 5158; x_wconf 89' lang='lat' dir='ltr'><strong>pro</strong></span> <span class='ocrx_word' id='word_1_804' title='bbox 1256 5108 1274 5142; x_wconf 74' lang='grc' dir='ltr'>ι</span> <span class='ocrx_word' id='word_1_805' title='bbox 1316 5089 1594 5146; x_wconf 81' lang='lat' dir='ltr'><strong>eilicimini</strong></span> <span class='ocrx_word' id='word_1_806' title='bbox 1633 5111 1650 5144; x_wconf 74' lang='grc' dir='ltr'><strong><em>ι</em></strong></span> <span class='ocrx_word' id='word_1_807' title='bbox 1681 5105 1995 5162; x_wconf 88' lang='lat' dir='ltr'><strong>posuerunt.</strong></span> 
     </span>
    </p>
   </div>
   <div class='ocr_carea' id='block_1_103' title="bbox 427 5169 2002 5250">
    <p class='ocr_par' dir='ltr' id='par_1_103' title="bbox 427 5169 2002 5250">
     <span class='ocr_line' id='line_1_103' title="bbox 427 5169 2002 5250; baseline 0.011 -24"><span class='ocrx_word' id='word_1_808' title='bbox 427 5169 810 5246; x_wconf 85' lang='lat' dir='ltr'><strong>Unusquisque</strong></span> <span class='ocrx_word' id='word_1_809' title='bbox 831 5194 960 5248; x_wconf 85' lang='lat' dir='ltr'><strong>ergo</strong></span> <span class='ocrx_word' id='word_1_810' title='bbox 987 5192 1232 5240; x_wconf 86' lang='lat' dir='ltr'><strong>nostrum</strong></span> <span class='ocrx_word' id='word_1_811' title='bbox 1261 5198 1326 5238; x_wconf 81' lang='lat' dir='ltr'><strong>ex</strong></span> <span class='ocrx_word' id='word_1_812' title='bbox 1362 5197 1469 5250; x_wconf 89' lang='lat' dir='ltr'><strong>quo</strong></span> <span class='ocrx_word' id='word_1_813' title='bbox 1503 5183 1716 5238; x_wconf 90' lang='lat' dir='ltr'><strong>accedit</strong></span> <span class='ocrx_word' id='word_1_814' title='bbox 1748 5185 1813 5238; x_wconf 88' lang='lat' dir='ltr'><strong>ad</strong></span> <span class='ocrx_word' id='word_1_815' title='bbox 1845 5185 2002 5242; x_wconf 86' lang='lat' dir='ltr'><strong>timo-</strong></span> 
     </span>
    </p>
   </div>
   <div class='ocr_carea' id='block_1_104' title="bbox 426 5263 1999 5344">
    <p class='ocr_par' dir='ltr' id='par_1_104' title="bbox 426 5263 1999 5344">
     <span class='ocr_line' id='line_1_104' title="bbox 426 5263 1999 5344; baseline 0.011 -31"><span class='ocrx_word' id='word_1_816' title='bbox 426 5275 537 5317; x_wconf 89' lang='lat' dir='ltr'><strong>rem</strong></span> <span class='ocrx_word' id='word_1_817' title='bbox 577 5263 690 5328; x_wconf 92' lang='lat' dir='ltr'><strong>Dei,</strong></span> <span class='ocrx_word' id='word_1_818' title='bbox 716 5276 772 5322; x_wconf 58' lang='grc' dir='ltr'>αι</span> <span class='ocrx_word' id='word_1_819' title='bbox 796 5267 1034 5325; x_wconf 78' lang='lat' dir='ltr'><strong>divinam</strong></span> <span class='ocrx_word' id='word_1_820' title='bbox 1064 5273 1252 5342; x_wconf 83' lang='lat' dir='ltr'><strong>recipit</strong></span> <span class='ocrx_word' id='word_1_821' title='bbox 1278 5273 1330 5326; x_wconf 91' lang='lat' dir='ltr'><strong>in</strong></span> <span class='ocrx_word' id='word_1_822' title='bbox 1357 5286 1416 5330; x_wconf 82' lang='lat' dir='ltr'><strong>se</strong></span> <span class='ocrx_word' id='word_1_823' title='bbox 1441 5272 1771 5337; x_wconf 85' lang='lat' dir='ltr'><strong>doctrinam,</strong></span> <span class='ocrx_word' id='word_1_824' title='bbox 1804 5290 1868 5330; x_wconf 81' lang='lat' dir='ltr'><strong>ex</strong></span> <span class='ocrx_word' id='word_1_825' title='bbox 1891 5291 1999 5344; x_wconf 88' lang='lat' dir='ltr'><strong>quo</strong></span> 
     </span>
    </p>
   </div>
   <div class='ocr_carea' id='block_1_105' title="bbox 425 5356 1996 5440">
    <p class='ocr_par' dir='ltr' id='par_1_105' title="bbox 425 5356 1996 5440">
     <span class='ocr_line' id='line_1_105' title="bbox 425 5356 1996 5440; baseline 0.012 -34"><span class='ocrx_word' id='word_1_826' title='bbox 425 5366 485 5407; x_wconf 86' lang='lat' dir='ltr'><strong>se</strong></span> <span class='ocrx_word' id='word_1_827' title='bbox 511 5356 840 5427; x_wconf 80' lang='lat' dir='ltr'><strong>ntancipavit</strong></span> <span class='ocrx_word' id='word_1_828' title='bbox 874 5360 1004 5427; x_wconf 79' lang='lat' dir='ltr'><strong>Deo,</strong></span> <span class='ocrx_word' id='word_1_829' title='bbox 1039 5363 1088 5418; x_wconf 89' lang='lat' dir='ltr'><strong>si</strong></span> <span class='ocrx_word' id='word_1_830' title='bbox 1111 5373 1290 5421; x_wconf 85' lang='lat' dir='ltr'><strong>tamen</strong></span> <span class='ocrx_word' id='word_1_831' title='bbox 1323 5379 1386 5419; x_wconf 77' lang='lat' dir='ltr'><strong>ex</strong></span> <span class='ocrx_word' id='word_1_832' title='bbox 1412 5369 1608 5440; x_wconf 87' lang='lat' dir='ltr'><strong>_animo</strong></span> <span class='ocrx_word' id='word_1_833' title='bbox 1648 5369 1996 5438; x_wconf 80' lang='lat' dir='ltr'><strong>inancipavit,</strong></span> 
     </span>
    </p>
   </div>
   <div class='ocr_carea' id='block_1_106' title="bbox 424 5451 1998 5518">
    <p class='ocr_par' dir='ltr' id='par_1_106' title="bbox 424 5451 1998 5518">
     <span class='ocr_line' id='line_1_106' title="bbox 424 5451 1998 5518; baseline 0.01 -16"><span class='ocrx_word' id='word_1_834' title='bbox 424 5460 492 5502; x_wconf 72' lang='lat' dir='ltr'><strong>ex</strong></span> <span class='ocrx_word' id='word_1_835' title='bbox 523 5457 835 5509; x_wconf 82' lang='lat' dir='ltr'><strong>eosanctns</strong></span> <span class='ocrx_word' id='word_1_836' title='bbox 865 5451 1116 5515; x_wconf 73' lang='lat' dir='ltr'><strong>elﬁcitur.</strong></span> <span class='ocrx_word' id='word_1_837' title='bbox 1154 5459 1262 5514; x_wconf 81' lang='lat' dir='ltr'><strong>Sed</strong></span> <span class='ocrx_word' id='word_1_838' title='bbox 1311 5461 1398 5516; x_wconf 86' lang='lat' dir='ltr'><strong>hic</strong></span> <span class='ocrx_word' id='word_1_839' title='bbox 1449 5460 1822 5518; x_wconf 84' lang='lat' dir='ltr'><strong>sanctiﬁcatus</strong></span> <span class='ocrx_word' id='word_1_840' title='bbox 1869 5477 1998 5516; x_wconf 56' lang='lat' dir='ltr'><strong>san-</strong></span> 
     </span>
    </p>
   </div>
   <div class='ocr_carea' id='block_1_107' title="bbox 496 5604 2315 5680">
    <p class='ocr_par' dir='ltr' id='par_1_107' title="bbox 496 5604 2315 5680">
     <span class='ocr_line' id='line_1_107' title="bbox 496 5604 2315 5680; baseline 0.013 -23"><span class='ocrx_word' id='word_1_841' title='bbox 496 5605 550 5680; x_wconf 53' lang='lat'><strong>‘1</strong></span> <span class='ocrx_word' id='word_1_842' title='bbox 571 5604 726 5680; x_wconf 71' lang='lat' dir='ltr'><strong>Num.</strong></span> <span class='ocrx_word' id='word_1_843' title='bbox 753 5624 906 5676; x_wconf 82' lang='lat' dir='ltr'><strong>xvnt,</strong></span> <span class='ocrx_word' id='word_1_844' title='bbox 930 5609 985 5666; x_wconf 87' lang='lat'><strong>8.</strong></span> <span class='ocrx_word' id='word_1_845' title='bbox 1063 5611 1106 5644; x_wconf 85' lang='grc'>⁸¹</span> <span class='ocrx_word' id='word_1_846' title='bbox 1137 5612 1175 5668; x_wconf 95' lang='lat' dir='ltr'><strong>Il</strong></span> <span class='ocrx_word' id='word_1_847' title='bbox 1211 5613 1338 5669; x_wconf 87' lang='lat' dir='ltr'><strong>Cor.</strong></span> <span class='ocrx_word' id='word_1_848' title='bbox 1371 5631 1444 5680; x_wconf 90' lang='lat' dir='ltr'><strong>tv,</strong></span> <span class='ocrx_word' id='word_1_849' title='bbox 1475 5617 1562 5672; x_wconf 78' lang='lat' dir='ltr'><strong>i8.</strong></span> <span class='ocrx_word' id='word_1_850' title='bbox 1638 5616 1723 5676; x_wconf 77' lang='lat' dir='ltr'><strong>&quot;l</strong></span> <span class='ocrx_word' id='word_1_851' title='bbox 1753 5617 1877 5674; x_wconf 91' lang='lat' dir='ltr'><strong>Cor.</strong></span> <span class='ocrx_word' id='word_1_852' title='bbox 1908 5635 1940 5674; x_wconf 87' lang='lat' dir='ltr'><strong>v</strong></span> <span class='ocrx_word' id='word_1_853' title='bbox 1973 5632 2025 5679; x_wconf 89' lang='lat' dir='ltr'><strong>et</strong></span> <span class='ocrx_word' id='word_1_854' title='bbox 2066 5623 2222 5680; x_wconf 78' lang='lat' dir='ltr'><strong>Rom.</strong></span> <span class='ocrx_word' id='word_1_855' title='bbox 2257 5642 2315 5680; x_wconf 89' lang='lat' dir='ltr'><strong>tt.</strong></span> 
     </span>
    </p>
   </div>
   <div class='ocr_carea' id='block_1_108' title="bbox 444 5673 1992 5753">
    <p class='ocr_par' dir='ltr' id='par_1_108' title="bbox 444 5673 1992 5753">
     <span class='ocr_line' id='line_1_108' title="bbox 444 5673 1992 5753; baseline 0.017 -31"><span class='ocrx_word' id='word_1_856' title='bbox 444 5674 489 5705; x_wconf 57' lang='lat'><strong>*5</strong></span> <span class='ocrx_word' id='word_1_857' title='bbox 509 5673 860 5747; x_wconf 51' lang='lat' dir='ltr'><strong>Hebr-41,11.</strong></span> <span class='ocrx_word' id='word_1_858' title='bbox 892 5673 1138 5753; x_wconf 45' lang='lat' dir='ltr'><strong>“ﬁ&#39;loan.</strong></span> <span class='ocrx_word' id='word_1_859' title='bbox 1159 5686 1317 5751; x_wconf 65' lang='lat'><strong>3,56.</strong></span> <span class='ocrx_word' id='word_1_860' title='bbox 1431 5673 1501 5718; x_wconf 68' lang='grc'><strong>’⁸⁷</strong></span> <span class='ocrx_word' id='word_1_861' title='bbox 1526 5686 1683 5742; x_wconf 84' lang='lat' dir='ltr'><strong>Joau.</strong></span> <span class='ocrx_word' id='word_1_862' title='bbox 1707 5673 1864 5749; x_wconf 23' lang='grc' dir='ltr'><strong>τινιι.</strong></span> <span class='ocrx_word' id='word_1_863' title='bbox 1910 5673 1992 5748; x_wconf 68' lang='lat'><strong>19.</strong></span> 
     </span>
    </p>
   </div>
   <div class='ocr_carea' id='block_1_109' title="bbox 498 5787 1994 5868">
    <p class='ocr_par' dir='ltr' id='par_1_109' title="bbox 498 5787 1994 5868">
     <span class='ocr_line' id='line_1_109' title="bbox 498 5787 1994 5868; baseline 0.007 -21"><span class='ocrx_word' id='word_1_864' title='bbox 498 5787 607 5860; x_wconf 72' lang='lat'><strong>(24)</strong></span> <span class='ocrx_word' id='word_1_865' title='bbox 636 5790 800 5860; x_wconf 86' lang='lat' dir='ltr'><strong>Loco,</strong></span> <span class='ocrx_word' id='word_1_866' title='bbox 833 5813 850 5846; x_wconf 86' lang='grc'><strong>‹</strong></span> <span class='ocrx_word' id='word_1_867' title='bbox 893 5796 1081 5864; x_wconf 85' lang='lat' dir='ltr'><strong>apicis,</strong></span> <span class='ocrx_word' id='word_1_868' title='bbox 1123 5819 1141 5850; x_wconf 74' lang='grc' dir='ltr'><strong><em>ι</em></strong></span> <span class='ocrx_word' id='word_1_869' title='bbox 1183 5796 1236 5854; x_wconf 94' lang='lat' dir='ltr'><strong>in</strong></span> <span class='ocrx_word' id='word_1_870' title='bbox 1285 5813 1413 5854; x_wconf 87' lang='lat' dir='ltr'><strong>mss.</strong></span> <span class='ocrx_word' id='word_1_871' title='bbox 1461 5798 1676 5868; x_wconf 68' lang='lat' dir='ltr'><strong>legitur,</strong></span> <span class='ocrx_word' id='word_1_872' title='bbox 1715 5820 1732 5853; x_wconf 72' lang='grc' dir='ltr'>ι</span> <span class='ocrx_word' id='word_1_873' title='bbox 1770 5803 1934 5860; x_wconf 90' lang='lat' dir='ltr'><strong>modi.</strong></span> <span class='ocrx_word' id='word_1_874' title='bbox 1975 5823 1994 5858; x_wconf 69' lang='grc' dir='ltr'><strong><em>ι</em></strong></span> 
     </span>
    </p>
   </div>
   <div class='ocr_carea' id='block_1_110' title="bbox 2101 5101 3683 5171">
    <p class='ocr_par' dir='ltr' id='par_1_110' title="bbox 2101 5101 3683 5171">
     <span class='ocr_line' id='line_1_110' title="bbox 2101 5101 3683 5171; baseline 0.003 -17"><span class='ocrx_word' id='word_1_875' title='bbox 2101 5103 2211 5165; x_wconf 89' lang='lat' dir='ltr'><strong>tiis,</strong></span> <span class='ocrx_word' id='word_1_876' title='bbox 2244 5101 2378 5157; x_wconf 81' lang='lat' dir='ltr'><strong>falsa</strong></span> <span class='ocrx_word' id='word_1_877' title='bbox 2428 5109 2553 5157; x_wconf 89' lang='lat' dir='ltr'><strong>sunt</strong></span> <span class='ocrx_word' id='word_1_878' title='bbox 2598 5101 2812 5171; x_wconf 87' lang='lat' dir='ltr'><strong>gaudia,</strong></span> <span class='ocrx_word' id='word_1_879' title='bbox 2861 5116 2929 5157; x_wconf 79' lang='lat' dir='ltr'><strong>ex</strong></span> <span class='ocrx_word' id='word_1_880' title='bbox 2973 5103 3304 5159; x_wconf 88' lang='lat' dir='ltr'><strong>vanitatibus</strong></span> <span class='ocrx_word' id='word_1_881' title='bbox 3359 5103 3683 5159; x_wconf 89' lang='lat' dir='ltr'><strong>vanitatum.</strong></span> 
     </span>
    </p>
   </div>
   <div class='ocr_carea' id='block_1_111' title="bbox 2107 5193 3681 5263">
    <p class='ocr_par' dir='ltr' id='par_1_111' title="bbox 2107 5193 3681 5263">
     <span class='ocr_line' id='line_1_111' title="bbox 2107 5193 3681 5263; baseline -0.001 -15"><span class='ocrx_word' id='word_1_882' title='bbox 2107 5193 2164 5248; x_wconf 93' lang='lat' dir='ltr'><strong>Si</strong></span> <span class='ocrx_word' id='word_1_883' title='bbox 2200 5209 2326 5249; x_wconf 87' lang='lat' dir='ltr'><strong>vero</strong></span> <span class='ocrx_word' id='word_1_884' title='bbox 2363 5195 2414 5248; x_wconf 91' lang='lat' dir='ltr'><strong>in</strong></span> <span class='ocrx_word' id='word_1_885' title='bbox 2449 5195 2604 5249; x_wconf 89' lang='lat' dir='ltr'><strong>malis</strong></span> <span class='ocrx_word' id='word_1_886' title='bbox 2634 5196 2919 5263; x_wconf 84' lang='lat' dir='ltr'><strong>gaudeam,</strong></span> <span class='ocrx_word' id='word_1_887' title='bbox 2947 5206 3004 5252; x_wconf 92' lang='lat' dir='ltr'><strong>et</strong></span> <span class='ocrx_word' id='word_1_888' title='bbox 3040 5198 3306 5252; x_wconf 81' lang='lat' dir='ltr'><strong>exsultem</strong></span> <span class='ocrx_word' id='word_1_889' title='bbox 3349 5196 3416 5251; x_wconf 93' lang='lat' dir='ltr'><strong>de</strong></span> <span class='ocrx_word' id='word_1_890' title='bbox 3452 5195 3681 5256; x_wconf 86' lang='lat' dir='ltr'><strong>aliorum</strong></span> 
     </span>
    </p>
   </div>
   <div class='ocr_carea' id='block_1_112' title="bbox 2108 5271 3680 5357">
    <p class='ocr_par' dir='ltr' id='par_1_112' title="bbox 2108 5271 3680 5357">
     <span class='ocr_line' id='line_1_112' title="bbox 2108 5271 3680 5357; baseline 0.001 -19"><span class='ocrx_word' id='word_1_891' title='bbox 2108 5287 2300 5348; x_wconf 87' lang='lat' dir='ltr'><strong>ruinis.</strong></span> <span class='ocrx_word' id='word_1_892' title='bbox 2337 5287 2436 5341; x_wconf 91' lang='lat' dir='ltr'><strong>ista</strong></span> <span class='ocrx_word' id='word_1_893' title='bbox 2467 5287 2577 5357; x_wconf 89' lang='lat' dir='ltr'><strong>jam</strong></span> <span class='ocrx_word' id='word_1_894' title='bbox 2618 5303 2723 5342; x_wconf 91' lang='lat' dir='ltr'><strong>non</strong></span> <span class='ocrx_word' id='word_1_895' title='bbox 2769 5271 2943 5344; x_wconf 88' lang='lat' dir='ltr'><strong>solum</strong></span> <span class='ocrx_word' id='word_1_896' title='bbox 2995 5306 3155 5356; x_wconf 89' lang='lat' dir='ltr'><strong>vana,</strong></span> <span class='ocrx_word' id='word_1_897' title='bbox 3204 5292 3295 5346; x_wconf 90' lang='lat' dir='ltr'><strong>sed</strong></span> <span class='ocrx_word' id='word_1_898' title='bbox 3328 5300 3384 5344; x_wconf 91' lang='lat' dir='ltr'><strong>et</strong></span> <span class='ocrx_word' id='word_1_899' title='bbox 3415 5287 3680 5344; x_wconf 86' lang='lat' dir='ltr'><strong>diabolica</strong></span> 
     </span>
    </p>
   </div>
   <div class='ocr_carea' id='block_1_113' title="bbox 2106 5378 3684 5451">
    <p class='ocr_par' dir='ltr' id='par_1_113' title="bbox 2106 5378 3684 5451">
     <span class='ocr_line' id='line_1_113' title="bbox 2106 5378 3684 5451; baseline 0.001 -21"><span class='ocrx_word' id='word_1_900' title='bbox 2106 5378 2322 5447; x_wconf 86' lang='lat' dir='ltr'><strong>gaudia,</strong></span> <span class='ocrx_word' id='word_1_901' title='bbox 2351 5379 2459 5432; x_wconf 94' lang='lat' dir='ltr'><strong>imo</strong></span> <span class='ocrx_word' id='word_1_902' title='bbox 2487 5394 2585 5434; x_wconf 91' lang='lat' dir='ltr'><strong>nec</strong></span> <span class='ocrx_word' id='word_1_903' title='bbox 2614 5382 2810 5451; x_wconf 89' lang='lat' dir='ltr'><strong>gaudia</strong></span> <span class='ocrx_word' id='word_1_904' title='bbox 2851 5379 3178 5441; x_wconf 81' lang='lat' dir='ltr'><strong>nominanda</strong></span> <span class='ocrx_word' id='word_1_905' title='bbox 3215 5392 3356 5438; x_wconf 89' lang='lat' dir='ltr'><strong>sunt.</strong></span> <span class='ocrx_word' id='word_1_906' title='bbox 3391 5399 3411 5433; x_wconf 84' lang='grc'><strong>‹</strong></span> <span class='ocrx_word' id='word_1_907' title='bbox 3453 5380 3567 5434; x_wconf 86' lang='lat' dir='ltr'><strong>Non</strong></span> <span class='ocrx_word' id='word_1_908' title='bbox 3599 5389 3684 5433; x_wconf 84' lang='lat' dir='ltr'><strong>est</strong></span> 
     </span>
    </p>
   </div>
   <div class='ocr_carea' id='block_1_114' title="bbox 2105 5469 3685 5540">
    <p class='ocr_par' dir='ltr' id='par_1_114' title="bbox 2105 5469 3685 5540">
     <span class='ocr_line' id='line_1_114' title="bbox 2105 5469 3685 5540; baseline 0.005 -18"><span class='ocrx_word' id='word_1_909' title='bbox 2105 5469 2342 5539; x_wconf 74' lang='lat' dir='ltr'><strong>gaudere</strong></span> <span class='ocrx_word' id='word_1_910' title='bbox 2374 5471 2574 5540; x_wconf 90' lang='lat' dir='ltr'><strong>impiis,</strong></span> <span class='ocrx_word' id='word_1_911' title='bbox 2605 5472 2742 5528; x_wconf 89' lang='lat' dir='ltr'><strong>dicit</strong></span> <span class='ocrx_word' id='word_1_912' title='bbox 2784 5473 3047 5530; x_wconf 89' lang='lat' dir='ltr'><strong>Dominus</strong></span> <span class='ocrx_word' id='word_1_913' title='bbox 3077 5476 3143 5530; x_wconf 81' lang='lat'><strong>&#39;°.</strong></span> <span class='ocrx_word' id='word_1_914' title='bbox 3182 5494 3200 5526; x_wconf 76' lang='grc' dir='ltr'><strong><em>ι</em></strong></span> <span class='ocrx_word' id='word_1_915' title='bbox 3241 5474 3370 5529; x_wconf 81' lang='lat' dir='ltr'><strong>Vol.0</strong></span> <span class='ocrx_word' id='word_1_916' title='bbox 3419 5475 3594 5532; x_wconf 87' lang='lat' dir='ltr'><strong>adhuc</strong></span> <span class='ocrx_word' id='word_1_917' title='bbox 3628 5487 3685 5530; x_wconf 88' lang='lat' dir='ltr'><strong>et</strong></span> 
     </span>
    </p>
   </div>
   <div class='ocr_carea' id='block_1_115' title="bbox 2393 5623 3677 5691">
    <p class='ocr_par' dir='ltr' id='par_1_115' title="bbox 2393 5623 3677 5691">
     <span class='ocr_line' id='line_1_115' title="bbox 2393 5623 3677 5691; baseline -0.004 -9"><span class='ocrx_word' id='word_1_918' title='bbox 2393 5627 2438 5658; x_wconf 90' lang='grc'><strong>⁸³</strong></span> <span class='ocrx_word' id='word_1_919' title='bbox 2465 5627 2622 5688; x_wconf 87' lang='lat' dir='ltr'><strong>Num.</strong></span> <span class='ocrx_word' id='word_1_920' title='bbox 2653 5629 2884 5690; x_wconf 81' lang='lat' dir='ltr'><strong>xvttt.9.</strong></span> <span class='ocrx_word' id='word_1_921' title='bbox 3014 5628 3058 5658; x_wconf 85' lang='grc'><strong>⁸⁸</strong></span> <span class='ocrx_word' id='word_1_922' title='bbox 3090 5623 3256 5680; x_wconf 88' lang='lat' dir='ltr'><strong>Levit.</strong></span> <span class='ocrx_word' id='word_1_923' title='bbox 3299 5639 3392 5691; x_wconf 80' lang='lat' dir='ltr'><strong>xx,</strong></span> <span class='ocrx_word' id='word_1_924' title='bbox 3429 5625 3458 5676; x_wconf 89' lang='lat'><strong>7</strong></span> <span class='ocrx_word' id='word_1_925' title='bbox 3497 5631 3550 5679; x_wconf 86' lang='lat' dir='ltr'><strong>et</strong></span> <span class='ocrx_word' id='word_1_926' title='bbox 3587 5623 3677 5678; x_wconf 71' lang='grc'><strong>26.</strong></span> 
     </span>
    </p>
   </div>
   <div class='ocr_carea' id='block_1_116' title="bbox 2074 5695 3678 5781">
    <p class='ocr_par' dir='ltr' id='par_1_116' title="bbox 2074 5695 3678 5781">
     <span class='ocr_line' id='line_1_116' title="bbox 2074 5695 3678 5781; baseline 0.002 -30"><span class='ocrx_word' id='word_1_927' title='bbox 2074 5695 2318 5753; x_wconf 68' lang='lat' dir='ltr'><strong>“Galat.</strong></span> <span class='ocrx_word' id='word_1_928' title='bbox 2375 5713 2426 5764; x_wconf 87' lang='lat' dir='ltr'><strong>v,</strong></span> <span class='ocrx_word' id='word_1_929' title='bbox 2467 5699 2556 5753; x_wconf 68' lang='lat'><strong>2’2.</strong></span> <span class='ocrx_word' id='word_1_930' title='bbox 2634 5700 2678 5731; x_wconf 73' lang='grc'>⁸³</span> <span class='ocrx_word' id='word_1_931' title='bbox 2717 5700 2874 5754; x_wconf 84' lang='lat' dir='ltr'><strong>Hebr.</strong></span> <span class='ocrx_word' id='word_1_932' title='bbox 2924 5713 2977 5761; x_wconf 81' lang='lat' dir='ltr'><strong>x,</strong></span> <span class='ocrx_word' id='word_1_933' title='bbox 3013 5696 3101 5750; x_wconf 68' lang='grc'><strong>⁸54.</strong></span> <span class='ocrx_word' id='word_1_934' title='bbox 3156 5696 3223 5781; x_wconf 20' lang='grc' dir='ltr'>τ⁸⁰</span> <span class='ocrx_word' id='word_1_935' title='bbox 3261 5696 3362 5751; x_wconf 81' lang='lat' dir='ltr'><strong>lsa.</strong></span> <span class='ocrx_word' id='word_1_936' title='bbox 3422 5714 3550 5767; x_wconf 73' lang='lat' dir='ltr'><strong>Lvtt,</strong></span> <span class='ocrx_word' id='word_1_937' title='bbox 3589 5699 3678 5754; x_wconf 68' lang='lat' dir='ltr'><strong>2i.</strong></span> 
     </span>
    </p>
   </div>
  </div>
