  <div class='ocr_page' id='page_1' title='image "/cluster/home/n/w/nwhite01/storage/ocr_20150623/12:no.2/coo.31924054873074/341.png"; bbox 0 0 4134 6400; ppageno 0'>
   <div class='ocr_carea' id='block_1_1' title="bbox 404 405 511 459">
    <p class='ocr_par' dir='ltr' id='par_1_1' title="bbox 404 405 511 459">
     <span class='ocr_line' id='line_1_1' title="bbox 404 405 511 459; baseline 0 0"><span class='ocrx_word' id='word_1_1' title='bbox 404 405 511 459; x_wconf 69' lang='lat'><strong>655</strong></span> 
     </span>
    </p>
   </div>
   <div class='ocr_carea' id='block_1_2' title="bbox 404 596 1986 679">
    <p class='ocr_par' dir='ltr' id='par_1_2' title="bbox 404 596 1986 679">
     <span class='ocr_line' id='line_1_2' title="bbox 404 596 1986 679; baseline -0.009 -14"><span class='ocrx_word' id='word_1_2' title='bbox 404 611 585 665; x_wconf 87' lang='lat' dir='ltr'><strong>mitias</strong></span> <span class='ocrx_word' id='word_1_3' title='bbox 618 607 957 679; x_wconf 83' lang='lat' dir='ltr'><strong>gaudiorum.</strong></span> <span class='ocrx_word' id='word_1_4' title='bbox 987 604 1043 658; x_wconf 97' lang='lat' dir='ltr'><strong>Si</strong></span> <span class='ocrx_word' id='word_1_5' title='bbox 1084 604 1348 673; x_wconf 78' lang='lat' dir='ltr'><strong>gaudeam</strong></span> <span class='ocrx_word' id='word_1_6' title='bbox 1391 601 1445 654; x_wconf 81' lang='lat' dir='ltr'><strong>ir.</strong></span> <span class='ocrx_word' id='word_1_7' title='bbox 1474 600 1642 655; x_wconf 88' lang='lat' dir='ltr'><strong>verbo</strong></span> <span class='ocrx_word' id='word_1_8' title='bbox 1670 597 1907 661; x_wconf 83' lang='lat' dir='ltr'><strong>Domini,</strong></span> <span class='ocrx_word' id='word_1_9' title='bbox 1940 596 1986 651; x_wconf 87' lang='lat' dir='ltr'><strong>si</strong></span> 
     </span>
    </p>
   </div>
   <div class='ocr_carea' id='block_1_3' title="bbox 406 687 1986 771">
    <p class='ocr_par' dir='ltr' id='par_1_3' title="bbox 406 687 1986 771">
     <span class='ocr_line' id='line_1_3' title="bbox 406 687 1986 771; baseline -0.009 -16"><span class='ocrx_word' id='word_1_10' title='bbox 406 701 667 771; x_wconf 82' lang='lat' dir='ltr'><strong>gaudeam</strong></span> <span class='ocrx_word' id='word_1_11' title='bbox 703 699 769 753; x_wconf 89' lang='lat' dir='ltr'><strong>de</strong></span> <span class='ocrx_word' id='word_1_12' title='bbox 806 698 1033 752; x_wconf 89' lang='lat' dir='ltr'><strong>scientia</strong></span> <span class='ocrx_word' id='word_1_13' title='bbox 1077 694 1462 765; x_wconf 79' lang='lat' dir='ltr'><strong>mysteriorum</strong></span> <span class='ocrx_word' id='word_1_14' title='bbox 1496 691 1611 756; x_wconf 84' lang='lat' dir='ltr'><strong>Dei,</strong></span> <span class='ocrx_word' id='word_1_15' title='bbox 1648 690 1691 744; x_wconf 91' lang='lat' dir='ltr'><strong>si</strong></span> <span class='ocrx_word' id='word_1_16' title='bbox 1719 687 1986 759; x_wconf 80' lang='lat' dir='ltr'><strong>gaudeam</strong></span> 
     </span>
    </p>
   </div>
   <div class='ocr_carea' id='block_1_4' title="bbox 405 781 1990 864">
    <p class='ocr_par' dir='ltr' id='par_1_4' title="bbox 405 781 1990 864">
     <span class='ocr_line' id='line_1_4' title="bbox 405 781 1990 864; baseline -0.009 -17"><span class='ocrx_word' id='word_1_17' title='bbox 405 793 547 864; x_wconf 87' lang='lat' dir='ltr'><strong>quod</strong></span> <span class='ocrx_word' id='word_1_18' title='bbox 576 792 771 861; x_wconf 91' lang='lat' dir='ltr'><strong>dignus</strong></span> <span class='ocrx_word' id='word_1_19' title='bbox 811 789 1031 843; x_wconf 86' lang='lat' dir='ltr'><strong>habitus</strong></span> <span class='ocrx_word' id='word_1_20' title='bbox 1068 800 1185 840; x_wconf 88' lang='lat' dir='ltr'><strong>sum</strong></span> <span class='ocrx_word' id='word_1_21' title='bbox 1241 783 1520 855; x_wconf 83' lang='lat' dir='ltr'><strong>sapientiae</strong></span> <span class='ocrx_word' id='word_1_22' title='bbox 1562 781 1656 835; x_wconf 87' lang='lat' dir='ltr'><strong>Dei</strong></span> <span class='ocrx_word' id='word_1_23' title='bbox 1698 786 1907 834; x_wconf 90' lang='lat' dir='ltr'><strong>secreta</strong></span> <span class='ocrx_word' id='word_1_24' title='bbox 1935 786 1990 832; x_wconf 90' lang='lat' dir='ltr'><strong>et</strong></span> 
     </span>
    </p>
   </div>
   <div class='ocr_carea' id='block_1_5' title="bbox 406 869 1986 952">
    <p class='ocr_par' dir='ltr' id='par_1_5' title="bbox 406 869 1986 952">
     <span class='ocr_line' id='line_1_5' title="bbox 406 869 1986 952; baseline -0.009 -15"><span class='ocrx_word' id='word_1_25' title='bbox 406 898 602 937; x_wconf 83' lang='lat' dir='ltr'><strong>arcana</strong></span> <span class='ocrx_word' id='word_1_26' title='bbox 638 894 983 952; x_wconf 75' lang='lat' dir='ltr'><strong>cognoscere,</strong></span> <span class='ocrx_word' id='word_1_27' title='bbox 1024 878 1068 931; x_wconf 92' lang='lat' dir='ltr'><strong>si</strong></span> <span class='ocrx_word' id='word_1_28' title='bbox 1100 878 1363 947; x_wconf 82' lang='lat' dir='ltr'><strong>gaudeam</strong></span> <span class='ocrx_word' id='word_1_29' title='bbox 1394 874 1538 944; x_wconf 92' lang='lat' dir='ltr'><strong>quod</strong></span> <span class='ocrx_word' id='word_1_30' title='bbox 1578 872 1783 927; x_wconf 73' lang='lat' dir='ltr'><strong>relictis</strong></span> <span class='ocrx_word' id='word_1_31' title='bbox 1809 869 1986 925; x_wconf 90' lang='lat' dir='ltr'><strong>omni-</strong></span> 
     </span>
    </p>
   </div>
   <div class='ocr_carea' id='block_1_6' title="bbox 408 961 1987 1042">
    <p class='ocr_par' dir='ltr' id='par_1_6' title="bbox 408 961 1987 1042">
     <span class='ocr_line' id='line_1_6' title="bbox 408 961 1987 1042; baseline -0.008 -15"><span class='ocrx_word' id='word_1_32' title='bbox 408 974 509 1029; x_wconf 87' lang='lat' dir='ltr'><strong>bus</strong></span> <span class='ocrx_word' id='word_1_33' title='bbox 538 988 656 1042; x_wconf 71' lang='lat' dir='ltr'><strong>qua:</strong></span> <span class='ocrx_word' id='word_1_34' title='bbox 693 979 819 1026; x_wconf 92' lang='lat' dir='ltr'><strong>sunt</strong></span> <span class='ocrx_word' id='word_1_35' title='bbox 851 970 904 1023; x_wconf 93' lang='lat' dir='ltr'><strong>in</strong></span> <span class='ocrx_word' id='word_1_36' title='bbox 936 970 1035 1023; x_wconf 91' lang='lat' dir='ltr'><strong>hoc</strong></span> <span class='ocrx_word' id='word_1_37' title='bbox 1066 967 1289 1033; x_wconf 89' lang='lat' dir='ltr'><strong>mundo,</strong></span> <span class='ocrx_word' id='word_1_38' title='bbox 1327 982 1434 1019; x_wconf 89' lang='lat' dir='ltr'><strong>non</strong></span> <span class='ocrx_word' id='word_1_39' title='bbox 1466 965 1640 1020; x_wconf 91' lang='lat' dir='ltr'><strong>solum</strong></span> <span class='ocrx_word' id='word_1_40' title='bbox 1678 961 1987 1025; x_wconf 88' lang='lat' dir='ltr'><strong>inutilibus,</strong></span> 
     </span>
    </p>
   </div>
   <div class='ocr_carea' id='block_1_7' title="bbox 411 1051 1987 1123">
    <p class='ocr_par' dir='ltr' id='par_1_7' title="bbox 411 1051 1987 1123">
     <span class='ocr_line' id='line_1_7' title="bbox 411 1051 1987 1123; baseline -0.007 -7"><span class='ocrx_word' id='word_1_41' title='bbox 411 1066 505 1116; x_wconf 81' lang='lat' dir='ltr'><strong>sed</strong></span> <span class='ocrx_word' id='word_1_42' title='bbox 533 1071 590 1116; x_wconf 92' lang='lat' dir='ltr'><strong>et</strong></span> <span class='ocrx_word' id='word_1_43' title='bbox 616 1061 856 1123; x_wconf 78' lang='lat' dir='ltr'><strong>utilibus,</strong></span> <span class='ocrx_word' id='word_1_44' title='bbox 892 1074 996 1112; x_wconf 91' lang='lat' dir='ltr'><strong>non</strong></span> <span class='ocrx_word' id='word_1_45' title='bbox 1031 1056 1203 1111; x_wconf 89' lang='lat' dir='ltr'><strong>solum</strong></span> <span class='ocrx_word' id='word_1_46' title='bbox 1233 1056 1407 1119; x_wconf 87' lang='lat' dir='ltr'><strong>vanis,</strong></span> <span class='ocrx_word' id='word_1_47' title='bbox 1434 1055 1528 1109; x_wconf 87' lang='lat' dir='ltr'><strong>sed</strong></span> <span class='ocrx_word' id='word_1_48' title='bbox 1556 1062 1611 1109; x_wconf 90' lang='lat' dir='ltr'><strong>et</strong></span> <span class='ocrx_word' id='word_1_49' title='bbox 1642 1051 1987 1115; x_wconf 86' lang='lat' dir='ltr'><strong>necessariis,</strong></span> 
     </span>
    </p>
   </div>
   <div class='ocr_carea' id='block_1_8' title="bbox 410 1143 1985 1218">
    <p class='ocr_par' dir='ltr' id='par_1_8' title="bbox 410 1143 1985 1218">
     <span class='ocr_line' id='line_1_8' title="bbox 410 1143 1985 1218; baseline -0.007 -10"><span class='ocrx_word' id='word_1_50' title='bbox 410 1154 509 1208; x_wconf 84' lang='lat' dir='ltr'><strong>soli</strong></span> <span class='ocrx_word' id='word_1_51' title='bbox 537 1168 621 1208; x_wconf 90' lang='lat' dir='ltr'><strong>me</strong></span> <span class='ocrx_word' id='word_1_52' title='bbox 643 1152 808 1206; x_wconf 85' lang='lat' dir='ltr'><strong>verbo</strong></span> <span class='ocrx_word' id='word_1_53' title='bbox 836 1151 923 1205; x_wconf 89' lang='lat' dir='ltr'><strong>Dei</strong></span> <span class='ocrx_word' id='word_1_54' title='bbox 957 1158 1117 1218; x_wconf 89' lang='lat' dir='ltr'><strong>atque</strong></span> <span class='ocrx_word' id='word_1_55' title='bbox 1144 1148 1265 1217; x_wconf 87' lang='lat' dir='ltr'><strong>ejus</strong></span> <span class='ocrx_word' id='word_1_56' title='bbox 1295 1146 1573 1215; x_wconf 69' lang='lat' dir='ltr'><strong>sapienti-.1:</strong></span> <span class='ocrx_word' id='word_1_57' title='bbox 1598 1143 1985 1213; x_wconf 86' lang='lat' dir='ltr'><strong>manciparim;</strong></span> 
     </span>
    </p>
   </div>
   <div class='ocr_carea' id='block_1_9' title="bbox 324 1228 1991 1306">
    <p class='ocr_par' dir='ltr' id='par_1_9' title="bbox 324 1228 1991 1306">
     <span class='ocr_line' id='line_1_9' title="bbox 324 1228 1991 1306; baseline -0.01 -9"><span class='ocrx_word' id='word_1_58' title='bbox 324 1271 329 1278; x_wconf 69' lang='grc' dir='ltr'><strong>ι</strong></span> <span class='ocrx_word' id='word_1_59' title='bbox 412 1244 464 1297; x_wconf 93' lang='lat' dir='ltr'><strong>in</strong></span> <span class='ocrx_word' id='word_1_60' title='bbox 506 1244 571 1296; x_wconf 82' lang='lat' dir='ltr'><strong>iis</strong></span> <span class='ocrx_word' id='word_1_61' title='bbox 597 1241 849 1296; x_wconf 88' lang='lat' dir='ltr'><strong>omnibus</strong></span> <span class='ocrx_word' id='word_1_62' title='bbox 894 1240 1046 1304; x_wconf 85' lang='lat' dir='ltr'><strong>satis,</strong></span> <span class='ocrx_word' id='word_1_63' title='bbox 1090 1236 1247 1306; x_wconf 75' lang='lat'><strong>311</strong></span> <span class='ocrx_word' id='word_1_64' title='bbox 1302 1244 1360 1287; x_wconf 90' lang='lat' dir='ltr'><strong>ut</strong></span> <span class='ocrx_word' id='word_1_65' title='bbox 1407 1240 1555 1301; x_wconf 92' lang='lat' dir='ltr'><strong>puto,</strong></span> <span class='ocrx_word' id='word_1_66' title='bbox 1602 1238 1836 1299; x_wconf 87' lang='lat' dir='ltr'><strong>acceptae</strong></span> <span class='ocrx_word' id='word_1_67' title='bbox 1881 1228 1991 1281; x_wconf 90' lang='lat' dir='ltr'><strong>Deo</strong></span> 
     </span>
    </p>
   </div>
   <div class='ocr_carea' id='block_1_10' title="bbox 413 1316 1992 1403">
    <p class='ocr_par' dir='ltr' id='par_1_10' title="bbox 413 1316 1992 1403">
     <span class='ocr_line' id='line_1_10' title="bbox 413 1316 1992 1403; baseline -0.011 -16"><span class='ocrx_word' id='word_1_68' title='bbox 413 1334 665 1403; x_wconf 77' lang='lat' dir='ltr'><strong>primitne</strong></span> <span class='ocrx_word' id='word_1_69' title='bbox 698 1330 876 1399; x_wconf 80' lang='lat' dir='ltr'><strong>gaudii</strong></span> <span class='ocrx_word' id='word_1_70' title='bbox 903 1328 1219 1383; x_wconf 71' lang='lat' dir='ltr'><strong>oﬂerentur.</strong></span> <span class='ocrx_word' id='word_1_71' title='bbox 1253 1324 1363 1379; x_wconf 87' lang='lat' dir='ltr'><strong>Sed</strong></span> <span class='ocrx_word' id='word_1_72' title='bbox 1389 1333 1443 1377; x_wconf 90' lang='lat' dir='ltr'><strong>et</strong></span> <span class='ocrx_word' id='word_1_73' title='bbox 1470 1323 1537 1377; x_wconf 90' lang='lat' dir='ltr'><strong>de</strong></span> <span class='ocrx_word' id='word_1_74' title='bbox 1566 1321 1779 1376; x_wconf 69' lang='lat' dir='ltr'><strong>caneris</strong></span> <span class='ocrx_word' id='word_1_75' title='bbox 1806 1316 1992 1374; x_wconf 85' lang='lat' dir='ltr'><strong>fructi-</strong></span> 
     </span>
    </p>
   </div>
   <div class='ocr_carea' id='block_1_11' title="bbox 412 1409 1989 1495">
    <p class='ocr_par' dir='ltr' id='par_1_11' title="bbox 412 1409 1989 1495">
     <span class='ocr_line' id='line_1_11' title="bbox 412 1409 1989 1495; baseline -0.011 -16"><span class='ocrx_word' id='word_1_76' title='bbox 412 1429 511 1480; x_wconf 91' lang='lat' dir='ltr'><strong>bus</strong></span> <span class='ocrx_word' id='word_1_77' title='bbox 543 1425 765 1495; x_wconf 88' lang='lat' dir='ltr'><strong>spiritus</strong></span> <span class='ocrx_word' id='word_1_78' title='bbox 796 1438 863 1479; x_wconf 80' lang='lat' dir='ltr'><strong>ex</strong></span> <span class='ocrx_word' id='word_1_79' title='bbox 892 1422 1007 1476; x_wconf 91' lang='lat' dir='ltr'><strong>otio</strong></span> <span class='ocrx_word' id='word_1_80' title='bbox 1040 1418 1331 1486; x_wconf 85' lang='lat' dir='ltr'><strong>unicuique</strong></span> <span class='ocrx_word' id='word_1_81' title='bbox 1356 1430 1477 1484; x_wconf 64' lang='lat' dir='ltr'><strong>quae</strong></span> <span class='ocrx_word' id='word_1_82' title='bbox 1521 1419 1831 1482; x_wconf 91' lang='lat' dir='ltr'><strong>competunt</strong></span> <span class='ocrx_word' id='word_1_83' title='bbox 1861 1409 1989 1463; x_wconf 91' lang='lat' dir='ltr'><strong>lice-</strong></span> 
     </span>
    </p>
   </div>
   <div class='ocr_carea' id='block_1_12' title="bbox 415 1506 1991 1587">
    <p class='ocr_par' dir='ltr' id='par_1_12' title="bbox 415 1506 1991 1587">
     <span class='ocr_line' id='line_1_12' title="bbox 415 1506 1991 1587; baseline -0.01 -16"><span class='ocrx_word' id='word_1_84' title='bbox 415 1519 493 1571; x_wconf 90' lang='lat' dir='ltr'><strong>bit</strong></span> <span class='ocrx_word' id='word_1_85' title='bbox 520 1527 731 1587; x_wconf 83' lang='lat' dir='ltr'><strong>aptare,</strong></span> <span class='ocrx_word' id='word_1_86' title='bbox 772 1531 837 1570; x_wconf 93' lang='lat' dir='ltr'><strong>ne</strong></span> <span class='ocrx_word' id='word_1_87' title='bbox 869 1529 967 1569; x_wconf 89' lang='lat' dir='ltr'><strong>nos</strong></span> <span class='ocrx_word' id='word_1_88' title='bbox 1002 1526 1304 1569; x_wconf 90' lang='lat' dir='ltr'><strong>sermonem</strong></span> <span class='ocrx_word' id='word_1_89' title='bbox 1342 1509 1491 1579; x_wconf 84' lang='lat' dir='ltr'><strong>justo</strong></span> <span class='ocrx_word' id='word_1_90' title='bbox 1528 1506 1737 1576; x_wconf 80' lang='lat' dir='ltr'><strong>longius</strong></span> <span class='ocrx_word' id='word_1_91' title='bbox 1777 1510 1991 1572; x_wconf 89' lang='lat' dir='ltr'><strong>protra-</strong></span> 
     </span>
    </p>
   </div>
   <div class='ocr_carea' id='block_1_13' title="bbox 416 1611 629 1663">
    <p class='ocr_par' dir='ltr' id='par_1_13' title="bbox 416 1611 629 1663">
     <span class='ocr_line' id='line_1_13' title="bbox 416 1611 629 1663; baseline 0 -1"><span class='ocrx_word' id='word_1_92' title='bbox 416 1611 629 1663; x_wconf 82' lang='lat' dir='ltr'><strong>hamus.</strong></span> 
     </span>
    </p>
   </div>
   <div class='ocr_carea' id='block_1_14' title="bbox 484 1713 1984 1788">
    <p class='ocr_par' dir='ltr' id='par_1_14' title="bbox 484 1713 1984 1788">
     <span class='ocr_line' id='line_1_14' title="bbox 484 1713 1984 1788; baseline -0.011 -9"><span class='ocrx_word' id='word_1_93' title='bbox 484 1726 537 1779; x_wconf 83' lang='lat'><strong>9.</strong></span> <span class='ocrx_word' id='word_1_94' title='bbox 572 1742 589 1774; x_wconf 80' lang='grc' dir='ltr'><strong><em>σ</em></strong></span> <span class='ocrx_word' id='word_1_95' title='bbox 618 1723 682 1777; x_wconf 79' lang='lat' dir='ltr'><strong>Et</strong></span> <span class='ocrx_word' id='word_1_96' title='bbox 711 1722 778 1775; x_wconf 86' lang='lat' dir='ltr'><strong>ab</strong></span> <span class='ocrx_word' id='word_1_97' title='bbox 807 1720 1076 1786; x_wconf 87' lang='lat' dir='ltr'><strong>omnibus,</strong></span> <span class='ocrx_word' id='word_1_98' title='bbox 1114 1717 1370 1788; x_wconf 78' lang='lat' dir='ltr'><strong>inquit&quot;,</strong></span> <span class='ocrx_word' id='word_1_99' title='bbox 1395 1713 1711 1770; x_wconf 87' lang='lat' dir='ltr'><strong>muneribus</strong></span> <span class='ocrx_word' id='word_1_100' title='bbox 1740 1723 1984 1767; x_wconf 65' lang='lat' dir='ltr'><strong>eorum.»</strong></span> 
     </span>
    </p>
   </div>
   <div class='ocr_carea' id='block_1_15' title="bbox 1860 390 2181 447">
    <p class='ocr_par' dir='ltr' id='par_1_15' title="bbox 1860 390 2181 447">
     <span class='ocr_line' id='line_1_15' title="bbox 1860 390 2181 447; baseline -0.009 0"><span class='ocrx_word' id='word_1_101' title='bbox 1860 390 2181 447; x_wconf 78' lang='lat' dir='ltr'><strong>OﬂlGENlS</strong></span> 
     </span>
    </p>
   </div>
   <div class='ocr_carea' id='block_1_16' title="bbox 405 494 2063 584">
    <p class='ocr_par' dir='ltr' id='par_1_16' title="bbox 405 494 2063 584">
     <span class='ocr_line' id='line_1_16' title="bbox 405 494 2063 584; baseline -0.008 -12"><span class='ocrx_word' id='word_1_102' title='bbox 405 520 570 573; x_wconf 89' lang='lat' dir='ltr'><strong>alium</strong></span> <span class='ocrx_word' id='word_1_103' title='bbox 603 516 838 570; x_wconf 79' lang='lat' dir='ltr'><strong>l‘rucmm</strong></span> <span class='ocrx_word' id='word_1_104' title='bbox 870 512 1053 584; x_wconf 81' lang='lat' dir='ltr'><strong>gaudii</strong></span> <span class='ocrx_word' id='word_1_105' title='bbox 1106 510 1406 582; x_wconf 85' lang='lat' dir='ltr'><strong>requirere,</strong></span> <span class='ocrx_word' id='word_1_106' title='bbox 1442 508 1549 563; x_wconf 83' lang='lat' dir='ltr'><strong>imo</strong></span> <span class='ocrx_word' id='word_1_107' title='bbox 1592 516 1647 561; x_wconf 89' lang='lat' dir='ltr'><strong>et</strong></span> <span class='ocrx_word' id='word_1_108' title='bbox 1698 494 1832 560; x_wconf 86' lang='lat' dir='ltr'><strong>alias</strong></span> <span class='ocrx_word' id='word_1_109' title='bbox 1875 508 1988 575; x_wconf 88' lang='lat' dir='ltr'><strong>pri-</strong></span> <span class='ocrx_word' id='word_1_110' title='bbox 2018 511 2063 567; x_wconf 83' lang='grc' dir='ltr'><strong>Α</strong></span> 
     </span>
    </p>
   </div>
   <div class='ocr_carea' id='block_1_17' title="bbox 3561 394 3662 451">
    <p class='ocr_par' dir='ltr' id='par_1_17' title="bbox 3561 394 3662 451">
     <span class='ocr_line' id='line_1_17' title="bbox 3561 394 3662 451; baseline 0.04 -4"><span class='ocrx_word' id='word_1_111' title='bbox 3561 394 3662 451; x_wconf 71' lang='lat'><strong>636</strong></span> 
     </span>
    </p>
   </div>
   <div class='ocr_carea' id='block_1_18' title="bbox 2656 501 3089 558">
    <p class='ocr_par' dir='ltr' id='par_1_18' title="bbox 2656 501 3089 558">
     <span class='ocr_line' id='line_1_18' title="bbox 2656 501 3089 558; baseline 0.002 -2"><span class='ocrx_word' id='word_1_112' title='bbox 2656 501 2934 557; x_wconf 75' lang='lat' dir='ltr'><strong>llOMILlA</strong></span> <span class='ocrx_word' id='word_1_113' title='bbox 2982 502 3089 558; x_wconf 77' lang='lat' dir='ltr'><strong>XII.</strong></span> 
     </span>
    </p>
   </div>
   <div class='ocr_carea' id='block_1_19' title="bbox 2473 595 3285 666">
    <p class='ocr_par' dir='ltr' id='par_1_19' title="bbox 2473 595 3285 666">
     <span class='ocr_line' id='line_1_19' title="bbox 2473 595 3285 666; baseline 0 -16"><span class='ocrx_word' id='word_1_114' title='bbox 2473 595 2547 650; x_wconf 87' lang='lat' dir='ltr'><strong>De</strong></span> <span class='ocrx_word' id='word_1_115' title='bbox 2594 603 2750 664; x_wconf 79' lang='lat' dir='ltr'><strong>puteo</strong></span> <span class='ocrx_word' id='word_1_116' title='bbox 2795 604 2844 650; x_wconf 83' lang='lat' dir='ltr'><strong>et</strong></span> <span class='ocrx_word' id='word_1_117' title='bbox 2897 597 3104 650; x_wconf 80' lang='lat' dir='ltr'><strong>cantico</strong></span> <span class='ocrx_word' id='word_1_118' title='bbox 3150 596 3285 666; x_wconf 73' lang='lat' dir='ltr'><strong>ejus.</strong></span> 
     </span>
    </p>
   </div>
   <div class='ocr_carea' id='block_1_20' title="bbox 2154 706 3669 781">
    <p class='ocr_par' dir='ltr' id='par_1_20' title="bbox 2154 706 3669 781">
     <span class='ocr_line' id='line_1_20' title="bbox 2154 706 3669 781; baseline -0.001 -16"><span class='ocrx_word' id='word_1_119' title='bbox 2154 712 2212 765; x_wconf 77' lang='grc' dir='ltr'><strong>Ἰ.</strong></span> <span class='ocrx_word' id='word_1_120' title='bbox 2253 709 2439 764; x_wconf 88' lang='lat' dir='ltr'><strong>Lectio</strong></span> <span class='ocrx_word' id='word_1_121' title='bbox 2469 706 2626 761; x_wconf 86' lang='lat' dir='ltr'><strong>nobis</strong></span> <span class='ocrx_word' id='word_1_122' title='bbox 2654 707 2821 774; x_wconf 87' lang='lat' dir='ltr'><strong>putei,</strong></span> <span class='ocrx_word' id='word_1_123' title='bbox 2854 718 2908 761; x_wconf 91' lang='lat' dir='ltr'><strong>et</strong></span> <span class='ocrx_word' id='word_1_124' title='bbox 2937 709 3135 764; x_wconf 90' lang='lat' dir='ltr'><strong>cantici</strong></span> <span class='ocrx_word' id='word_1_125' title='bbox 3169 711 3313 779; x_wconf 92' lang='lat' dir='ltr'><strong>quod</strong></span> <span class='ocrx_word' id='word_1_126' title='bbox 3374 711 3514 780; x_wconf 89' lang='lat' dir='ltr'><strong>apud</strong></span> <span class='ocrx_word' id='word_1_127' title='bbox 3572 726 3669 781; x_wconf 86' lang='lat' dir='ltr'><strong>pu-</strong></span> 
     </span>
    </p>
   </div>
   <div class='ocr_carea' id='block_1_21' title="bbox 2094 794 3668 861">
    <p class='ocr_par' dir='ltr' id='par_1_21' title="bbox 2094 794 3668 861">
     <span class='ocr_line' id='line_1_21' title="bbox 2094 794 3668 861; baseline -0.001 -6"><span class='ocrx_word' id='word_1_128' title='bbox 2094 794 2675 861; x_wconf 90' lang='lat' dir='ltr'><strong>teumcecinitlsrael,</strong></span> <span class='ocrx_word' id='word_1_129' title='bbox 2707 811 2772 850; x_wconf 84' lang='lat' dir='ltr'><strong>ex</strong></span> <span class='ocrx_word' id='word_1_130' title='bbox 2826 796 3186 853; x_wconf 82' lang='lat' dir='ltr'><strong>Numerorum</strong></span> <span class='ocrx_word' id='word_1_131' title='bbox 3235 798 3373 853; x_wconf 88' lang='lat' dir='ltr'><strong>libro</strong></span> <span class='ocrx_word' id='word_1_132' title='bbox 3432 799 3668 855; x_wconf 83' lang='lat' dir='ltr'><strong>recitata</strong></span> 
     </span>
    </p>
   </div>
   <div class='ocr_carea' id='block_1_22' title="bbox 2090 882 3669 956">
    <p class='ocr_par' dir='ltr' id='par_1_22' title="bbox 2090 882 3669 956">
     <span class='ocr_line' id='line_1_22' title="bbox 2090 882 3669 956; baseline 0.001 -14"><span class='ocrx_word' id='word_1_133' title='bbox 2090 897 2193 954; x_wconf 88' lang='lat' dir='ltr'><strong>est,</strong></span> <span class='ocrx_word' id='word_1_134' title='bbox 2221 902 2381 956; x_wconf 91' lang='lat' dir='ltr'><strong>quam</strong></span> <span class='ocrx_word' id='word_1_135' title='bbox 2408 885 2602 948; x_wconf 85' lang='lat' dir='ltr'><strong>solitis,</strong></span> <span class='ocrx_word' id='word_1_136' title='bbox 2635 884 2742 937; x_wconf 90' lang='lat' dir='ltr'><strong>imo</strong></span> <span class='ocrx_word' id='word_1_137' title='bbox 2772 882 2910 939; x_wconf 81' lang='lat' dir='ltr'><strong>forte</strong></span> <span class='ocrx_word' id='word_1_138' title='bbox 2942 895 2997 939; x_wconf 93' lang='lat' dir='ltr'><strong>et</strong></span> <span class='ocrx_word' id='word_1_139' title='bbox 3028 887 3259 955; x_wconf 84' lang='lat' dir='ltr'><strong>amplius</strong></span> <span class='ocrx_word' id='word_1_140' title='bbox 3310 888 3469 943; x_wconf 90' lang='lat' dir='ltr'><strong>solito</strong></span> <span class='ocrx_word' id='word_1_141' title='bbox 3518 890 3669 943; x_wconf 85' lang='lat' dir='ltr'><strong>vidc—</strong></span> 
     </span>
    </p>
   </div>
   <div class='ocr_carea' id='block_1_23' title="bbox 2091 980 3670 1056">
    <p class='ocr_par' dir='ltr' id='par_1_23' title="bbox 2091 980 3670 1056">
     <span class='ocr_line' id='line_1_23' title="bbox 2091 980 3670 1056; baseline -0.001 -15"><span class='ocrx_word' id='word_1_142' title='bbox 2091 1001 2211 1041; x_wconf 86' lang='lat' dir='ltr'><strong>mus</strong></span> <span class='ocrx_word' id='word_1_143' title='bbox 2243 985 2544 1041; x_wconf 86' lang='lat' dir='ltr'><strong>redundare</strong></span> <span class='ocrx_word' id='word_1_144' title='bbox 2578 980 2879 1056; x_wconf 82' lang='lat' dir='ltr'><strong>mysteriis.</strong></span> <span class='ocrx_word' id='word_1_145' title='bbox 2923 985 3015 1038; x_wconf 80' lang='lat' dir='ltr'><strong>Ait</strong></span> <span class='ocrx_word' id='word_1_146' title='bbox 3044 984 3189 1038; x_wconf 90' lang='lat' dir='ltr'><strong>enim</strong></span> <span class='ocrx_word' id='word_1_147' title='bbox 3214 984 3261 1015; x_wconf 77' lang='lat'>”</span> <span class='ocrx_word' id='word_1_148' title='bbox 3296 1000 3308 1036; x_wconf 94' lang='lat'>:</span> <span class='ocrx_word' id='word_1_149' title='bbox 3358 1004 3377 1035; x_wconf 73' lang='grc' dir='ltr'><strong>ι</strong></span> <span class='ocrx_word' id='word_1_150' title='bbox 3412 984 3476 1039; x_wconf 86' lang='grc' dir='ltr'>Ει</span> <span class='ocrx_word' id='word_1_151' title='bbox 3529 984 3670 1040; x_wconf 91' lang='lat' dir='ltr'><strong>bibit</strong></span> 
     </span>
    </p>
   </div>
   <div class='ocr_carea' id='block_1_24' title="bbox 2090 1074 3669 1147">
    <p class='ocr_par' dir='ltr' id='par_1_24' title="bbox 2090 1074 3669 1147">
     <span class='ocr_line' id='line_1_24' title="bbox 2090 1074 3669 1147; baseline -0.003 -14"><span class='ocrx_word' id='word_1_152' title='bbox 2090 1078 2157 1133; x_wconf 87' lang='lat' dir='ltr'><strong>de</strong></span> <span class='ocrx_word' id='word_1_153' title='bbox 2190 1084 2348 1147; x_wconf 89' lang='lat' dir='ltr'><strong>puteo</strong></span> <span class='ocrx_word' id='word_1_154' title='bbox 2377 1076 2626 1144; x_wconf 90' lang='lat' dir='ltr'><strong>populus.</strong></span> <span class='ocrx_word' id='word_1_155' title='bbox 2664 1076 2763 1132; x_wconf 87' lang='lat' dir='ltr'><strong>llic</strong></span> <span class='ocrx_word' id='word_1_156' title='bbox 2795 1084 2878 1131; x_wconf 90' lang='lat' dir='ltr'><strong>est</strong></span> <span class='ocrx_word' id='word_1_157' title='bbox 2901 1085 3117 1145; x_wconf 89' lang='lat' dir='ltr'><strong>puteus,</strong></span> <span class='ocrx_word' id='word_1_158' title='bbox 3162 1090 3323 1143; x_wconf 88' lang='lat' dir='ltr'><strong>quem</strong></span> <span class='ocrx_word' id='word_1_159' title='bbox 3373 1075 3513 1128; x_wconf 82' lang='lat' dir='ltr'><strong>dixit</strong></span> <span class='ocrx_word' id='word_1_160' title='bbox 3561 1074 3669 1129; x_wconf 88' lang='lat' dir='ltr'><strong>Do-</strong></span> 
     </span>
    </p>
   </div>
   <div class='ocr_carea' id='block_1_25' title="bbox 2092 1166 3668 1238">
    <p class='ocr_par' dir='ltr' id='par_1_25' title="bbox 2092 1166 3668 1238">
     <span class='ocr_line' id='line_1_25' title="bbox 2092 1166 3668 1238; baseline -0.001 -16"><span class='ocrx_word' id='word_1_161' title='bbox 2092 1168 2271 1223; x_wconf 89' lang='lat' dir='ltr'><strong>minus</strong></span> <span class='ocrx_word' id='word_1_162' title='bbox 2300 1169 2366 1223; x_wconf 90' lang='lat' dir='ltr'><strong>ad</strong></span> <span class='ocrx_word' id='word_1_163' title='bbox 2396 1167 2613 1238; x_wconf 85' lang='lat' dir='ltr'><strong>Moysen</strong></span> <span class='ocrx_word' id='word_1_164' title='bbox 2646 1184 2659 1221; x_wconf 90' lang='lat'><strong>:</strong></span> <span class='ocrx_word' id='word_1_165' title='bbox 2687 1167 2968 1238; x_wconf 86' lang='lat' dir='ltr'><strong>Congrcga</strong></span> <span class='ocrx_word' id='word_1_166' title='bbox 3005 1166 3286 1235; x_wconf 91' lang='lat' dir='ltr'><strong>populum,</strong></span> <span class='ocrx_word' id='word_1_167' title='bbox 3314 1176 3366 1237; x_wconf 71' lang='lat' dir='ltr'><strong>et</strong></span> <span class='ocrx_word' id='word_1_168' title='bbox 3414 1168 3556 1222; x_wconf 88' lang='lat' dir='ltr'><strong>dabo</strong></span> <span class='ocrx_word' id='word_1_169' title='bbox 3585 1166 3668 1222; x_wconf 91' lang='lat' dir='ltr'><strong>eis</strong></span> 
     </span>
    </p>
   </div>
   <div class='ocr_carea' id='block_1_26' title="bbox 2091 1256 3665 1329">
    <p class='ocr_par' dir='ltr' id='par_1_26' title="bbox 2091 1256 3665 1329">
     <span class='ocr_line' id='line_1_26' title="bbox 2091 1256 3665 1329; baseline -0.002 -15"><span class='ocrx_word' id='word_1_170' title='bbox 2091 1274 2287 1329; x_wconf 90' lang='lat' dir='ltr'><strong>aquam</strong></span> <span class='ocrx_word' id='word_1_171' title='bbox 2312 1259 2525 1315; x_wconf 90' lang='lat' dir='ltr'><strong>bibere.</strong></span> <span class='ocrx_word' id='word_1_172' title='bbox 2567 1278 2588 1312; x_wconf 72' lang='grc' dir='ltr'><strong>ι</strong></span> <span class='ocrx_word' id='word_1_173' title='bbox 2655 1259 2765 1315; x_wconf 84' lang='lat' dir='ltr'><strong>Sed</strong></span> <span class='ocrx_word' id='word_1_174' title='bbox 2819 1260 2872 1313; x_wconf 92' lang='lat' dir='ltr'><strong>in</strong></span> <span class='ocrx_word' id='word_1_175' title='bbox 2921 1256 3007 1311; x_wconf 90' lang='lat' dir='ltr'><strong>bis</strong></span> <span class='ocrx_word' id='word_1_176' title='bbox 3055 1257 3215 1313; x_wconf 85' lang='lat' dir='ltr'><strong>dictis</strong></span> <span class='ocrx_word' id='word_1_177' title='bbox 3273 1274 3378 1312; x_wconf 91' lang='lat' dir='ltr'><strong>non</strong></span> <span class='ocrx_word' id='word_1_178' title='bbox 3438 1257 3665 1312; x_wconf 89' lang='lat' dir='ltr'><strong>multum</strong></span> 
     </span>
    </p>
   </div>
   <div class='ocr_carea' id='block_1_27' title="bbox 2092 1348 3667 1421">
    <p class='ocr_par' dir='ltr' id='par_1_27' title="bbox 2092 1348 3667 1421">
     <span class='ocr_line' id='line_1_27' title="bbox 2092 1348 3667 1421; baseline -0.002 -15"><span class='ocrx_word' id='word_1_179' title='bbox 2092 1351 2224 1406; x_wconf 89' lang='lat' dir='ltr'><strong>mihi</strong></span> <span class='ocrx_word' id='word_1_180' title='bbox 2252 1350 2392 1421; x_wconf 87' lang='lat' dir='ltr'><strong>juris</strong></span> <span class='ocrx_word' id='word_1_181' title='bbox 2417 1350 2630 1406; x_wconf 91' lang='lat' dir='ltr'><strong>videtur</strong></span> <span class='ocrx_word' id='word_1_182' title='bbox 2658 1351 2919 1405; x_wconf 90' lang='lat' dir='ltr'><strong>historica</strong></span> <span class='ocrx_word' id='word_1_183' title='bbox 2973 1351 3153 1405; x_wconf 89' lang='lat' dir='ltr'><strong>littera</strong></span> <span class='ocrx_word' id='word_1_184' title='bbox 3184 1350 3492 1420; x_wconf 85' lang='lat' dir='ltr'><strong>possidere.</strong></span> <span class='ocrx_word' id='word_1_185' title='bbox 3524 1348 3667 1415; x_wconf 84' lang='lat' dir='ltr'><strong>Quid</strong></span> 
     </span>
    </p>
   </div>
   <div class='ocr_carea' id='block_1_28' title="bbox 2091 1439 3667 1513">
    <p class='ocr_par' dir='ltr' id='par_1_28' title="bbox 2091 1439 3667 1513">
     <span class='ocr_line' id='line_1_28' title="bbox 2091 1439 3667 1513; baseline -0.003 -15"><span class='ocrx_word' id='word_1_186' title='bbox 2091 1452 2174 1499; x_wconf 91' lang='lat' dir='ltr'><strong>est</strong></span> <span class='ocrx_word' id='word_1_187' title='bbox 2197 1443 2344 1498; x_wconf 89' lang='lat' dir='ltr'><strong>enim</strong></span> <span class='ocrx_word' id='word_1_188' title='bbox 2382 1442 2526 1512; x_wconf 88' lang='lat' dir='ltr'><strong>quod</strong></span> <span class='ocrx_word' id='word_1_189' title='bbox 2554 1455 2885 1512; x_wconf 83' lang='lat' dir='ltr'><strong>magnopere</strong></span> <span class='ocrx_word' id='word_1_190' title='bbox 2924 1442 3183 1513; x_wconf 78' lang='lat' dir='ltr'><strong>pnecepit</strong></span> <span class='ocrx_word' id='word_1_191' title='bbox 3212 1441 3472 1496; x_wconf 88' lang='lat' dir='ltr'><strong>Dominus</strong></span> <span class='ocrx_word' id='word_1_192' title='bbox 3496 1439 3667 1511; x_wconf 82' lang='lat' dir='ltr'><strong>Moysi</strong></span> 
     </span>
    </p>
   </div>
   <div class='ocr_carea' id='block_1_29' title="bbox 2091 1531 3664 1604">
    <p class='ocr_par' dir='ltr' id='par_1_29' title="bbox 2091 1531 3664 1604">
     <span class='ocr_line' id='line_1_29' title="bbox 2091 1531 3664 1604; baseline -0.003 -16"><span class='ocrx_word' id='word_1_193' title='bbox 2091 1533 2348 1604; x_wconf 86' lang='lat' dir='ltr'><strong>populum</strong></span> <span class='ocrx_word' id='word_1_194' title='bbox 2377 1546 2730 1602; x_wconf 83' lang='lat' dir='ltr'><strong>congregare,</strong></span> <span class='ocrx_word' id='word_1_195' title='bbox 2768 1540 2827 1587; x_wconf 89' lang='lat' dir='ltr'><strong>ut</strong></span> <span class='ocrx_word' id='word_1_196' title='bbox 2859 1532 2951 1586; x_wconf 89' lang='lat' dir='ltr'><strong>det</strong></span> <span class='ocrx_word' id='word_1_197' title='bbox 3006 1532 3089 1587; x_wconf 93' lang='lat' dir='ltr'><strong>eis</strong></span> <span class='ocrx_word' id='word_1_198' title='bbox 3134 1544 3329 1601; x_wconf 89' lang='lat' dir='ltr'><strong>aquam</strong></span> <span class='ocrx_word' id='word_1_199' title='bbox 3378 1531 3446 1584; x_wconf 90' lang='lat' dir='ltr'><strong>de</strong></span> <span class='ocrx_word' id='word_1_200' title='bbox 3502 1540 3664 1598; x_wconf 87' lang='lat' dir='ltr'><strong>puteo</strong></span> 
     </span>
    </p>
   </div>
   <div class='ocr_carea' id='block_1_30' title="bbox 2090 1618 3667 1694">
    <p class='ocr_par' dir='ltr' id='par_1_30' title="bbox 2090 1618 3667 1694">
     <span class='ocr_line' id='line_1_30' title="bbox 2090 1618 3667 1694; baseline -0.006 -15"><span class='ocrx_word' id='word_1_201' title='bbox 2090 1624 2321 1681; x_wconf 81' lang='lat' dir='ltr'><strong>bibere?</strong></span> <span class='ocrx_word' id='word_1_202' title='bbox 2346 1622 2502 1694; x_wconf 88' lang='lat' dir='ltr'><strong>quasi</strong></span> <span class='ocrx_word' id='word_1_203' title='bbox 2527 1636 2656 1677; x_wconf 90' lang='lat' dir='ltr'><strong>vero</strong></span> <span class='ocrx_word' id='word_1_204' title='bbox 2675 1636 2783 1691; x_wconf 88' lang='lat' dir='ltr'><strong>non</strong></span> <span class='ocrx_word' id='word_1_205' title='bbox 2810 1621 2974 1675; x_wconf 89' lang='lat' dir='ltr'><strong>etiam</strong></span> <span class='ocrx_word' id='word_1_206' title='bbox 2998 1630 3192 1690; x_wconf 90' lang='lat' dir='ltr'><strong>sponte</strong></span> <span class='ocrx_word' id='word_1_207' title='bbox 3214 1618 3444 1688; x_wconf 89' lang='lat' dir='ltr'><strong>populus</strong></span> <span class='ocrx_word' id='word_1_208' title='bbox 3472 1618 3667 1673; x_wconf 88' lang='lat' dir='ltr'><strong>biben-</strong></span> 
     </span>
    </p>
   </div>
   <div class='ocr_carea' id='block_1_31' title="bbox 2093 1708 3666 1785">
    <p class='ocr_par' dir='ltr' id='par_1_31' title="bbox 2093 1708 3666 1785">
     <span class='ocr_line' id='line_1_31' title="bbox 2093 1708 3666 1785; baseline -0.007 -15"><span class='ocrx_word' id='word_1_209' title='bbox 2093 1715 2145 1770; x_wconf 90' lang='lat' dir='ltr'><strong>di</strong></span> <span class='ocrx_word' id='word_1_210' title='bbox 2172 1714 2344 1785; x_wconf 89' lang='lat' dir='ltr'><strong>gratia</strong></span> <span class='ocrx_word' id='word_1_211' title='bbox 2375 1712 2692 1768; x_wconf 83' lang='lat' dir='ltr'><strong>convenerit</strong></span> <span class='ocrx_word' id='word_1_212' title='bbox 2720 1712 2787 1766; x_wconf 91' lang='lat' dir='ltr'><strong>ad</strong></span> <span class='ocrx_word' id='word_1_213' title='bbox 2832 1720 3076 1780; x_wconf 90' lang='lat' dir='ltr'><strong>puteum.</strong></span> <span class='ocrx_word' id='word_1_214' title='bbox 3124 1708 3264 1776; x_wconf 85' lang='lat' dir='ltr'><strong>Quid</strong></span> <span class='ocrx_word' id='word_1_215' title='bbox 3299 1721 3434 1777; x_wconf 84' lang='lat' dir='ltr'><strong>ergo</strong></span> <span class='ocrx_word' id='word_1_216' title='bbox 3486 1714 3666 1760; x_wconf 56' lang='lat' dir='ltr'><strong>tanto.</strong></span> 
     </span>
    </p>
   </div>
   <div class='ocr_carea' id='block_1_32' title="bbox 415 1796 3669 1899">
    <p class='ocr_par' dir='ltr' id='par_1_32' title="bbox 415 1796 3669 1899">
     <span class='ocr_line' id='line_1_32' title="bbox 415 1796 3669 1899; baseline -0.01 -30"><span class='ocrx_word' id='word_1_217' title='bbox 415 1816 606 1869; x_wconf 78' lang='lat' dir='ltr'><strong>Munus</strong></span> <span class='ocrx_word' id='word_1_218' title='bbox 633 1812 757 1882; x_wconf 85' lang='lat' dir='ltr'><strong>quis</strong></span> <span class='ocrx_word' id='word_1_219' title='bbox 783 1810 980 1865; x_wconf 77' lang='lat' dir='ltr'><strong>obtu’lit</strong></span> <span class='ocrx_word' id='word_1_220' title='bbox 1007 1809 1140 1874; x_wconf 90' lang='lat' dir='ltr'><strong>Deo,</strong></span> <span class='ocrx_word' id='word_1_221' title='bbox 1169 1816 1224 1861; x_wconf 89' lang='lat' dir='ltr'><strong>et</strong></span> <span class='ocrx_word' id='word_1_222' title='bbox 1250 1820 1440 1899; x_wconf 78' lang='lat' dir='ltr'><strong>rursus</strong></span> <span class='ocrx_word' id='word_1_223' title='bbox 1486 1820 1553 1859; x_wconf 85' lang='lat' dir='ltr'><strong>ex</strong></span> <span class='ocrx_word' id='word_1_224' title='bbox 1582 1815 1809 1858; x_wconf 86' lang='lat' dir='ltr'><strong>munere</strong></span> <span class='ocrx_word' id='word_1_225' title='bbox 1860 1799 1991 1856; x_wconf 81' lang='lat' dir='ltr'><strong>oll&#39;e-</strong></span> <span class='ocrx_word' id='word_1_226' title='bbox 2027 1846 2065 1899; x_wconf 69' lang='grc' dir='ltr'><strong>η</strong></span> <span class='ocrx_word' id='word_1_227' title='bbox 2096 1821 2223 1877; x_wconf 91' lang='lat' dir='ltr'><strong>pere</strong></span> <span class='ocrx_word' id='word_1_228' title='bbox 2252 1804 2526 1877; x_wconf 73' lang='lat' dir='ltr'><strong>propheta:</strong></span> <span class='ocrx_word' id='word_1_229' title='bbox 2553 1802 2886 1874; x_wconf 64' lang='lat' dir='ltr'><strong>praecipitur,</strong></span> <span class='ocrx_word' id='word_1_230' title='bbox 2915 1812 2973 1858; x_wconf 93' lang='lat' dir='ltr'><strong>ut</strong></span> <span class='ocrx_word' id='word_1_231' title='bbox 3001 1800 3222 1871; x_wconf 85' lang='lat' dir='ltr'><strong>proprio</strong></span> <span class='ocrx_word' id='word_1_232' title='bbox 3278 1797 3460 1853; x_wconf 79' lang='lat' dir='ltr'><strong>studio</strong></span> <span class='ocrx_word' id='word_1_233' title='bbox 3489 1804 3544 1851; x_wconf 71' lang='grc' dir='ltr'>ει</span> <span class='ocrx_word' id='word_1_234' title='bbox 3588 1796 3669 1849; x_wconf 65' lang='grc' dir='ltr'><strong>ιδ-</strong></span> 
     </span>
    </p>
   </div>
   <div class='ocr_carea' id='block_1_33' title="bbox 415 1894 1989 1972">
    <p class='ocr_par' dir='ltr' id='par_1_33' title="bbox 415 1894 1989 1972">
     <span class='ocr_line' id='line_1_33' title="bbox 415 1894 1989 1972; baseline -0.007 -13"><span class='ocrx_word' id='word_1_235' title='bbox 415 1908 592 1961; x_wconf 72' lang='lat' dir='ltr'><strong>renda:</strong></span> <span class='ocrx_word' id='word_1_236' title='bbox 623 1913 748 1959; x_wconf 92' lang='lat' dir='ltr'><strong>sunt</strong></span> <span class='ocrx_word' id='word_1_237' title='bbox 773 1902 1029 1972; x_wconf 86' lang='lat' dir='ltr'><strong>primitiae</strong></span> <span class='ocrx_word' id='word_1_238' title='bbox 1063 1899 1325 1969; x_wconf 83' lang='lat' dir='ltr'><strong>pontiﬁci.</strong></span> <span class='ocrx_word' id='word_1_239' title='bbox 1387 1896 1502 1953; x_wconf 83' lang='lat' dir='ltr'><strong>Hoc</strong></span> <span class='ocrx_word' id='word_1_240' title='bbox 1552 1896 1607 1950; x_wconf 93' lang='lat' dir='ltr'><strong>in</strong></span> <span class='ocrx_word' id='word_1_241' title='bbox 1647 1894 1989 1965; x_wconf 82' lang='lat' dir='ltr'><strong>expositione</strong></span> 
     </span>
    </p>
   </div>
   <div class='ocr_carea' id='block_1_34' title="bbox 414 1985 1987 2064">
    <p class='ocr_par' dir='ltr' id='par_1_34' title="bbox 414 1985 1987 2064">
     <span class='ocr_line' id='line_1_34' title="bbox 414 1985 1987 2064; baseline -0.008 -13"><span class='ocrx_word' id='word_1_242' title='bbox 414 1995 709 2064; x_wconf 83' lang='lat' dir='ltr'><strong>allegorica</strong></span> <span class='ocrx_word' id='word_1_243' title='bbox 749 1994 822 2048; x_wconf 91' lang='lat' dir='ltr'><strong>ita</strong></span> <span class='ocrx_word' id='word_1_244' title='bbox 867 1994 1108 2048; x_wconf 76' lang='lat' dir='ltr'><strong>arbitror</strong></span> <span class='ocrx_word' id='word_1_245' title='bbox 1137 2004 1296 2061; x_wconf 89' lang='lat' dir='ltr'><strong>posse</strong></span> <span class='ocrx_word' id='word_1_246' title='bbox 1318 1997 1596 2044; x_wconf 90' lang='lat' dir='ltr'><strong>constare.</strong></span> <span class='ocrx_word' id='word_1_247' title='bbox 1623 1988 1689 2043; x_wconf 86' lang='lat' dir='ltr'><strong>Si</strong></span> <span class='ocrx_word' id='word_1_248' title='bbox 1724 1987 1846 2056; x_wconf 91' lang='lat' dir='ltr'><strong>quis</strong></span> <span class='ocrx_word' id='word_1_249' title='bbox 1902 1985 1987 2041; x_wconf 86' lang='lat' dir='ltr'><strong>vel</strong></span> 
     </span>
    </p>
   </div>
   <div class='ocr_carea' id='block_1_35' title="bbox 414 2077 1987 2160">
    <p class='ocr_par' dir='ltr' id='par_1_35' title="bbox 414 2077 1987 2160">
     <span class='ocr_line' id='line_1_35' title="bbox 414 2077 1987 2160; baseline -0.008 -16"><span class='ocrx_word' id='word_1_250' title='bbox 414 2089 694 2160; x_wconf 82' lang='lat' dir='ltr'><strong>egentibus</strong></span> <span class='ocrx_word' id='word_1_251' title='bbox 727 2086 1035 2149; x_wconf 88' lang='lat' dir='ltr'><strong>distribuat,</strong></span> <span class='ocrx_word' id='word_1_252' title='bbox 1060 2084 1142 2141; x_wconf 86' lang='lat' dir='ltr'><strong>vel</strong></span> <span class='ocrx_word' id='word_1_253' title='bbox 1182 2082 1345 2138; x_wconf 80' lang='lat' dir='ltr'><strong>faciat</strong></span> <span class='ocrx_word' id='word_1_254' title='bbox 1378 2081 1580 2151; x_wconf 88' lang='lat' dir='ltr'><strong>aliquid</strong></span> <span class='ocrx_word' id='word_1_255' title='bbox 1612 2080 1737 2135; x_wconf 89' lang='lat' dir='ltr'><strong>boni</strong></span> <span class='ocrx_word' id='word_1_256' title='bbox 1776 2077 1987 2149; x_wconf 80' lang='lat' dir='ltr'><strong>operis,</strong></span> 
     </span>
    </p>
   </div>
   <div class='ocr_carea' id='block_1_36' title="bbox 414 2167 1988 2252">
    <p class='ocr_par' dir='ltr' id='par_1_36' title="bbox 414 2167 1988 2252">
     <span class='ocr_line' id='line_1_36' title="bbox 414 2167 1988 2252; baseline -0.008 -16"><span class='ocrx_word' id='word_1_257' title='bbox 414 2198 510 2252; x_wconf 91' lang='lat' dir='ltr'><strong>pro</strong></span> <span class='ocrx_word' id='word_1_258' title='bbox 550 2180 808 2235; x_wconf 88' lang='lat' dir='ltr'><strong>mandato</strong></span> <span class='ocrx_word' id='word_1_259' title='bbox 837 2192 1036 2233; x_wconf 83' lang='lat' dir='ltr'><strong>munus</strong></span> <span class='ocrx_word' id='word_1_260' title='bbox 1068 2174 1262 2231; x_wconf 90' lang='lat' dir='ltr'><strong>obtulit</strong></span> <span class='ocrx_word' id='word_1_261' title='bbox 1312 2173 1443 2229; x_wconf 91' lang='lat' dir='ltr'><strong>Deo.</strong></span> <span class='ocrx_word' id='word_1_262' title='bbox 1494 2172 1598 2227; x_wconf 89' lang='lat' dir='ltr'><strong>Sed</strong></span> <span class='ocrx_word' id='word_1_263' title='bbox 1641 2185 1829 2225; x_wconf 90' lang='lat' dir='ltr'><strong>rursus</strong></span> <span class='ocrx_word' id='word_1_264' title='bbox 1876 2167 1988 2240; x_wconf 77' lang='lat'><strong>(25)</strong></span> 
     </span>
    </p>
   </div>
   <div class='ocr_carea' id='block_1_37' title="bbox 418 2262 1989 2340">
    <p class='ocr_par' dir='ltr' id='par_1_37' title="bbox 418 2262 1989 2340">
     <span class='ocr_line' id='line_1_37' title="bbox 418 2262 1989 2340; baseline -0.008 -11"><span class='ocrx_word' id='word_1_265' title='bbox 418 2273 665 2329; x_wconf 80' lang='lat' dir='ltr'><strong>numeris</strong></span> <span class='ocrx_word' id='word_1_266' title='bbox 697 2271 856 2327; x_wconf 80' lang='lat' dir='ltr'><strong>oiiert</strong></span> <span class='ocrx_word' id='word_1_267' title='bbox 891 2269 1192 2340; x_wconf 86' lang='lat' dir='ltr'><strong>primitias,</strong></span> <span class='ocrx_word' id='word_1_268' title='bbox 1219 2268 1265 2321; x_wconf 88' lang='lat' dir='ltr'><strong>si</strong></span> <span class='ocrx_word' id='word_1_269' title='bbox 1300 2281 1407 2321; x_wconf 91' lang='lat' dir='ltr'><strong>non</strong></span> <span class='ocrx_word' id='word_1_270' title='bbox 1441 2264 1615 2319; x_wconf 91' lang='lat' dir='ltr'><strong>solum</strong></span> <span class='ocrx_word' id='word_1_271' title='bbox 1642 2263 1813 2330; x_wconf 90' lang='lat' dir='ltr'><strong>cibos,</strong></span> <span class='ocrx_word' id='word_1_272' title='bbox 1841 2262 1989 2317; x_wconf 87' lang='lat' dir='ltr'><strong>verbi</strong></span> 
     </span>
    </p>
   </div>
   <div class='ocr_carea' id='block_1_38' title="bbox 415 2352 1990 2437">
    <p class='ocr_par' dir='ltr' id='par_1_38' title="bbox 415 2352 1990 2437">
     <span class='ocr_line' id='line_1_38' title="bbox 415 2352 1990 2437; baseline -0.008 -18"><span class='ocrx_word' id='word_1_273' title='bbox 415 2364 613 2437; x_wconf 81' lang='lat' dir='ltr'><strong>gratia,</strong></span> <span class='ocrx_word' id='word_1_274' title='bbox 646 2367 731 2417; x_wconf 87' lang='lat' dir='ltr'><strong>vel</strong></span> <span class='ocrx_word' id='word_1_275' title='bbox 759 2360 1044 2433; x_wconf 87' lang='lat' dir='ltr'><strong>pecuniam</strong></span> <span class='ocrx_word' id='word_1_276' title='bbox 1070 2358 1354 2429; x_wconf 86' lang='lat' dir='ltr'><strong>largiatur,</strong></span> <span class='ocrx_word' id='word_1_277' title='bbox 1385 2357 1481 2411; x_wconf 91' lang='lat' dir='ltr'><strong>sed</strong></span> <span class='ocrx_word' id='word_1_278' title='bbox 1513 2366 1569 2411; x_wconf 93' lang='lat' dir='ltr'><strong>et</strong></span> <span class='ocrx_word' id='word_1_279' title='bbox 1611 2355 1862 2411; x_wconf 71' lang='lat' dir='ltr'><strong>allectum</strong></span> <span class='ocrx_word' id='word_1_280' title='bbox 1888 2352 1990 2407; x_wconf 91' lang='lat' dir='ltr'><strong>mi-</strong></span> 
     </span>
    </p>
   </div>
   <div class='ocr_carea' id='block_1_39' title="bbox 417 2445 1991 2519">
    <p class='ocr_par' dir='ltr' id='par_1_39' title="bbox 417 2445 1991 2519">
     <span class='ocr_line' id='line_1_39' title="bbox 417 2445 1991 2519; baseline -0.009 -6"><span class='ocrx_word' id='word_1_281' title='bbox 417 2456 631 2513; x_wconf 90' lang='lat' dir='ltr'><strong>scrcndi</strong></span> <span class='ocrx_word' id='word_1_282' title='bbox 669 2455 888 2519; x_wconf 80' lang='lat' dir='ltr'><strong>habeat,</strong></span> <span class='ocrx_word' id='word_1_283' title='bbox 920 2460 975 2507; x_wconf 93' lang='lat' dir='ltr'><strong>et</strong></span> <span class='ocrx_word' id='word_1_284' title='bbox 997 2449 1385 2519; x_wconf 89' lang='lat' dir='ltr'><strong>compatiendi.</strong></span> <span class='ocrx_word' id='word_1_285' title='bbox 1419 2448 1531 2503; x_wconf 89' lang='lat' dir='ltr'><strong>lloc</strong></span> <span class='ocrx_word' id='word_1_286' title='bbox 1562 2447 1705 2502; x_wconf 92' lang='lat' dir='ltr'><strong>enim</strong></span> <span class='ocrx_word' id='word_1_287' title='bbox 1738 2455 1820 2501; x_wconf 92' lang='lat' dir='ltr'><strong>est</strong></span> <span class='ocrx_word' id='word_1_288' title='bbox 1848 2445 1991 2515; x_wconf 91' lang='lat' dir='ltr'><strong>quod</strong></span> 
     </span>
    </p>
   </div>
   <div class='ocr_carea' id='block_1_40' title="bbox 419 2538 1992 2619">
    <p class='ocr_par' dir='ltr' id='par_1_40' title="bbox 419 2538 1992 2619">
     <span class='ocr_line' id='line_1_40' title="bbox 419 2538 1992 2619; baseline -0.008 -15"><span class='ocrx_word' id='word_1_289' title='bbox 419 2548 648 2619; x_wconf 88' lang='lat' dir='ltr'><strong>requirit</strong></span> <span class='ocrx_word' id='word_1_290' title='bbox 673 2546 741 2602; x_wconf 91' lang='lat' dir='ltr'><strong>ab</strong></span> <span class='ocrx_word' id='word_1_291' title='bbox 782 2544 1002 2601; x_wconf 88' lang='lat' dir='ltr'><strong>homine</strong></span> <span class='ocrx_word' id='word_1_292' title='bbox 1029 2542 1193 2608; x_wconf 90' lang='lat' dir='ltr'><strong>Deus,</strong></span> <span class='ocrx_word' id='word_1_293' title='bbox 1217 2550 1277 2595; x_wconf 91' lang='lat' dir='ltr'><strong>ut</strong></span> <span class='ocrx_word' id='word_1_294' title='bbox 1304 2554 1459 2594; x_wconf 87' lang='lat' dir='ltr'><strong>mens</strong></span> <span class='ocrx_word' id='word_1_295' title='bbox 1500 2539 1615 2609; x_wconf 89' lang='lat' dir='ltr'><strong>ipsa</strong></span> <span class='ocrx_word' id='word_1_296' title='bbox 1652 2539 1757 2608; x_wconf 92' lang='lat' dir='ltr'><strong>piis</strong></span> <span class='ocrx_word' id='word_1_297' title='bbox 1801 2548 1856 2593; x_wconf 89' lang='lat' dir='ltr'><strong>et</strong></span> <span class='ocrx_word' id='word_1_298' title='bbox 1891 2538 1992 2592; x_wconf 88' lang='lat' dir='ltr'><strong>mi-</strong></span> 
     </span>
    </p>
   </div>
   <div class='ocr_carea' id='block_1_41' title="bbox 418 2628 1992 2704">
    <p class='ocr_par' dir='ltr' id='par_1_41' title="bbox 418 2628 1992 2704">
     <span class='ocr_line' id='line_1_41' title="bbox 418 2628 1992 2704; baseline -0.01 -8"><span class='ocrx_word' id='word_1_299' title='bbox 418 2637 787 2697; x_wconf 84' lang='lat' dir='ltr'><strong>sericordibns</strong></span> <span class='ocrx_word' id='word_1_300' title='bbox 821 2633 1094 2704; x_wconf 85' lang='lat' dir='ltr'><strong>repleatur</strong></span> <span class='ocrx_word' id='word_1_301' title='bbox 1122 2642 1177 2686; x_wconf 88' lang='lat' dir='ltr'><strong>et</strong></span> <span class='ocrx_word' id='word_1_302' title='bbox 1207 2631 1471 2686; x_wconf 81' lang='lat' dir='ltr'><strong>formetur</strong></span> <span class='ocrx_word' id='word_1_303' title='bbox 1522 2628 1827 2685; x_wconf 78' lang='lat' dir='ltr'><strong>affectibus.</strong></span> <span class='ocrx_word' id='word_1_304' title='bbox 1868 2645 1887 2679; x_wconf 80' lang='grc' dir='ltr'><strong>ι</strong></span> <span class='ocrx_word' id='word_1_305' title='bbox 1926 2628 1992 2682; x_wconf 85' lang='lat' dir='ltr'><strong>Et</strong></span> 
     </span>
    </p>
   </div>
   <div class='ocr_carea' id='block_1_42' title="bbox 419 2718 1995 2785">
    <p class='ocr_par' dir='ltr' id='par_1_42' title="bbox 419 2718 1995 2785">
     <span class='ocr_line' id='line_1_42' title="bbox 419 2718 1995 2785; baseline -0.008 0"><span class='ocrx_word' id='word_1_306' title='bbox 419 2735 487 2785; x_wconf 86' lang='lat' dir='ltr'><strong>ab</strong></span> <span class='ocrx_word' id='word_1_307' title='bbox 527 2728 779 2785; x_wconf 68' lang='lat' dir='ltr'><strong>munibus</strong></span> <span class='ocrx_word' id='word_1_308' title='bbox 820 2723 1286 2783; x_wconf 91' lang='lat' dir='ltr'><strong>immolationibus</strong></span> <span class='ocrx_word' id='word_1_309' title='bbox 1346 2736 1558 2777; x_wconf 91' lang='lat' dir='ltr'><strong>eorum.</strong></span> <span class='ocrx_word' id='word_1_310' title='bbox 1604 2739 1622 2772; x_wconf 69' lang='grc' dir='ltr'><strong>ι</strong></span> <span class='ocrx_word' id='word_1_311' title='bbox 1689 2718 1995 2781; x_wconf 82' lang='lat' dir='ltr'><strong>lmmolatio</strong></span> 
     </span>
    </p>
   </div>
   <div class='ocr_carea' id='block_1_43' title="bbox 420 2809 1993 2891">
    <p class='ocr_par' dir='ltr' id='par_1_43' title="bbox 420 2809 1993 2891">
     <span class='ocr_line' id='line_1_43' title="bbox 420 2809 1993 2891; baseline -0.01 -13"><span class='ocrx_word' id='word_1_312' title='bbox 420 2819 679 2891; x_wconf 86' lang='lat' dir='ltr'><strong>spiritalis</strong></span> <span class='ocrx_word' id='word_1_313' title='bbox 700 2833 786 2874; x_wconf 75' lang='grc' dir='ltr'><strong>εει</strong></span> <span class='ocrx_word' id='word_1_314' title='bbox 828 2817 918 2872; x_wconf 92' lang='lat' dir='ltr'><strong>illa</strong></span> <span class='ocrx_word' id='word_1_315' title='bbox 959 2829 1125 2885; x_wconf 91' lang='lat' dir='ltr'><strong>quam</strong></span> <span class='ocrx_word' id='word_1_316' title='bbox 1155 2812 1450 2879; x_wconf 78' lang='lat' dir='ltr'><strong>legimus“</strong></span> <span class='ocrx_word' id='word_1_317' title='bbox 1490 2829 1502 2866; x_wconf 92' lang='lat'>:</span> <span class='ocrx_word' id='word_1_318' title='bbox 1541 2830 1560 2863; x_wconf 80' lang='grc' dir='ltr'><strong>ι</strong></span> <span class='ocrx_word' id='word_1_319' title='bbox 1602 2810 1822 2865; x_wconf 90' lang='lat' dir='ltr'><strong>lmmola</strong></span> <span class='ocrx_word' id='word_1_320' title='bbox 1885 2809 1993 2864; x_wconf 93' lang='lat' dir='ltr'><strong>Deo</strong></span> 
     </span>
    </p>
   </div>
   <div class='ocr_carea' id='block_1_44' title="bbox 426 2905 1989 2978">
    <p class='ocr_par' dir='ltr' id='par_1_44' title="bbox 426 2905 1989 2978">
     <span class='ocr_line' id='line_1_44' title="bbox 426 2905 1989 2978; baseline -0.012 -7"><span class='ocrx_word' id='word_1_321' title='bbox 426 2914 761 2971; x_wconf 81' lang='lat' dir='ltr'><strong>sacriﬁcium</strong></span> <span class='ocrx_word' id='word_1_322' title='bbox 793 2911 990 2978; x_wconf 89' lang='lat' dir='ltr'><strong>laudis,</strong></span> <span class='ocrx_word' id='word_1_323' title='bbox 1016 2919 1075 2965; x_wconf 87' lang='lat' dir='ltr'><strong>et</strong></span> <span class='ocrx_word' id='word_1_324' title='bbox 1122 2908 1288 2964; x_wconf 86' lang='lat' dir='ltr'><strong>redde</strong></span> <span class='ocrx_word' id='word_1_325' title='bbox 1320 2905 1603 2963; x_wconf 82' lang='lat' dir='ltr'><strong>Altissimo</strong></span> <span class='ocrx_word' id='word_1_326' title='bbox 1631 2912 1757 2959; x_wconf 89' lang='lat' dir='ltr'><strong>vota</strong></span> <span class='ocrx_word' id='word_1_327' title='bbox 1815 2909 1927 2957; x_wconf 88' lang='lat' dir='ltr'><strong>tua.</strong></span> <span class='ocrx_word' id='word_1_328' title='bbox 1970 2917 1989 2952; x_wconf 73' lang='grc' dir='ltr'><strong>ι</strong></span> 
     </span>
    </p>
   </div>
   <div class='ocr_carea' id='block_1_45' title="bbox 423 2992 1994 3076">
    <p class='ocr_par' dir='ltr' id='par_1_45' title="bbox 423 2992 1994 3076">
     <span class='ocr_line' id='line_1_45' title="bbox 423 2992 1994 3076; baseline -0.012 -11"><span class='ocrx_word' id='word_1_329' title='bbox 423 3010 666 3065; x_wconf 80' lang='lat' dir='ltr'><strong>Laudare</strong></span> <span class='ocrx_word' id='word_1_330' title='bbox 693 3020 826 3076; x_wconf 85' lang='lat' dir='ltr'><strong>ergo</strong></span> <span class='ocrx_word' id='word_1_331' title='bbox 861 3004 1053 3067; x_wconf 92' lang='lat' dir='ltr'><strong>Deum,</strong></span> <span class='ocrx_word' id='word_1_332' title='bbox 1089 3010 1146 3057; x_wconf 92' lang='lat' dir='ltr'><strong>et</strong></span> <span class='ocrx_word' id='word_1_333' title='bbox 1169 3009 1291 3056; x_wconf 90' lang='lat' dir='ltr'><strong>vota</strong></span> <span class='ocrx_word' id='word_1_334' title='bbox 1319 2998 1585 3054; x_wconf 89' lang='lat' dir='ltr'><strong>orationis</strong></span> <span class='ocrx_word' id='word_1_335' title='bbox 1609 2994 1826 3059; x_wconf 82' lang='lat' dir='ltr'><strong>offerre,</strong></span> <span class='ocrx_word' id='word_1_336' title='bbox 1887 2992 1994 3047; x_wconf 85' lang='lat' dir='ltr'><strong>im-</strong></span> 
     </span>
    </p>
   </div>
   <div class='ocr_carea' id='block_1_46' title="bbox 425 3085 1994 3161">
    <p class='ocr_par' dir='ltr' id='par_1_46' title="bbox 425 3085 1994 3161">
     <span class='ocr_line' id='line_1_46' title="bbox 425 3085 1994 3161; baseline -0.012 -4"><span class='ocrx_word' id='word_1_337' title='bbox 425 3102 628 3157; x_wconf 90' lang='lat' dir='ltr'><strong>molare</strong></span> <span class='ocrx_word' id='word_1_338' title='bbox 646 3109 731 3155; x_wconf 92' lang='lat' dir='ltr'><strong>est</strong></span> <span class='ocrx_word' id='word_1_339' title='bbox 760 3097 889 3152; x_wconf 92' lang='lat' dir='ltr'><strong>Deo.</strong></span> <span class='ocrx_word' id='word_1_340' title='bbox 914 3094 1019 3149; x_wconf 89' lang='lat' dir='ltr'><strong>Sed</strong></span> <span class='ocrx_word' id='word_1_341' title='bbox 1047 3093 1206 3161; x_wconf 90' lang='lat' dir='ltr'><strong>hujus</strong></span> <span class='ocrx_word' id='word_1_342' title='bbox 1237 3088 1630 3147; x_wconf 90' lang='lat' dir='ltr'><strong>immolationis</strong></span> <span class='ocrx_word' id='word_1_343' title='bbox 1649 3086 1901 3158; x_wconf 66' lang='lat' dir='ltr'><strong>primitiae</strong></span> <span class='ocrx_word' id='word_1_344' title='bbox 1919 3085 1994 3140; x_wconf 86' lang='lat' dir='ltr'><strong>ita</strong></span> 
     </span>
    </p>
   </div>
   <div class='ocr_carea' id='block_1_47' title="bbox 2096 1889 3666 1967">
    <p class='ocr_par' dir='ltr' id='par_1_47' title="bbox 2096 1889 3666 1967">
     <span class='ocr_line' id='line_1_47' title="bbox 2096 1889 3666 1967; baseline -0.007 -14"><span class='ocrx_word' id='word_1_345' title='bbox 2096 1899 2227 1953; x_wconf 90' lang='lat' dir='ltr'><strong>bore</strong></span> <span class='ocrx_word' id='word_1_346' title='bbox 2275 1904 2572 1967; x_wconf 89' lang='lat' dir='ltr'><strong>congreget</strong></span> <span class='ocrx_word' id='word_1_347' title='bbox 2634 1894 2894 1966; x_wconf 90' lang='lat' dir='ltr'><strong>populum</strong></span> <span class='ocrx_word' id='word_1_348' title='bbox 2968 1895 3036 1948; x_wconf 92' lang='lat' dir='ltr'><strong>ad</strong></span> <span class='ocrx_word' id='word_1_349' title='bbox 3099 1889 3455 1948; x_wconf 84' lang='lat' dir='ltr'><strong>hauriendam</strong></span> <span class='ocrx_word' id='word_1_350' title='bbox 3518 1889 3666 1958; x_wconf 87' lang='lat' dir='ltr'><strong>putei</strong></span> 
     </span>
    </p>
   </div>
   <div class='ocr_carea' id='block_1_48' title="bbox 2096 1979 3667 2059">
    <p class='ocr_par' dir='ltr' id='par_1_48' title="bbox 2096 1979 3667 2059">
     <span class='ocr_line' id='line_1_48' title="bbox 2096 1979 3667 2059; baseline -0.008 -15"><span class='ocrx_word' id='word_1_351' title='bbox 2096 2003 2291 2059; x_wconf 92' lang='lat' dir='ltr'><strong>aquam</strong></span> <span class='ocrx_word' id='word_1_352' title='bbox 2315 1988 2339 2041; x_wconf 71' lang='grc' dir='ltr'><strong>ξ’</strong></span> <span class='ocrx_word' id='word_1_353' title='bbox 2365 1986 2523 2043; x_wconf 88' lang='lat' dir='ltr'><strong>Unde</strong></span> <span class='ocrx_word' id='word_1_354' title='bbox 2558 1986 2740 2042; x_wconf 85' lang='lat' dir='ltr'><strong>vilitas</strong></span> <span class='ocrx_word' id='word_1_355' title='bbox 2774 1984 2888 2055; x_wconf 71' lang='lat'><strong>(26)</strong></span> <span class='ocrx_word' id='word_1_356' title='bbox 2932 1982 3134 2038; x_wconf 65' lang='lat' dir='ltr'><strong>litterae</strong></span> <span class='ocrx_word' id='word_1_357' title='bbox 3162 1983 3227 2037; x_wconf 90' lang='lat' dir='ltr'><strong>ad</strong></span> <span class='ocrx_word' id='word_1_358' title='bbox 3274 1979 3667 2049; x_wconf 84' lang='lat' dir='ltr'><strong>pretiositatem</strong></span> 
     </span>
    </p>
   </div>
   <div class='ocr_carea' id='block_1_49' title="bbox 2097 2070 3668 2149">
    <p class='ocr_par' dir='ltr' id='par_1_49' title="bbox 2097 2070 3668 2149">
     <span class='ocr_line' id='line_1_49' title="bbox 2097 2070 3668 2149; baseline -0.008 -12"><span class='ocrx_word' id='word_1_359' title='bbox 2097 2096 2197 2137; x_wconf 93' lang='lat' dir='ltr'><strong>nos</strong></span> <span class='ocrx_word' id='word_1_360' title='bbox 2228 2079 2492 2149; x_wconf 89' lang='lat' dir='ltr'><strong>spiritalis</strong></span> <span class='ocrx_word' id='word_1_361' title='bbox 2512 2078 2741 2134; x_wconf 86' lang='lat' dir='ltr'><strong>remittit</strong></span> <span class='ocrx_word' id='word_1_362' title='bbox 2776 2073 3175 2147; x_wconf 83' lang='lat' dir='ltr'><strong>intelligentiae.</strong></span> <span class='ocrx_word' id='word_1_363' title='bbox 3226 2072 3293 2129; x_wconf 88' lang='lat' dir='ltr'><strong>Et</strong></span> <span class='ocrx_word' id='word_1_364' title='bbox 3322 2070 3441 2127; x_wconf 91' lang='lat' dir='ltr'><strong>ideo</strong></span> <span class='ocrx_word' id='word_1_365' title='bbox 3467 2084 3668 2126; x_wconf 89' lang='lat' dir='ltr'><strong>conve-</strong></span> 
     </span>
    </p>
   </div>
   <div class='ocr_carea' id='block_1_50' title="bbox 2098 2161 3666 2241">
    <p class='ocr_par' dir='ltr' id='par_1_50' title="bbox 2098 2161 3666 2241">
     <span class='ocr_line' id='line_1_50' title="bbox 2098 2161 3666 2241; baseline -0.008 -16"><span class='ocrx_word' id='word_1_366' title='bbox 2098 2172 2253 2226; x_wconf 89' lang='lat' dir='ltr'><strong>niens</strong></span> <span class='ocrx_word' id='word_1_367' title='bbox 2268 2177 2399 2241; x_wconf 90' lang='lat' dir='ltr'><strong>puto</strong></span> <span class='ocrx_word' id='word_1_368' title='bbox 2429 2169 2595 2224; x_wconf 90' lang='lat' dir='ltr'><strong>etiam</strong></span> <span class='ocrx_word' id='word_1_369' title='bbox 2625 2169 2693 2223; x_wconf 88' lang='lat' dir='ltr'><strong>de</strong></span> <span class='ocrx_word' id='word_1_370' title='bbox 2728 2167 2853 2222; x_wconf 89' lang='lat' dir='ltr'><strong>aliis</strong></span> <span class='ocrx_word' id='word_1_371' title='bbox 2887 2164 3189 2234; x_wconf 68' lang='lat' dir='ltr'><strong>Scriptura:</strong></span> <span class='ocrx_word' id='word_1_372' title='bbox 3214 2161 3351 2218; x_wconf 91' lang='lat' dir='ltr'><strong>locis</strong></span> <span class='ocrx_word' id='word_1_373' title='bbox 3378 2169 3666 2232; x_wconf 85' lang='lat' dir='ltr'><strong>puteorum</strong></span> 
     </span>
    </p>
   </div>
   <div class='ocr_carea' id='block_1_51' title="bbox 2094 2252 3666 2332">
    <p class='ocr_par' dir='ltr' id='par_1_51' title="bbox 2094 2252 3666 2332">
     <span class='ocr_line' id='line_1_51' title="bbox 2094 2252 3666 2332; baseline -0.01 -13"><span class='ocrx_word' id='word_1_374' title='bbox 2094 2274 2430 2332; x_wconf 83' lang='lat' dir='ltr'><strong>congregare</strong></span> <span class='ocrx_word' id='word_1_375' title='bbox 2466 2259 2748 2331; x_wconf 83' lang='lat' dir='ltr'><strong>mysteria,</strong></span> <span class='ocrx_word' id='word_1_376' title='bbox 2781 2267 2835 2313; x_wconf 93' lang='lat' dir='ltr'><strong>ut</strong></span> <span class='ocrx_word' id='word_1_377' title='bbox 2862 2272 2928 2312; x_wconf 81' lang='lat' dir='ltr'><strong>ex</strong></span> <span class='ocrx_word' id='word_1_378' title='bbox 2967 2254 3375 2325; x_wconf 87' lang='lat' dir='ltr'><strong>comparatione</strong></span> <span class='ocrx_word' id='word_1_379' title='bbox 3398 2252 3666 2323; x_wconf 82' lang='lat' dir='ltr'><strong>plurimo-</strong></span> 
     </span>
    </p>
   </div>
   <div class='ocr_carea' id='block_1_52' title="bbox 2098 2344 3665 2424">
    <p class='ocr_par' dir='ltr' id='par_1_52' title="bbox 2098 2344 3665 2424">
     <span class='ocr_line' id='line_1_52' title="bbox 2098 2344 3665 2424; baseline -0.009 -15"><span class='ocrx_word' id='word_1_380' title='bbox 2098 2370 2241 2422; x_wconf 91' lang='lat' dir='ltr'><strong>rum,</strong></span> <span class='ocrx_word' id='word_1_381' title='bbox 2266 2355 2309 2408; x_wconf 93' lang='lat' dir='ltr'><strong>si</strong></span> <span class='ocrx_word' id='word_1_382' title='bbox 2340 2353 2467 2424; x_wconf 91' lang='lat' dir='ltr'><strong>quid</strong></span> <span class='ocrx_word' id='word_1_383' title='bbox 2509 2365 2749 2423; x_wconf 76' lang='lat' dir='ltr'><strong>przesens</strong></span> <span class='ocrx_word' id='word_1_384' title='bbox 2778 2365 2959 2407; x_wconf 88' lang='lat' dir='ltr'><strong>sermo</strong></span> <span class='ocrx_word' id='word_1_385' title='bbox 2994 2346 3347 2405; x_wconf 89' lang='lat' dir='ltr'><strong>obscuritatis</strong></span> <span class='ocrx_word' id='word_1_386' title='bbox 3398 2344 3665 2407; x_wconf 82' lang='lat' dir='ltr'><strong>continet,</strong></span> 
     </span>
    </p>
   </div>
   <div class='ocr_carea' id='block_1_53' title="bbox 2098 2431 3669 2513">
    <p class='ocr_par' dir='ltr' id='par_1_53' title="bbox 2098 2431 3669 2513">
     <span class='ocr_line' id='line_1_53' title="bbox 2098 2431 3669 2513; baseline -0.012 -11"><span class='ocrx_word' id='word_1_387' title='bbox 2098 2446 2388 2503; x_wconf 90' lang='lat' dir='ltr'><strong>elucescat.</strong></span> <span class='ocrx_word' id='word_1_388' title='bbox 2426 2444 2519 2499; x_wconf 86' lang='lat' dir='ltr'><strong>Ait</strong></span> <span class='ocrx_word' id='word_1_389' title='bbox 2551 2457 2681 2513; x_wconf 90' lang='lat' dir='ltr'><strong>ergo</strong></span> <span class='ocrx_word' id='word_1_390' title='bbox 2705 2443 2932 2513; x_wconf 89' lang='lat' dir='ltr'><strong>spiritus</strong></span> <span class='ocrx_word' id='word_1_391' title='bbox 2961 2441 3053 2496; x_wconf 86' lang='lat' dir='ltr'><strong>Dei</strong></span> <span class='ocrx_word' id='word_1_392' title='bbox 3100 2453 3197 2510; x_wconf 91' lang='lat' dir='ltr'><strong>per</strong></span> <span class='ocrx_word' id='word_1_393' title='bbox 3241 2435 3585 2492; x_wconf 88' lang='lat' dir='ltr'><strong>Salomonem</strong></span> <span class='ocrx_word' id='word_1_394' title='bbox 3616 2431 3669 2484; x_wconf 92' lang='lat' dir='ltr'><strong>in</strong></span> 
     </span>
    </p>
   </div>
   <div class='ocr_carea' id='block_1_54' title="bbox 2100 2528 3671 2603">
    <p class='ocr_par' dir='ltr' id='par_1_54' title="bbox 2100 2528 3671 2603">
     <span class='ocr_line' id='line_1_54' title="bbox 2100 2528 3671 2603; baseline -0.012 -9"><span class='ocrx_word' id='word_1_395' title='bbox 2100 2538 2411 2594; x_wconf 87' lang='lat' dir='ltr'><strong>Proverbiis</strong></span> <span class='ocrx_word' id='word_1_396' title='bbox 2450 2536 2496 2569; x_wconf 78' lang='grc'>⁸⁸</span> <span class='ocrx_word' id='word_1_397' title='bbox 2522 2551 2535 2587; x_wconf 79' lang='lat'><strong>2</strong></span> <span class='ocrx_word' id='word_1_398' title='bbox 2572 2552 2591 2586; x_wconf 76' lang='grc' dir='ltr'><strong>ι</strong></span> <span class='ocrx_word' id='word_1_399' title='bbox 2622 2534 2755 2589; x_wconf 88' lang='lat' dir='ltr'><strong>Bibe</strong></span> <span class='ocrx_word' id='word_1_400' title='bbox 2782 2547 2955 2603; x_wconf 88' lang='lat' dir='ltr'><strong>aquas</strong></span> <span class='ocrx_word' id='word_1_401' title='bbox 2980 2533 3047 2587; x_wconf 88' lang='lat' dir='ltr'><strong>de</strong></span> <span class='ocrx_word' id='word_1_402' title='bbox 3077 2532 3185 2585; x_wconf 87' lang='lat' dir='ltr'><strong>tuis</strong></span> <span class='ocrx_word' id='word_1_403' title='bbox 3214 2530 3359 2583; x_wconf 82' lang='lat' dir='ltr'><strong>vasis</strong></span> <span class='ocrx_word' id='word_1_404' title='bbox 3387 2536 3442 2581; x_wconf 87' lang='lat' dir='ltr'><strong>et</strong></span> <span class='ocrx_word' id='word_1_405' title='bbox 3473 2528 3537 2581; x_wconf 92' lang='lat' dir='ltr'><strong>de</strong></span> <span class='ocrx_word' id='word_1_406' title='bbox 3578 2539 3671 2594; x_wconf 83' lang='lat' dir='ltr'><strong>pu-</strong></span> 
     </span>
    </p>
   </div>
   <div class='ocr_carea' id='block_1_55' title="bbox 2102 2615 3671 2691">
    <p class='ocr_par' dir='ltr' id='par_1_55' title="bbox 2102 2615 3671 2691">
     <span class='ocr_line' id='line_1_55' title="bbox 2102 2615 3671 2691; baseline -0.013 -4"><span class='ocrx_word' id='word_1_407' title='bbox 2102 2642 2310 2687; x_wconf 91' lang='lat' dir='ltr'><strong>teornm</strong></span> <span class='ocrx_word' id='word_1_408' title='bbox 2336 2637 2554 2683; x_wconf 88' lang='lat' dir='ltr'><strong>tuorum</strong></span> <span class='ocrx_word' id='word_1_409' title='bbox 2584 2626 2755 2691; x_wconf 80' lang='lat' dir='ltr'><strong>fonte,</strong></span> <span class='ocrx_word' id='word_1_410' title='bbox 2782 2633 2837 2680; x_wconf 89' lang='lat' dir='ltr'><strong>et</strong></span> <span class='ocrx_word' id='word_1_411' title='bbox 2876 2639 2980 2679; x_wconf 93' lang='lat' dir='ltr'><strong>non</strong></span> <span class='ocrx_word' id='word_1_412' title='bbox 3013 2619 3527 2691; x_wconf 84' lang='lat' dir='ltr'><strong>supereli&#39;undantur</strong></span> <span class='ocrx_word' id='word_1_413' title='bbox 3556 2615 3671 2683; x_wconf 73' lang='grc'><strong>(27)</strong></span> 
     </span>
    </p>
   </div>
   <div class='ocr_carea' id='block_1_56' title="bbox 2102 2704 3673 2790">
    <p class='ocr_par' dir='ltr' id='par_1_56' title="bbox 2102 2704 3673 2790">
     <span class='ocr_line' id='line_1_56' title="bbox 2102 2704 3673 2790; baseline -0.013 -12"><span class='ocrx_word' id='word_1_414' title='bbox 2102 2723 2197 2778; x_wconf 89' lang='lat' dir='ltr'><strong>tibi</strong></span> <span class='ocrx_word' id='word_1_415' title='bbox 2240 2734 2393 2790; x_wconf 68' lang='lat' dir='ltr'><strong>aqua:</strong></span> <span class='ocrx_word' id='word_1_416' title='bbox 2414 2726 2576 2775; x_wconf 75' lang='lat' dir='ltr'><strong>extra</strong></span> <span class='ocrx_word' id='word_1_417' title='bbox 2603 2725 2759 2771; x_wconf 92' lang='lat' dir='ltr'><strong>tuum</strong></span> <span class='ocrx_word' id='word_1_418' title='bbox 2790 2713 3021 2770; x_wconf 77' lang='lat' dir='ltr'><strong>fontem.</strong></span> <span class='ocrx_word' id='word_1_419' title='bbox 3054 2730 3075 2764; x_wconf 77' lang='grc' dir='ltr'><strong>ι</strong></span> <span class='ocrx_word' id='word_1_420' title='bbox 3127 2709 3388 2776; x_wconf 84' lang='lat' dir='ltr'><strong>Quamvis</strong></span> <span class='ocrx_word' id='word_1_421' title='bbox 3434 2707 3489 2761; x_wconf 87' lang='lat' dir='ltr'><strong>in</strong></span> <span class='ocrx_word' id='word_1_422' title='bbox 3550 2704 3673 2759; x_wconf 86' lang='lat' dir='ltr'><strong>aliis</strong></span> 
     </span>
    </p>
   </div>
   <div class='ocr_carea' id='block_1_57' title="bbox 2101 2797 3673 2883">
    <p class='ocr_par' dir='ltr' id='par_1_57' title="bbox 2101 2797 3673 2883">
     <span class='ocr_line' id='line_1_57' title="bbox 2101 2797 3673 2883; baseline -0.014 -13"><span class='ocrx_word' id='word_1_423' title='bbox 2101 2811 2504 2883; x_wconf 83' lang='lat' dir='ltr'><strong>exemplaribus</strong></span> <span class='ocrx_word' id='word_1_424' title='bbox 2526 2809 2819 2880; x_wconf 78' lang='lat' dir='ltr'><strong>legerimus</strong></span> <span class='ocrx_word' id='word_1_425' title='bbox 2845 2823 2860 2862; x_wconf 91' lang='lat'><strong>:</strong></span> <span class='ocrx_word' id='word_1_426' title='bbox 2894 2806 2991 2861; x_wconf 71' lang='lat' dir='ltr'><strong>«Et</strong></span> <span class='ocrx_word' id='word_1_427' title='bbox 3008 2802 3360 2861; x_wconf 76' lang='lat' dir='ltr'><strong>eliundantnr</strong></span> <span class='ocrx_word' id='word_1_428' title='bbox 3392 2797 3487 2853; x_wconf 89' lang='lat' dir='ltr'><strong>tibi</strong></span> <span class='ocrx_word' id='word_1_429' title='bbox 3515 2809 3673 2866; x_wconf 72' lang='lat' dir='ltr'><strong>aqua:</strong></span> 
     </span>
    </p>
   </div>
   <div class='ocr_carea' id='block_1_58' title="bbox 2101 2887 3676 2968">
    <p class='ocr_par' dir='ltr' id='par_1_58' title="bbox 2101 2887 3676 2968">
     <span class='ocr_line' id='line_1_58' title="bbox 2101 2887 3676 2968; baseline -0.015 -5"><span class='ocrx_word' id='word_1_430' title='bbox 2101 2915 2256 2965; x_wconf 81' lang='lat' dir='ltr'><strong>extra</strong></span> <span class='ocrx_word' id='word_1_431' title='bbox 2280 2914 2430 2960; x_wconf 89' lang='lat' dir='ltr'><strong>tuum</strong></span> <span class='ocrx_word' id='word_1_432' title='bbox 2458 2902 2684 2958; x_wconf 78' lang='lat' dir='ltr'><strong>fontem.</strong></span> <span class='ocrx_word' id='word_1_433' title='bbox 2722 2918 2743 2953; x_wconf 75' lang='grc' dir='ltr'><strong>ι</strong></span> <span class='ocrx_word' id='word_1_434' title='bbox 2786 2899 2953 2968; x_wconf 67' lang='lat' dir='ltr'><strong>Aquae</strong></span> <span class='ocrx_word' id='word_1_435' title='bbox 3002 2906 3108 2951; x_wconf 71' lang='lat' dir='ltr'><strong>tua:</strong></span> <span class='ocrx_word' id='word_1_436' title='bbox 3158 2892 3266 2949; x_wconf 82' lang='lat' dir='ltr'><strong>sint</strong></span> <span class='ocrx_word' id='word_1_437' title='bbox 3306 2890 3400 2945; x_wconf 91' lang='lat' dir='ltr'><strong>tibi</strong></span> <span class='ocrx_word' id='word_1_438' title='bbox 3454 2887 3575 2951; x_wconf 91' lang='lat' dir='ltr'><strong>soli,</strong></span> <span class='ocrx_word' id='word_1_439' title='bbox 3618 2899 3676 2939; x_wconf 81' lang='lat' dir='ltr'><strong>et</strong></span> 
     </span>
    </p>
   </div>
   <div class='ocr_carea' id='block_1_59' title="bbox 2104 2975 3677 3063">
    <p class='ocr_par' dir='ltr' id='par_1_59' title="bbox 2104 2975 3677 3063">
     <span class='ocr_line' id='line_1_59' title="bbox 2104 2975 3677 3063; baseline -0.016 -10"><span class='ocrx_word' id='word_1_440' title='bbox 2104 3011 2265 3053; x_wconf 90' lang='lat' dir='ltr'><strong>nemo</strong></span> <span class='ocrx_word' id='word_1_441' title='bbox 2285 2994 2495 3051; x_wconf 86' lang='lat' dir='ltr'><strong>alienus</strong></span> <span class='ocrx_word' id='word_1_442' title='bbox 2520 2989 2809 3063; x_wconf 89' lang='lat' dir='ltr'><strong>participet</strong></span> <span class='ocrx_word' id='word_1_443' title='bbox 2836 3003 2905 3044; x_wconf 81' lang='lat' dir='ltr'><strong>ex</strong></span> <span class='ocrx_word' id='word_1_444' title='bbox 2940 2987 3041 3063; x_wconf 84' lang='lat' dir='ltr'><strong>eis.</strong></span> <span class='ocrx_word' id='word_1_445' title='bbox 3068 2984 3244 3039; x_wconf 85' lang='lat' dir='ltr'><strong>Habet</strong></span> <span class='ocrx_word' id='word_1_446' title='bbox 3268 2996 3395 3051; x_wconf 89' lang='lat' dir='ltr'><strong>ergo</strong></span> <span class='ocrx_word' id='word_1_447' title='bbox 3420 2979 3501 3049; x_wconf 91' lang='lat' dir='ltr'><strong>(ut</strong></span> <span class='ocrx_word' id='word_1_448' title='bbox 3529 2977 3581 3030; x_wconf 92' lang='lat' dir='ltr'><strong>in</strong></span> <span class='ocrx_word' id='word_1_449' title='bbox 3610 2975 3677 3029; x_wconf 91' lang='lat' dir='ltr'><strong>iis</strong></span> 
     </span>
    </p>
   </div>
   <div class='ocr_carea' id='block_1_60' title="bbox 2104 3061 3676 3159">
    <p class='ocr_par' dir='ltr' id='par_1_60' title="bbox 2104 3061 3676 3159">
     <span class='ocr_line' id='line_1_60' title="bbox 2104 3061 3676 3159; baseline -0.018 -13"><span class='ocrx_word' id='word_1_450' title='bbox 2104 3085 2446 3159; x_wconf 83' lang='lat' dir='ltr'><strong>designatur)</strong></span> <span class='ocrx_word' id='word_1_451' title='bbox 2476 3061 2853 3153; x_wconf 77' lang='lat' dir='ltr'><strong>unusquisque</strong></span> <span class='ocrx_word' id='word_1_452' title='bbox 2873 3061 3120 3134; x_wconf 74' lang='lat' dir='ltr'><strong>nostrum</strong></span> <span class='ocrx_word' id='word_1_453' title='bbox 3151 3075 3207 3129; x_wconf 93' lang='lat' dir='ltr'><strong>in</strong></span> <span class='ocrx_word' id='word_1_454' title='bbox 3233 3071 3524 3140; x_wconf 87' lang='lat' dir='ltr'><strong>semetipso</strong></span> <span class='ocrx_word' id='word_1_455' title='bbox 3576 3082 3676 3136; x_wconf 88' lang='lat' dir='ltr'><strong>pu-</strong></span> 
     </span>
    </p>
   </div>
   <div class='ocr_carea' id='block_1_61' title="bbox 424 3159 2000 3265">
    <p class='ocr_par' dir='ltr' id='par_1_61' title="bbox 424 3176 1996 3265">
     <span class='ocr_line' id='line_1_61' title="bbox 424 3176 1996 3265; baseline -0.012 -17"><span class='ocrx_word' id='word_1_456' title='bbox 424 3207 515 3265; x_wconf 89' lang='lat' dir='ltr'><strong>pcr</strong></span> <span class='ocrx_word' id='word_1_457' title='bbox 532 3188 843 3263; x_wconf 82' lang='lat' dir='ltr'><strong>pontiﬁcem</strong></span> <span class='ocrx_word' id='word_1_458' title='bbox 864 3184 1183 3249; x_wconf 83' lang='lat' dir='ltr'><strong>ollcrentur,</strong></span> <span class='ocrx_word' id='word_1_459' title='bbox 1200 3184 1243 3237; x_wconf 89' lang='lat' dir='ltr'><strong>si</strong></span> <span class='ocrx_word' id='word_1_460' title='bbox 1265 3195 1368 3237; x_wconf 91' lang='lat' dir='ltr'><strong>non</strong></span> <span class='ocrx_word' id='word_1_461' title='bbox 1381 3178 1553 3235; x_wconf 86' lang='lat' dir='ltr'><strong>solum</strong></span> <span class='ocrx_word' id='word_1_462' title='bbox 1570 3176 1749 3233; x_wconf 89' lang='lat' dir='ltr'><strong>verbis</strong></span> <span class='ocrx_word' id='word_1_463' title='bbox 1766 3184 1822 3231; x_wconf 89' lang='lat' dir='ltr'><strong>et</strong></span> <span class='ocrx_word' id='word_1_464' title='bbox 1843 3187 1996 3241; x_wconf 87' lang='lat' dir='ltr'><strong>voce,</strong></span> 
     </span>
    </p>
   </div>
   <div class='ocr_carea' id='block_1_62' title="bbox 2107 3159 3678 3265">
    <p class='ocr_par' dir='ltr' id='par_1_62' title="bbox 2107 3159 3678 3245">
     <span class='ocr_line' id='line_1_62' title="bbox 2107 3159 3678 3245; baseline -0.017 -7"><span class='ocrx_word' id='word_1_465' title='bbox 2107 3192 2275 3239; x_wconf 88' lang='lat' dir='ltr'><strong>tcum.</strong></span> <span class='ocrx_word' id='word_1_466' title='bbox 2306 3179 2418 3234; x_wconf 89' lang='lat' dir='ltr'><strong>lmo</strong></span> <span class='ocrx_word' id='word_1_467' title='bbox 2443 3185 2498 3233; x_wconf 88' lang='lat' dir='ltr'><strong>et</strong></span> <span class='ocrx_word' id='word_1_468' title='bbox 2520 3173 2723 3245; x_wconf 90' lang='lat' dir='ltr'><strong>aliquid</strong></span> <span class='ocrx_word' id='word_1_469' title='bbox 2744 3170 2975 3241; x_wconf 89' lang='lat' dir='ltr'><strong>amplius</strong></span> <span class='ocrx_word' id='word_1_470' title='bbox 3000 3168 3261 3230; x_wconf 87' lang='lat' dir='ltr'><strong>dicemus,</strong></span> <span class='ocrx_word' id='word_1_471' title='bbox 3307 3159 3678 3231; x_wconf 79' lang='lat' dir='ltr'><strong>unusquisque</strong></span> 
     </span>
    </p>
   </div>
   <div class='ocr_carea' id='block_1_63' title="bbox 424 3263 1996 3340">
    <p class='ocr_par' dir='ltr' id='par_1_63' title="bbox 424 3263 1996 3340">
     <span class='ocr_line' id='line_1_63' title="bbox 424 3263 1996 3340; baseline -0.015 0"><span class='ocrx_word' id='word_1_472' title='bbox 424 3263 515 3340; x_wconf 85' lang='lat' dir='ltr'><strong>sed</strong></span> <span class='ocrx_word' id='word_1_473' title='bbox 541 3293 595 3338; x_wconf 90' lang='lat' dir='ltr'><strong>et</strong></span> <span class='ocrx_word' id='word_1_474' title='bbox 625 3287 813 3336; x_wconf 90' lang='lat' dir='ltr'><strong>mente</strong></span> <span class='ocrx_word' id='word_1_475' title='bbox 833 3289 1053 3332; x_wconf 91' lang='lat' dir='ltr'><strong>oremus</strong></span> <span class='ocrx_word' id='word_1_476' title='bbox 1081 3281 1136 3328; x_wconf 86' lang='lat' dir='ltr'><strong>et</strong></span> <span class='ocrx_word' id='word_1_477' title='bbox 1161 3273 1346 3335; x_wconf 77' lang='lat' dir='ltr'><strong>corde,</strong></span> <span class='ocrx_word' id='word_1_478' title='bbox 1374 3267 1673 3326; x_wconf 87' lang='lat' dir='ltr'><strong>secundum</strong></span> <span class='ocrx_word' id='word_1_479' title='bbox 1690 3266 1832 3336; x_wconf 91' lang='lat' dir='ltr'><strong>quod</strong></span> <span class='ocrx_word' id='word_1_480' title='bbox 1851 3274 1906 3320; x_wconf 91' lang='lat' dir='ltr'><strong>et</strong></span> <span class='ocrx_word' id='word_1_481' title='bbox 1925 3263 1996 3317; x_wconf 86' lang='lat' dir='ltr'><strong>A-</strong></span> 
     </span>
    </p>
   </div>
   <div class='ocr_carea' id='block_1_64' title="bbox 427 3358 1995 3447">
    <p class='ocr_par' dir='ltr' id='par_1_64' title="bbox 427 3358 1995 3447">
     <span class='ocr_line' id='line_1_64' title="bbox 427 3358 1995 3447; baseline -0.013 -20"><span class='ocrx_word' id='word_1_482' title='bbox 427 3375 669 3447; x_wconf 85' lang='lat' dir='ltr'><strong>postolus</strong></span> <span class='ocrx_word' id='word_1_483' title='bbox 696 3368 928 3427; x_wconf 79' lang='lat' dir='ltr'><strong>monet&quot;</strong></span> <span class='ocrx_word' id='word_1_484' title='bbox 960 3386 973 3422; x_wconf 87' lang='lat'><strong>:</strong></span> <span class='ocrx_word' id='word_1_485' title='bbox 1001 3363 1211 3421; x_wconf 68' lang='lat' dir='ltr'><strong>«Orabo</strong></span> <span class='ocrx_word' id='word_1_486' title='bbox 1238 3362 1458 3432; x_wconf 88' lang='lat' dir='ltr'><strong>spiritu,</strong></span> <span class='ocrx_word' id='word_1_487' title='bbox 1484 3358 1653 3415; x_wconf 89' lang='lat' dir='ltr'><strong>orabo</strong></span> <span class='ocrx_word' id='word_1_488' title='bbox 1680 3365 1735 3412; x_wconf 93' lang='lat' dir='ltr'><strong>et</strong></span> <span class='ocrx_word' id='word_1_489' title='bbox 1772 3363 1955 3411; x_wconf 89' lang='lat' dir='ltr'><strong>mente</strong></span> <span class='ocrx_word' id='word_1_490' title='bbox 1981 3371 1995 3407; x_wconf 86' lang='lat'><strong>:</strong></span> 
     </span>
    </p>
   </div>
   <div class='ocr_carea' id='block_1_65' title="bbox 431 3451 1989 3538">
    <p class='ocr_par' dir='ltr' id='par_1_65' title="bbox 431 3451 1989 3538">
     <span class='ocr_line' id='line_1_65' title="bbox 431 3451 1989 3538; baseline -0.019 -15"><span class='ocrx_word' id='word_1_491' title='bbox 431 3469 696 3538; x_wconf 77' lang='lat' dir='ltr'><strong>j-salmnm</strong></span> <span class='ocrx_word' id='word_1_492' title='bbox 734 3464 909 3520; x_wconf 88' lang='lat' dir='ltr'><strong>dicam</strong></span> <span class='ocrx_word' id='word_1_493' title='bbox 932 3460 1148 3532; x_wconf 85' lang='lat' dir='ltr'><strong>spiritu,</strong></span> <span class='ocrx_word' id='word_1_494' title='bbox 1193 3455 1460 3527; x_wconf 88' lang='lat' dir='ltr'><strong>psalmum</strong></span> <span class='ocrx_word' id='word_1_495' title='bbox 1485 3452 1668 3507; x_wconf 91' lang='lat' dir='ltr'><strong>dicam</strong></span> <span class='ocrx_word' id='word_1_496' title='bbox 1693 3451 1989 3503; x_wconf 66' lang='lat' dir='ltr'><strong>etmente.»</strong></span> 
     </span>
    </p>
   </div>
   <div class='ocr_carea' id='block_1_66' title="bbox 429 3535 2004 3616">
    <p class='ocr_par' dir='ltr' id='par_1_66' title="bbox 429 3535 2004 3616">
     <span class='ocr_line' id='line_1_66' title="bbox 429 3535 2004 3616; baseline -0.017 -2"><span class='ocrx_word' id='word_1_497' title='bbox 429 3535 705 3614; x_wconf 62' lang='lat' dir='ltr'><strong>itssistunt</strong></span> <span class='ocrx_word' id='word_1_498' title='bbox 728 3555 870 3611; x_wconf 91' lang='lat' dir='ltr'><strong>enim</strong></span> <span class='ocrx_word' id='word_1_499' title='bbox 906 3563 959 3607; x_wconf 93' lang='lat' dir='ltr'><strong>ct</strong></span> <span class='ocrx_word' id='word_1_500' title='bbox 993 3563 1136 3604; x_wconf 89' lang='lat' dir='ltr'><strong>nunc</strong></span> <span class='ocrx_word' id='word_1_501' title='bbox 1169 3546 1346 3616; x_wconf 86' lang='lat' dir='ltr'><strong>angeli</strong></span> <span class='ocrx_word' id='word_1_502' title='bbox 1382 3543 1475 3598; x_wconf 90' lang='lat' dir='ltr'><strong>Dei</strong></span> <span class='ocrx_word' id='word_1_503' title='bbox 1506 3540 1743 3597; x_wconf 90' lang='lat' dir='ltr'><strong>cultores</strong></span> <span class='ocrx_word' id='word_1_504' title='bbox 1771 3546 1826 3593; x_wconf 91' lang='lat' dir='ltr'><strong>et</strong></span> <span class='ocrx_word' id='word_1_505' title='bbox 1861 3535 2004 3605; x_wconf 90' lang='lat' dir='ltr'><strong>agri-</strong></span> 
     </span>
    </p>
   </div>
   <div class='ocr_carea' id='block_1_67' title="bbox 432 3630 2004 3710">
    <p class='ocr_par' dir='ltr' id='par_1_67' title="bbox 432 3630 2004 3710">
     <span class='ocr_line' id='line_1_67' title="bbox 432 3630 2004 3710; baseline -0.017 -3"><span class='ocrx_word' id='word_1_506' title='bbox 432 3655 559 3707; x_wconf 70' lang='lat' dir='ltr'><strong>colae</strong></span> <span class='ocrx_word' id='word_1_507' title='bbox 615 3649 794 3705; x_wconf 88' lang='lat' dir='ltr'><strong>cordis</strong></span> <span class='ocrx_word' id='word_1_508' title='bbox 830 3647 1023 3710; x_wconf 91' lang='lat' dir='ltr'><strong>nostri,</strong></span> <span class='ocrx_word' id='word_1_509' title='bbox 1053 3653 1106 3699; x_wconf 91' lang='lat' dir='ltr'><strong>et</strong></span> <span class='ocrx_word' id='word_1_510' title='bbox 1131 3640 1414 3710; x_wconf 91' lang='lat' dir='ltr'><strong>requirunt</strong></span> <span class='ocrx_word' id='word_1_511' title='bbox 1437 3635 1481 3690; x_wconf 90' lang='lat' dir='ltr'><strong>si</strong></span> <span class='ocrx_word' id='word_1_512' title='bbox 1507 3642 1592 3689; x_wconf 91' lang='lat' dir='ltr'><strong>est</strong></span> <span class='ocrx_word' id='word_1_513' title='bbox 1622 3632 1675 3686; x_wconf 93' lang='lat' dir='ltr'><strong>in</strong></span> <span class='ocrx_word' id='word_1_514' title='bbox 1702 3630 1882 3699; x_wconf 89' lang='lat' dir='ltr'><strong>aliquo</strong></span> <span class='ocrx_word' id='word_1_515' title='bbox 1907 3641 2004 3681; x_wconf 86' lang='lat' dir='ltr'><strong>no-</strong></span> 
     </span>
    </p>
   </div>
   <div class='ocr_carea' id='block_1_68' title="bbox 432 3720 2003 3808">
    <p class='ocr_par' dir='ltr' id='par_1_68' title="bbox 432 3720 2003 3808">
     <span class='ocr_line' id='line_1_68' title="bbox 432 3720 2003 3808; baseline -0.017 -11"><span class='ocrx_word' id='word_1_516' title='bbox 432 3755 606 3798; x_wconf 86' lang='lat' dir='ltr'><strong>strum</strong></span> <span class='ocrx_word' id='word_1_517' title='bbox 641 3735 1013 3808; x_wconf 81' lang='lat' dir='ltr'><strong>hujuscemodi</strong></span> <span class='ocrx_word' id='word_1_518' title='bbox 1036 3748 1190 3788; x_wconf 90' lang='lat' dir='ltr'><strong>mens</strong></span> <span class='ocrx_word' id='word_1_519' title='bbox 1211 3725 1588 3787; x_wconf 89' lang='lat' dir='ltr'><strong>tamsollicita,</strong></span> <span class='ocrx_word' id='word_1_520' title='bbox 1626 3732 1735 3776; x_wconf 91' lang='lat' dir='ltr'><strong>tam</strong></span> <span class='ocrx_word' id='word_1_521' title='bbox 1772 3720 2003 3780; x_wconf 89' lang='lat' dir='ltr'><strong>intenta,</strong></span> 
     </span>
    </p>
   </div>
   <div class='ocr_carea' id='block_1_69' title="bbox 434 3807 2010 3904">
    <p class='ocr_par' dir='ltr' id='par_1_69' title="bbox 434 3807 2010 3904">
     <span class='ocr_line' id='line_1_69' title="bbox 434 3807 2010 3904; baseline -0.016 -18"><span class='ocrx_word' id='word_1_522' title='bbox 434 3849 551 3904; x_wconf 71' lang='lat' dir='ltr'><strong>quae</strong></span> <span class='ocrx_word' id='word_1_523' title='bbox 570 3807 793 3886; x_wconf 80' lang='lat' dir='ltr'><strong>verbum</strong></span> <span class='ocrx_word' id='word_1_524' title='bbox 814 3828 905 3882; x_wconf 88' lang='lat' dir='ltr'><strong>Dei</strong></span> <span class='ocrx_word' id='word_1_525' title='bbox 928 3837 1182 3893; x_wconf 85' lang='lat' dir='ltr'><strong>tanquam</strong></span> <span class='ocrx_word' id='word_1_526' title='bbox 1214 3832 1396 3875; x_wconf 90' lang='lat' dir='ltr'><strong>semen</strong></span> <span class='ocrx_word' id='word_1_527' title='bbox 1427 3815 1668 3869; x_wconf 89' lang='lat' dir='ltr'><strong>divinum</strong></span> <span class='ocrx_word' id='word_1_528' title='bbox 1701 3820 1810 3865; x_wconf 85' lang='lat' dir='ltr'><strong>leta</strong></span> <span class='ocrx_word' id='word_1_529' title='bbox 1838 3807 2010 3863; x_wconf 86' lang='lat' dir='ltr'><strong>avidi-</strong></span> 
     </span>
    </p>
   </div>
   <div class='ocr_carea' id='block_1_70' title="bbox 437 3903 2009 3990">
    <p class='ocr_par' dir='ltr' id='par_1_70' title="bbox 437 3903 2009 3990">
     <span class='ocr_line' id='line_1_70' title="bbox 437 3903 2009 3990; baseline -0.016 -11"><span class='ocrx_word' id='word_1_530' title='bbox 437 3903 545 3980; x_wconf 80' lang='lat' dir='ltr'><strong>tate</strong></span> <span class='ocrx_word' id='word_1_531' title='bbox 593 3921 892 3990; x_wconf 80' lang='lat' dir='ltr'><strong>susceperit</strong></span> <span class='ocrx_word' id='word_1_532' title='bbox 923 3959 935 3979; x_wconf 89' lang='lat'><strong>.</strong></span> <span class='ocrx_word' id='word_1_533' title='bbox 970 3918 1014 3972; x_wconf 87' lang='lat' dir='ltr'><strong>si</strong></span> <span class='ocrx_word' id='word_1_534' title='bbox 1050 3916 1283 3969; x_wconf 76' lang='lat' dir='ltr'><strong>fructum</strong></span> <span class='ocrx_word' id='word_1_535' title='bbox 1310 3911 1491 3964; x_wconf 89' lang='lat' dir='ltr'><strong>statim</strong></span> <span class='ocrx_word' id='word_1_536' title='bbox 1522 3915 1581 3961; x_wconf 93' lang='lat' dir='ltr'><strong>ut</strong></span> <span class='ocrx_word' id='word_1_537' title='bbox 1610 3906 1678 3959; x_wconf 91' lang='lat' dir='ltr'><strong>ad</strong></span> <span class='ocrx_word' id='word_1_538' title='bbox 1703 3903 2009 3958; x_wconf 90' lang='lat' dir='ltr'><strong>orationem</strong></span> 
     </span>
    </p>
   </div>
   <div class='ocr_carea' id='block_1_71' title="bbox 436 3999 2007 4088">
    <p class='ocr_par' dir='ltr' id='par_1_71' title="bbox 436 3999 2007 4088">
     <span class='ocr_line' id='line_1_71' title="bbox 436 3999 2007 4088; baseline -0.018 -15"><span class='ocrx_word' id='word_1_539' title='bbox 436 4018 708 4088; x_wconf 78' lang='lat' dir='ltr'><strong>surgimus</strong></span> <span class='ocrx_word' id='word_1_540' title='bbox 736 4008 1064 4071; x_wconf 88' lang='lat' dir='ltr'><strong>ostenderit,</strong></span> <span class='ocrx_word' id='word_1_541' title='bbox 1089 4007 1140 4060; x_wconf 91' lang='lat' dir='ltr'><strong>id</strong></span> <span class='ocrx_word' id='word_1_542' title='bbox 1170 4014 1271 4067; x_wconf 90' lang='lat' dir='ltr'><strong>est,</strong></span> <span class='ocrx_word' id='word_1_543' title='bbox 1291 4002 1335 4057; x_wconf 91' lang='lat' dir='ltr'><strong>si</strong></span> <span class='ocrx_word' id='word_1_544' title='bbox 1355 3999 1596 4057; x_wconf 89' lang='lat' dir='ltr'><strong>collectis</strong></span> <span class='ocrx_word' id='word_1_545' title='bbox 1615 4005 1671 4053; x_wconf 90' lang='lat' dir='ltr'><strong>et</strong></span> <span class='ocrx_word' id='word_1_546' title='bbox 1705 4007 2007 4065; x_wconf 82' lang='lat' dir='ltr'><strong>congrega-</strong></span> 
     </span>
    </p>
   </div>
   <div class='ocr_carea' id='block_1_72' title="bbox 438 4090 2012 4164">
    <p class='ocr_par' dir='ltr' id='par_1_72' title="bbox 438 4090 2012 4164">
     <span class='ocr_line' id='line_1_72' title="bbox 438 4090 2012 4164; baseline -0.018 0"><span class='ocrx_word' id='word_1_547' title='bbox 438 4111 671 4164; x_wconf 81' lang='lat' dir='ltr'><strong>tisintra</strong></span> <span class='ocrx_word' id='word_1_548' title='bbox 716 4118 773 4160; x_wconf 90' lang='lat' dir='ltr'><strong>se</strong></span> <span class='ocrx_word' id='word_1_549' title='bbox 795 4100 1046 4159; x_wconf 89' lang='lat' dir='ltr'><strong>sensibus</strong></span> <span class='ocrx_word' id='word_1_550' title='bbox 1078 4104 1199 4151; x_wconf 87' lang='lat' dir='ltr'><strong>oret</strong></span> <span class='ocrx_word' id='word_1_551' title='bbox 1249 4092 1435 4159; x_wconf 87' lang='lat' dir='ltr'><strong>Deum;</strong></span> <span class='ocrx_word' id='word_1_552' title='bbox 1497 4090 1543 4145; x_wconf 92' lang='lat' dir='ltr'><strong>si</strong></span> <span class='ocrx_word' id='word_1_553' title='bbox 1590 4103 1697 4143; x_wconf 93' lang='lat' dir='ltr'><strong>non</strong></span> <span class='ocrx_word' id='word_1_554' title='bbox 1752 4092 2012 4154; x_wconf 86' lang='lat' dir='ltr'><strong>evagetur</strong></span> 
     </span>
    </p>
   </div>
   <div class='ocr_carea' id='block_1_73' title="bbox 439 4175 2011 4264">
    <p class='ocr_par' dir='ltr' id='par_1_73' title="bbox 439 4175 2011 4264">
     <span class='ocr_line' id='line_1_73' title="bbox 439 4175 2011 4264; baseline -0.019 -7"><span class='ocrx_word' id='word_1_555' title='bbox 439 4211 639 4262; x_wconf 83' lang='lat' dir='ltr'><strong>mente,</strong></span> <span class='ocrx_word' id='word_1_556' title='bbox 667 4207 722 4253; x_wconf 92' lang='lat' dir='ltr'><strong>ct</strong></span> <span class='ocrx_word' id='word_1_557' title='bbox 757 4188 1178 4264; x_wconf 86' lang='lat' dir='ltr'><strong>cogitationibus</strong></span> <span class='ocrx_word' id='word_1_558' title='bbox 1207 4184 1401 4249; x_wconf 88' lang='lat' dir='ltr'><strong>cvolet,</strong></span> <span class='ocrx_word' id='word_1_559' title='bbox 1448 4182 1519 4236; x_wconf 87' lang='lat' dir='ltr'><strong>ita</strong></span> <span class='ocrx_word' id='word_1_560' title='bbox 1550 4188 1608 4234; x_wconf 92' lang='lat' dir='ltr'><strong>ut</strong></span> <span class='ocrx_word' id='word_1_561' title='bbox 1642 4189 1871 4248; x_wconf 88' lang='lat' dir='ltr'><strong>corpore</strong></span> <span class='ocrx_word' id='word_1_562' title='bbox 1895 4175 2011 4243; x_wconf 86' lang='lat' dir='ltr'><strong>qni—</strong></span> 
     </span>
    </p>
   </div>
   <div class='ocr_carea' id='block_1_74' title="bbox 441 4266 2013 4348">
    <p class='ocr_par' dir='ltr' id='par_1_74' title="bbox 441 4266 2013 4348">
     <span class='ocr_line' id='line_1_74' title="bbox 441 4266 2013 4348; baseline -0.018 -1"><span class='ocrx_word' id='word_1_563' title='bbox 441 4296 560 4348; x_wconf 88' lang='lat' dir='ltr'><strong>dcm</strong></span> <span class='ocrx_word' id='word_1_564' title='bbox 595 4292 645 4343; x_wconf 87' lang='lat' dir='ltr'><strong>in</strong></span> <span class='ocrx_word' id='word_1_565' title='bbox 677 4286 925 4343; x_wconf 90' lang='lat' dir='ltr'><strong>oratione</strong></span> <span class='ocrx_word' id='word_1_566' title='bbox 949 4288 1226 4341; x_wconf 78' lang='lat' dir='ltr'><strong>curvetur,</strong></span> <span class='ocrx_word' id='word_1_567' title='bbox 1260 4274 1512 4332; x_wconf 90' lang='lat' dir='ltr'><strong>sensibus</strong></span> <span class='ocrx_word' id='word_1_568' title='bbox 1543 4279 1727 4326; x_wconf 90' lang='lat' dir='ltr'><strong>autem</strong></span> <span class='ocrx_word' id='word_1_569' title='bbox 1784 4281 1882 4337; x_wconf 87' lang='lat' dir='ltr'><strong>per</strong></span> <span class='ocrx_word' id='word_1_570' title='bbox 1930 4266 2013 4320; x_wconf 92' lang='lat' dir='ltr'><strong>di-</strong></span> 
     </span>
    </p>
   </div>
   <div class='ocr_carea' id='block_1_75' title="bbox 444 4352 2013 4441">
    <p class='ocr_par' dir='ltr' id='par_1_75' title="bbox 444 4352 2013 4441">
     <span class='ocr_line' id='line_1_75' title="bbox 444 4352 2013 4441; baseline -0.018 -8"><span class='ocrx_word' id='word_1_571' title='bbox 444 4396 596 4437; x_wconf 77' lang='lat' dir='ltr'><strong>versa</strong></span> <span class='ocrx_word' id='word_1_572' title='bbox 639 4380 927 4433; x_wconf 87' lang='lat' dir='ltr'><strong>discurrat.</strong></span> <span class='ocrx_word' id='word_1_573' title='bbox 955 4372 1012 4428; x_wconf 87' lang='lat' dir='ltr'><strong>Si</strong></span> <span class='ocrx_word' id='word_1_574' title='bbox 1043 4370 1183 4441; x_wconf 91' lang='lat' dir='ltr'><strong>quis,</strong></span> <span class='ocrx_word' id='word_1_575' title='bbox 1233 4369 1455 4436; x_wconf 90' lang='lat' dir='ltr'><strong>inquam</strong></span> <span class='ocrx_word' id='word_1_576' title='bbox 1477 4403 1493 4428; x_wconf 96' lang='lat'><strong>,</strong></span> <span class='ocrx_word' id='word_1_577' title='bbox 1522 4362 1789 4417; x_wconf 89' lang='lat' dir='ltr'><strong>intentam</strong></span> <span class='ocrx_word' id='word_1_578' title='bbox 1840 4364 1895 4411; x_wconf 92' lang='lat' dir='ltr'><strong>et</strong></span> <span class='ocrx_word' id='word_1_579' title='bbox 1935 4352 2013 4408; x_wconf 86' lang='lat' dir='ltr'><strong>di-</strong></span> 
     </span>
    </p>
   </div>
   <div class='ocr_carea' id='block_1_76' title="bbox 445 4443 2012 4528">
    <p class='ocr_par' dir='ltr' id='par_1_76' title="bbox 445 4443 2012 4528">
     <span class='ocr_line' id='line_1_76' title="bbox 445 4443 2012 4528; baseline -0.02 0"><span class='ocrx_word' id='word_1_580' title='bbox 445 4483 651 4528; x_wconf 88' lang='lat' dir='ltr'><strong>rectam</strong></span> <span class='ocrx_word' id='word_1_581' title='bbox 690 4466 925 4525; x_wconf 89' lang='lat' dir='ltr'><strong>senserit</strong></span> <span class='ocrx_word' id='word_1_582' title='bbox 949 4460 1384 4520; x_wconf 87' lang='lat' dir='ltr'><strong>obsecrationem</strong></span> <span class='ocrx_word' id='word_1_583' title='bbox 1411 4467 1589 4519; x_wconf 86' lang='lat' dir='ltr'><strong>suam,</strong></span> <span class='ocrx_word' id='word_1_584' title='bbox 1618 4460 1674 4506; x_wconf 89' lang='lat' dir='ltr'><strong>et</strong></span> <span class='ocrx_word' id='word_1_585' title='bbox 1728 4447 1859 4518; x_wconf 91' lang='lat' dir='ltr'><strong>ipsis</strong></span> <span class='ocrx_word' id='word_1_586' title='bbox 1916 4443 2012 4498; x_wconf 88' lang='lat' dir='ltr'><strong>Dei</strong></span> 
     </span>
    </p>
   </div>
   <div class='ocr_carea' id='block_1_77' title="bbox 2102 3249 3677 3336">
    <p class='ocr_par' dir='ltr' id='par_1_77' title="bbox 2102 3249 3677 3336">
     <span class='ocr_line' id='line_1_77' title="bbox 2102 3249 3677 3336; baseline -0.019 -5"><span class='ocrx_word' id='word_1_587' title='bbox 2102 3281 2345 3331; x_wconf 89' lang='lat' dir='ltr'><strong>nostrum</strong></span> <span class='ocrx_word' id='word_1_588' title='bbox 2382 3270 2549 3326; x_wconf 87' lang='lat' dir='ltr'><strong>habet</strong></span> <span class='ocrx_word' id='word_1_589' title='bbox 2578 3282 2683 3322; x_wconf 92' lang='lat' dir='ltr'><strong>non</strong></span> <span class='ocrx_word' id='word_1_590' title='bbox 2712 3274 2936 3336; x_wconf 86' lang='lat' dir='ltr'><strong>puteum</strong></span> <span class='ocrx_word' id='word_1_591' title='bbox 2966 3274 3159 3325; x_wconf 91' lang='lat' dir='ltr'><strong>unum,</strong></span> <span class='ocrx_word' id='word_1_592' title='bbox 3187 3258 3281 3312; x_wconf 79' lang='lat' dir='ltr'><strong>sed</strong></span> <span class='ocrx_word' id='word_1_593' title='bbox 3305 3264 3498 3325; x_wconf 91' lang='lat' dir='ltr'><strong>puteos</strong></span> <span class='ocrx_word' id='word_1_594' title='bbox 3539 3249 3677 3305; x_wconf 85' lang='lat' dir='ltr'><strong>mul-</strong></span> 
     </span>
    </p>
   </div>
   <div class='ocr_carea' id='block_1_78' title="bbox 2103 3340 3677 3432">
    <p class='ocr_par' dir='ltr' id='par_1_78' title="bbox 2103 3340 3677 3432">
     <span class='ocr_line' id='line_1_78' title="bbox 2103 3340 3677 3432; baseline -0.019 -9"><span class='ocrx_word' id='word_1_595' title='bbox 2103 3377 2208 3432; x_wconf 89' lang='lat' dir='ltr'><strong>tos,</strong></span> <span class='ocrx_word' id='word_1_596' title='bbox 2236 3373 2425 3419; x_wconf 85' lang='lat' dir='ltr'><strong>etnon</strong></span> <span class='ocrx_word' id='word_1_597' title='bbox 2453 3372 2617 3415; x_wconf 90' lang='lat' dir='ltr'><strong>unum</strong></span> <span class='ocrx_word' id='word_1_598' title='bbox 2640 3370 2736 3410; x_wconf 89' lang='lat' dir='ltr'><strong>vas</strong></span> <span class='ocrx_word' id='word_1_599' title='bbox 2761 3367 2937 3423; x_wconf 63' lang='lat' dir='ltr'><strong>aquas,</strong></span> <span class='ocrx_word' id='word_1_600' title='bbox 2986 3350 3080 3406; x_wconf 90' lang='lat' dir='ltr'><strong>sed</strong></span> <span class='ocrx_word' id='word_1_601' title='bbox 3137 3362 3265 3401; x_wconf 84' lang='lat' dir='ltr'><strong>vasa</strong></span> <span class='ocrx_word' id='word_1_602' title='bbox 3316 3342 3505 3399; x_wconf 90' lang='lat' dir='ltr'><strong>multa.</strong></span> <span class='ocrx_word' id='word_1_603' title='bbox 3559 3340 3677 3395; x_wconf 85' lang='lat' dir='ltr'><strong>Non</strong></span> 
     </span>
    </p>
   </div>
   <div class='ocr_carea' id='block_1_79' title="bbox 2104 3431 3679 3516">
    <p class='ocr_par' dir='ltr' id='par_1_79' title="bbox 2104 3431 3679 3516">
     <span class='ocr_line' id='line_1_79' title="bbox 2104 3431 3679 3516; baseline -0.018 -4"><span class='ocrx_word' id='word_1_604' title='bbox 2104 3456 2248 3513; x_wconf 80' lang='lat' dir='ltr'><strong>enim</strong></span> <span class='ocrx_word' id='word_1_605' title='bbox 2274 3452 2434 3516; x_wconf 82' lang='lat' dir='ltr'><strong>dixit,</strong></span> <span class='ocrx_word' id='word_1_606' title='bbox 2469 3468 2488 3502; x_wconf 79' lang='grc' dir='ltr'><strong>ι</strong></span> <span class='ocrx_word' id='word_1_607' title='bbox 2522 3447 2645 3502; x_wconf 90' lang='lat' dir='ltr'><strong>bibe</strong></span> <span class='ocrx_word' id='word_1_608' title='bbox 2671 3458 2842 3514; x_wconf 85' lang='lat' dir='ltr'><strong>aquas</strong></span> <span class='ocrx_word' id='word_1_609' title='bbox 2870 3460 2888 3493; x_wconf 78' lang='grc' dir='ltr'><strong>ι</strong></span> <span class='ocrx_word' id='word_1_610' title='bbox 2917 3441 2985 3495; x_wconf 91' lang='lat' dir='ltr'><strong>de</strong></span> <span class='ocrx_word' id='word_1_611' title='bbox 3016 3449 3108 3493; x_wconf 93' lang='lat' dir='ltr'><strong>tuo</strong></span> <span class='ocrx_word' id='word_1_612' title='bbox 3130 3450 3279 3502; x_wconf 85' lang='lat' dir='ltr'><strong>vase,</strong></span> <span class='ocrx_word' id='word_1_613' title='bbox 3308 3434 3401 3489; x_wconf 91' lang='lat' dir='ltr'><strong>sed</strong></span> <span class='ocrx_word' id='word_1_614' title='bbox 3430 3450 3447 3483; x_wconf 78' lang='grc' dir='ltr'><strong>ι</strong></span> <span class='ocrx_word' id='word_1_615' title='bbox 3480 3432 3545 3486; x_wconf 91' lang='lat' dir='ltr'><strong>de</strong></span> <span class='ocrx_word' id='word_1_616' title='bbox 3574 3431 3679 3483; x_wconf 93' lang='lat' dir='ltr'><strong>tuis</strong></span> 
     </span>
    </p>
   </div>
   <div class='ocr_carea' id='block_1_80' title="bbox 2106 3520 3682 3601">
    <p class='ocr_par' dir='ltr' id='par_1_80' title="bbox 2106 3520 3682 3601">
     <span class='ocr_line' id='line_1_80' title="bbox 2106 3520 3682 3601; baseline -0.018 -1"><span class='ocrx_word' id='word_1_617' title='bbox 2106 3545 2282 3599; x_wconf 88' lang='lat' dir='ltr'><strong>vasis:</strong></span> <span class='ocrx_word' id='word_1_618' title='bbox 2317 3561 2335 3595; x_wconf 81' lang='grc' dir='ltr'><strong>ι</strong></span> <span class='ocrx_word' id='word_1_619' title='bbox 2364 3548 2420 3596; x_wconf 94' lang='lat' dir='ltr'><strong>et</strong></span> <span class='ocrx_word' id='word_1_620' title='bbox 2453 3552 2558 3592; x_wconf 92' lang='lat' dir='ltr'><strong>non</strong></span> <span class='ocrx_word' id='word_1_621' title='bbox 2584 3536 2741 3601; x_wconf 79' lang='lat' dir='ltr'><strong>dixit,</strong></span> <span class='ocrx_word' id='word_1_622' title='bbox 2773 3541 2825 3587; x_wconf 87' lang='lat' dir='ltr'><strong>et</strong></span> <span class='ocrx_word' id='word_1_623' title='bbox 2848 3529 2916 3583; x_wconf 88' lang='lat' dir='ltr'><strong>de</strong></span> <span class='ocrx_word' id='word_1_624' title='bbox 2940 3528 3084 3598; x_wconf 92' lang='lat' dir='ltr'><strong>putei</strong></span> <span class='ocrx_word' id='word_1_625' title='bbox 3106 3527 3182 3580; x_wconf 92' lang='lat' dir='ltr'><strong>tui</strong></span> <span class='ocrx_word' id='word_1_626' title='bbox 3213 3524 3387 3586; x_wconf 83' lang='lat' dir='ltr'><strong>fonte,</strong></span> <span class='ocrx_word' id='word_1_627' title='bbox 3417 3521 3509 3577; x_wconf 83' lang='lat' dir='ltr'><strong>sed</strong></span> <span class='ocrx_word' id='word_1_628' title='bbox 3547 3538 3565 3572; x_wconf 77' lang='grc' dir='ltr'><strong>ι</strong></span> <span class='ocrx_word' id='word_1_629' title='bbox 3616 3520 3682 3574; x_wconf 89' lang='lat' dir='ltr'><strong>de</strong></span> 
     </span>
    </p>
   </div>
   <div class='ocr_carea' id='block_1_81' title="bbox 2106 3614 3681 3707">
    <p class='ocr_par' dir='ltr' id='par_1_81' title="bbox 2106 3614 3681 3707">
     <span class='ocr_line' id='line_1_81' title="bbox 2106 3614 3681 3707; baseline -0.017 -16"><span class='ocrx_word' id='word_1_630' title='bbox 2106 3646 2394 3707; x_wconf 90' lang='lat' dir='ltr'><strong>puteorum</strong></span> <span class='ocrx_word' id='word_1_631' title='bbox 2420 3638 2633 3685; x_wconf 89' lang='lat' dir='ltr'><strong>tuorum</strong></span> <span class='ocrx_word' id='word_1_632' title='bbox 2677 3626 2847 3680; x_wconf 77' lang='lat' dir='ltr'><strong>fonte.</strong></span> <span class='ocrx_word' id='word_1_633' title='bbox 2886 3641 2905 3674; x_wconf 72' lang='grc' dir='ltr'><strong>ι</strong></span> <span class='ocrx_word' id='word_1_634' title='bbox 2952 3620 3203 3690; x_wconf 86' lang='lat' dir='ltr'><strong>Legimus</strong></span> <span class='ocrx_word' id='word_1_635' title='bbox 3229 3618 3276 3648; x_wconf 84' lang='lat'><strong>&quot;</strong></span> <span class='ocrx_word' id='word_1_636' title='bbox 3328 3614 3585 3671; x_wconf 90' lang='lat' dir='ltr'><strong>habuisse</strong></span> <span class='ocrx_word' id='word_1_637' title='bbox 3627 3619 3681 3665; x_wconf 89' lang='lat' dir='ltr'><strong>et</strong></span> 
     </span>
    </p>
   </div>
   <div class='ocr_carea' id='block_1_82' title="bbox 2106 3709 3683 3801">
    <p class='ocr_par' dir='ltr' id='par_1_82' title="bbox 2106 3709 3683 3801">
     <span class='ocr_line' id='line_1_82' title="bbox 2106 3709 3683 3801; baseline -0.018 -16"><span class='ocrx_word' id='word_1_638' title='bbox 2106 3728 2446 3801; x_wconf 86' lang='lat' dir='ltr'><strong>patriarchas</strong></span> <span class='ocrx_word' id='word_1_639' title='bbox 2496 3732 2736 3795; x_wconf 90' lang='lat' dir='ltr'><strong>puteos;</strong></span> <span class='ocrx_word' id='word_1_640' title='bbox 2789 3716 2979 3772; x_wconf 88' lang='lat' dir='ltr'><strong>habuit</strong></span> <span class='ocrx_word' id='word_1_641' title='bbox 3037 3712 3342 3773; x_wconf 85' lang='lat' dir='ltr'><strong>Abraham,</strong></span> <span class='ocrx_word' id='word_1_642' title='bbox 3387 3709 3574 3763; x_wconf 83' lang='lat' dir='ltr'><strong>habuit</strong></span> <span class='ocrx_word' id='word_1_643' title='bbox 3629 3713 3683 3758; x_wconf 88' lang='lat' dir='ltr'><strong>et</strong></span> 
     </span>
    </p>
   </div>
   <div class='ocr_carea' id='block_1_83' title="bbox 2109 3800 3687 3879">
    <p class='ocr_par' dir='ltr' id='par_1_83' title="bbox 2109 3800 3687 3879">
     <span class='ocr_line' id='line_1_83' title="bbox 2109 3800 3687 3879; baseline -0.016 -2"><span class='ocrx_word' id='word_1_644' title='bbox 2109 3800 2279 3879; x_wconf 88' lang='lat' dir='ltr'><strong>lsaac.</strong></span> <span class='ocrx_word' id='word_1_645' title='bbox 2307 3819 2448 3874; x_wconf 86' lang='lat' dir='ltr'><strong>Puto</strong></span> <span class='ocrx_word' id='word_1_646' title='bbox 2479 3824 2659 3870; x_wconf 89' lang='lat' dir='ltr'><strong>autem</strong></span> <span class='ocrx_word' id='word_1_647' title='bbox 2688 3809 2940 3866; x_wconf 88' lang='lat' dir='ltr'><strong>habuisse</strong></span> <span class='ocrx_word' id='word_1_648' title='bbox 2963 3816 3017 3862; x_wconf 90' lang='lat' dir='ltr'><strong>et</strong></span> <span class='ocrx_word' id='word_1_649' title='bbox 3041 3804 3227 3861; x_wconf 82' lang='lat' dir='ltr'><strong>Jacob.</strong></span> <span class='ocrx_word' id='word_1_650' title='bbox 3253 3803 3317 3857; x_wconf 88' lang='lat' dir='ltr'><strong>Et</strong></span> <span class='ocrx_word' id='word_1_651' title='bbox 3340 3802 3407 3856; x_wconf 88' lang='lat' dir='ltr'><strong>ab</strong></span> <span class='ocrx_word' id='word_1_652' title='bbox 3446 3800 3568 3855; x_wconf 89' lang='lat' dir='ltr'><strong>istis</strong></span> <span class='ocrx_word' id='word_1_653' title='bbox 3596 3814 3687 3868; x_wconf 91' lang='lat' dir='ltr'><strong>pu-</strong></span> 
     </span>
    </p>
   </div>
   <div class='ocr_carea' id='block_1_84' title="bbox 2112 3894 3686 3978">
    <p class='ocr_par' dir='ltr' id='par_1_84' title="bbox 2112 3894 3686 3978">
     <span class='ocr_line' id='line_1_84' title="bbox 2112 3894 3686 3978; baseline -0.02 -8"><span class='ocrx_word' id='word_1_654' title='bbox 2112 3914 2216 3969; x_wconf 90' lang='lat' dir='ltr'><strong>teis</strong></span> <span class='ocrx_word' id='word_1_655' title='bbox 2231 3911 2447 3978; x_wconf 83' lang='lat' dir='ltr'><strong>sumpto</strong></span> <span class='ocrx_word' id='word_1_656' title='bbox 2469 3903 2646 3969; x_wconf 90' lang='lat' dir='ltr'><strong>initio,</strong></span> <span class='ocrx_word' id='word_1_657' title='bbox 2669 3911 2928 3969; x_wconf 88' lang='lat' dir='ltr'><strong>percurre</strong></span> <span class='ocrx_word' id='word_1_658' title='bbox 2952 3910 3167 3951; x_wconf 90' lang='lat' dir='ltr'><strong>omnem</strong></span> <span class='ocrx_word' id='word_1_659' title='bbox 3194 3894 3555 3962; x_wconf 87' lang='lat' dir='ltr'><strong>Scripturam,</strong></span> <span class='ocrx_word' id='word_1_660' title='bbox 3590 3904 3686 3958; x_wconf 87' lang='lat' dir='ltr'><strong>pu-</strong></span> 
     </span>
    </p>
   </div>
   <div class='ocr_carea' id='block_1_85' title="bbox 2112 3980 3688 4071">
    <p class='ocr_par' dir='ltr' id='par_1_85' title="bbox 2112 3980 3688 4071">
     <span class='ocr_line' id='line_1_85' title="bbox 2112 3980 3688 4071; baseline -0.019 -9"><span class='ocrx_word' id='word_1_661' title='bbox 2112 4015 2230 4062; x_wconf 90' lang='lat' dir='ltr'><strong>teos</strong></span> <span class='ocrx_word' id='word_1_662' title='bbox 2255 4001 2567 4071; x_wconf 88' lang='lat' dir='ltr'><strong>requirens,</strong></span> <span class='ocrx_word' id='word_1_663' title='bbox 2597 4002 2652 4048; x_wconf 91' lang='lat' dir='ltr'><strong>et</strong></span> <span class='ocrx_word' id='word_1_664' title='bbox 2690 3988 2914 4061; x_wconf 88' lang='lat' dir='ltr'><strong>perveni</strong></span> <span class='ocrx_word' id='word_1_665' title='bbox 2949 4000 3120 4055; x_wconf 88' lang='lat' dir='ltr'><strong>usque</strong></span> <span class='ocrx_word' id='word_1_666' title='bbox 3154 3986 3220 4041; x_wconf 86' lang='lat' dir='ltr'><strong>ad</strong></span> <span class='ocrx_word' id='word_1_667' title='bbox 3268 3980 3575 4052; x_wconf 84' lang='lat' dir='ltr'><strong>Evangelia,</strong></span> <span class='ocrx_word' id='word_1_668' title='bbox 3634 3989 3688 4032; x_wconf 89' lang='lat' dir='ltr'><strong>ct</strong></span> 
     </span>
    </p>
   </div>
   <div class='ocr_carea' id='block_1_86' title="bbox 2114 4075 3687 4159">
    <p class='ocr_par' dir='ltr' id='par_1_86' title="bbox 2114 4075 3687 4159">
     <span class='ocr_line' id='line_1_86' title="bbox 2114 4075 3687 4159; baseline -0.019 -6"><span class='ocrx_word' id='word_1_669' title='bbox 2114 4098 2184 4153; x_wconf 91' lang='lat' dir='ltr'><strong>ibi</strong></span> <span class='ocrx_word' id='word_1_670' title='bbox 2214 4093 2460 4149; x_wconf 90' lang='lat' dir='ltr'><strong>invenies</strong></span> <span class='ocrx_word' id='word_1_671' title='bbox 2502 4098 2724 4159; x_wconf 89' lang='lat' dir='ltr'><strong>puteum</strong></span> <span class='ocrx_word' id='word_1_672' title='bbox 2773 4095 2936 4150; x_wconf 85' lang='lat' dir='ltr'><strong>supra</strong></span> <span class='ocrx_word' id='word_1_673' title='bbox 2985 4092 3147 4147; x_wconf 90' lang='lat' dir='ltr'><strong>quem</strong></span> <span class='ocrx_word' id='word_1_674' title='bbox 3202 4075 3453 4131; x_wconf 87' lang='lat' dir='ltr'><strong>Salvator</strong></span> <span class='ocrx_word' id='word_1_675' title='bbox 3502 4077 3687 4125; x_wconf 85' lang='lat' dir='ltr'><strong>noster</strong></span> 
     </span>
    </p>
   </div>
   <div class='ocr_carea' id='block_1_87' title="bbox 2114 4169 3686 4252">
    <p class='ocr_par' dir='ltr' id='par_1_87' title="bbox 2114 4169 3686 4252">
     <span class='ocr_line' id='line_1_87' title="bbox 2114 4169 3686 4252; baseline -0.02 -6"><span class='ocrx_word' id='word_1_676' title='bbox 2114 4187 2336 4246; x_wconf 91' lang='lat' dir='ltr'><strong>sedebat</strong></span> <span class='ocrx_word' id='word_1_677' title='bbox 2360 4181 2707 4252; x_wconf 90' lang='lat' dir='ltr'><strong>requiescens</strong></span> <span class='ocrx_word' id='word_1_678' title='bbox 2735 4184 2855 4245; x_wconf 90' lang='lat' dir='ltr'><strong>post</strong></span> <span class='ocrx_word' id='word_1_679' title='bbox 2878 4173 3086 4227; x_wconf 88' lang='lat' dir='ltr'><strong>itineris</strong></span> <span class='ocrx_word' id='word_1_680' title='bbox 3109 4169 3371 4230; x_wconf 84' lang='lat' dir='ltr'><strong>laborem,</strong></span> <span class='ocrx_word' id='word_1_681' title='bbox 3404 4176 3529 4219; x_wconf 90' lang='lat' dir='ltr'><strong>tune</strong></span> <span class='ocrx_word' id='word_1_682' title='bbox 3564 4178 3686 4217; x_wconf 86' lang='lat' dir='ltr'><strong>eum</strong></span> 
     </span>
    </p>
   </div>
   <div class='ocr_carea' id='block_1_88' title="bbox 2115 4254 3670 4334">
    <p class='ocr_par' dir='ltr' id='par_1_88' title="bbox 2115 4254 3670 4334">
     <span class='ocr_line' id='line_1_88' title="bbox 2115 4254 3670 4334; baseline -0.019 0"><span class='ocrx_word' id='word_1_683' title='bbox 2115 4280 2366 4334; x_wconf 89' lang='lat' dir='ltr'><strong>veniente</strong></span> <span class='ocrx_word' id='word_1_684' title='bbox 2409 4272 2639 4328; x_wconf 89' lang='lat' dir='ltr'><strong>muliere</strong></span> <span class='ocrx_word' id='word_1_685' title='bbox 2679 4267 3049 4325; x_wconf 88' lang='lat' dir='ltr'><strong>Samaritana,</strong></span> <span class='ocrx_word' id='word_1_686' title='bbox 3081 4271 3137 4316; x_wconf 91' lang='lat' dir='ltr'><strong>ct</strong></span> <span class='ocrx_word' id='word_1_687' title='bbox 3186 4258 3403 4314; x_wconf 87' lang='lat' dir='ltr'><strong>volente</strong></span> <span class='ocrx_word' id='word_1_688' title='bbox 3453 4254 3670 4309; x_wconf 89' lang='lat' dir='ltr'><strong>haurire</strong></span> 
     </span>
    </p>
   </div>
   <div class='ocr_carea' id='block_1_89' title="bbox 2118 4342 3688 4443">
    <p class='ocr_par' dir='ltr' id='par_1_89' title="bbox 2118 4342 3688 4443">
     <span class='ocr_line' id='line_1_89' title="bbox 2118 4342 3688 4443; baseline -0.022 -15"><span class='ocrx_word' id='word_1_689' title='bbox 2118 4386 2316 4443; x_wconf 88' lang='lat' dir='ltr'><strong>aquam</strong></span> <span class='ocrx_word' id='word_1_690' title='bbox 2346 4370 2414 4425; x_wconf 85' lang='lat' dir='ltr'><strong>de</strong></span> <span class='ocrx_word' id='word_1_691' title='bbox 2443 4376 2627 4438; x_wconf 88' lang='lat' dir='ltr'><strong>puteo,</strong></span> <span class='ocrx_word' id='word_1_692' title='bbox 2653 4378 2773 4434; x_wconf 72' lang='lat' dir='ltr'><strong>quae</strong></span> <span class='ocrx_word' id='word_1_693' title='bbox 2797 4365 2942 4415; x_wconf 89' lang='lat' dir='ltr'><strong>esset</strong></span> <span class='ocrx_word' id='word_1_694' title='bbox 2985 4358 3037 4409; x_wconf 91' lang='lat' dir='ltr'><strong>in</strong></span> <span class='ocrx_word' id='word_1_695' title='bbox 3077 4351 3373 4423; x_wconf 90' lang='lat' dir='ltr'><strong>Scripturis</strong></span> <span class='ocrx_word' id='word_1_696' title='bbox 3411 4347 3556 4417; x_wconf 88' lang='lat' dir='ltr'><strong>putei</strong></span> <span class='ocrx_word' id='word_1_697' title='bbox 3606 4342 3688 4398; x_wconf 91' lang='lat' dir='ltr'><strong>vel</strong></span> 
     </span>
    </p>
   </div>
   <div class='ocr_carea' id='block_1_90' title="bbox 2118 4442 3691 4537">
    <p class='ocr_par' dir='ltr' id='par_1_90' title="bbox 2118 4442 3691 4537">
     <span class='ocr_line' id='line_1_90' title="bbox 2118 4442 3691 4537; baseline -0.02 -16"><span class='ocrx_word' id='word_1_698' title='bbox 2118 4442 2406 4537; x_wconf 89' lang='lat' dir='ltr'><strong>puteorum</strong></span> <span class='ocrx_word' id='word_1_699' title='bbox 2429 4461 2605 4514; x_wconf 91' lang='lat' dir='ltr'><strong>virtus</strong></span> <span class='ocrx_word' id='word_1_700' title='bbox 2630 4456 2939 4527; x_wconf 86' lang='lat' dir='ltr'><strong>exponitur,</strong></span> <span class='ocrx_word' id='word_1_701' title='bbox 2970 4456 3024 4503; x_wconf 89' lang='lat' dir='ltr'><strong>et</strong></span> <span class='ocrx_word' id='word_1_702' title='bbox 3064 4444 3400 4514; x_wconf 89' lang='lat' dir='ltr'><strong>comparatio</strong></span> <span class='ocrx_word' id='word_1_703' title='bbox 3434 4442 3491 4494; x_wconf 82' lang='lat' dir='ltr'><strong>ﬁt</strong></span> <span class='ocrx_word' id='word_1_704' title='bbox 3524 4452 3691 4507; x_wconf 88' lang='lat' dir='ltr'><strong>aqua-</strong></span> 
     </span>
    </p>
   </div>
   <div class='ocr_carea' id='block_1_91' title="bbox 446 4528 3692 4631">
    <p class='ocr_par' dir='ltr' id='par_1_91' title="bbox 446 4528 3692 4631">
     <span class='ocr_line' id='line_1_91' title="bbox 446 4528 3692 4631; baseline -0.018 -11"><span class='ocrx_word' id='word_1_705' title='bbox 446 4560 843 4631; x_wconf 77' lang='lat' dir='ltr'><strong>conspcetihns,</strong></span> <span class='ocrx_word' id='word_1_706' title='bbox 876 4566 1035 4623; x_wconf 87' lang='lat' dir='ltr'><strong>atque</strong></span> <span class='ocrx_word' id='word_1_707' title='bbox 1060 4548 1318 4606; x_wconf 85' lang='lat' dir='ltr'><strong>incll&#39;abili</strong></span> <span class='ocrx_word' id='word_1_708' title='bbox 1356 4544 1545 4599; x_wconf 91' lang='lat' dir='ltr'><strong>lumini</strong></span> <span class='ocrx_word' id='word_1_709' title='bbox 1577 4557 1636 4598; x_wconf 90' lang='lat' dir='ltr'><strong>se</strong></span> <span class='ocrx_word' id='word_1_710' title='bbox 1678 4534 2014 4594; x_wconf 80' lang='lat' dir='ltr'><strong>intellexerit</strong></span> <span class='ocrx_word' id='word_1_711' title='bbox 2044 4557 2090 4613; x_wconf 74' lang='grc' dir='ltr'><strong>Ι)</strong></span> <span class='ocrx_word' id='word_1_712' title='bbox 2120 4528 2265 4619; x_wconf 49' lang='lat' dir='ltr'><strong>hu“,</strong></span> <span class='ocrx_word' id='word_1_713' title='bbox 2294 4552 2387 4607; x_wconf 69' lang='lat' dir='ltr'><strong>ubi</strong></span> <span class='ocrx_word' id='word_1_714' title='bbox 2415 4560 2471 4605; x_wconf 67' lang='grc' dir='ltr'><strong>ει</strong></span> <span class='ocrx_word' id='word_1_715' title='bbox 2494 4547 2660 4604; x_wconf 62' lang='lat' dir='ltr'><strong>divini</strong></span> <span class='ocrx_word' id='word_1_716' title='bbox 2686 4542 2932 4615; x_wconf 51' lang='lat' dir='ltr'><strong>mystcrii</strong></span> <span class='ocrx_word' id='word_1_717' title='bbox 2960 4537 3269 4608; x_wconf 58' lang='lat' dir='ltr'><strong>pandum,&quot;</strong></span> <span class='ocrx_word' id='word_1_718' title='bbox 3296 4546 3517 4587; x_wconf 47' lang='lat' dir='ltr'><strong>arcana.</strong></span> <span class='ocrx_word' id='word_1_719' title='bbox 3546 4528 3692 4582; x_wconf 67' lang='lat' dir='ltr'><strong>Dici-</strong></span> 
     </span>
    </p>
   </div>
   <div class='ocr_carea' id='block_1_92' title="bbox 446 4628 2011 4716">
    <p class='ocr_par' dir='ltr' id='par_1_92' title="bbox 446 4628 2011 4716">
     <span class='ocr_line' id='line_1_92' title="bbox 446 4628 2011 4716; baseline -0.02 -5"><span class='ocrx_word' id='word_1_720' title='bbox 446 4628 813 4716; x_wconf 77' lang='lat' dir='ltr'><strong>assistentcin,</strong></span> <span class='ocrx_word' id='word_1_721' title='bbox 863 4646 1044 4713; x_wconf 89' lang='lat' dir='ltr'><strong>ibique</strong></span> <span class='ocrx_word' id='word_1_722' title='bbox 1105 4638 1416 4703; x_wconf 88' lang='lat' dir='ltr'><strong>orationes,</strong></span> <span class='ocrx_word' id='word_1_723' title='bbox 1475 4642 1530 4690; x_wconf 90' lang='lat' dir='ltr'><strong>et</strong></span> <span class='ocrx_word' id='word_1_724' title='bbox 1583 4628 2011 4692; x_wconf 88' lang='lat' dir='ltr'><strong>obsecrationes,</strong></span> 
     </span>
    </p>
   </div>
   <div class='ocr_carea' id='block_1_93' title="bbox 448 4725 2017 4816">
    <p class='ocr_par' dir='ltr' id='par_1_93' title="bbox 448 4725 2017 4816">
     <span class='ocr_line' id='line_1_93' title="bbox 448 4725 2017 4816; baseline -0.019 -16"><span class='ocrx_word' id='word_1_725' title='bbox 448 4740 944 4816; x_wconf 87' lang='lat' dir='ltr'><strong>pustulationesque</strong></span> <span class='ocrx_word' id='word_1_726' title='bbox 971 4743 1024 4788; x_wconf 92' lang='lat' dir='ltr'><strong>et</strong></span> <span class='ocrx_word' id='word_1_727' title='bbox 1050 4731 1346 4802; x_wconf 89' lang='lat' dir='ltr'><strong>gratiarum</strong></span> <span class='ocrx_word' id='word_1_728' title='bbox 1412 4725 1657 4780; x_wconf 89' lang='lat' dir='ltr'><strong>actiones</strong></span> <span class='ocrx_word' id='word_1_729' title='bbox 1698 4735 1829 4776; x_wconf 88' lang='lat' dir='ltr'><strong>suas</strong></span> <span class='ocrx_word' id='word_1_730' title='bbox 1884 4732 2017 4789; x_wconf 73' lang='lat' dir='ltr'><strong>pro~</strong></span> 
     </span>
    </p>
   </div>
   <div class='ocr_carea' id='block_1_94' title="bbox 449 4811 2016 4897">
    <p class='ocr_par' dir='ltr' id='par_1_94' title="bbox 449 4811 2016 4897">
     <span class='ocr_line' id='line_1_94' title="bbox 449 4811 2016 4897; baseline -0.017 -8"><span class='ocrx_word' id='word_1_731' title='bbox 449 4811 672 4897; x_wconf 64' lang='lat' dir='ltr'><strong>luderit,</strong></span> <span class='ocrx_word' id='word_1_732' title='bbox 704 4828 898 4884; x_wconf 92' lang='lat' dir='ltr'><strong>nullius</strong></span> <span class='ocrx_word' id='word_1_733' title='bbox 934 4824 1275 4882; x_wconf 79' lang='lat' dir='ltr'><strong>extrinsecus</strong></span> <span class='ocrx_word' id='word_1_734' title='bbox 1344 4816 1637 4889; x_wconf 80' lang='lat' dir='ltr'><strong>phantasia:</strong></span> <span class='ocrx_word' id='word_1_735' title='bbox 1690 4811 2016 4868; x_wconf 82' lang='lat' dir='ltr'><strong>sollicitatus</strong></span> 
     </span>
    </p>
   </div>
   <div class='ocr_carea' id='block_1_95' title="bbox 452 4901 2020 4995">
    <p class='ocr_par' dir='ltr' id='par_1_95' title="bbox 452 4901 2020 4995">
     <span class='ocr_line' id='line_1_95' title="bbox 452 4901 2020 4995; baseline -0.017 -15"><span class='ocrx_word' id='word_1_736' title='bbox 452 4928 685 4995; x_wconf 81' lang='lat' dir='ltr'><strong>imagine</strong></span> <span class='ocrx_word' id='word_1_737' title='bbox 717 4939 730 4976; x_wconf 90' lang='lat'><strong>:</strong></span> <span class='ocrx_word' id='word_1_738' title='bbox 757 4921 843 4976; x_wconf 89' lang='lat' dir='ltr'><strong>hic</strong></span> <span class='ocrx_word' id='word_1_739' title='bbox 877 4934 936 4975; x_wconf 90' lang='lat' dir='ltr'><strong>se</strong></span> <span class='ocrx_word' id='word_1_740' title='bbox 981 4916 1196 4973; x_wconf 90' lang='lat' dir='ltr'><strong>noverit</strong></span> <span class='ocrx_word' id='word_1_741' title='bbox 1231 4926 1326 4983; x_wconf 89' lang='lat' dir='ltr'><strong>per</strong></span> <span class='ocrx_word' id='word_1_742' title='bbox 1371 4908 1621 4978; x_wconf 79' lang='lat' dir='ltr'><strong>angelum</strong></span> <span class='ocrx_word' id='word_1_743' title='bbox 1669 4905 1762 4975; x_wconf 92' lang='lat' dir='ltr'><strong>qui</strong></span> <span class='ocrx_word' id='word_1_744' title='bbox 1812 4901 2020 4957; x_wconf 90' lang='lat' dir='ltr'><strong>assistit</strong></span> 
     </span>
    </p>
   </div>
   <div class='ocr_carea' id='block_1_96' title="bbox 452 4996 2027 5082">
    <p class='ocr_par' dir='ltr' id='par_1_96' title="bbox 452 4996 2027 5082">
     <span class='ocr_line' id='line_1_96' title="bbox 452 4996 2027 5082; baseline -0.018 -9"><span class='ocrx_word' id='word_1_745' title='bbox 452 5017 639 5082; x_wconf 88' lang='lat' dir='ltr'><strong>altari,</strong></span> <span class='ocrx_word' id='word_1_746' title='bbox 683 5012 948 5069; x_wconf 89' lang='lat' dir='ltr'><strong>obtulisse</strong></span> <span class='ocrx_word' id='word_1_747' title='bbox 994 5003 1384 5063; x_wconf 85' lang='lat' dir='ltr'><strong>immolationis</strong></span> <span class='ocrx_word' id='word_1_748' title='bbox 1427 5016 1536 5055; x_wconf 70' lang='lat' dir='ltr'><strong>sua:</strong></span> <span class='ocrx_word' id='word_1_749' title='bbox 1578 4996 1849 5068; x_wconf 89' lang='lat' dir='ltr'><strong>primitias</strong></span> <span class='ocrx_word' id='word_1_750' title='bbox 1892 5006 2027 5062; x_wconf 87' lang='lat' dir='ltr'><strong>pon-</strong></span> 
     </span>
    </p>
   </div>
   <div class='ocr_carea' id='block_1_97' title="bbox 449 5088 2020 5177">
    <p class='ocr_par' dir='ltr' id='par_1_97' title="bbox 449 5088 2020 5177">
     <span class='ocr_line' id='line_1_97' title="bbox 449 5088 2020 5177; baseline -0.019 -11"><span class='ocrx_word' id='word_1_751' title='bbox 449 5109 584 5166; x_wconf 89' lang='lat' dir='ltr'><strong>tiliei</strong></span> <span class='ocrx_word' id='word_1_752' title='bbox 627 5120 819 5177; x_wconf 86' lang='lat' dir='ltr'><strong>magno</strong></span> <span class='ocrx_word' id='word_1_753' title='bbox 854 5113 908 5159; x_wconf 91' lang='lat' dir='ltr'><strong>et</strong></span> <span class='ocrx_word' id='word_1_754' title='bbox 940 5115 1091 5164; x_wconf 88' lang='lat' dir='ltr'><strong>vero,</strong></span> <span class='ocrx_word' id='word_1_755' title='bbox 1128 5097 1347 5152; x_wconf 83' lang='lat' dir='ltr'><strong>Christo</strong></span> <span class='ocrx_word' id='word_1_756' title='bbox 1374 5093 1500 5148; x_wconf 86' lang='lat' dir='ltr'><strong>Jesu</strong></span> <span class='ocrx_word' id='word_1_757' title='bbox 1546 5088 1773 5143; x_wconf 89' lang='lat' dir='ltr'><strong>Domino</strong></span> <span class='ocrx_word' id='word_1_758' title='bbox 1811 5093 2020 5147; x_wconf 89' lang='lat' dir='ltr'><strong>nostro,</strong></span> 
     </span>
    </p>
   </div>
   <div class='ocr_carea' id='block_1_98' title="bbox 450 5177 2019 5268">
    <p class='ocr_par' dir='ltr' id='par_1_98' title="bbox 450 5177 2019 5268">
     <span class='ocr_line' id='line_1_98' title="bbox 450 5177 2019 5268; baseline -0.02 -11"><span class='ocrx_word' id='word_1_759' title='bbox 450 5203 633 5257; x_wconf 85' lang='lat' dir='ltr'><strong>cuicst</strong></span> <span class='ocrx_word' id='word_1_760' title='bbox 666 5196 834 5268; x_wconf 85' lang='lat' dir='ltr'><strong>gloria</strong></span> <span class='ocrx_word' id='word_1_761' title='bbox 876 5205 930 5249; x_wconf 90' lang='lat' dir='ltr'><strong>et</strong></span> <span class='ocrx_word' id='word_1_762' title='bbox 978 5191 1265 5261; x_wconf 89' lang='lat' dir='ltr'><strong>imperium</strong></span> <span class='ocrx_word' id='word_1_763' title='bbox 1317 5188 1369 5240; x_wconf 93' lang='lat' dir='ltr'><strong>in</strong></span> <span class='ocrx_word' id='word_1_764' title='bbox 1421 5181 1619 5239; x_wconf 86' lang='lat' dir='ltr'><strong>saecula</strong></span> <span class='ocrx_word' id='word_1_765' title='bbox 1676 5177 2019 5236; x_wconf 73' lang='lat' dir='ltr'><strong>saeculorum.</strong></span> 
     </span>
    </p>
   </div>
   <div class='ocr_carea' id='block_1_99' title="bbox 451 5297 642 5349">
    <p class='ocr_par' dir='ltr' id='par_1_99' title="bbox 451 5297 642 5349">
     <span class='ocr_line' id='line_1_99' title="bbox 451 5297 642 5349; baseline -0.01 0"><span class='ocrx_word' id='word_1_766' title='bbox 451 5297 642 5349; x_wconf 81' lang='lat' dir='ltr'><strong>Amen.</strong></span> 
     </span>
    </p>
   </div>
   <div class='ocr_carea' id='block_1_100' title="bbox 1094 5478 1607 5543">
    <p class='ocr_par' dir='ltr' id='par_1_100' title="bbox 1094 5478 1607 5543">
     <span class='ocr_line' id='line_1_100' title="bbox 1094 5478 1607 5543; baseline -0.021 -3"><span class='ocrx_word' id='word_1_767' title='bbox 1094 5488 1139 5518; x_wconf 76' lang='grc'><strong>⁵³</strong></span> <span class='ocrx_word' id='word_1_768' title='bbox 1168 5484 1315 5539; x_wconf 85' lang='lat' dir='ltr'><strong>Psal.</strong></span> <span class='ocrx_word' id='word_1_769' title='bbox 1346 5496 1491 5543; x_wconf 63' lang='lat' dir='ltr'><strong>sua,</strong></span> <span class='ocrx_word' id='word_1_770' title='bbox 1518 5478 1607 5531; x_wconf 76' lang='grc' dir='ltr'><strong>Μ.</strong></span> 
     </span>
    </p>
   </div>
   <div class='ocr_carea' id='block_1_101' title="bbox 525 5489 1978 5606">
    <p class='ocr_par' dir='ltr' id='par_1_101' title="bbox 525 5489 1978 5606">
     <span class='ocr_line' id='line_1_101' title="bbox 525 5489 1933 5556; baseline -0.019 -4"><span class='ocrx_word' id='word_1_771' title='bbox 525 5500 566 5531; x_wconf 75' lang='grc' dir='ltr'><strong>ἰ</strong></span> <span class='ocrx_word' id='word_1_772' title='bbox 592 5498 748 5550; x_wconf 76' lang='lat' dir='ltr'><strong>Num.</strong></span> <span class='ocrx_word' id='word_1_773' title='bbox 776 5508 929 5556; x_wconf 76' lang='lat' dir='ltr'><strong>xvm,</strong></span> <span class='ocrx_word' id='word_1_774' title='bbox 962 5489 1014 5543; x_wconf 90' lang='lat'><strong>9.</strong></span> <span class='ocrx_word' id='word_1_775' title='bbox 1094 5489 1139 5518; x_wconf 76' lang='grc'><strong>⁵³</strong></span> <span class='ocrx_word' id='word_1_776' title='bbox 1168 5489 1315 5539; x_wconf 85' lang='lat' dir='ltr'><strong>Psal.</strong></span> <span class='ocrx_word' id='word_1_777' title='bbox 1346 5496 1491 5543; x_wconf 65' lang='grc' dir='ltr'>χιιι,</span> <span class='ocrx_word' id='word_1_778' title='bbox 1518 5489 1607 5531; x_wconf 79' lang='grc' dir='ltr'>Μ.</span> <span class='ocrx_word' id='word_1_779' title='bbox 1690 5489 1734 5507; x_wconf 74' lang='grc' dir='ltr'><strong>ν’</strong></span> <span class='ocrx_word' id='word_1_780' title='bbox 1763 5489 1778 5528; x_wconf 90' lang='grc' dir='ltr'><strong>ι</strong></span> <span class='ocrx_word' id='word_1_781' title='bbox 1808 5489 1933 5528; x_wconf 66' lang='lat' dir='ltr'><strong>Lor.</strong></span> 
     </span>
     <span class='ocr_line' id='line_1_102' title="bbox 525 5542 1978 5606; baseline -0.006 0"><span class='ocrx_word' id='word_1_782' title='bbox 525 5583 554 5606; x_wconf 85' lang='grc' dir='ltr'><strong>ιι</strong></span> <span class='ocrx_word' id='word_1_783' title='bbox 588 5575 637 5606; x_wconf 73' lang='grc' dir='ltr'>οι</span> <span class='ocrx_word' id='word_1_784' title='bbox 688 5579 813 5606; x_wconf 61' lang='grc' dir='ltr'>«τι-ι</span> <span class='ocrx_word' id='word_1_785' title='bbox 938 5559 980 5590; x_wconf 82' lang='grc'>⁸⁷</span> <span class='ocrx_word' id='word_1_786' title='bbox 1004 5557 1159 5606; x_wconf 86' lang='lat' dir='ltr'><strong>.loan.</strong></span> <span class='ocrx_word' id='word_1_787' title='bbox 1196 5569 1273 5606; x_wconf 85' lang='lat' dir='ltr'><strong>Iv.</strong></span> <span class='ocrx_word' id='word_1_788' title='bbox 1299 5553 1387 5605; x_wconf 66' lang='grc'><strong>14.</strong></span> <span class='ocrx_word' id='word_1_789' title='bbox 1492 5549 1537 5580; x_wconf 75' lang='grc'><strong>⁵⁸</strong></span> <span class='ocrx_word' id='word_1_790' title='bbox 1566 5546 1724 5601; x_wconf 84' lang='lat' dir='ltr'><strong>Joan.</strong></span> <span class='ocrx_word' id='word_1_791' title='bbox 1755 5558 1850 5606; x_wconf 81' lang='lat' dir='ltr'><strong>vti,</strong></span> <span class='ocrx_word' id='word_1_792' title='bbox 1888 5542 1978 5597; x_wconf 83' lang='grc'><strong>58.</strong></span> 
     </span>
    </p>
   </div>
   <div class='ocr_carea' id='block_1_102' title="bbox 455 5553 1387 5625">
    <p class='ocr_par' dir='ltr' id='par_1_102' title="bbox 455 5553 1387 5625">
     <span class='ocr_line' id='line_1_103' title="bbox 455 5553 1387 5625; baseline -0.023 0"><span class='ocrx_word' id='word_1_793' title='bbox 455 5583 554 5625; x_wconf 74' lang='lat' dir='ltr'><strong>xm</strong></span> <span class='ocrx_word' id='word_1_794' title='bbox 588 5575 642 5620; x_wconf 81' lang='lat' dir='ltr'><strong>et</strong></span> <span class='ocrx_word' id='word_1_795' title='bbox 688 5579 836 5619; x_wconf 74' lang='lat' dir='ltr'><strong>xm.</strong></span> <span class='ocrx_word' id='word_1_796' title='bbox 917 5553 980 5590; x_wconf 68' lang='grc'><strong>’⁸⁷</strong></span> <span class='ocrx_word' id='word_1_797' title='bbox 1004 5557 1159 5611; x_wconf 77' lang='lat' dir='ltr'><strong>Joan.</strong></span> <span class='ocrx_word' id='word_1_798' title='bbox 1196 5569 1273 5620; x_wconf 82' lang='lat' dir='ltr'><strong>iV,</strong></span> <span class='ocrx_word' id='word_1_799' title='bbox 1299 5553 1387 5605; x_wconf 70' lang='grc'><strong>14.</strong></span> 
     </span>
    </p>
   </div>
   <div class='ocr_carea' id='block_1_103' title="bbox 528 5636 2022 5727">
    <p class='ocr_par' dir='ltr' id='par_1_103' title="bbox 528 5636 2022 5727">
     <span class='ocr_line' id='line_1_104' title="bbox 528 5636 2022 5727; baseline -0.02 -9"><span class='ocrx_word' id='word_1_800' title='bbox 528 5658 642 5727; x_wconf 67' lang='grc'><strong>(25)</strong></span> <span class='ocrx_word' id='word_1_801' title='bbox 672 5656 852 5712; x_wconf 77' lang='lat' dir='ltr'><strong>Codex</strong></span> <span class='ocrx_word' id='word_1_802' title='bbox 886 5649 1254 5713; x_wconf 85' lang='lat' dir='ltr'><strong>Belvaeensis,</strong></span> <span class='ocrx_word' id='word_1_803' title='bbox 1286 5665 1304 5697; x_wconf 75' lang='grc' dir='ltr'><strong>ι</strong></span> <span class='ocrx_word' id='word_1_804' title='bbox 1336 5657 1542 5698; x_wconf 88' lang='lat' dir='ltr'><strong>rursus.</strong></span> <span class='ocrx_word' id='word_1_805' title='bbox 1577 5660 1595 5693; x_wconf 82' lang='grc' dir='ltr'><strong>ι</strong></span> <span class='ocrx_word' id='word_1_806' title='bbox 1639 5640 1794 5693; x_wconf 89' lang='lat' dir='ltr'><strong>Libb.</strong></span> <span class='ocrx_word' id='word_1_807' title='bbox 1846 5636 1979 5692; x_wconf 86' lang='lat' dir='ltr'><strong>editi</strong></span> <span class='ocrx_word' id='word_1_808' title='bbox 2009 5678 2022 5699; x_wconf 89' lang='lat'><strong>,</strong></span> 
     </span>
    </p>
   </div>
   <div class='ocr_carea' id='block_1_104' title="bbox 462 5728 754 5794">
    <p class='ocr_par' dir='ltr' id='par_1_104' title="bbox 462 5728 754 5794">
     <span class='ocr_line' id='line_1_105' title="bbox 462 5728 754 5794; baseline -0.031 -10"><span class='ocrx_word' id='word_1_809' title='bbox 462 5748 482 5784; x_wconf 82' lang='lat'><strong>(-</strong></span> <span class='ocrx_word' id='word_1_810' title='bbox 518 5728 695 5794; x_wconf 84' lang='lat' dir='ltr'><strong>hujus.</strong></span> <span class='ocrx_word' id='word_1_811' title='bbox 735 5742 754 5775; x_wconf 72' lang='grc' dir='ltr'><strong>ι</strong></span> 
     </span>
    </p>
   </div>
   <div class='ocr_carea' id='block_1_105' title="bbox 541 5774 2029 5870">
    <p class='ocr_par' dir='ltr' id='par_1_105' title="bbox 541 5774 2029 5870">
     <span class='ocr_line' id='line_1_106' title="bbox 541 5774 2029 5870; baseline -0.017 -16"><span class='ocrx_word' id='word_1_812' title='bbox 541 5774 856 5870; x_wconf 47' lang='grc' dir='ltr'><strong>ζῖῧῖἶξοιὶἀ.</strong></span> <span class='ocrx_word' id='word_1_813' title='bbox 915 5786 1300 5870; x_wconf 51' lang='lat' dir='ltr'><strong>ﬁbroicensis&quot;,</strong></span> <span class='ocrx_word' id='word_1_814' title='bbox 1354 5780 1703 5870; x_wconf 59' lang='lat' dir='ltr'><strong>Caritatensis</strong></span> <span class='ocrx_word' id='word_1_815' title='bbox 1753 5786 1805 5833; x_wconf 90' lang='lat' dir='ltr'><strong>et</strong></span> <span class='ocrx_word' id='word_1_816' title='bbox 1856 5774 2029 5831; x_wconf 88' lang='lat' dir='ltr'><strong>sancti</strong></span> 
     </span>
    </p>
   </div>
   <div class='ocr_carea' id='block_1_106' title="bbox 462 5851 1822 5926">
    <p class='ocr_par' dir='ltr' id='par_1_106' title="bbox 462 5851 1822 5926">
     <span class='ocr_line' id='line_1_107' title="bbox 462 5851 1822 5926; baseline -0.018 -3"><span class='ocrx_word' id='word_1_817' title='bbox 462 5851 808 5926; x_wconf 64' lang='lat' dir='ltr'><strong>Theoderici,</strong></span> <span class='ocrx_word' id='word_1_818' title='bbox 840 5880 857 5913; x_wconf 78' lang='grc' dir='ltr'><strong>ι</strong></span> <span class='ocrx_word' id='word_1_819' title='bbox 891 5860 1090 5914; x_wconf 87' lang='lat' dir='ltr'><strong>vilitas.</strong></span> <span class='ocrx_word' id='word_1_820' title='bbox 1140 5876 1159 5908; x_wconf 70' lang='grc' dir='ltr'><strong>ι</strong></span> <span class='ocrx_word' id='word_1_821' title='bbox 1200 5857 1368 5921; x_wconf 76' lang='lat' dir='ltr'><strong>Alias,</strong></span> <span class='ocrx_word' id='word_1_822' title='bbox 1405 5872 1423 5905; x_wconf 83' lang='grc'><em>‹</em></span> <span class='ocrx_word' id='word_1_823' title='bbox 1460 5851 1755 5906; x_wconf 75' lang='lat' dir='ltr'><strong>humilitas.</strong></span> <span class='ocrx_word' id='word_1_824' title='bbox 1804 5866 1822 5899; x_wconf 79' lang='grc' dir='ltr'><strong>ι</strong></span> 
     </span>
    </p>
   </div>
   <div class='ocr_carea' id='block_1_107' title="bbox 1690 5472 2220 5542">
    <p class='ocr_par' dir='ltr' id='par_1_107' title="bbox 1690 5472 2220 5542">
     <span class='ocr_line' id='line_1_108' title="bbox 1690 5472 2220 5542; baseline -0.004 -14"><span class='ocrx_word' id='word_1_825' title='bbox 1690 5475 1734 5507; x_wconf 78' lang='grc'><strong>⁵³</strong></span> <span class='ocrx_word' id='word_1_826' title='bbox 1763 5474 1778 5528; x_wconf 96' lang='lat' dir='ltr'><strong>l</strong></span> <span class='ocrx_word' id='word_1_827' title='bbox 1808 5472 1933 5528; x_wconf 90' lang='lat' dir='ltr'><strong>Cor.</strong></span> <span class='ocrx_word' id='word_1_828' title='bbox 1987 5491 2101 5542; x_wconf 80' lang='lat' dir='ltr'><strong>xiv,</strong></span> <span class='ocrx_word' id='word_1_829' title='bbox 2136 5474 2220 5530; x_wconf 71' lang='grc'><strong>15.</strong></span> 
     </span>
    </p>
   </div>
   <div class='ocr_carea' id='block_1_108' title="bbox 2124 4626 3694 4711">
    <p class='ocr_par' dir='ltr' id='par_1_108' title="bbox 2124 4626 3694 4711">
     <span class='ocr_line' id='line_1_109' title="bbox 2124 4626 3694 4711; baseline -0.019 -10"><span class='ocrx_word' id='word_1_830' title='bbox 2124 4657 2214 4702; x_wconf 93' lang='lat' dir='ltr'><strong>tur</strong></span> <span class='ocrx_word' id='word_1_831' title='bbox 2251 4644 2396 4700; x_wconf 90' lang='lat' dir='ltr'><strong>enim</strong></span> <span class='ocrx_word' id='word_1_832' title='bbox 2425 4642 2551 4711; x_wconf 91' lang='lat' dir='ltr'><strong>quia</strong></span> <span class='ocrx_word' id='word_1_833' title='bbox 2582 4639 2629 4693; x_wconf 90' lang='lat' dir='ltr'><strong>si</strong></span> <span class='ocrx_word' id='word_1_834' title='bbox 2677 4637 2799 4706; x_wconf 92' lang='lat' dir='ltr'><strong>quis</strong></span> <span class='ocrx_word' id='word_1_835' title='bbox 2828 4631 2976 4686; x_wconf 90' lang='lat' dir='ltr'><strong>bibat</strong></span> <span class='ocrx_word' id='word_1_836' title='bbox 3005 4644 3071 4684; x_wconf 79' lang='lat' dir='ltr'><strong>ex</strong></span> <span class='ocrx_word' id='word_1_837' title='bbox 3097 4629 3165 4682; x_wconf 91' lang='lat' dir='ltr'><strong>iis</strong></span> <span class='ocrx_word' id='word_1_838' title='bbox 3193 4626 3369 4695; x_wconf 87' lang='lat' dir='ltr'><strong>aquis,</strong></span> <span class='ocrx_word' id='word_1_839' title='bbox 3405 4637 3540 4693; x_wconf 90' lang='lat' dir='ltr'><strong>quas</strong></span> <span class='ocrx_word' id='word_1_840' title='bbox 3560 4635 3694 4675; x_wconf 92' lang='lat' dir='ltr'><strong>con-</strong></span> 
     </span>
    </p>
   </div>
   <div class='ocr_carea' id='block_1_109' title="bbox 2128 4714 3699 4805">
    <p class='ocr_par' dir='ltr' id='par_1_109' title="bbox 2128 4714 3699 4805">
     <span class='ocr_line' id='line_1_110' title="bbox 2128 4714 3699 4805; baseline -0.02 -11"><span class='ocrx_word' id='word_1_841' title='bbox 2128 4737 2337 4794; x_wconf 89' lang='lat' dir='ltr'><strong>tinebat</strong></span> <span class='ocrx_word' id='word_1_842' title='bbox 2364 4742 2558 4805; x_wconf 90' lang='lat' dir='ltr'><strong>puteus</strong></span> <span class='ocrx_word' id='word_1_843' title='bbox 2586 4728 2676 4782; x_wconf 91' lang='lat' dir='ltr'><strong>ille</strong></span> <span class='ocrx_word' id='word_1_844' title='bbox 2710 4737 2983 4786; x_wconf 89' lang='lat' dir='ltr'><strong>terrenus,</strong></span> <span class='ocrx_word' id='word_1_845' title='bbox 3021 4720 3171 4775; x_wconf 90' lang='lat' dir='ltr'><strong>sitiet</strong></span> <span class='ocrx_word' id='word_1_846' title='bbox 3200 4732 3448 4779; x_wconf 85' lang='lat' dir='ltr'><strong>rursum;</strong></span> <span class='ocrx_word' id='word_1_847' title='bbox 3487 4714 3578 4784; x_wconf 87' lang='lat' dir='ltr'><strong>qui</strong></span> <span class='ocrx_word' id='word_1_848' title='bbox 3602 4727 3699 4763; x_wconf 86' lang='lat' dir='ltr'><strong>an-</strong></span> 
     </span>
    </p>
   </div>
   <div class='ocr_carea' id='block_1_110' title="bbox 2126 4807 3699 4888">
    <p class='ocr_par' dir='ltr' id='par_1_110' title="bbox 2126 4807 3699 4888">
     <span class='ocr_line' id='line_1_111' title="bbox 2126 4807 3699 4888; baseline -0.018 -1"><span class='ocrx_word' id='word_1_849' title='bbox 2126 4841 2235 4887; x_wconf 89' lang='lat' dir='ltr'><strong>tem</strong></span> <span class='ocrx_word' id='word_1_850' title='bbox 2257 4844 2325 4884; x_wconf 87' lang='lat' dir='ltr'><strong>ex</strong></span> <span class='ocrx_word' id='word_1_851' title='bbox 2353 4826 2459 4881; x_wconf 90' lang='lat' dir='ltr'><strong>illis</strong></span> <span class='ocrx_word' id='word_1_852' title='bbox 2486 4821 2707 4885; x_wconf 89' lang='lat' dir='ltr'><strong>biberit,</strong></span> <span class='ocrx_word' id='word_1_853' title='bbox 2731 4832 2868 4888; x_wconf 89' lang='lat' dir='ltr'><strong>quas</strong></span> <span class='ocrx_word' id='word_1_854' title='bbox 2905 4813 3193 4876; x_wconf 83' lang='lat' dir='ltr'><strong>datJesus,</strong></span> <span class='ocrx_word' id='word_1_855' title='bbox 3228 4830 3246 4863; x_wconf 79' lang='grc' dir='ltr'><strong>ι</strong></span> <span class='ocrx_word' id='word_1_856' title='bbox 3282 4810 3442 4864; x_wconf 88' lang='lat' dir='ltr'><strong>lietin</strong></span> <span class='ocrx_word' id='word_1_857' title='bbox 3482 4822 3547 4862; x_wconf 92' lang='lat' dir='ltr'><strong>eo</strong></span> <span class='ocrx_word' id='word_1_858' title='bbox 3577 4807 3699 4859; x_wconf 81' lang='lat' dir='ltr'><strong>fons</strong></span> 
     </span>
    </p>
   </div>
   <div class='ocr_carea' id='block_1_111' title="bbox 2131 4901 3698 4991">
    <p class='ocr_par' dir='ltr' id='par_1_111' title="bbox 2131 4901 3698 4991">
     <span class='ocr_line' id='line_1_112' title="bbox 2131 4901 3698 4991; baseline -0.018 -15"><span class='ocrx_word' id='word_1_859' title='bbox 2131 4936 2284 4991; x_wconf 71' lang='lat' dir='ltr'><strong>aqua:</strong></span> <span class='ocrx_word' id='word_1_860' title='bbox 2306 4915 2549 4972; x_wconf 83' lang='lat' dir='ltr'><strong>salientis</strong></span> <span class='ocrx_word' id='word_1_861' title='bbox 2578 4913 2629 4966; x_wconf 90' lang='lat' dir='ltr'><strong>in</strong></span> <span class='ocrx_word' id='word_1_862' title='bbox 2661 4911 2825 4964; x_wconf 88' lang='lat' dir='ltr'><strong>vitam</strong></span> <span class='ocrx_word' id='word_1_863' title='bbox 2857 4905 3199 4962; x_wconf 76' lang='lat' dir='ltr'><strong>:eternam&quot;.</strong></span> <span class='ocrx_word' id='word_1_864' title='bbox 3249 4923 3267 4955; x_wconf 79' lang='grc' dir='ltr'><strong>ι</strong></span> <span class='ocrx_word' id='word_1_865' title='bbox 3302 4901 3358 4954; x_wconf 92' lang='lat' dir='ltr'><strong>In</strong></span> <span class='ocrx_word' id='word_1_866' title='bbox 3386 4902 3492 4953; x_wconf 92' lang='lat' dir='ltr'><strong>alio</strong></span> <span class='ocrx_word' id='word_1_867' title='bbox 3518 4906 3698 4952; x_wconf 89' lang='lat' dir='ltr'><strong>autem</strong></span> 
     </span>
    </p>
   </div>
   <div class='ocr_carea' id='block_1_112' title="bbox 2128 4989 3704 5079">
    <p class='ocr_par' dir='ltr' id='par_1_112' title="bbox 2128 4989 3704 5079">
     <span class='ocr_line' id='line_1_113' title="bbox 2128 4989 3704 5079; baseline -0.018 -12"><span class='ocrx_word' id='word_1_868' title='bbox 2128 4989 2409 5079; x_wconf 78' lang='lat' dir='ltr'><strong>Evangelii</strong></span> <span class='ocrx_word' id='word_1_869' title='bbox 2436 5006 2553 5060; x_wconf 93' lang='lat' dir='ltr'><strong>loco</strong></span> <span class='ocrx_word' id='word_1_870' title='bbox 2574 5003 2685 5071; x_wconf 83' lang='lat' dir='ltr'><strong>jam</strong></span> <span class='ocrx_word' id='word_1_871' title='bbox 2716 5015 2822 5055; x_wconf 90' lang='lat' dir='ltr'><strong>non</strong></span> <span class='ocrx_word' id='word_1_872' title='bbox 2856 4998 2998 5061; x_wconf 78' lang='lat' dir='ltr'><strong>fons,</strong></span> <span class='ocrx_word' id='word_1_873' title='bbox 3026 5008 3200 5064; x_wconf 90' lang='lat' dir='ltr'><strong>neque</strong></span> <span class='ocrx_word' id='word_1_874' title='bbox 3224 5002 3441 5064; x_wconf 89' lang='lat' dir='ltr'><strong>puteus,</strong></span> <span class='ocrx_word' id='word_1_875' title='bbox 3471 4989 3563 5045; x_wconf 89' lang='lat' dir='ltr'><strong>sed</strong></span> <span class='ocrx_word' id='word_1_876' title='bbox 3590 5001 3704 5040; x_wconf 89' lang='lat' dir='ltr'><strong>am-</strong></span> 
     </span>
    </p>
   </div>
   <div class='ocr_carea' id='block_1_113' title="bbox 2128 5083 3700 5175">
    <p class='ocr_par' dir='ltr' id='par_1_113' title="bbox 2128 5083 3700 5175">
     <span class='ocr_line' id='line_1_114' title="bbox 2128 5083 3700 5175; baseline -0.018 -17"><span class='ocrx_word' id='word_1_877' title='bbox 2128 5104 2268 5175; x_wconf 87' lang='lat' dir='ltr'><strong>plius</strong></span> <span class='ocrx_word' id='word_1_878' title='bbox 2290 5097 2491 5168; x_wconf 84' lang='lat' dir='ltr'><strong>aliquid</strong></span> <span class='ocrx_word' id='word_1_879' title='bbox 2517 5096 2735 5152; x_wconf 87' lang='lat' dir='ltr'><strong>dicitur.</strong></span> <span class='ocrx_word' id='word_1_880' title='bbox 2775 5111 2792 5143; x_wconf 83' lang='grc' dir='ltr'><strong>ι</strong></span> <span class='ocrx_word' id='word_1_881' title='bbox 2822 5089 2921 5157; x_wconf 88' lang='lat' dir='ltr'><strong>Qui</strong></span> <span class='ocrx_word' id='word_1_882' title='bbox 2953 5087 3147 5152; x_wconf 88' lang='lat' dir='ltr'><strong>credit,</strong></span> <span class='ocrx_word' id='word_1_883' title='bbox 3174 5083 3429 5154; x_wconf 73' lang='lat' dir='ltr'><strong>inquit&quot;,</strong></span> <span class='ocrx_word' id='word_1_884' title='bbox 3465 5083 3516 5135; x_wconf 94' lang='lat' dir='ltr'><strong>in</strong></span> <span class='ocrx_word' id='word_1_885' title='bbox 3551 5094 3700 5141; x_wconf 91' lang='lat' dir='ltr'><strong>eum,</strong></span> 
     </span>
    </p>
   </div>
   <div class='ocr_carea' id='block_1_114' title="bbox 2131 5171 3705 5259">
    <p class='ocr_par' dir='ltr' id='par_1_114' title="bbox 2131 5171 3705 5259">
     <span class='ocr_line' id='line_1_115' title="bbox 2131 5171 3705 5259; baseline -0.017 -9"><span class='ocrx_word' id='word_1_886' title='bbox 2131 5171 2276 5251; x_wconf 75' lang='lat' dir='ltr'><strong>sicut</strong></span> <span class='ocrx_word' id='word_1_887' title='bbox 2307 5191 2589 5259; x_wconf 88' lang='lat' dir='ltr'><strong>Scriptura</strong></span> <span class='ocrx_word' id='word_1_888' title='bbox 2618 5186 2773 5247; x_wconf 87' lang='lat' dir='ltr'><strong>dicit,</strong></span> <span class='ocrx_word' id='word_1_889' title='bbox 2805 5183 3033 5238; x_wconf 83' lang='lat' dir='ltr'><strong>ﬂumina</strong></span> <span class='ocrx_word' id='word_1_890' title='bbox 3072 5181 3139 5234; x_wconf 89' lang='lat' dir='ltr'><strong>de</strong></span> <span class='ocrx_word' id='word_1_891' title='bbox 3162 5188 3353 5233; x_wconf 91' lang='lat' dir='ltr'><strong>ventre</strong></span> <span class='ocrx_word' id='word_1_892' title='bbox 3379 5176 3495 5244; x_wconf 85' lang='lat' dir='ltr'><strong>ejus</strong></span> <span class='ocrx_word' id='word_1_893' title='bbox 3537 5171 3705 5226; x_wconf 82' lang='lat' dir='ltr'><strong>ﬂuent</strong></span> 
     </span>
    </p>
   </div>
   <div class='ocr_carea' id='block_1_115' title="bbox 2132 5267 3703 5355">
    <p class='ocr_par' dir='ltr' id='par_1_115' title="bbox 2132 5267 3703 5355">
     <span class='ocr_line' id='line_1_116' title="bbox 2132 5267 3703 5355; baseline -0.017 -14"><span class='ocrx_word' id='word_1_894' title='bbox 2132 5299 2285 5355; x_wconf 65' lang='lat' dir='ltr'><strong>aquae</strong></span> <span class='ocrx_word' id='word_1_895' title='bbox 2314 5284 2469 5336; x_wconf 86' lang='lat' dir='ltr'><strong>vivae.</strong></span> <span class='ocrx_word' id='word_1_896' title='bbox 2517 5300 2536 5332; x_wconf 73' lang='grc' dir='ltr'><strong>ι</strong></span> <span class='ocrx_word' id='word_1_897' title='bbox 2573 5278 2732 5334; x_wconf 83' lang='lat' dir='ltr'><strong>Vides</strong></span> <span class='ocrx_word' id='word_1_898' title='bbox 2758 5291 2889 5345; x_wconf 88' lang='lat' dir='ltr'><strong>ergo</strong></span> <span class='ocrx_word' id='word_1_899' title='bbox 2918 5273 3043 5343; x_wconf 89' lang='lat' dir='ltr'><strong>quia</strong></span> <span class='ocrx_word' id='word_1_900' title='bbox 3090 5271 3185 5340; x_wconf 91' lang='lat' dir='ltr'><strong>qui</strong></span> <span class='ocrx_word' id='word_1_901' title='bbox 3248 5268 3421 5323; x_wconf 85' lang='lat' dir='ltr'><strong>credit</strong></span> <span class='ocrx_word' id='word_1_902' title='bbox 3463 5267 3514 5320; x_wconf 93' lang='lat' dir='ltr'><strong>in</strong></span> <span class='ocrx_word' id='word_1_903' title='bbox 3554 5279 3703 5327; x_wconf 90' lang='lat' dir='ltr'><strong>cum,</strong></span> 
     </span>
    </p>
   </div>
   <div class='ocr_carea' id='block_1_116' title="bbox 2135 5353 3707 5441">
    <p class='ocr_par' dir='ltr' id='par_1_116' title="bbox 2135 5353 3707 5441">
     <span class='ocr_line' id='line_1_117' title="bbox 2135 5353 3707 5441; baseline -0.018 -7"><span class='ocrx_word' id='word_1_904' title='bbox 2135 5353 2240 5433; x_wconf 82' lang='lat' dir='ltr'><strong>non</strong></span> <span class='ocrx_word' id='word_1_905' title='bbox 2266 5375 2440 5432; x_wconf 90' lang='lat' dir='ltr'><strong>solum</strong></span> <span class='ocrx_word' id='word_1_906' title='bbox 2473 5380 2719 5441; x_wconf 90' lang='lat' dir='ltr'><strong>puteum,</strong></span> <span class='ocrx_word' id='word_1_907' title='bbox 2748 5369 2839 5422; x_wconf 82' lang='lat' dir='ltr'><strong>sed</strong></span> <span class='ocrx_word' id='word_1_908' title='bbox 2856 5376 2909 5421; x_wconf 94' lang='lat' dir='ltr'><strong>ct</strong></span> <span class='ocrx_word' id='word_1_909' title='bbox 2937 5374 3149 5435; x_wconf 88' lang='lat' dir='ltr'><strong>puteos,</strong></span> <span class='ocrx_word' id='word_1_910' title='bbox 3180 5370 3235 5415; x_wconf 90' lang='lat' dir='ltr'><strong>et</strong></span> <span class='ocrx_word' id='word_1_911' title='bbox 3256 5375 3361 5414; x_wconf 93' lang='lat' dir='ltr'><strong>non</strong></span> <span class='ocrx_word' id='word_1_912' title='bbox 3390 5357 3562 5412; x_wconf 90' lang='lat' dir='ltr'><strong>solum</strong></span> <span class='ocrx_word' id='word_1_913' title='bbox 3586 5353 3707 5409; x_wconf 83' lang='lat' dir='ltr'><strong>lon-</strong></span> 
     </span>
    </p>
   </div>
   <div class='ocr_carea' id='block_1_117' title="bbox 2324 5446 3704 5529">
    <p class='ocr_par' dir='ltr' id='par_1_117' title="bbox 2324 5446 3704 5529">
     <span class='ocr_line' id='line_1_118' title="bbox 2324 5446 3704 5529; baseline -0.014 -7"><span class='ocrx_word' id='word_1_914' title='bbox 2324 5470 2371 5501; x_wconf 70' lang='lat'>&#39;”</span> <span class='ocrx_word' id='word_1_915' title='bbox 2412 5466 2569 5521; x_wconf 85' lang='lat' dir='ltr'><strong>Num.</strong></span> <span class='ocrx_word' id='word_1_916' title='bbox 2599 5479 2714 5529; x_wconf 70' lang='grc' dir='ltr'>χχι,</span> <span class='ocrx_word' id='word_1_917' title='bbox 2755 5462 2845 5516; x_wconf 76' lang='grc'><strong>16.</strong></span> <span class='ocrx_word' id='word_1_918' title='bbox 2950 5460 2996 5491; x_wconf 80' lang='grc'><strong>⁸⁵</strong></span> <span class='ocrx_word' id='word_1_919' title='bbox 3025 5457 3186 5511; x_wconf 89' lang='lat' dir='ltr'><strong>Prov.</strong></span> <span class='ocrx_word' id='word_1_920' title='bbox 3224 5471 3277 5521; x_wconf 92' lang='lat' dir='ltr'><strong>v,</strong></span> <span class='ocrx_word' id='word_1_921' title='bbox 3304 5454 3393 5508; x_wconf 78' lang='lat' dir='ltr'><strong>l5.</strong></span> <span class='ocrx_word' id='word_1_922' title='bbox 3495 5449 3540 5483; x_wconf 82' lang='grc'><strong>⁸⁸</strong></span> <span class='ocrx_word' id='word_1_923' title='bbox 3565 5446 3704 5504; x_wconf 81' lang='lat' dir='ltr'><strong>Gen.</strong></span> 
     </span>
    </p>
   </div>
   <div class='ocr_carea' id='block_1_118' title="bbox 2207 5609 3708 5700">
    <p class='ocr_par' dir='ltr' id='par_1_118' title="bbox 2207 5609 3708 5700">
     <span class='ocr_line' id='line_1_119' title="bbox 2207 5609 3708 5700; baseline -0.015 -17"><span class='ocrx_word' id='word_1_924' title='bbox 2207 5628 2318 5700; x_wconf 67' lang='grc' dir='ltr'><strong>(ΞΠ)</strong></span> <span class='ocrx_word' id='word_1_925' title='bbox 2344 5626 2542 5700; x_wconf 73' lang='lat' dir='ltr'><strong>,Codex</strong></span> <span class='ocrx_word' id='word_1_926' title='bbox 2565 5619 2939 5700; x_wconf 42' lang='lat' dir='ltr'><strong>Carnotennsis,</strong></span> <span class='ocrx_word' id='word_1_927' title='bbox 2969 5636 2997 5700; x_wconf 82' lang='grc' dir='ltr'><strong>ι¹</strong></span> <span class='ocrx_word' id='word_1_928' title='bbox 3026 5612 3428 5700; x_wconf 76' lang='lat' dir='ltr'><strong>supercliluant.</strong></span> <span class='ocrx_word' id='word_1_929' title='bbox 3467 5630 3483 5663; x_wconf 76' lang='grc' dir='ltr'><strong>ι</strong></span> <span class='ocrx_word' id='word_1_930' title='bbox 3538 5609 3708 5700; x_wconf 71' lang='lat' dir='ltr'><strong>Paulo</strong></span> 
     </span>
    </p>
   </div>
   <div class='ocr_carea' id='block_1_119' title="bbox 2136 5681 3707 5771">
    <p class='ocr_par' dir='ltr' id='par_1_119' title="bbox 2136 5681 3707 5771">
     <span class='ocr_line' id='line_1_120' title="bbox 2136 5681 3707 5771; baseline -0.017 -15"><span class='ocrx_word' id='word_1_931' title='bbox 2136 5681 2260 5771; x_wconf 69' lang='lat' dir='ltr'><strong>post</strong></span> <span class='ocrx_word' id='word_1_932' title='bbox 2288 5681 2341 5751; x_wconf 78' lang='lat' dir='ltr'><strong>in</strong></span> <span class='ocrx_word' id='word_1_933' title='bbox 2371 5696 2556 5751; x_wconf 88' lang='lat' dir='ltr'><strong>codice</strong></span> <span class='ocrx_word' id='word_1_934' title='bbox 2581 5692 2761 5771; x_wconf 73' lang='lat' dir='ltr'><strong>sancti</strong></span> <span class='ocrx_word' id='word_1_935' title='bbox 2811 5681 3150 5771; x_wconf 37' lang='lat' dir='ltr'><strong>l‘iemlorici&#39;</strong></span> <span class='ocrx_word' id='word_1_936' title='bbox 3181 5685 3563 5771; x_wconf 69' lang='lat' dir='ltr'><strong>desiderantur</strong></span> <span class='ocrx_word' id='word_1_937' title='bbox 3593 5681 3707 5731; x_wconf 74' lang='lat' dir='ltr'><strong>lure</strong></span> 
     </span>
    </p>
   </div>
   <div class='ocr_carea' id='block_1_120' title="bbox 2138 5752 3704 5833">
    <p class='ocr_par' dir='ltr' id='par_1_120' title="bbox 2138 5752 3704 5833">
     <span class='ocr_line' id='line_1_121' title="bbox 2138 5752 3704 5833; baseline -0.017 -7"><span class='ocrx_word' id='word_1_938' title='bbox 2138 5752 2303 5825; x_wconf 47' lang='lat' dir='ltr'><strong>verba</strong></span> <span class='ocrx_word' id='word_1_939' title='bbox 2340 5783 2352 5818; x_wconf 93' lang='lat'>:</span> <span class='ocrx_word' id='word_1_940' title='bbox 2385 5784 2404 5817; x_wconf 75' lang='grc' dir='ltr'><strong>ι</strong></span> <span class='ocrx_word' id='word_1_941' title='bbox 2433 5763 2683 5833; x_wconf 85' lang='lat' dir='ltr'><strong>quamvis</strong></span> <span class='ocrx_word' id='word_1_942' title='bbox 2710 5763 2759 5813; x_wconf 90' lang='lat' dir='ltr'><strong>in</strong></span> <span class='ocrx_word' id='word_1_943' title='bbox 2793 5760 2912 5812; x_wconf 88' lang='lat' dir='ltr'><strong>aliis</strong></span> <span class='ocrx_word' id='word_1_944' title='bbox 2943 5756 3345 5833; x_wconf 65' lang='lat' dir='ltr'><strong>exemplaribus</strong></span> <span class='ocrx_word' id='word_1_945' title='bbox 3377 5752 3666 5819; x_wconf 76' lang='lat' dir='ltr'><strong>legerimus</strong></span> <span class='ocrx_word' id='word_1_946' title='bbox 3691 5768 3704 5781; x_wconf 87' lang='lat'><strong>-</strong></span> 
     </span>
    </p>
   </div>
   <div class='ocr_carea' id='block_1_121' title="bbox 2136 5824 3482 5901">
    <p class='ocr_par' dir='ltr' id='par_1_121' title="bbox 2136 5824 3482 5901">
     <span class='ocr_line' id='line_1_122' title="bbox 2136 5824 3482 5901; baseline -0.021 -1"><span class='ocrx_word' id='word_1_947' title='bbox 2136 5824 2556 5900; x_wconf 12' lang='lat' dir='ltr'><strong>etieliundan&#39;tur</strong></span> <span class='ocrx_word' id='word_1_948' title='bbox 2576 5833 2667 5888; x_wconf 89' lang='lat' dir='ltr'><strong>tibi</strong></span> <span class='ocrx_word' id='word_1_949' title='bbox 2685 5845 2841 5901; x_wconf 73' lang='lat' dir='ltr'><strong>aqua:</strong></span> <span class='ocrx_word' id='word_1_950' title='bbox 2870 5836 3023 5886; x_wconf 77' lang='lat' dir='ltr'><strong>extra</strong></span> <span class='ocrx_word' id='word_1_951' title='bbox 3046 5836 3192 5881; x_wconf 90' lang='lat' dir='ltr'><strong>tuum</strong></span> <span class='ocrx_word' id='word_1_952' title='bbox 3228 5824 3482 5879; x_wconf 61' lang='lat' dir='ltr'><strong>lentem.»</strong></span> 
     </span>
    </p>
   </div>
  </div>
