4134 6394
418 353 519 406 659

1899 335 2220 395 ORIGENIS

3565 352 3669 409 660

420 483 540 525 esse
563 467 702 522 intra
737 465 995 520 animam.
1057 462 1196 518 Sunt
1248 471 1303 517 et
1359 460 1448 516 alii
1497 460 1739 531 plurimi,
1797 458 1891 529 qui
1941 459 1992 511 in
2025 464 2069 517 Α
2099 466 2275 526 potest
2315 457 2520 514 habere
2567 462 2898 529 peccatum?
2943 459 3049 518 Sed
3086 471 3144 518 et
3193 463 3426 534 amplius
3462 465 3669 536 aliquid

419 559 645 630 singulis
715 558 1020 628 quibusque
1063 555 1466 626 Scripturarmn
1521 553 1862 608 sermonibus
1911 551 1993 603 in-

425 653 746 719 telliguntur
803 659 857 705 et
910 648 1180 704 sensibus.
1240 647 1336 701 Est
1407 655 1585 699 tamen
1668 643 1994 698 eminentior

415 739 576 810 313
618 740 827 794 carteris
881 739 981 793 iste
1031 748 1243 807 puteus,
1287 743 1340 790 et
1393 735 1644 799 eximius,
1682 734 1748 788 de
1779 745 1884 800 quo
1935 732 1988 785 in

415 832 666 899 praesenti
719 833 840 887 loco
877 830 1156 899 Scriptura
1213 827 1364 895 dicit,
1421 827 1544 896 quia
1588 825 1821 880 foderint
1862 837 1985 878 cum

413 939 521 978 non
555 925 867 992 quicunque
915 935 1234 977 communes
1277 919 1546 982 homines,
1585 919 1678 973 sed
1716 916 1988 986 principes

410 1023 459 1068 et
483 1016 662 1068 adhuc
690 1016 884 1069 horum
919 1011 1285 1073 sublimiores,
1319 1025 1454 1079 quos
1481 1024 1635 1079 reges
1673 1007 1982 1077 appellavit.

410 1103 642 1174 Propter
671 1105 810 1172 quod
844 1114 898 1159 et
959 1105 1190 1174 hymnus
1223 1102 1441 1158 canitur
1491 1101 1600 1155 Deo
1650 1101 1793 1170 apud
1841 1099 1986 1154 hunc

411 1197 658 1251 emndem
717 1207 957 1264 puteum.
988 1195 1050 1250 Et
1095 1195 1213 1250 ideo
1244 1194 1503 1264 scriptum
1541 1202 1652 1249 est:
1691 1212 1710 1244 ι
1751 1191 1920 1255 Vade,
1959 1210 1976 1243 ι

413 1291 607 1360 inquit,
638 1309 658 1343 ι
695 1291 761 1344 ad
789 1272 1030 1359 puteum.
1057 1310 1075 1341 ›
1115 1288 1215 1343 llic
1249 1297 1336 1343 est
1385 1295 1575 1357 puteus
1631 1300 1789 1355 quem
1842 1286 1980 1340 dixit

415 1384 674 1437 Dominus
719 1382 785 1436 ad
838 1381 1058 1451 Moysen
1085 1382 1130 1413 ⁸⁸
1162 1399 1174 1435 :
1208 1399 1226 1433 ι
1265 1381 1542 1450 Congrega
1592 1379 1870 1448 populum,
1928 1386 1981 1433 et

411 1474 550 1527 dabo
576 1474 655 1528 eis
694 1488 891 1542 aquam
924 1474 990 1527 de
1015 1480 1198 1542 puteo,
1245 1489 1264 1523 ι
1303 1471 1437 1526 dixit
1465 1469 1744 1524 Dominus.
1771 1470 1982 1538 Moyses

411 1580 743 1634 congregare
783 1563 1008 1632 jubetur
1062 1564 1342 1634 populum,
1381 1573 1437 1615 ut
1471 1563 1759 1617 conveniat
1788 1563 1852 1616 ad
1884 1579 1981 1632 pu-

411 1667 580 1722 teum,
611 1669 664 1710 et
711 1659 862 1712 bibat
894 1671 1112 1726 aquam.
1143 1655 1360 1725 Moysen
1389 1663 1566 1708 autem
1597 1655 1772 1722 legem
1807 1654 1977 1722 accipi

2098 548 2287 603 habet.
2325 546 2382 603 Si
2411 550 2556 605 enim
2594 552 2811 606 veneris
2833 553 2900 606 ad
2949 553 3261 609 luereticam
3315 558 3663 626 sententiam,

2093 639 2136 694 si
2183 642 2401 696 veneris
2462 643 2528 696 ad
2577 641 2993 697 amaritudinem
3063 647 3290 713 peccati,
3356 649 3552 704 venisti
3598 650 3667 705 ad

2095 743 2288 800 puteos
2349 734 2662 790 bituminis.
2706 734 2986 801 Bitumen,
3033 753 3156 794 esca
3185 750 3238 794 et
3271 743 3663 798 nutrimentum

2092 824 2234 892 ignis
2266 835 2372 883 est.
2409 828 2464 883 Si
2499 844 2630 898 ergo
2683 839 2737 884 et
2770 841 2824 884 tu
2859 833 3164 899 gustaveris
3192 847 3390 903 aquam
3440 833 3510 888 de
3543 835 3664 889 istis

2093 923 2296 988 puteis,
2337 921 2379 975 si
2417 924 2720 990 sumpseris
2744 921 3064 979 hmrcticum
3113 939 3356 990 sensum,
3385 925 3427 980 si
3445 927 3661 997 peccati

2088 1013 2508 1069 amaritudinem
2552 1017 2782 1084 ceperis,
2822 1015 3059 1070 fomenta
3091 1016 3144 1071 in
3187 1027 3238 1072 te
3288 1018 3428 1088 ignis
3483 1027 3536 1074 et
3567 1033 3662 1090 ge-

2091 1107 2283 1161 hennze
2322 1104 2570 1160 incendia
2623 1106 2972 1174 przeparabis.
3025 1106 3094 1162 Et
3125 1117 3413 1178 propterea
3460 1109 3527 1164 ad
3567 1126 3661 1167 eos

2089 1197 2182 1268 qui
2221 1198 2414 1253 nolunt
2443 1198 2508 1253 de
2531 1198 2622 1254 illo
2644 1210 2810 1268 puteo
2839 1213 3038 1268 aquam
3074 1200 3286 1267 bibere,
3318 1215 3477 1270 quem
3503 1206 3656 1270 prin-

2088 1291 2236 1360 cipes
2270 1289 2528 1345 foderunt
2580 1301 2635 1345 et
2684 1306 2861 1361 reges,
2898 1291 2992 1348 sed
3029 1306 3095 1347 ex
3142 1292 3262 1348 istis
3303 1294 3396 1363 qui
3436 1295 3488 1349 in
3519 1296 3658 1355 valle

2087 1381 2295 1449 peccati
2357 1389 2507 1447 sunt,
2557 1392 2611 1435 et
2662 1380 2804 1448 ignis
2851 1383 3111 1438 materias
3165 1382 3352 1450 alunt,
3407 1386 3654 1442 dicitur:

2091 1489 2111 1522 ι
2159 1471 2403 1527 Incedite
2433 1472 2486 1526 in
2517 1471 2721 1527 lumine
2749 1471 2893 1541 ignis
2933 1473 3101 1528 vestri
3143 1483 3199 1529 et
3236 1472 3467 1529 ﬂammae
3494 1491 3654 1545 quam

2085 1566 2238 1620 vobis
2284 1567 2635 1622 aceendistis.
2691 1585 2709 1618 ι
2740 1566 2879 1633 Quid
2933 1581 3068 1636 ergo
3091 1569 3311 1623 canitur
3339 1569 3477 1638 apud
3515 1572 3654 1629 hunc

2085 1658 2353 1726 puteum?
2387 1675 2405 1710 ι
2436 1658 2649 1713 luitiate
2679 1658 2751 1726 ei,
2793 1678 2811 1711 ι
2843 1659 3104 1729 inquit",
3145 1679 3165 1712 ι
3206 1672 3448 1731 puteum.
3484 1662 3659 1720 Fode-

408 1746 608 1800 debere
654 1761 795 1814 sarpe
821 1747 1180 1800 ostendimus.
1226 1745 1337 1800 Lex
1367 1760 1495 1812 ergo
1531 1744 1623 1800 Dei
1658 1754 1741 1800 est
1773 1761 1893 1813 qua:
1928 1756 1979 1802 Ie
2011 1787 2052 1842 Β
2087 1759 2211 1803 runt
2255 1748 2406 1804 illum
2445 1748 2732 1819 principes,
2770 1749 3106 1806 excuderunt
3162 1765 3336 1820 reges.
3375 1771 3393 1804 ι
3419 1751 3655 1808 Possunt

403 1848 688 1901 convocat,
720 1847 778 1892 ut
819 1839 884 1894 ad
919 1847 1140 1908 puteum
1169 1837 1483 1892 convenias.
1530 1835 1701 1902 Quem
1729 1849 1976 1908 puteum,

403 1929 504 1982 nisi
539 1929 686 1983 illum
728 1931 793 1984 de
821 1944 928 1999 quo
969 1944 1136 1996 supra
1185 1929 1422 1984 diximus
1471 1927 1654 1984 Jcsum
1697 1927 1975 1985 Christum

401 2018 595 2075 Filium
628 2019 972 2092 Dei,propria
995 2019 1212 2092 quidem
1241 2021 1545 2075 substantia
1566 2019 1975 2087 subsistentem,

400 2127 510 2166 uno
546 2122 726 2168 tamen
766 2130 888 2168 cum
937 2112 1102 2167 Patre
1156 2123 1210 2168 et
1266 2111 1470 2181 Spiritu
1519 2120 1709 2166 sancto
1748 2112 1976 2167 Deitatis

399 2200 549 2256 fonte
608 2205 990 2258 nominatum?
1038 2205 1116 2259 Ad
1166 2205 1309 2257 hunc
1365 2219 1496 2272 ergo
1531 2211 1777 2271 puteum,
1812 2203 1863 2256 id
1892 2210 1974 2257 est

401 2293 466 2346 ad
501 2293 659 2348 fidem
693 2295 895 2350 Christi
931 2310 1028 2351 nos
1066 2303 1332 2351 convocat
1367 2294 1474 2349 lex.
1509 2294 1624 2363 ipse
1643 2294 1787 2349 enim
1811 2293 1970 2358 dixit,

403 2401 424 2432 ι
447 2383 575 2452 quia
604 2384 815 2454 Moyses
829 2386 894 2440 de
910 2402 993 2441 me
1010 2387 1246 2456 scripsit.
1262 2405 1281 2438 ›
1309 2385 1515 2455 thuid
1547 2402 1644 2442 nos
1667 2388 1973 2442 convocat?

399 2472 470 2527 Ut
503 2474 754 2531 bibamus
786 2492 1006 2546 aquam,
1049 2488 1102 2534 et
1137 2489 1422 2533 cantemus
1449 2479 1498 2534 ei
1525 2480 1798 2534 canticum
1828 2497 1841 2533 :
1868 2480 1970 2535 hoc

393 2574 477 2620 cst
503 2568 670 2622 corde
691 2569 982 2626 credamus
1012 2572 1078 2626 ad
1103 2572 1389 2641 justitiam,
1413 2581 1580 2626 etore
1611 2571 1972 2626 c'onfiteamur

396 2655 461 2708 ad
484 2656 736 2711 salutem.

461 2747 517 2801 2.
548 2766 565 2799 ι
598 2747 838 2814 luitiate,
875 2768 894 2801 ι
927 2750 1102 2819 inquit
1127 2751 1191 2817 ⁸⁸,
1231 2771 1248 2802 ι
1286 2751 1360 2805 illi
1397 2762 1638 2822 puteum.
1683 2773 1702 2807 ι
1735 2752 1833 2809 Hic
1885 2762 1968 2811 est

391 2852 605 2896 sensus.
640 2841 882 2909 Initium,
907 2843 1002 2908 ait,
1043 2845 1281 2898 omnium
1311 2855 1532 2914 puteum
1569 2847 1774 2914 ponite,
1823 2845 1965 2901 sicut

390 2940 445 2987 et
483 2932 776 3000 Apostolus
832 2934 1059 3002 dicit",
1105 2936 1227 3004 quia
1285 2937 1398 3006 ipse
1442 2947 1525 2992 est
1571 2957 1588 2989 ‹
1630 2938 1960 3008 principium

387 3031 442 3076 et
484 3024 876 3093 primogenitus
919 3028 1096 3082 omnis
1127 3037 1414 3093 creaturae,
1447 3031 1578 3084 etin
1629 3032 1747 3099 ipso
1779 3041 1959 3086 creata

387 3123 512 3168 sunt
565 3117 769 3170 omnia.
828 3136 848 3169 ι
901 3117 1120 3173 luitiate
1173 3133 1305 3189 ergo
1359 3122 1407 3176 ei
1446 3129 1683 3189 puteum,
1723 3123 1825 3176 hoc
1854 3133 1960 3188 est,

387 3204 598 3260 initium
650 3208 892 3262 omnium
927 3210 1259 3266 confitemini
1319 3228 1439 3268 esse
1480 3224 1720 3282 puteum.
1773 3211 1960 3269 Potest

385 3306 565 3352 autem
592 3299 764 3354 ethoc
791 3302 949 3357 modo
979 3302 1228 3372 intelligi.
1266 3313 1324 3357 ut
1347 3305 1509 3358 verba
1541 3305 1700 3373 dirigi
1740 3305 1960 3360 videan-

386 3399 474 3442 tur
514 3404 580 3443 cx
630 3406 859 3460 persona
920 3392 1089 3462 Moysi
1146 3396 1210 3447 ad
1253 3396 1512 3463 pepulum
1544 3437 1559 3462 ,
1614 3397 1957 3451 cohortantis

381 3491 438 3537 ct
466 3484 696 3540 dicentis
727 3506 739 3541 :
773 3487 904 3542 Date
946 3487 1160 3542 initium
1206 3491 1354 3544 cordi
1391 3500 1596 3554 vestro,
1635 3500 1694 3543 ut
1732 3492 1958 3559 incipiat

383 3575 684 3649 intelligere
710 3581 831 3650 quis
885 3581 957 3635 sit
995 3591 1189 3648 puteus
1217 3584 1283 3637 de
1328 3599 1438 3652 quo
1479 3599 1633 3652 aqua:
1682 3583 1956 3651 spiritales

382 3670 695 3726 haurienda:
723 3681 871 3739 sunt,
900 3681 953 3726 et
988 3673 1313 3730 reficiendas
1345 3685 1428 3730 est
1474 3676 1815 3730 credentium
1855 3690 1951 3744 po-

379 3763 561 3830 pulus.
611 3764 828 3819 luitiate
857 3779 988 3831 ergo
1019 3767 1090 3826 ei,
1143 3765 1248 3820 hoc
1305 3777 1391 3822 est
1428 3767 1808 3829 lsraeli,hunc
1849 3783 1952 3836 pu-

380 3863 520 3907 teum
553 3873 568 3908 :
601 3864 659 3909 ut
683 3869 901 3911 sensum
944 3855 1234 3926 mysticum
1265 3857 1309 3910 si
1339 3859 1461 3926 quis
1488 3860 1751 3912 estcorde
1783 3859 1949 3912 Deum

379 3950 593 4011 videns,
630 3949 698 4002 de
733 3948 1016 4013 profundis
1044 3951 1218 4016 possit
1247 3950 1489 4006 haurire.
1518 3951 1598 4006 Ad
1633 3951 1798 4006 istum
1821 3968 1950 4024 ergo

377 4047 598 4107 putemn
641 4047 698 4094 ut
724 4037 964 4109 Moyses,
995 4040 1045 4092 id
1093 4048 1177 4094 est
1226 4039 1332 4108 lex,
1358 4058 1459 4099 nos
1497 4055 1812 4114 congregct,
1843 4061 1946 4100 non

374 4131 580 4187 frustra
613 4133 818 4188 dictum
848 4131 1083 4187 videtur.
1110 4133 1296 4190 Potest
1327 4136 1472 4190 enim
1501 4137 1639 4206 ﬁeri,
1667 4148 1724 4193 ut
1751 4140 1948 4210 aliquis

371 4223 561 4278 venire
606 4225 672 4278 ad
732 4224 892 4278 istum
932 4231 1155 4292 puteum
1205 4225 1475 4294 videatur,
1536 4229 1634 4282 sed
1692 4229 1793 4283 nisi
1852 4245 1948 4298 per

372 4313 590 4385 Moysen
619 4325 996 4386 congregetur,
1029 4331 1136 4371 non
1163 4325 1243 4373 est
1261 4327 1517 4388 acceptus
1545 4319 1677 4374 Deo.
1708 4320 1942 4376 Marcion

371 4405 584 4460 venisse
603 4409 708 4463 sibi
739 4410 952 4464 videtur
989 4410 1052 4464 ad
1088 4411 1250 4466 istum
1283 4419 1530 4480 puteum,
1563 4420 1619 4465 et
1650 4409 1943 4478 Basilides,

368 4495 790 4572 etValentinus,
820 4505 916 4556 sed
947 4503 1077 4570 quia
1125 4518 1230 4556 non
1268 4512 1535 4557 venerunt
1565 4519 1664 4572 per
1705 4504 1944 4577 Moysen,

369 4602 471 4642 nec
515 4601 841 4658 receperunt
882 4593 1055 4662 legem
1103 4605 1156 4648 et
1205 4595 1525 4662 Prophetas,
1563 4612 1668 4652 non
1720 4610 1948 4666 possunt

368 4680 590 4738 laudare
639 4682 926 4759 Dominum
977 4687 1146 4740 Deum
1191 4687 1258 4741 de
1306 4687 1553 4743 fontibus
1591 4689 1774 4745 Israel.
1828 4690 1942 4746 Non

367 4787 500 4841 ergo
526 4775 747 4833 veniunt
779 4777 870 4845 qui
903 4777 1212 4847 hujusmodi
1239 4789 1390 4846 sunt,
1432 4781 1498 4834 ad
1533 4792 1755 4851 puteum
1783 4799 1941 4852 quem

367 4863 625 4920 foderunt
655 4868 948 4937 principes,
977 4881 1030 4926 et
1062 4874 1404 4927 excuderunt
1435 4889 1609 4940 reges.
1639 4875 1748 4929 Sed
1777 4877 1943 4931 vultis

364 4959 651 5012 ostendam
699 4960 855 5016 vobis
895 4962 962 5018 de
1007 4962 1338 5033 Scripturis,
1368 4965 1592 5034 adquos
1617 4966 1705 5021 isti
1751 4977 1944 5036 puteos

364 5051 634 5105 veniunt?
663 5051 757 5106 Est
789 5053 942 5108 vallis
964 5057 1211 5123 quaedam
1236 5056 1401 5123 salsa,
1438 5058 1620 5127 inqua
1646 5059 1784 5114 valle
1817 5070 1946 5114 sunt

365 5142 509 5209 putei
559 5142 860 5198 bituminis.
886 5143 1077 5199 Omnis
1102 5160 1230 5214 ergo
1263 5147 1512 5212 haeresis,
1543 5159 1596 5203 et
1626 5165 1788 5204 omne
1816 5166 1942 5218 pee-

360 5242 543 5288 catum
573 5235 623 5288 in
649 5235 791 5290 valle
815 5245 919 5300 est,
946 5247 998 5292 et
1028 5237 1081 5291 in
1112 5237 1253 5292 valle
1283 5239 1448 5294 salsa.
1469 5238 1762 5294 Peccatum
1793 5244 1935 5296 enim

357 5334 415 5379 et
453 5325 714 5396 iniquitas
760 5343 867 5382 non
904 5328 1156 5384 ascendit
1199 5345 1440 5396 sursum,
1489 5332 1583 5388 sed
1623 5348 1842 5402 semper
1869 5335 1935 5388 ad

2081 1842 2294 1910 quidem
2357 1840 2629 1910 principes
2656 1849 2730 1914 et.
2755 1853 2907 1910 reges
2944 1841 3106 1896 iidem
3148 1841 3368 1898 videri:
3427 1842 3470 1897 si
3525 1857 3655 1898 vero

2081 1932 2336 2002 distingui
2365 1945 2587 1988 necesse
2626 1939 2731 1996 est,
2754 1931 3028 2001 principes
3050 1930 3348 2002 Prophetas
3377 1933 3651 2003 intelliga-

2080 2037 2220 2076 mus.
2271 2021 2376 2092 lpsi
2408 2024 2547 2076 enim
2584 2036 2806 2078 sensum
2855 2033 2908 2078 et
2947 2024 3289 2093 prephetiam
3333 2025 3400 2080 de
3429 2025 3652 2083 Christo

2078 2112 2345 2168 defossam
2384 2125 2435 2171 et
2468 2115 2769 2169 demersam
2807 2115 2858 2169 in
2886 2114 3154 2184 profundo
3193 2115 3387 2171 litterae
3417 2118 3651 2174 colloca-

2077 2214 2223 2269 runt,
2261 2215 2316 2260 et
2362 2207 2482 2260 ideo
2533 2207 2752 2275 quidam
2807 2220 2871 2259 ex
2933 2205 3063 2274 ipsis
3094 2206 3308 2262 dicebat
3338 2209 3384 2239 ⁷³
3417 2227 3430 2262 :
3464 2228 3482 2262 ι
3535 2209 3649 2265 Nisi

2075 2297 2294 2351 occulte
2329 2297 2634 2360 audieritis,
2664 2295 2899 2366 plorabit
2931 2297 3111 2351 anima
3137 2308 3338 2356 vestra.
3378 2319 3398 2352 ι
3427 2297 3495 2354 Et
3519 2301 3648 2355 item

2077 2386 2216 2441 alius
2244 2385 2514 2458 Propheta
2569 2388 2699 2441 dicit
2725 2387 2792 2441 ad
2822 2385 3106 2441 Dominum
3138 2388 3186 2418 ""
3221 2407 3234 2442 :
3273 2407 3292 2442 ι
3332 2388 3503 2455 Quam
3535 2406 3650 2445 ma-

2073 2497 2176 2552 gna
2222 2479 2511 2534 multitudo
2547 2477 2845 2535 dulcedinis
2885 2487 3011 2545 tuae,
3037 2479 3283 2547 Domine,
3318 2496 3479 2550 quam
3518 2482 3648 2538 abs-

2069 2573 2301 2629 condisti
2375 2571 2692 2627 timentibus
2729 2572 2810 2626 te!
2848 2588 2866 2622 ι
2906 2571 2994 2626 Isti
3029 2585 3160 2640 ergo
3199 2582 3326 2625 sunt
3352 2573 3647 2641 principes,

2071 2665 2162 2733 qui
2198 2664 2454 2719 foderunt
2493 2663 2638 2717 hunc
2665 2670 2910 2732 puteum,
2950 2677 3104 2732 reges
3137 2671 3318 2717 autem
3351 2664 3439 2731 qui
3481 2678 3648 2717 excu-

2070 2755 2265 2811 derunt
2299 2768 2445 2808 eum.
2478 2753 2630 2818 Quod
2675 2752 2830 2815 dixit,
2869 2769 2889 2803 ι
2937 2753 3294 2815 excuderunt,
3342 2768 3360 2802 ι
3394 2751 3463 2806 ab
3489 2767 3648 2806 excu-

2069 2846 2265 2913 dendo,
2299 2861 2404 2899 non
2438 2845 2506 2898 ab
2537 2842 2836 2899 excideudo
2867 2843 3074 2897 dictum
3117 2851 3225 2896 est.
3255 2842 3460 2896 Excudi
3499 2841 3643 2896 enim

2068 2938 2288 3003 dicitur,
2327 2939 2468 3006 quod
2520 2937 2573 2990 in
2617 2949 2752 2992 saxo
2807 2935 2895 2989 vel
2945 2935 3189 3000 caeditur,
3233 2935 3318 2988 vel
3356 2933 3641 2988 formatur.

2068 3031 2346 3098 Principes
2371 3045 2502 3099 ergo
2543 3038 2798 3098 tanquam
2825 3027 3167 3098 aliquantulo
3194 3026 3505 3092 inferiores,
3556 3025 3642 3080 fo-

1988 3114 2032 3173 C
2069 3123 2198 3176 dere
2229 3121 2485 3178 dicuntur
2511 3130 2753 3192 puteum,
2783 3122 2887 3177 hoc
2937 3129 3022 3175 est
3054 3119 3210 3189 quasi
3243 3119 3295 3173 in
3326 3128 3483 3174 terra:
3511 3117 3644 3172 mol-

2071 3215 2182 3270 litie
2239 3212 2582 3270 altitudinem
2637 3215 2929 3285 quamdam
2961 3213 3299 3282 demergere.
3358 3210 3448 3266 lsti
3513 3226 3645 3266 vero

2067 3323 2205 3377 quos
2240 3322 2394 3376 reges
2425 3307 2683 3377 appellat,
2738 3306 2887 3376 quasi
2917 3303 3310 3360 eminentiores
3361 3317 3426 3358 ac
3447 3303 3636 3358 fortio-

2066 3413 2174 3464 res,
2208 3413 2313 3451 non
2345 3397 2516 3452 solum
2553 3407 2712 3451 terra!
2742 3394 3091 3466 profundum,
3140 3397 3235 3450 sed
3269 3404 3322 3450 et
3349 3395 3462 3450 saxi
3494 3394 3643 3449 duri-

2067 3491 2194 3543 tiam
2229 3496 2538 3558 penetrant,
2573 3495 2632 3539 ut
2675 3487 2961 3552 pervenire
2988 3484 3197 3555 possint
3227 3486 3294 3540 ad
3323 3484 3643 3554 profundio-

2067 3595 2154 3634 res
2185 3593 2377 3646 aquas,
2404 3588 2457 3632 et
2489 3577 2639 3646 ipsas
2662 3576 2726 3645 (si
2753 3575 2858 3630 dici
2879 3575 3078 3647 potest)
3107 3576 3158 3629 in
3183 3589 3248 3630 eo
3279 3590 3443 3630 venas
3459 3575 3641 3646 abyssi

2063 3675 2512 3736 perscrutentur,
2546 3666 2783 3721 scientes
2823 3664 3033 3735 judicia
3067 3665 3160 3720 Dei
3209 3679 3333 3720 esse
3379 3665 3638 3735 abyssum

2064 3752 2313 3813 multam.
2350 3758 2484 3812 Istos
2535 3771 2664 3826 ergo
2701 3772 2876 3826 reges,
2910 3757 3002 3826 Qui
3042 3767 3151 3810 tam
3205 3756 3476 3825 profunda
3513 3771 3640 3826 pos-

2061 3863 2184 3907 sunt
2237 3861 2294 3906 et
2345 3861 2452 3904 tam
2510 3847 2826 3904 abscondita
2858 3849 3007 3918 putei
3042 3850 3401 3918 perscrutari,
3438 3849 3635 3903 merito

2061 3944 2339 4013 apostolos
2386 3943 2708 4006 dixerimus,
2741 3957 2807 3996 ex
2840 3942 3038 4011 quibus
3077 3941 3276 4011 aliquis
3301 3940 3582 3996 diccbat"
3618 3959 3632 3996 :

2063 4053 2081 4085 ι
2144 4034 2311 4089 Nobis
2347 4044 2526 4087 autem
2576 4033 2835 4088 revelavit
2875 4033 3016 4087 Deus
3051 4048 3147 4103 per
3187 4031 3456 4111 Spiritum
3505 4049 3632 4089 san-

2056 4133 2224 4180 ctum.
2260 4125 2495 4195 Spiritus
2547 4124 2690 4179 enim
2724 4124 2904 4178 omnia
2958 4135 3257 4189 scrutatur,
3293 4125 3455 4180 etiam
3518 4125 3626 4179 alta

2057 4213 2174 4268 Dei.
2221 4233 2239 4265 ι
2279 4213 2414 4280 Quia
2451 4228 2580 4283 ergo
2616 4229 2712 4282 per
2746 4212 3008 4282 Spiritum
3051 4225 3284 4286 possunt
3331 4218 3494 4270 etiam
3527 4217 3628 4287 ipsi

2053 4307 2389 4377 perscrutari
2425 4306 2530 4360 alta
2558 4307 2674 4370 Dei,
2709 4306 2889 4360 etalta
2930 4323 2994 4363 ac
3024 4309 3288 4378 profunda
3347 4312 3494 4381 putei
3543 4325 3630 4380 pe-

2057 4408 2275 4452 netrare
2309 4399 2589 4468 mysteria,
2629 4399 2836 4454 idcirco
2869 4415 3027 4469 reges
3058 4417 3178 4457 esse
3207 4402 3483 4468 dicuntur,
3536 4406 3626 4474 qui

2058 4499 2280 4557 puteum
2311 4492 2474 4544 etiam
2507 4491 2670 4544 istum
2714 4489 2767 4541 in
2821 4501 2976 4558 petra
3013 4493 3354 4561 excuderint,
3392 4508 3454 4548 ac
3490 4492 3625 4548 dura

2051 4590 2104 4634 et
2139 4581 2378 4636 dilIicilia
2435 4592 2644 4639 secreta
2694 4587 2937 4641 scientia:
2991 4590 3416 4656 penetraverint.
3471 4589 3625 4656 Quod

2048 4685 2228 4728 autem
2273 4691 2426 4746 reges
2450 4678 2552 4731 dici
2581 4679 2790 4747 possint
2821 4680 2984 4735 etiam
3018 4681 3263 4751 apostoli,
3300 4691 3431 4750 puto
3464 4692 3516 4736 et
3559 4698 3625 4736 ex

2048 4781 2113 4820 eo
2134 4767 2296 4821 facile
2333 4767 2551 4836 probari
2580 4782 2762 4837 posse,
2804 4773 2945 4839 quod
2977 4773 3043 4826 de
3076 4773 3328 4828 omnibus
3355 4775 3625 4828 credenti-

2046 4860 2145 4916 bus
2196 4862 2392 4917 dicilur
2419 4862 2502 4914 7°:
2548 4881 2568 4914 ‹
2612 4861 2722 4918 Vos
2749 4875 2928 4918 autem
2973 4881 3148 4935 genus
3197 4867 3399 4936 regale,
3437 4882 3622 4920 sarcr-

2050 4955 2253 5010 dotium
2291 4973 2568 5027 magnum,
2609 4977 2741 5030 gens
2795 4970 2998 5016 sancta.
3043 4979 3062 5013 ι
3102 4960 3162 5014 Si
3196 4975 3326 5029 ergo
3359 4958 3481 5013 illos
3533 4959 3616 5011 di-

2047 5063 2178 5106 cunt
2221 5068 2397 5124 reges,
2449 5056 2539 5124 qui
2576 5069 2669 5123 per
2702 5053 2926 5105 verbum
2962 5052 3202 5120 ipsorum
3247 5050 3618 5113 crediderunt,

2049 5154 2252 5214 quanto
2283 5147 2454 5214 magis
2489 5146 2589 5216 ipsi
2620 5159 2774 5214 reges
2804 5143 3034 5198 habendi
3095 5153 3244 5208 sunt,
3281 5142 3371 5211 qui
3406 5140 3620 5195 faciunt

2051 5237 2248 5306 reges?
2281 5237 2384 5290 Sed
2437 5247 2491 5292 et
2522 5239 2644 5293 inde
2668 5234 2826 5290 facile
2855 5237 3150 5306 colligitur.
3183 5237 3238 5289 Si
3269 5233 3414 5289 enim
3461 5246 3617 5301 reges

2047 5343 2075 5380 a
2136 5329 2368 5396 regendo
2419 5330 2694 5396 dicuntur,
2729 5345 2916 5385 omnes
2971 5330 3158 5398 utique
3215 5327 3310 5397 qui
3339 5323 3616 5380 Ecclesias

357 5418 467 5472 ima
496 5431 552 5473 et
598 5421 814 5475 inferna
849 5421 1155 5476 descendit.
1189 5422 1284 5475 Est
1315 5439 1446 5493 ergo
1475 5424 1528 5478 in
1559 5424 1698 5480 valle
1729 5428 2012 5517 positusO
2045 5425 2138 5478 Dei
2178 5435 2392 5495 regunt.
2424 5439 2578 5495 reges
2607 5427 2802 5480 merito
2837 5421 3265 5493 appellabuntur,
3305 5422 3476 5475 multo
3519 5435 3616 5472 au—

355 5518 407 5562 et
441 5509 610 5565 salsus
642 5522 810 5580 atque
841 5528 1062 5568 amarus
1093 5515 1271 5568 omnis
1318 5515 1608 5570 hzereticus
1644 5529 1936 5582 sensus,et

353 5600 536 5655 omnis
577 5611 732 5656 actus
761 5606 992 5672 peccati.
1029 5605 1170 5670 Quid
1213 5605 1360 5660 enim
1394 5607 1573 5671 dulce,
1608 5610 1736 5677 quid
1767 5627 1932 5666 suave

426 5694 472 5723 ⁸⁸
494 5695 651 5770 Pium;
675 5712 787 5770 xxi,
815 5699 895 5750 16.
974 5700 1176 5770 "“_ibitl.
1206 5703 1289 5754 17.
1369 5703 1413 5733 ⁷⁰
1436 5703 1646 5758 Coloss.
1680 5722 1718 5770 ι,
1745 5707 1829 5764 IS.
1855 5711 1937 5766 16.

353 5762 442 5816 17.
518 5762 566 5794 τι
617 5762 758 5819 Psai.
814 5782 964 5830 xxxi,
1005 5768 1094 5820 ‘20.
1172 5771 1267 5824 ⁷⁵1
1309 5772 1434 5826 Cor.
1475 5789 1534 5836 ιι,
1583 5776 1669 5829 10.

2016 5714 2059 5744 ⁷¹
2085 5711 2207 5765 lsai.
2245 5725 2295 5776 L,
2335 5710 2422 5764 11.

1747 5777 1832 5832 ⁷⁸1
1861 5780 1978 5837 Pet.
2004 5797 2064 5845 ιι.
2090 5783 2143 5836 9.

2042 5530 2149 5575 tem
2189 5522 2394 5575 rectius
2429 5521 2526 5585 illi,
2553 5520 2645 5588 qui
2677 5528 2730 5573 et
2754 5520 2875 5574 illos
2904 5521 3050 5588 ipsos
3089 5520 3248 5574 dictis
3277 5527 3438 5584 atque
3478 5517 3614 5572 serio

2043 5616 2149 5685 ptis
2206 5613 2322 5668 suis
2357 5621 2570 5682 regunt,
2603 5629 2630 5667 a
2664 5616 2858 5682 quibus
2901 5622 3161 5686 reguntur
3216 5611 3490 5667 Ecclesiae.
3545 5610 3612 5666 Et

2498 5709 2719 5764 "Num.
2759 5727 2872 5776 xxr,
2899 5711 2984 5776 17,
3017 5710 3100 5766 18.
3178 5710 3223 5741 ⁷³
3252 5707 3454 5764 Jerem.
3489 5724 3608 5775 xm,
