4134 6412
452 353 544 409 fit!
1626 336 1689 389 IN
1727 331 2060 389 NUMEROS
2095 330 2381 387 HOMILIA
2421 327 2534 381 XII.

3593 316 3697 374 (ἰδὲ

451 472 671 536 propter
692 439 796 518 hoc
820 459 983 532 315.
1022 457 1217 513 merito
1246 452 1508 508 Dominus
1540 449 1649 506 Rex
1683 465 1866 519 regum
1894 450 2026 503 dici-
2054 452 2099 508 Λ
2130 446 2290 515 spicit
2337 445 2401 497 ad
2435 443 2627 497 faciem
2656 439 2876 494 deserti.
2910 457 2927 487 ι
2966 434 3190 491 Numina
3221 435 3332 488 hrcc
3356 447 3477 502 qua:
3507 432 3697 484 viden-

456 569 541 613 tur
563 556 632 609 ’⁷.
661 553 773 610 Nisi
805 553 948 609 enim
977 551 1090 615 isti,
1156 557 1210 603 et
1233 544 1418 602 creteri
1463 545 1554 614 qui
1585 558 1677 597 eos
1719 542 2024 603 imitantur,

451 662 612 718 reges
653 645 889 707 fuerint,
920 642 1013 697 ille
1057 655 1166 695 non
1223 637 1494 693 videbitur
1526 648 1618 688 rex
1662 647 1868 703 regum.
1923 631 2026 686 Sed

453 751 506 796 et
552 740 666 808 ipse
710 736 984 805 apostolus
1028 732 1226 787 Paulus
1272 728 1570 785 Corinthiis
1631 725 1910 786 scribens.
1976 733 2029 778 et

451 831 598 886 velut
655 844 754 900 per
832 829 1125 898 quamdam
1206 824 1440 878 ironiam
1509 817 1810 887 corripiens
1890 831 2025 882 eos,

453 924 598 979 ait"
634 943 646 979 :
686 940 706 975 ι
750 921 882 977 Sine
907 919 1065 974 nobis
1093 917 1360 987 regnatis,
1407 922 1464 969 et
1516 912 1722 967 utinam
1770 909 2026 979 regnetis,

451 1023 510 1068 ut
539 1021 591 1067 et
621 1026 722 1068 nos
749 1010 1029 1065 vobiscum
1059 1019 1370 1075 regnemus.
1404 1021 1422 1054 ι
1451 1001 1506 1056 In
1537 1014 1644 1070 quo
1672 998 1857 1067 utique
1876 1011 2028 1067 rcges

452 1105 670 1175 quidem
695 1116 817 1158 esse
839 1101 1043 1155 debere
1071 1095 1411 1158 Corinthios,
1442 1101 1498 1148 et
1524 1091 1872 1160 semetipsum
1903 1103 2026 1145 cum

449 1196 517 1250 iis
549 1206 776 1264 regnare
799 1190 935 1244 velle
973 1187 1315 1259 pronuntiat,
1351 1184 1445 1240 sed
1471 1182 1763 1239 elationem
1790 1179 2025 1235 nondum

449 1303 550 1357 pro
574 1286 770 1340 merito
804 1281 1069 1350 assumpti
1103 1279 1326 1334 honoris
1361 1280 1596 1332 incusat.
1631 1272 1868 1328 Fodiunt
1897 1287 2028 1340 ergo

451 1378 486 1432 ii
515 1389 705 1432 omnes
735 1381 957 1444 puteum
992 1372 1155 1426 istum
1187 1370 1462 1440 principes
1490 1377 1584 1423 :et
1604 1365 1881 1422 excudunt
1904 1379 2027 1418 eum

451 1483 607 1539 reges
641 1467 904 1538 gentium.
949 1463 1196 1534 Apostoli
1226 1462 1370 1517 enim
1420 1460 1692 1530 praecipue
1724 1471 1880 1526 reges
1904 1463 2030 1510 sunt

451 1561 718 1632 gentium,
757 1559 850 1628 qui
884 1565 1076 1629 gentes
1109 1557 1176 1610 ad
1229 1553 1595 1610 obedientiam
1632 1550 1754 1604 fidei
1794 1560 2026 1615 congre—

451 1659 669 1722 garunt,
693 1648 964 1705 etChristi
996 1647 1281 1702 scientiam
1337 1641 1592 1697 omnibus
1617 1639 2026 1710 patefecerunt:

457 1760 477 1794 ι
538 1742 595 1798 In
645 1757 754 1811 quo
786 1749 914 1795 sunt
946 1737 1189 1794 thesauri
1238 1733 1522 1804 sapientiae
1555 1733 1669 1796 Dei,
1709 1741 1761 1785 et
1789 1728 2028 1784 scienlize

453 1834 754 1890 absconditi
786 1835 877 1886 τέ
929 1851 948 1884 ι
999 1829 1298 1885 secundum
1349 1834 1680 1898 praeceptum
1740 1821 1954 1877 Domini
1981 1819 2026 1851 ⁸ο

452 1924 855 1977 circumeuntes
914 1920 1102 1974 orbem
1163 1925 1320 1970 terra:
1353 1954 1368 1980 ,
1423 1922 1479 1968 et
1535 1913 1824 1982 implentes
1884 1909 2027 1980 quod

454 2012 764 2067 mandatum
801 2021 904 2075 est,
941 2020 1000 2064 ut
1035 2010 1268 2064 doceant
1289 2020 1478 2062 omnes
1504 2012 1716 2075 gentes,
1741 2003 2028 2073 baptizan-

453 2116 536 2160 tes
562 2117 656 2158 eas
676 2103 729 2157 in
756 2102 972 2156 nomine
1001 2099 1200 2166 Patris,
1225 2107 1282 2154 et
1312 2097 1456 2165 Filii,
1481 2104 1535 2151 et
1557 2094 1796 2166 Spiritus
1814 2095 1989 2149 sancti
2013 2112 2026 2147 :

451 2199 506 2244 et
562 2204 662 2258 per
711 2190 827 2244 haec
880 2188 1244 2253 excuderunt,
1304 2187 1408 2241 boe
1468 2194 1597 2246 est,
1655 2183 2032 2254 patefecerunt

451 2279 739 2336 scientiam
782 2280 953 2349 putei,
985 2287 1041 2334 et
1091 2279 1144 2333 in
1193 2277 1445 2333 notitiam
1477 2277 1748 2332 universis
1776 2275 2032 2346 gentibus

453 2373 821 2429 adduxerunt.
852 2371 960 2426 Sed
983 2379 1036 2426 et
1065 2385 1184 2441 qua:
1210 2385 1353 2426 nunc
1382 2369 1653 2425 habemus
1675 2368 1729 2422 in
1759 2369 2030 2433 manibus,

457 2479 578 2532 quae
610 2464 840 2519 recitata
872 2472 1000 2518 sunt
1024 2462 1204 2525 nobis,
1229 2468 1425 2528 puteus
1447 2469 1554 2526 est,
1584 2469 1639 2514 et
1665 2460 1843 2515 omnis
1869 2460 2031 2515 simul

452 2551 736 2618 Scriptura
782 2548 914 2620 legis
954 2557 1012 2604 et
1061 2547 1445 2618 prophetarum
1481 2562 1494 2600 :
1527 2545 1852 2616 Evangelica
1892 2558 2029 2614 quo-

451 2655 558 2710 que
586 2650 748 2709 atque
776 2639 1086 2710 Apostoliea
1123 2638 1332 2708 scripta
1359 2636 1522 2694 simul
1555 2637 1738 2691 omnia
1773 2649 1914 2691 unus
1949 2643 2032 2688 est

453 2741 666 2801 puteus,
704 2745 869 2800 quem
925 2745 1032 2784 non
1092 2739 1321 2798 possunt
1368 2729 1578 2794 fodere,
1607 2727 1692 2782 vel
1736 2725 2028 2793 excudere,

453 2823 556 2879 nisi
606 2823 951 2876 inveniantur
975 2838 1132 2891 reges
1191 2830 1240 2877 et
1279 2821 1580 2891 principes.
1614 2819 1754 2874 Vere
1776 2818 1920 2874 enim
1947 2833 2032 2872 re-

455 2932 572 2985 ges,
609 2924 663 2970 et
707 2929 837 2969 vere
869 2915 1148 2984 principes
1187 2915 1422 2969 habendi
1457 2921 1604 2978 sunt,
1655 2915 1748 2983 qui
1805 2923 2032 2984 possunt

453 3006 674 3061 auferre
705 3014 904 3059 terram
939 3005 1004 3058 de
1055 3013 1247 3074 puteo,
1282 3005 1386 3058 hoc
1419 3014 1528 3071 est,
1560 3018 1815 3061 amovere
1843 3020 2031 3072 super-

2135 549 2219 593 lur
2268 539 2508 593 locorum
2558 549 2680 590 esse
2729 530 3009 595 vocabula,
3059 544 3121 584 ex
3174 525 3550 596 significantiis
3589 525 3700 579 suis

2132 647 2264 699 quas
2288 632 2339 684 in
2375 631 2554 698 lingua
2588 625 2803 696 propria
2830 623 3132 690 designant,
3159 636 3337 675 rerum
3379 619 3551 692 magis
3585 634 3700 688 tny-

2131 723 2391 778 sticarum
2423 714 2881 783 consequentiam,
2907 727 3068 782 quam
3097 710 3481 767 vocabulorum
3515 709 3696 782 appel-

2133 817 2385 870 lationem
2418 813 2663 868 videntur
2701 806 3010 868 ostendere.
3049 825 3066 858 ι
3112 805 3348 864 Profecti
3371 805 3535 874 enim,
3569 825 3587 858 ι
3618 806 3700 860 in-

2130 907 2271 976 quit,
2303 925 2321 956 ι
2361 919 2390 958 a
2423 913 2607 974 puteo,
2685 898 2909 957 veniunt
2974 900 3025 954 in
3073 897 3421 954 Mathanaim.
3471 917 3488 951 ι
3526 897 3698 954 lntcr-
3763 881 3766 884 Α

2131 1006 2375 1070 pretatur
2419 996 2562 1052 enim
2617 992 2945 1049 Mathanaim
3001 1005 3220 1045 munera
3266 991 3503 1058 ipsorum
3559 989 3694 1060 (3t).

2134 1091 2297 1148 Vides
2329 1104 2458 1160 ergo
2479 1087 2604 1157 quia
2637 1086 2680 1143 si
2712 1085 2834 1155 quis
2859 1085 2925 1140 de
2959 1092 3126 1154 puteo
3151 1081 3254 1136 hoc
3282 1080 3502 1147 biberit,
3539 1093 3700 1150 quem

2131 1184 2388 1238 foderunt
2428 1195 2580 1249 reges
2609 1186 2662 1232 et
2704 1176 3000 1246 principes,
3035 1174 3218 1230 statim
3251 1172 3470 1244 proﬁcit
3493 1174 3561 1227 ad
3601 1174 3704 1229 hoc

2133 1287 2190 1330 ut
2213 1274 2410 1329 haheat
2437 1285 2660 1325 munera
2703 1283 2822 1338 quae
2852 1267 3045 1322 offerat
3067 1265 3198 1322 Deo.
3232 1265 3370 1332 Quid
3402 1271 3585 1318 autem
3619 1273 3703 1318 est

2131 1367 2274 1436 quod
2325 1368 2484 1419 homo
2524 1361 2717 1418 offerat
2765 1359 2920 1417 Deo?
2965 1358 3078 1416 Iloc
3103 1359 3277 1427 ipsum
3304 1355 3450 1424 quod
3502 1354 3554 1409 in
3588 1354 3706 1425 lege

2132 1457 2392 1526 scriptum
2432 1463 2514 1510 est
2542 1453 2614 1504 3":
2638 1451 2892 1508 «Munera
2924 1465 3065 1516 mea,
3099 1468 3118 1502 ι
3157 1449 3260 1505 hoc
3279 1456 3378 1511 cst,
3411 1447 3536 1503 data
3565 1460 3701 1502 mea.

2133 1551 2208 1605 Ex
2251 1550 2318 1604 iis
2357 1563 2488 1619 ergo
2519 1561 2636 1616 qua:
2667 1545 2810 1600 Deus
2856 1544 3030 1604 dedit,
3077 1541 3310 1600 offerunt
3353 1540 3706 1597 nihilominus

2132 1638 2380 1694 homines
2412 1635 2542 1690 Deo.
2597 1633 2737 1701 Quid
2791 1631 2938 1687 dedit
2971 1629 3114 1685 Deus
3161 1627 3418 1684 homini?
3460 1626 3707 1696 Agnitio-

2132 1745 2254 1784 nem
2303 1729 2413 1781 sui.
2454 1725 2596 1793 Quid
2650 1738 2784 1793 ergo
2823 1720 2983 1778 ofl‘ert
3018 1719 3174 1775 Deo?
3226 1717 3414 1774 Fidem
3467 1726 3708 1773 suamet

2131 1821 2403 1876 affectum.
2438 1819 2550 1873 Hoc
2603 1827 2688 1872 est
2729 1815 2870 1884 quod
2917 1812 3124 1883 expetit
3177 1813 3247 1868 ab
3285 1811 3506 1867 homine
3544 1812 3705 1866 Deus.

2133 1914 2372 1984 Denique
2393 1912 2466 1967 ita
2495 1911 2750 1980 scriptum
2779 1917 2863 1962 est
2887 1907 2933 1939 ⁸⁸
2963 1925 2976 1960 :
3008 1925 3026 1957 ι
3063 1906 3129 1962 Et
3159 1919 3324 1970 nunc,
3363 1903 3551 1971 Israel,
3580 1904 3708 1972 quid

2131 2019 2214 2065 est
2258 2007 2400 2076 quod
2430 2003 2692 2060 Dominus
2728 2000 2868 2056 Deus
2904 2009 3026 2054 tuus
3052 1998 3226 2068 poscit
3253 1995 3352 2051 abs
3403 2007 3474 2062 te,
3501 1995 3604 2049 nisi
3653 2003 3709 2048 ut

2135 2103 2328 2156 timeas
2371 2098 2658 2152 Dominum
2701 2095 2869 2148 Deum
2922 2101 3099 2148 tuum.
3131 2099 3186 2146 et
3242 2089 3466 2145 incedas
3518 2088 3570 2144 in
3606 2085 3708 2142 viis

2133 2192 2272 2260 ejus,
2320 2197 2375 2243 et
2402 2186 2600 2255 diligas
2637 2198 2788 2248 eum,
2841 2192 2897 2237 et
2923 2179 3202 2237 custodias
3227 2179 3409 2235 omnia
3452 2177 3704 2234 mandata

2133 2283 2268 2350 ejus,
2286 2290 2340 2338 et
2365 2278 2571 2335 servias
2608 2275 2838 2332 Domino
2873 2274 2983 2328 Deo
3010 2281 3102 2326 tuo
3131 2286 3197 2327 ex
3244 2279 3358 2327 toto
3391 2273 3556 2329 corde
3591 2283 3702 2336 tuo,

2133 2385 2188 2430 et
2209 2389 2275 2428 ex
2309 2381 2418 2428 tota
2449 2371 2633 2425 anima
2661 2368 2796 2424 tua?
2837 2386 2856 2420 ι
2887 2365 2991 2422 Ista
3021 2372 3417 2431 suntmunera,
3443 2364 3545 2419 ista
3567 2365 3707 2420 dona

2134 2483 2254 2538 quae
2294 2473 2511 2536 oportet
2561 2462 2790 2518 Domino
2833 2459 2972 2516 dari.
3008 2461 3208 2516 Damus
3244 2466 3426 2514 autem
3458 2457 3575 2514 haec
3598 2456 3708 2512 Do-

2136 2562 2282 2617 mino
2317 2559 2501 2615 cordis
2549 2556 2722 2614 nostri
2759 2567 2988 2609 munera
3029 2559 3384 2622 posteaquam
3424 2548 3710 2620 agnoveri-

2135 2667 2256 2708 mus
2288 2665 2433 2716 eum,
2459 2658 2513 2703 et
2536 2646 2816 2718 agnitione
2842 2643 3106 2700 bonitatis
3130 2646 3249 2712 ejus
3275 2641 3343 2696 de
3393 2640 3544 2711 putei
3592 2638 3709 2709 ejus

2135 2743 2420 2800 altitudine
2455 2740 2777 2796 biberimus.
2819 2736 3060 2792 Observa
3097 2743 3276 2788 tamen
3315 2731 3590 2802 quomodo
3624 2731 3710 2786 di-

2137 2836 2280 2890 xerit
2310 2832 2625 2902 Propheta:
2665 2846 2684 2879 r
2745 2826 2809 2881 Et
2854 2839 3001 2880 nunc
3049 2821 3217 2878 Israel
3268 2823 3400 2892 quid
3445 2821 3711 2879 Dominus

2139 2929 2279 2984 Deus
2311 2937 2433 2980 tuus
2474 2923 2649 2993 poscit
2676 2921 2773 2974 abs
2807 2918 2903 2974 te?
2930 2937 2948 2969 ι
2973 2915 3314 2972 Erubescant
3340 2913 3420 2968 illi
3450 2913 3566 2968 haec
3589 2927 3712 2970 ver-

2135 3021 2225 3085 ba,
2266 3019 2357 3088 qui
2407 3023 2605 3086 negant
2661 3013 2714 3066 in
2754 3011 2990 3066 hominis
3044 3007 3273 3065 arbitrio
3304 3019 3424 3062 esse
3463 3003 3600 3074 (52),
3649 3011 3708 3057 ιιι

453 3098 630 3152 ficiem
681 3097 896 3161 litterae,
934 3105 988 3149 et
1034 3097 1100 3150 de
1153 3096 1416 3150 interiore
1454 3105 1608 3164 petra
1653 3097 1743 3151 ubi
1775 3098 2028 3153 Christus
2059 3114 2100 3171 ς
2137 3111 2395 3165 salvetur.
2423 3105 2706 3172 Quomodo
2736 3108 2991 3174 posceret
3027 3100 3097 3154 ab
3133 3097 3353 3154 homine
3387 3095 3552 3158 Deus,
3604 3092 3705 3148 nisi

453 3200 558 3253 est,
593 3189 867 3258 spiritales
901 3202 1098 3242 sensus
1129 3188 1278 3241 velut
1308 3201 1505 3256 aquam
1536 3187 1711 3245 vivam
1757 3190 2026 3258 proferre.

454 3281 578 3335 Ilaec
606 3294 736 3348 ergo
760 3278 936 3333 facere
974 3279 1124 3333 decet
1153 3293 1251 3333 eos
1275 3279 1440 3341 solos.
1471 3281 1563 3348 qui
1583 3280 1667 3335 vel
1697 3296 1853 3352 reges
1875 3294 2026 3348 sunt,

455 3372 539 3426 vel
581 3371 874 3440 principes.
929 3369 1103 3439 Reges
1152 3385 1218 3424 ex
1256 3384 1320 3424 eo
1361 3370 1492 3424 dicti
1530 3372 1672 3440 quod
1695 3373 1907 3441 peccati
1940 3389 2025 3430 re-

454 3474 618 3527 gnum
641 3471 706 3511 ex
733 3472 960 3527 corpore
990 3471 1090 3513 suo
1115 3457 1447 3526 depulerint,
1481 3470 1533 3515 et
1557 3459 1782 3527 justitiae
1804 3479 2028 3534 regnum

454 3551 765 3617 paraverint
791 3551 843 3604 in
874 3550 1131 3605 membris
1152 3551 1285 3607 suis.
1316 3551 1478 3607 Decet
1510 3553 1654 3608 enim
1686 3569 1808 3610 eum
1833 3556 2032 3614 docere

454 3649 699 3702 caeteros,
735 3642 827 3710 qui
863 3641 1014 3711 prius
1041 3640 1234 3696 fecerit
1261 3643 1374 3712 ipsa
1399 3659 1518 3714 quae
1545 3646 1724 3701 docet.
1757 3647 1849 3704 Sic
1881 3649 2027 3704 enim

453 3733 711 3802 scriptum
737 3741 820 3790 est
840 3734 908 3795 δι,
941 3733 1073 3802 quia
1104 3753 1121 3785 ι
1149 3735 1238 3802 qui
1264 3733 1456 3790 fecerit
1485 3738 1802 3796 etdocuerit
1827 3742 1904 3796 sic
1931 3742 2030 3796 ho-

457 3823 650 3887 mines,
707 3824 793 3878 hic
824 3839 1054 3895 magnus
1079 3825 1363 3881 vocabitur
1394 3828 1447 3881 in
1485 3843 1651 3900 regno
1685 3832 1968 3888 caelorum.
2006 3853 2024 3886 ι

454 3912 707 3984 Magnum
733 3926 913 3969 autem
945 3929 1065 3971 esse
1092 3916 1143 3970 in
1171 3931 1356 3986 regno,
1385 3917 1496 3974 hoc
1539 3929 1623 3976 est
1673 3936 1852 3992 regem
1886 3939 2028 3981 esse.

460 4025 478 4057 ι
513 4007 862 4062 Excuderunt
892 4021 1037 4072 eum,
1087 4027 1104 4058 ι
1143 4007 1318 4075 inquit
1341 4008 1406 4072 ⁸⁷,
1453 4029 1471 4059 ‹
1513 4025 1666 4082 reges
1688 4016 1927 4082 gentium
1965 4018 2019 4071 in

457 4117 622 4172 regno
655 4117 771 4165 suo,
805 4101 933 4156 dum
969 4103 1385 4160 dominarentur
1407 4108 1508 4161 eis.
1543 4125 1561 4158 ι
1595 4105 1676 4162 Re
1724 4109 1869 4162 enim
1902 4122 2029 4163 vera

455 4207 559 4244 non
589 4201 815 4260 possunt
845 4193 1028 4248 fodere
1053 4206 1270 4265 puteum
1299 4197 1484 4261 istum,
1511 4211 1609 4252 nec
1630 4197 1859 4253 latentes
1881 4214 2032 4268 aquae

455 4283 590 4338 vivae
619 4301 785 4341 venas
816 4286 1047 4355 aperire,
1077 4289 1178 4343 nisi
1211 4291 1362 4358 prius
1387 4289 1724 4345 dominatum
1758 4293 2031 4346 tenuerint

455 4375 690 4443 gentium
734 4376 1113 4437 barbararum.
1157 4379 1328 4435 Omne
1360 4382 1507 4435 enim
1553 4382 1815 4452 quidquid
1850 4384 1902 4436 in
1950 4383 2029 4439 eis

2133 3200 2357 3255 haberet
2408 3199 2570 3251 homo
2614 3195 2666 3249 in
2707 3209 2802 3249 sua
2836 3198 3126 3264 potestate,
3151 3190 3290 3260 quod
3317 3186 3561 3259 poscenti
3593 3187 3703 3243 Deo

2132 3290 2354 3344 deberet
2385 3285 2628 3342 offerre?
2682 3283 2820 3339 Sunt
2867 3297 2998 3352 ergo
3024 3295 3144 3350 quae
3177 3280 3374 3335 dantur
3408 3293 3436 3333 a
3471 3277 3604 3341 Deo,
3655 3284 3710 3332 et

2133 3384 2260 3429 sunt
2293 3388 2412 3442 quae
2442 3374 2758 3441 praebentur
2810 3371 2878 3426 ab
2928 3369 3167 3427 homine.
3219 3367 3383 3424 Verbi
3419 3366 3617 3440 gratia,
3654 3365 3708 3421 in

2132 3467 2354 3521 homine
2389 3463 2491 3518 fuit
2523 3473 2582 3518 ut
2633 3477 2738 3518 una
2776 3476 2900 3515 mna
2941 3461 3146 3517 faceret
3178 3460 3364 3516 decem
3398 3472 3578 3525 mnas,
3618 3469 3712 3514 aut

2133 3574 2238 3614 una
2284 3571 2407 3612 mna
2445 3555 2654 3612 faceret
2703 3555 2949 3625 quinque
2983 3569 3141 3608 mnas
3172 3553 3238 3606 ⁸⁸.
3280 3552 3360 3607 Ex
3391 3552 3497 3608 Deo
3527 3560 3708 3607 autem

2133 3651 2254 3714 fuit,
2280 3659 2337 3704 ut
2361 3648 2586 3704 haberet
2614 3647 2777 3702 homo
2832 3661 3038 3712 mnam,
3070 3659 3134 3700 ex
3179 3659 3283 3714 qua
3328 3644 3506 3699 facere
3529 3652 3712 3712 posset

2135 3746 2321 3799 decem
2389 3755 2569 3796 muas.
2623 3739 2756 3795 Cum
2813 3749 2993 3793 autem
3044 3737 3242 3792 obtulit
3293 3752 3358 3792 ex
3417 3751 3475 3792 se
3524 3737 3709 3792 decem

2133 3850 2315 3899 mnas,
2350 3834 2560 3904 accepit
2588 3848 2776 3887 rursus
2813 3847 2842 3885 a
2878 3831 2985 3885 Deo
3010 3845 3117 3885 non
3142 3831 3252 3897 jam
3279 3829 3588 3898 pecuniam,
3617 3828 3708 3883 scd

2133 3935 2458 3998 potestatem
2512 3934 2568 3981 et
2606 3940 2828 3996 regnum
2881 3924 3066 3979 decem
3105 3921 3408 3977 civitatum.
3448 3919 3711 3975 Petitite-

2134 4035 2253 4074 rum
2282 4019 2423 4074 Deus
2470 4017 2538 4072 ab
2582 4017 2877 4080 Abraham,
2918 4024 2978 4069 ut
3007 4012 3226 4070 offerret
3257 4013 3307 4067 ei
3361 4012 3510 4068 Isaac
3542 4011 3707 4066 filium

2134 4123 2288 4163 suum
2351 4109 2404 4162 in
2480 4115 2720 4162 montem
2793 4117 3197 4174 quemcumque
3258 4100 3585 4158 ostendisset
3635 4101 3705 4155 ei.

2133 4197 2344 4253 Obtulit
2369 4196 2642 4251 Abraham
2684 4194 2984 4262 intrepidus
3043 4192 3380 4263 unigenitum
3413 4193 3484 4256 ⁸⁷,
3543 4193 3711 4260 impo—

2134 4288 2244 4343 suit
2266 4301 2430 4356 super
2453 4301 2628 4350 aram,
2665 4287 2902 4341 cultrum
2930 4283 3120 4339 eduxit
3152 4293 3211 4336 ut
3253 4284 3548 4355 jugularet,
3576 4285 3712 4340 initi-

2134 4379 2292 4434 betur
2316 4379 2599 4442 continuo,
2625 4384 2681 4431 et
2712 4377 2856 4432 aries
2890 4378 2939 4431 ei
2976 4391 3073 4446 pro
3105 4376 3216 4430 filio
3243 4376 3402 4432 datur
3453 4375 3519 4430 ad
3551 4375 3708 4430 victi.

455 4465 626 4520 ferum
656 4465 756 4520 fuit
783 4469 834 4522 in
877 4469 1114 4535 actibus,
1165 4471 1421 4541 quidquid
1459 4471 1510 4526 in
1560 4473 1798 4529 moribus
1827 4473 2025 4529 barba-
2062 4456 2103 4510 Ι)
2136 4487 2298 4526 mam.
2371 4470 2530 4525 Vides
2557 4484 2686 4540 ergo
2741 4469 2866 4538 quia
2937 4485 3056 4538 qua:
3109 4471 3216 4524 Deo
3256 4465 3556 4535 offerimus,
3607 4482 3708 4523 no-

456 4572 594 4624 rum,
616 4559 658 4612 si
674 4560 1014 4615 edomuerint
1039 4569 1095 4615 et
1117 4561 1451 4637 subiecerint
1467 4563 1616 4632 regio
1640 4566 1845 4630 sensui,
1868 4575 1921 4620 et
1937 4566 2030 4622 do-

454 4648 644 4702 minati
667 4648 870 4705 fuerint
891 4652 990 4715 eis,
1017 4653 1087 4706 ita
1113 4665 1172 4709 ut
1194 4656 1258 4710 de
1275 4665 1473 4712 caetero
1491 4673 1593 4711 non
1624 4657 2026 4727 gentiliter,sed

452 4738 688 4804 legitime
720 4751 898 4812 agant,
916 4744 1003 4798 isti
1031 4755 1154 4801 sunt
1176 4761 1302 4801 vere
1320 4761 1475 4816 reges
1503 4748 1771 4815 profunda
1785 4749 1930 4818 putei
1954 4751 2026 4804 ri-

452 4846 575 4886 man
586 4841 684 4898 tes,
705 4845 759 4888 et
779 4834 926 4888 verbi
942 4833 1034 4890 Dei
1057 4851 1255 4891 arcana
1277 4853 1340 4892 ac
1359 4839 1584 4911 mystica
1602 4848 2030 4908 perscrutantes.

521 4926 572 4980 5.
607 4925 734 4980 Post
763 4927 896 4993 haec,
934 4945 953 4978 ι
983 4937 1038 4983 et
1070 4944 1096 4982 a
1129 4940 1312 4999 puteo,
1352 4949 1370 4982 ι
1429 4932 1599 5000 inquit
1630 4931 1697 4997 ⁸³,
1737 4950 1755 4983 ι
1803 4933 2050 5002 profecti‘

452 5025 578 5071 sunt
617 5016 973 5083 Mathanaim,
1009 5029 1064 5074 et
1091 5035 1118 5074 a
1153 5020 1481 5078 Mathanaim
1526 5022 1578 5077 in
1613 5021 1881 5090 Nahaliel,
1916 5035 1971 5080 et
1997 5041 2025 5081 a

452 5108 698 5163 Nahaliel
726 5111 778 5163 in
810 5109 1064 5177 Bamoth,
1095 5121 1192 5166 eta
1219 5111 1446 5168 Bamotb
1471 5114 1522 5167 in
1558 5129 1746 5171 nemus
1773 5117 2021 5186 quodest

452 5200 504 5254 in
541 5216 732 5270 campo
761 5200 941 5268 Moab,
978 5217 1008 5256 a
1043 5204 1245 5258 vertice
1297 5207 1496 5260 montis
1541 5208 1741 5263 excelsi
1797 5210 1885 5276 qui
1931 5223 2018 5263 re-

541 5315 585 5348 ⁷⁷
618 5314 784 5382 Apoc.
809 5332 926 5376 xIx,
977 5316 1064 5369 I6.

451 5401 566 5451 xxI,
614 5384 702 5440 I8.
810 5385 855 5416 ⁸³
913 5387 1062 5451 ibid.,
1093 5388 1174 5450 l8,
1211 5388 1293 5450 I9,
1325 5390 1419 5445 (ιο.

523 5501 635 5573 (3|)
667 5502 1053 5573 Interpretatur
1090 5507 1227 5558 enim
1274 5505 1607 5561 Matltanaim
1648 5519 2010 5565 uuxmatrso-

460 5587 588 5630 nun.
618 5572 662 5628 Δ
699 5572 881 5627 radice
912 5582 1000 5659 tm
1036 5591 1053 5622 ‹
1090 5575 1253 5640 dedit,
1296 5598 1311 5625 ι
1344 5580 1398 5634 fit
1429 5585 1544 5660 tm:
1575 5579 1858 5633 «donum.»

525 5665 636 5734 (32)
667 5666 758 5718 Sic
791 5679 979 5718 omnes
1007 5680 1138 5720 mss.
1165 5667 1317 5720 Lihb.
1352 5678 1530 5724 autem
1567 5671 1693 5725 editi
1738 5691 1748 5726 :
1791 5691 1808 5724 ι
1845 5672 1894 5726 in
1929 5674 2026 5728 ho-

456 5734 600 5789 mine
625 5751 742 5791 esse
775 5735 1002 5791 liberum
1034 5737 1339 5792 arbitrium.
1372 5759 1389 5790 )

1517 5392 1561 5421 8"
1601 5393 1754 5445 Num.
1805 5410 1892 5448 xv.

2128 5024 2372 5078 venimus
2441 5023 2493 5077 in
2563 5023 2808 5079 Nahaliel
2862 5026 3015 5095 (55),

2124 5114 2286 5185 315
2329 5130 2392 5168 ea:
2428 5114 2556 5170 Deo.
2600 5113 2740 5182 Quid
2765 5131 2827 5170 ex
2875 5118 3024 5172 Deo?
3055 5117 3412 5188 Posteaquam
3442 5116 3705 5173 obtuleri-

2123 5221 2242 5261 mus
2275 5221 2376 5262 nos
2425 5221 2546 5276 quae
2607 5221 2672 5261 ex
2718 5205 2872 5262 nobis
2926 5217 3075 5274 sunt,
3107 5210 3357 5264 venimus
3403 5210 3468 5263 ad
3514 5208 3616 5263 hoc
3647 5216 3706 5263 ut

1140 5319 1182 5348 ⁷⁸
1217 5318 1234 5370 Ι
1276 5318 1402 5374 Cor.
1439 5335 1512 5384 Iv,
1551 5321 1601 5374 8.
1681 5323 1953 5381 "Coloss.
1997 5327 2130 5386 ",5.
2207 5325 2251 5357 ⁸⁸
2285 5323 2472 5377 Matth.
2500 5338 2690 5388 xxvm,
2732 5326 2817 5381 I9.

1140 5389 1174 5449 ζ,
1211 5388 1293 5449 19.
1325 5390 1419 5445 9.0.
1517 5392 1561 5421 8"
1601 5393 1754 5445 Num.
1805 5410 1892 5448 xv.
1998 5398 2040 5428 ⁸⁵
2072 5397 2223 5449 Deut.
2274 5410 2328 5449 ιι.
2382 5393 2468 5446 12.
2563 5393 2609 5425 ⁸⁸
2651 5394 2817 5449 Matth

2115 5411 2223 5450 ent.
2274 5411 2328 5459 x,
2382 5411 2468 5446 η.

2133 4566 2215 4621 bis
2264 4573 2486 4619 manent
2538 4581 2550 4617 :
2603 4566 2694 4619 sed
2750 4565 2815 4618 ad
2875 4564 2976 4619 hoc
3049 4563 3385 4634 expetimur,
3441 4571 3499 4617 ut
3546 4564 3598 4618 in
3645 4563 3711 4618 iis

2133 4655 2358 4712 affectus
2423 4665 2606 4711 noster
2663 4670 2789 4725 erga
2861 4655 3028 4711 Deum
3106 4657 3366 4724 probetur
3430 4664 3487 4710 et
3557 4656 3708 4711 fides.

2136 4747 2266 4804 Ilaec
2317 4763 2414 4816 pro
2477 4764 2542 4803 eo
2594 4748 2737 4818 quod
2789 4747 3026 4804 diximus
3080 4751 3354 4817 profectos
3398 4761 3521 4804 esse
3567 4749 3710 4804 ﬁlios

2131 4837 2293 4895 Israel
2338 4856 2366 4893 a
2407 4849 2586 4909 puteo,
2618 4849 2672 4894 et
2700 4840 2912 4897 venisse
2954 4842 3006 4896 in
3050 4840 3404 4906 Matbanaim,
3435 4841 3578 4912 quod
3626 4841 3712 4895 in-

2133 4939 2458 5002 terpretatur
2516 4948 2732 4987 munera
2767 4948 2967 4987 eorum.
3034 4935 3073 4988 Α
3136 4933 3467 4988 Mathanaitn
3528 4941 3708 4988 autem

3093 5028 3238 5097 quod
3323 5029 3709 5096 interpretatur

2914 5327 2957 5357 ’“
2993 5324 3243 5387 MalIhN,
3275 5325 3360 5379 I9.
3458 5323 3503 5356 ³¹
3544 5321 3703 5378 Num.

2563 5393 2609 5425 ⁸⁸
2651 5394 2841 5450 Matth.
2901 5412 3022 5452 xxv.
3159 5396 3203 5427 ⁸⁷
3232 5395 3429 5450 Genes.
3462 5408 3593 5448 ιλιι.

2206 5512 2318 5579 (55)
2373 5510 2529 5575 Quod
2559 5512 2934 5580 interpretatur
2977 5528 3039 5566 ea:
3075 5511 3201 5565 Deo.
3243 5509 3460 5578 Aliquid
3489 5509 3706 5565 videtur

2134 5582 2366 5636 deficere
2415 5598 2428 5632 :
2470 5595 2646 5650 neque
2693 5581 2836 5634 enim
2879 5581 3126 5650 Nahaliel
3175 5581 3312 5634 verti
3364 5589 3538 5648 potest
3576 5599 3612 5650 ι,
3635 5597 3702 5634 ex

2137 5635 2329 5717 Deo,’
2375 5652 2468 5706 sed
2504 5635 2531 5700 ι’
2555 5635 2834 5719 possessio
2868 5663 2985 5703 mea
3010 5664 3074 5704 ex
3109 5649 3217 5706 Deo
3254 5668 3270 5701 ι
3304 5665 3334 5705 a
3365 5635 3562 5707 'radice
3600 5635 3704 5710 5n:

2132 5741 2389 5814 possedit,
2431 5752 2483 5798 et
2513 5741 2729 5796 nomine
2764 5724 2838 5799 ΒΝ
2871 5737 3036 5795 Deus.
